2231 3787
1046 303 1258 343 iloRATss

311 440 482 502 Quem
523 452 690 506 penes
730 433 1008 487 arbitrium
1049 442 1129 486 est
1168 440 1219 485 et
1259 432 1338 482 ius
1381 438 1432 482 et
1471 445 1656 481 norma
1696 426 1968 498 loquendi.

311 542 413 592 Res
456 546 638 608 gestae
679 551 976 606 regumque
1017 533 1326 602 ducumque
1367 539 1419 584 et
1456 530 1622 583 tristia
1661 528 1801 582 bella

311 642 429 704 Quo
470 638 630 692 scribi
673 644 889 708 possent
929 650 1179 687 numero,

311 740 566 794 Versibus
610 737 884 808 impariter
926 735 1117 787 iunctis
1160 733 1499 805 querimonia
1537 733 1795 803 primum,
2008 744 2063 782 ιι)

1225 632 1535 685 monstravit
1572 632 1855 684 Homerus,

1998 731 2058 747 potu

352 899 417 937 72.
452 896 540 947 ius]
592 897 651 934 ris
682 897 726 936 T.
761 896 970 946 quattuor
1004 894 1118 943 Regii
1153 892 1327 943 aliique.
1380 915 1422 919 —
1471 891 1537 931 74.
1574 894 1744 940 possunt
1780 900 1845 941 pr.
1881 890 1925 928 T.
1965 911 2007 915 -

294 965 456 1010 possent
484 958 605 998 scribi
638 957 775 997 Codd.
811 956 911 1007 aliq.

245 1099 497 1140 hominibus
520 1097 756 1148 agendas.»
778 1098 897 1136 HAND
916 1097 1038 1135 Turs.
1053 1095 1121 1134 IV.
1157 1095 1160 1134 l
1188 1105 1308 1143 saepe
1330 1094 1547 1132 variorum
1572 1092 1886 1132 inici-zallorum
1903 1103 2070 1141 percus-

245 1176 285 1215 p.
313 1162 404 1203 425..
452 1161 623 1200 Scilicet
667 1161 756 1199 usui
798 1171 877 1210 per
906 1169 1126 1210 prosopo-
1158 1141 1160 1168 ¹
1192 1157 1250 1195 sio
1270 1167 1489 1196 numerum
1510 1155 1685 1206 conficit.
1713 1179 1757 1183 —
1790 1154 2070 1194 lersib-usim—

245 1227 402 1278 potian
426 1224 650 1275 quandam
675 1223 729 1262 ab
754 1223 930 1261 Horatio
953 1223 1023 1259 txi
1026 1220 1126 1259 anni

246 1291 364 1329 vices
388 1287 654 1327 tribuuntur.
682 1308 727 1314 -
754 1285 1044 1324 arbitrium-et
1065 1285 1128 1322 ins

246 1358 281 1392 et
312 1351 472 1402 norma]
523 1349 730 1390 Consulto
768 1347 963 1388 cumulat
992 1358 1128 1387 voca-

246 1415 370 1462 bula,
406 1425 493 1465 quo
517 1413 794 1452 demonstret
822 1412 1127 1450 necessarium

247 1489 368 1525 esse,
403 1479 450 1516 ut
478 1473 695 1515 vocabula
728 1485 749 1513 a
771 1472 950 1524 singulis
972 1472 1041 1512 wel
1063 1473 1128 1512 sa-

246 1543 316 1581 cta
354 1538 425 1579 vel
467 1538 710 1589 composita
744 1548 766 1576 a
804 1535 1127 1575 consuetudine

247 1601 571 1653 approbentur,
622 1599 664 1638 id
706 1600 795 1647 est,
842 1600 890 1637 ut
926 1609 947 1636 a
982 1595 1128 1636 multis

248 1664 359 1704 illico
394 1666 621 1714 tamquam
646 1665 766 1702 recta
800 1663 842 1700 et
873 1662 972 1712 apta
1004 1671 1130 1700 usur-

251 1729 432 1777 pentur:
467 1725 690 1764 arbitrium
711 1726 874 1771 autem,
904 1722 1023 1773 quod
1046 1724 1131 1761 sta-

251 1790 414 1829 tuimus
445 1787 558 1828 nulla
593 1798 723 1827 causa
755 1785 907 1833 allata;
944 1786 1030 1833 ius,
1065 1784 1129 1823 fa-

251 1851 404 1894 cultas,
430 1861 565 1900 quam
583 1850 719 1889 ceteri
737 1848 849 1888 ultro
867 1849 1125 1898 agnoscunt;

252 1925 423 1961 norma,
462 1911 612 1962 regula
645 1924 665 1951 a
691 1910 818 1951 nobis
839 1911 1127 1962 praescripta,

252 1978 320 2016 cui
352 1977 489 2016 ceteri
521 1975 847 2025 obtemperant.
896 1974 1021 2012 Hunc
1051 1984 1132 2011 au-

254 2043 344 2078 tem
365 2038 579 2090 triplicem
604 2036 837 2076 voluntatis
861 2039 1037 2075 nostrae
1061 2046 1133 2074 ex-

1161 1755 1166 1908 l

1164 2074 1167 2085 ,
1198 2033 1454 2084 interpretis
1477 2044 1562 2072 non
1586 2034 1676 2080 est,
1710 2032 1790 2072 sed
1811 2033 2078 2084 scriptorum

253 2100 509 2152 sequendae
557 2099 741 2139 modum
781 2099 877 2138 usui
922 2086 1168 2173 loquendi.

254 2163 451 2203 attribuit
482 2165 626 2214 poeta.
677 2161 738 2200 Cf.
766 2162 874 2212 Epp.
899 2161 939 2208 ἱ),

251 2226 456 2266 Aclsciscet
483 2236 593 2264 nova
626 2222 866 2274 (vocabula)
890 2255 897 2271 ,

255 2289 366 2327 nitor
390 2287 642 2337 produxerit
670 2297 781 2324 usus.

962 2161 1003 2208 02,
1030 2159 1127 2198 1¹49:

931 2232 1040 2270 quae
1068 2232 1135 2272 96-

309 2413 456 2453 73-78.
504 2414 596 2451 Iam
623 2411 831 2463 expositis
854 2409 1135 2461 generalibus

257 2477 312 2516 de
353 2476 631 2521 inventione,
679 2474 990 2525 dispositione,
1038 2472 1135 2512 stilo

256 2538 507 2591 praeceptis
522 2548 593 2575 vv.
610 2536 754 2575 73-85.
776 2536 1012 2586 praecipua
1033 2540 1139 2586 poe'-

259 2602 316 2641 sis
354 2611 515 2651 genera
557 2600 788 2638 enumerat
825 2610 877 2638 ac
908 2597 1134 2646 describit,

259 2673 440 2702 carmen
472 2663 671 2712 epicum,
706 2659 912 2711 elegiam,
947 2659 1134 2707 iambos,

260 2725 562 2771 comoediam,
592 2723 889 2773 tragoediam,
916 2733 1055 2773 genus
1075 2721 1140 2773 ly-

261 2789 422 2831 ricum,
454 2785 621 2837 singula
642 2787 906 2837 praesertim
931 2785 985 2824 ab
1009 2787 1141 2837 aptis-

261 2849 373 2888 simo
404 2848 582 2898 singulis
611 2859 823 2888 versuum
863 2859 1026 2898 genere
1059 2848 1140 2887 de-

262 2911 453 2959 signans.
483 2933 524 2938 —
553 2911 640 2960 Quo
656 2910 779 2949 scribi
796 2910 1135 2960 possent]Adde:

264 2983 434 3022 «neque
468 2984 573 3011 xero
605 2972 687 3011 alio
719 2972 850 3011 scribi
879 2972 1138 3012 deberent.»

263 3036 438 3075 Aristot.
475 3037 592 3073 Po'e't.
616 3034 683 3079 24,
708 3035 753 3074 8:
790 3031 856 3074 Τὸ
886 3033 936 3074 δὲ
964 3035 1140 3090 μέτρον

263 3093 318 3135 τὸ
362 3091 572 3152 ήοωϊκὸν
612 3092 708 3135 ἀπὸ
748 3095 831 3148 τζς
862 3098 1026 3153 ,τείσας
1055 3090 1142 3152 ἧρ-

268 3171 440 3198 nonem·
489 3171 526 3197 ct
572 3156 662 3215 yda
706 3171 775 3208 τις
815 3159 864 3199 ἐν
893 3135 1021 3212 ἀλιολω
1051 3160 1142 3198 τηὶ

267 3288 370 3323 οῖτο
415 3278 446 3336 ἢ
480 3282 530 3323 ἐν
568 3281 792 3333 πολλοῖς,
839 3279 958 3339 ἇποε
951 3296 1017 3323 -rc-
1005 3283 1045 3333 -ς
1082 3279 1142 3322 ἀν

267 3348 506 3396 (palmam.
536 3370 578 3374 —
605 3346 854 3397 numero]h.
879 3346 904 3386 l.
932 3347 1144 3386 hexame-

270 3410 360 3448 tris.
409 3411 471 3448 De
504 3420 690 3448 numero
724 3409 812 3449 Cic.
837 3407 891 3447 de
915 3409 984 3447 Or.
1011 3408 1049 3457 3,
1074 3408 1140 3457 4-,8

1171 2977 1174 3004 l

1189 1220 1353 1269 pariter
1384 1218 1543 1269 iunctis]
1578 1217 1874 1256 «hexametris
1897 1218 1941 1256 et
1966 1227 2072 1268 pen-

1192 1282 1392 1321 tametris
1432 1279 1796 1320 alternantibus.»
1848 1279 2070 1319 Charisius

1192 1345 1230 1384 ⁶2.
1265 1355 1307 1395 p.
1335 1344 1426 1383 ⁴82.
1454 1345 1522 1382 P.:
1554 1343 1791 1393 Impariter.
1822 1366 1844 1371 -
1865 1365 1886 1371 -
1916 1343 1960 1391 Q.
1989 1343 2072 1382 ‘Te—

1193 1407 1349 1447 rentius
1391 1406 1579 1445 Scaurus
1611 1407 1654 1444 in
1695 1406 2002 1444 commentariis
2029 1405 2072 1443 in

1193 1474 1326 1509 artem
1363 1470 1573 1519 poeticam
1603 1468 1669 1507 lib.
1703 1469 1778 1507 Χ..·
1817 1467 2073 1508 Adverbi-

1193 1544 1293 1581 um,
1341 1532 1500 1581 inquit,
1543 1531 1836 1582 figuravi&
1893 1530 1935 1569 id
1974 1532 2070 1569 est:

1195 1595 1358 1634 Horatii
1389 1593 1559 1645 (saltem
1582 1605 1720 1641 nunc,
1754 1596 1990 1645 postquam
2014 1594 2076 1632 tot

1195 1658 1435 1709 scriptores
1475 1657 1650 1695 Latinos
1680 1655 1970 1707 perdidimus)
2008 1658 2076 1695 est

1194 1713 1324 1770 ἅπαξ
1354 1715 1640 1772 λεγόμενον,
1676 1720 1944 1757 Graecorum
1970 1711 2075 1757 ἁνί-

1195 1796 1306 1832 σως.
1351 1805 1394 1809 —-
1442 1782 1574 1832 Sequi
1615 1781 1792 1820 videtur
1823 1782 1862 1820 in
1896 1781 1962 1821 his
1993 1781 2076 1820 do-

1197 1846 1381 1884 ctrinam
1403 1842 1680 1894 Neoptolemi
1705 1844 1870 1883 Pariani
1897 1842 1966 1883 vel
1998 1842 2077 1882 ali-

1197 1919 1325 1947 orum
1347 1907 1747 1947 Grammaticorum
1763 1905 2079 1946 Alexandrino-

1196 1981 1316 2018 rum,
1352 1981 1487 2020 quam
1513 1970 1766 2008 examinare
1790 1971 1833 2008 et
1854 1969 2076 2019 corrigere

1197 2097 1407 2135 historiae
1436 2095 1691 2135 litterariae.
1740 2094 1930 2136 Consule
1951 2096 2080 2147 igitur

1198 2159 1395 2198 Franckii
1415 2157 1630 2198 Callinum
1647 2170 1689 2210 p.
1706 2159 1771 2198 54.
1792 2157 1918 2201 Ulrici
1936 2159 2075 2199 Gesch.

1199 2222 1272 2260 cler
1299 2221 1441 2260 hellen.
1474 2221 1637 2260 Dict'zllc.
1671 2222 1721 2260 11.
1755 2232 1797 2272 p.
1821 2222 1916 2261 ⁶252.
1958 2221 2079 2261 Bode

1199 2285 1249 2322 II.
1282 2295 1326 2335 p.
1352 2283 1430 2322 4119
1453 2285 1539 2323 cet.
1572 2306 1615 2311 —
1660 2283 1944 2334 querimonia]
1992 2294 2079 2323 non

1200 2346 1255 2385 de
1288 2346 1447 2397 spretis
1476 2356 1499 2384 a
1521 2344 1677 2396 puellis
1700 2347 1934 2397 poetarum
1954 2356 2081 2385 amo-

1202 2407 1338 2456 ribus,
1365 2407 1445 2447 sed
1466 2406 1610 2447 luctus
1633 2410 1676 2447 et
1700 2418 1877 2447 maeror
1897 2407 1952 2447 de
1974 2409 2082 2448 ami-

1203 2472 1264 2510 cis
1294 2469 1364 2509 vel
1395 2469 1565 2510 civibus
1596 2470 1783 2520 egregiis
1812 2472 1955 2510 morte
1987 2482 2082 2510 ere-

1201 2535 1301 2586 ptis.
1351 2529 1606 2589 (θρηνώδη,
1650 2532 1906 2583 lugubrem,
1951 2534 2082 2584 igitur

1201 2596 1370 2648 putavit
1398 2596 1534 2636 fuisse
1559 2595 1614 2635 ab
1638 2596 1758 2635 initio
1781 2594 1983 2646 elegiam,
2005 2607 2081 2636 se-

1203 2661 1355 2707 cutus,
1389 2659 1437 2697 ut
1466 2658 1662 2706 videtur,
1696 2660 1847 2698 notam
1868 2657 1984 2697 illam
2007 2669 2082 2697 no-

1203 2723 1415 2762 tationem
1445 2721 1500 2760 ab
1532 2716 1556 2760 ³0⁶*
1582 2715 1606 2760 ἓ
1636 2719 1806 2773 λέγειν,
1841 2731 1975 2771 quam
1998 2732 2081 2760 nu-

1203 2796 1285 2837 per
1315 2784 1505 2823 firmavit
1535 2783 1711 2823 Godofr.
1736 2784 2016 2822 Hei-mannus
2038 2783 2081 2822 in

1205 2845 1586 2897 Extemporalibus
1629 2845 1875 2896 (Zeilschrift
1907 2846 1980 2896 Γᾶν
2018 2846 2083 2885 die

1203 2908 1731 2958 Alterthumswissenschaft
1752 2908 1871 2948 4836.
1903 2910 1953 2948 N.
1978 2908 2079 2959 66.):

1207 2970 1423 3021 «Lugendi
1457 2969 1643 3009 formula
1676 2972 1743 3010 est
1773 2965 1797 3010 ἒ
1822 2965 1847 3010 ἒ
1869 2969 1995 3024 λέγε,
2029 2982 2084 3011 ex

1206 3044 1348 3084 eaque
1381 3034 1425 3072 et
1454 3033 1574 3083 origo
1607 3033 1815 3073 carminis
1836 3032 2016 3084 elegiaci
2032 3055 2085 3062 --

1172 3122 1175 3136 2
1207 3098 1249 3136 et
1289 3093 1523 3146 appellatio
1555 3094 1762 3146 explicari
1795 3097 1957 3147 potest.
2002 3095 2083 3134 Vix

442 3219 468 3260 ὁ
1174 3190 1175 3232 3
1208 3159 1322 3198 enim
1347 3157 1640 3197 dubitandum
1662 3156 1858 3206 videtur,
1886 3157 1988 3208 quin
2010 3167 2086 3196 an·

269 3235 420 3278 uerno)
470 3233 793 3274 ιηγηιιαῖιΖΊῘΙΙ
813 3223 1019 3273 ίιίΙΙησίν
1037 3234 1142 3260 7101—
1174 3235 1176 3257 l

1208 3220 1440 3272 tiquissimi
1487 3218 1597 3258 illius
1641 3217 1837 3269 lugubris
1879 3218 2084 3258 carminis

1175 3320 1177 3342 ᾗ
1209 3294 1259 3322 ea
1291 3282 1400 3321 ratio
1433 3281 1582 3329 fuerit,
1623 3282 1671 3319 ut
1699 3282 2085 3332 pentametrorum

1175 3394 1231 3450 [ἒ

1208 3345 1428 3417 posterior
1457 3353 1559 3394 pars
1590 3343 1702 3382 haec
1726 3347 1872 3383 esset:
1906 3337 1931 3381 ἐ
1949 3337 1972 3381 ἐ
1991 3340 2083 3395 λέγ’

1262 3405 1431 3460 ελέγε.
1489 3404 1548 3444 Illi
1591 3406 1718 3456 igitur
1760 3415 1916 3445 versus
1961 3407 2082 3444 recte

272 3471 372 3510 186:
405 3472 563 3510 Numer
565 3482 613 3510 us
640 3471 681 3510 in
712 3470 1019 3510 continuatione
1049 3469 1178 3540 ικαὶ-ξ
1209 3469 1310 3509 dicti
1333 3470 1434 3510 sunt
1455 3462 1622 3520 ἔλεγοι.
1633 3483 1650 3502 n
1689 3465 1780 3518 (Alii
1810 3477 1928 3506 nunc
1950 3477 2085 3518 copu-

274 3535 335 3572 [ηε
378 3538 458 3573 es.(·

504 3533 707 3572 dislinclio
750 3537 786 3572 et
831 3532 1069 3580 aequalium
1111 3536 1146 3571 et
1175 3514 1480 3570 lantcumx
1500 3525 1660 3582 ἀλγος7
1686 3540 1790 3569 sane
1807 3539 1965 3579 parum
1986 3538 2084 3579 pro-
