2231 3787
148 253 248 303 296

791 255 1005 295 UORATH
1038 258 1340 298 sA‘rlnARUM

217 384 349 438 Utne
390 394 564 455 tegam
603 402 799 455 spurco
839 387 1039 440 Damae
1078 386 1258 440 latus?
1295 381 1449 439 'Haud
1497 387 1564 439 ita
1604 389 1791 442 Troiae

215 486 296 538 Me
337 485 479 555 gessi
521 495 731 540 certans
772 505 987 558 semper
1026 488 1355 541 melioribus.
1433 473 1571 559 Ergo

214 589 426 658 Pauper
463 589 586 641 eris.

214 690 275 741 Et
313 689 585 759 quondam
625 691 826 743 maiora
867 690 974 742 tuli.

663 591 875 642 Fortem
914 588 1017 643 hoc
1055 590 1291 642 animum
1329 589 1560 643 tolerare
1601 590 1829 655 iubeb03
1892 592 1960 644 ⁶20

1051 692 1126 742 Tu
1164 690 1430 761 protinu5‚
1473 691 1617 745 unde

213 791 433 844 Divitias
474 791 725 861 aerisque
765 809 944 851 ruam,
986 790 1071 845 dic
1111 809 1306 862 augur,
1350 809 1589 846 acervos,

212 892 330 943 Dixi
371 891 626 962 equidem
670 901 721 945 et
760 892 904 945 dico:
948 901 1130 963 captes
1171 902 1376 946 astutus
1416 893 1619 965 ubique

214 995 549 1046 Testamenta
589 1011 799 1048 senum.
842 1011 972 1056 neu,
1016 996 1059 1046 si
1092 996 1240 1048 valer
1277 1013 1417 1048 unus
1456 1004 1508 1048 et
1546 995 1679 1049 alter

213 1093 585 1147 insidiatorem
622 1112 882 1165 praeroso
922 1095 1115 1167 fugerit
1152 1095 1333 1156 hamo.
1893 1100 1960 1153 25

254 1245 317 1284 48.
351 1245 452 1284 haut
482 1246 528 1285 E.
567 1267 611 1274 -
663 1247 772 1286 troia
805 1247 851 1285 E.
890 1269 934 1273 —-
980 1247 1046 1286 ⁶20.
1078 1246 1220 1287 videbo
1250 1247 1293 1286 b.
1330 1268 1376 1275 —
1424 1248 1490 1286 ⁶221.
1525 1248 1686 1288 maiore
1730 1248 1904 1299 (animo)

194 1307 242 1346 E.
280 1329 323 1334 —
350 1312 552 1356 protenus
580 1307 720 1349 Bentl.
758 1333 801 1337 —
844 1310 911 1349 2⁵2.
946 1320 1093 1350 eruam
1123 1322 1167 1359 c,
1212 1315 1374 1351 sti-uam
1405 1311 1641 1352 Schrader.
1677 1334 1723 1340 —
1757 1311 1824 1353 24.
1857 1323 1909 1352 ne

198 1380 419 1421 superscr.
456 1382 481 1409 u
510 1369 553 1408 b.

143 1496 431 1536 animadverti
452 1507 541 1535 non
562 1498 755 1547 poterat,
779 1498 876 1536 uter
895 1497 1018 1548 prio-

140 1571 237 1599 rem
273 1559 422 1600 locum
458 1560 500 1599 in
530 1558 800 1599 ambulando
829 1570 1018 1611 occupa-

141 1624 250 1661 ret.»
301 1645 345 1649 -
396 1623 494 1661 L'tne
537 1621 640 1673 cet]
685 1623 728 1661 in
774 1633 905 1673 prosa
949 1633 1013 1661 or.

143 1695 309 1735 «egone
340 1686 388 1723 ut
420 1685 621 1735 tegam‘?»
672 1685 846 1724 Terent.
878 1684 1014 1729 Andr,

142 1748 190 1794 l,
223 1747 267 1794 5,
312 1746 391 1786 28:
439 1747 544 1785 Eine
582 1757 655 1797 esso
694 1751 741 1785 ut
783 1745 1019 1786 advorser?

141 1809 254 1848 Seite
295 1808 426 1848 heros
457 1819 546 1847 non
576 1809 669 1849 sine
701 1807 844 1859 aliqua
874 1811 1019 1848 retra—

141 1871 329 1910 ctatione
388 1871 578 1909 Tiresiae
639 1871 1017 1911 exhortationibus

142 1943 297 1972 aurem
335 1932 536 1984 praebet.
573 1956 618 1961 -
651 1937 788 1984 tegam
808 1955 831 1962 -
851 1955 873 1961 —
895 1933 1016 1984 latus]

142 1997 292 2036 luven.
314 1995 353 2043 3,
379 1995 448 2034 2131
474 2006 480 2032 :
522 1995 675 2034 Dicitis
693 1996 758 2034 hie
777 1996 885 2034 servi
905 1996 1020 2034 clau-

142 2059 199 2096 dit
254 2057 363 2096 lalus
409 2058 683 2108 inqenuorum
731 2059 882 2097 Filius:
942 2058 1018 2098 ubi

142 2119 305 2160 Schol.:
341 2120 407 2159 «in
438 2121 612 2160 sinistra
635 2119 874 2160 ambulat.»
908 2122 1019 2161 Sue-

143 2186 232 2221 ton.
267 2181 417 2222 Claud.
453 2182 531 2222 24:
583 2183 744 2223 Plautio
787 2184 1019 2223 orationem

142 2245 320 2283 decrerit
361 2244 595 2295 (Claudius)
634 2246 898 2297 ingressoque
940 2258 1018 2285 ur-

142 2306 227 2346 bem
258 2306 419 2345 obviam
456 2318 704 2358 proffessus
738 2313 775 2347 et
819 2310 860 2347 in
890 2309 1019 2359 Capi—

141 2369 283 2408 tolium
314 2371 426 2409 eunti
455 2374 491 2409 et
519 2371 612 2410 inde
632 2383 779 2410 rursus
799 2372 1019 2411 revertenti

143 2434 275 2472 latus
305 2433 445 2472 texit.
508 2434 688 2485 Eutrop.
714 2435 759 2482 7,
795 2434 868 2474 43:
920 2436 1018 2474 Tam

141 2495 271 2533 civilis
299 2496 411 2534 eirea
442 2497 644 2544 quosdam
673 2497 829 2536 amieos
863 2498 1019 2537 eoestitic

145 2557 396 2609 ‘Claudius),
428 2563 473 2597 ut
501 2560 626 2598 ettam
644 2560 852 2599 Plautium
871 2561 1018 2599 trium-

135 2621 333 2669 phantem
373 2621 455 2670 ipse
482 2626 720 2671 sequeretur
749 2627 786 2661 et
823 2634 1018 2662 conscen-

141 2684 249 2722 denti
295 2683 545 2732 Capitolium
593 2684 768 2723 laevus
813 2685 1018 2724 incede-

141 2750 232 2784 ret.
302 2745 448 2796 figere
490 2746 598 2785 latus
637 2746 865 2795 dicebant,
914 2748 1014 2797 quia

140 2806 316 2846 laevum
359 2806 471 2847 latus
509 2808 724 2848 infirmius
756 2811 798 2848 et
835 2820 1018 2861 aggres—

139 2870 250 2910 sioni
290 2870 429 2919 magis
470 2871 716 2921 expositum
763 2873 845 2911 est.
907 2873 1016 2912 Huic

141 2927 465 2986 ἀντίστροφον
498 2935 586 2971 est:
636 2934 743 2981 quod
766 2934 906 2982 primo
927 2939 1017 2973 sca-

141 2995 212 3032 tim
243 2994 330 3042 die,
366 2994 593 3043 (Traiane)
626 2995 735 3033 latus
770 2999 887 3035 tuum
923 3008 1016 3036 cre-

141 3058 254 3096 deres
282 3055 510 3094 omnibus.»
557 3055 663 3095 Plin.
689 3058 846 3107 Paneg.
872 3058 937 3097 23.
967 3081 1010 3086 —

137 3118 316 3169 Damae]
351 3118 540 3156 «bomini
571 3116 698 3156 alicui
729 3117 797 3157 vili
829 3130 880 3158 ac
910 3131 1015 3170 per-

138 3182 251 3228 dito,
285 3179 463 3231 qualem
485 3181 530 3218 tu
552 3179 869 3231 descripsisti.»
918 3183 1011 3221 Non

136 3244 314 3284 ridetur
341 3253 531 3294 persona
565 3245 708 3287 certa,
755 3254 868 3292 quae
908 3246 1011 3284 tunc

140 3308 179 3345 in
219 3306 327 3344 rivis
365 3305 513 3350 fuerit,
560 3304 639 3343 sed
680 3315 841 3344 nomen
886 3317 1011 3346 com—

137 3379 271 3408 mune
314 3367 504 3407 hominis
535 3365 703 3406 servilis
748 3365 830 3405 loci
876 3370 1007 3417 atque

1081 1497 1167 1536 exit
1195 1499 1367 1537 Marcus
1397 1499 1552 1538 Dama.
1616 1499 1746 1539 «Eine
1771 1510 1962 1539 ver-wor-

1079 1559 1170 1610 fene
1189 1560 1508 1600 Sclavense-ele.»
1542 1560 1605 1600 Cf.
1631 1562 1715 1601 Sat.
1743 1562 1758 1600 4
1780 1593 1788 1609 ,
1813 1562 1859 1610 6,
1891 1561 1957 1601 38.

1086 1643 1130 1650 -
1196 1623 1382 1674 certans]
1443 1621 1726 1664 «aemulatus
1779 1634 1962 1676 semper

1081 1683 1296 1724 Achillem
1328 1686 1369 1724 et
1403 1685 1628 1725 Aiacem.»

1136 1747 1283 1795 20-255.
1317 1747 1404 1799 hoe]
1437 1759 1523 1787 non
1558 1748 1858 1799 «paupertatis
1891 1749 1962 1788 in—

1082 1809 1393 1849 commodum»
1436 1811 1495 1860 (ut
1532 1811 1762 1851 Dacierius
1800 1810 1961 1863 aliique

1083 1875 1404 1923 exposuerunt,
1429 1872 1472 1912 id
1495 1873 1615 1923 quod
1634 1874 1775 1924 p'rope
1795 1876 1963 1925 pugnat

1082 1945 1185 1973 cum
1215 1945 1342 1985 seqq.
1388 1935 1445 1973 Tu
1475 1935 1673 1984 protinus
1713 1935 1836 1987 cet.),
1880 1935 1963 1976 sed

1083 1997 1223 2036 «hanc
1254 1997 1397 2048 ipsam
1436 1997 1743 2047 ignominiam,
1788 1999 1837 2036 ut
1877 1997 1962 2038 ho-

1081 2059 1187 2098 mini
1232 2058 1436 2110 improbo
1474 2061 1607 2110 atque
1653 2059 1805 2099 infami
1848 2058 1961 2100 latus

1082 2123 1248 2172 tegam,
1281 2122 1503 2172 patienter
1531 2119 1780 2168 tolerab03»
1816 2123 1865 2161 ut
1893 2132 1963 2161 re-

1083 2186 1150 2223 cte
1195 2184 1512 2234 interpretatus
1558 2185 1625 2223 est
1667 2184 1876 2223 Diintzer.
1913 2206 1958 2212 -

1081 2246 1260 2285 tolerare
1287 2245 1444 2297 iubebo]
1484 2245 1670 2285 Parodia
1708 2246 1958 2294 Homerica,

1082 2309 1239 2359 Odyss.
1261 2320 1310 2357 v,
1337 2308 1408 2348 48:
1443 2306 1642 2348 Τέτλαθι
1663 2304 1746 2360 δή,
1768 2305 1959 2362 κραδίη·

1081 2370 1162 2410 καὶ
1205 2367 1433 2427 κύντερον
1476 2364 1595 2409 ἄλλο
1641 2371 1745 2409 ποτ’
1790 2367 1957 2423 ἔτλης,

1083 2445 1170 2484 quo
1194 2434 1320 2484 quasi
1349 2432 1588 2484 proverbio
1620 2433 1665 2472 in
1686 2431 1847 2474 scholis
1868 2435 1962 2472 ute—

1080 2496 1256 2536 bantur.
1319 2497 1492 2536 Maxim.
1518 2497 1618 2546 Tyr.
1643 2496 1692 2544 5,
1726 2496 1778 2534 7:
1807 2490 1962 2549 Ἀνάγ-

1080 2573 1142 2611 κη
1172 2554 1257 2597 τὸν
1277 2553 1602 2615 ἀνθρωπίνοις
1633 2554 1961 2610 συμπτώμασι

1082 2617 1488 2677 περιβαλλόμενον
1535 2616 1764 2670 πολλάκις
1806 2618 1958 2674 βοᾷν·

1082 2682 1284 2723 Τετλαθι
1312 2682 1409 2722 κτλ.
1447 2703 1491 2710 -
1521 2683 1728 2734 protinus]
1760 2683 1809 2721 In
1835 2682 1955 2732 Virg.

1079 2749 1188 2785 Aen.
1213 2746 1259 2794 3,
1283 2744 1378 2785 416.
1413 2744 1608 2784 edebant
1623 2749 1844 2794 protenus,
1878 2744 1958 2784 sed

1079 2810 1275 2859 Wagner
1295 2808 1337 2846 in
1362 2806 1470 2846 Edit.
1496 2808 1698 2858 Orthogr.
1716 2807 1913 2857 protinus
1934 2817 1958 2845 e

1080 2870 1187 2910 Cod.
1221 2869 1435 2909 Mediceo.
1481 2890 1523 2896 —
1566 2870 1707 2918 ruam]
1751 2879 1954 2917 «eruam,

1079 2944 1269 2984 propere
1314 2933 1420 2972 mihi
1472 2943 1673 2984 parem.»
1741 2932 1791 2970 V.
1836 2941 1960 2971 ruere

1079 2995 1303 3034 transitive
1335 2996 1598 3046 usurpatum
1626 2996 1715 3043 est,
1749 2995 1797 3032 ut
1816 2992 1955 3033 Plaut.

1078 3056 1187 3096 Rud.
1211 3057 1257 3103 2,
1283 3058 1327 3105 6,
1352 3057 1424 3097 58:
1458 3057 1519 3096 Ibi
1546 3068 1611 3097 me
1630 3066 1827 3096 corruere
1839 3065 1960 3105 posse

1077 3118 1217 3158 aiebas
1247 3120 1424 3159 divitias.
1487 3120 1604 3170 Virg.
1644 3121 1719 3158 Ge.
1761 3120 1807 3168 11,
1848 3118 1953 3158 405:

1075 3182 1340 3231 cumulosque
1359 3182 1444 3221 ruit
1462 3182 1570 3221 male
1595 3181 1764 3232 pinquis
1784 3191 1954 3219 arenae.

1075 3246 1182 3283 Aen.
1217 3244 1290 3294 Η,
1324 3244 1396 3283 :244
1426 3257 1432 3281 :
1485 3248 1523 3283 et
1565 3243 1741 3294 confusa
1781 3241 1960 3281 ruebant

1077 3304 1292 3353 (celeriter
1341 3304 1627 3356 colligebant)
1679 3305 1781 3344 Ossa
1833 3303 1950 3353 focis.

1075 3368 1212 3408 Codd.
1252 3367 1351 3419 aliq.
1389 3379 1537 3407 eruam
1585 3368 1652 3407 est
1700 3364 1952 3417 glossema3

137 3428 316 3475 indolis,
363 3431 408 3468 ut
454 3439 552 3468 mox
599 3440 638 3467 v.
678 3429 769 3468 ⁴0¹.
804 3431 847 3468 et
891 3430 1007 3480 apud
1071 3435 1232 3470 stt-uam
1261 3432 1412 3470 autem
1442 3429 1546 3470 illud
1567 3428 1800 3469 Schraderi
1824 3426 1953 3470 Ulixis

138 3493 334 3532 Persium
374 3494 417 3533 ὃ
466 3492 545 3531 78:
593 3496 793 3532 momento
835 3491 1009 3532 turbinis
1071 3494 1368 3545 impatientiae
1387 3493 1506 3533 haud
1528 3492 1734 3533 convenit
1753 3502 1804 3531 ac
1824 3501 1957 3543 prae-
