2231 3787
803 291 902 330 Llss.
937 291 986 329 11.
1048 291 1210 331 Erisr.
1246 293 1293 331 11.
1863 292 1956 344 671

211 419 414 481 Pullos,
459 436 583 481 ova,
628 419 822 473 cadum
863 421 1070 474 temeti:
1112 438 1308 492 nempe
1349 422 1510 476 modo
1552 424 1650 477 isto

209 520 470 574 Paulatim
509 523 765 575 mercaris
806 540 994 593 agrum
1031 523 1258 578 fortasse
1302 525 1553 579 trecentis

207 625 310 676 Aut
348 623 508 676 etiam
548 640 714 694 supra
751 641 1095 679 nummorum
1132 625 1348 680 milibus
1387 635 1642 698 emptum.
1872 629 1970 682 ‘16:¹5

132 772 135 775 Α
207 723 349 788 Quid
388 724 574 788 refert,
617 725 765 778 vivas
804 735 1086 780 numerato
1124 745 1299 799 nuper
1336 746 1405 783 an
1443 729 1609 783 olim?

206 826 427 897 Emptor
462 826 661 881 Aricini
699 827 975 898 quondam
1013 830 1247 884 Veientis
1288 839 1339 885 et
1377 832 1487 885 arvi

205 928 454 999 Emptum
492 937 683 983 coenat
721 928 866 991 olu5,
908 930 1156 1000 quamvis
1198 930 1352 985 aliter
1390 940 1566 1002 putat3
1609 933 1802 1005 emptis

206 1029 317 1083 Sub
356 1038 570 1084 noctem
608 1030 841 1101 gelidam
878 1030 1033 1102 lignis
1073 1031 1350 1086 calefactat
1388 1039 1612 1099 a'enum3

205 1131 315 1185 Sed
352 1140 508 1186 vocat
544 1150 721 1203 usque
761 1151 945 1196 suum,
988 1151 1096 1204 qua
1133 1133 1368 1205 populus
1408 1135 1580 1188 adsita
1618 1136 1778 1189 certis
1866 1136 1968 1189 470

189 1275 244 1323 C,
279 1274 526 1325 Bentleius,
559 1276 656 1326 ΜΞ.)
708 1297 753 1304 --
804 1276 896 1315 4602.
930 1277 1055 1316 sentis
1085 1275 1193 1316 Cod.
1232 1275 1315 1316 Alt.
1369 1297 1412 1305 -
1464 1278 1556 1318 467.
1592 1279 1794 1328 quoniam
1824 1279 1912 1319 duo

187 1339 423 1386 Schmidii,
457 1338 516 1378 hs
548 1340 591 1378 et
623 1349 671 1388 c,
706 1338 787 1378 sed
817 1339 887 1378 hic
913 1349 1138 1391 superscr.
1162 1341 1209 1387 d;
1247 1342 1304 1391 (et
1325 1343 1526 1390 quoniam
1546 1354 1569 1382 e
1592 1343 1683 1383 suis
1706 1342 1913 1383 omnibus

186 1404 366 1453 praeter
387 1403 511 1442 Mart.
535 1402 708 1453 recepit
729 1402 972 1453 Cruquius;
997 1403 1219 1443 accedunt
1241 1403 1409 1455 aliquot
1431 1406 1568 1453 Feae3
1602 1405 1658 1445 de
1680 1406 1771 1445 suis
1793 1408 1913 1445 tacet

187 1465 472 1513 Pottierius.),
505 1476 599 1504 cum
628 1465 715 1503 iam
746 1464 794 1511 d,
837 1465 1003 1514 quando
1033 1477 1148 1506 unus
1179 1468 1290 1506 Feae
1324 1470 1367 1507 et
1395 1469 1567 1520 primus
1599 1469 1824 1509 Schmidii.
1863 1492 1907 1497 —

186 1528 309 1580 arvi]
353 1528 450 1578 agri
491 1526 538 1566 b.
590 1551 634 1556 ——
683 1528 874 1578 (Veientis
913 1528 1016 1566 aviti
1056 1527 1164 1568 Cod.
1198 1529 1386 1570 Tonsan.
1420 1531 1481 1581 —-)
1528 1530 1622 1570 468.
1649 1535 1769 1581 putet
1797 1541 1911 1570 unus

185 1592 356 1632 Bersm.
382 1594 426 1631 et
457 1590 564 1631 Cod.
590 1590 672 1630 Alt.
709 1591 810 1641 (non
840 1590 1009 1641 nostri.)

129 1718 256 1769 fetus,
289 1719 408 1757 dant
436 1717 537 1757 utile
566 1716 726 1768 liynum
745 1716 936 1767 Naviyiis
950 1716 1017 1766 pi-

130 1792 217 1821 nos.
265 1782 315 1829 ⁶2,
349 1781 454 1820 520:
503 1781 630 1819 dant
673 1779 827 1818 arbuta
868 1779 1012 1818 silvae.

132 1844 201 1883 Sic
245 1845 396 1883 autem
431 1842 569 1883 Codd.
604 1840 803 1881 Blandin.
839 1843 883 1881 et
911 1832 1018 1881 Potss

130 1907 243 1946 tierii
273 1907 312 1946 ⁵2.
338 1906 376 1946 3.
402 1906 440 1946 6.
467 1906 530 1945 42.
564 1906 704 1956 magis
735 1905 910 1956 poetica
940 1915 1015 1943 ra-

128 1971 248 2010 tione
281 1980 416 2020 quam
435 1969 583 2008 vilicus
601 1990 651 1996 --
670 1969 867 2017 daturus,
891 1967 1015 2018 quod

131 2043 234 2072 cum
265 2032 426 2071 nostris
459 2031 597 2070 Codd.
623 2029 793 2069 habent
812 2031 1010 2069 Monacc.

131 2106 288 2135 omnes
319 2096 362 2133 et
383 2093 577 2133 Pottierii
607 2091 779 2143 reliqui.
808 2113 852 2119 -
878 2091 1012 2142 sentit]

131 2157 342 2208 «accepto
375 2167 398 2194 a
429 2157 471 2194 te
503 2154 712 2194 frumenti
741 2154 883 2204 pretio
905 2153 949 2192 in
971 2155 1012 2192 te

129 2230 287 2259 verum
309 2218 540 2257 dominum
562 2217 653 2266 agri
674 2215 853 2256 Orbiani
875 2226 1014 2265 agno-

131 2282 254 2322 scit.»
281 2304 324 2310 -—
359 2279 508 2331 temeti]
540 2278 647 2318 Plin.
674 2279 724 2318 H.
749 2279 798 2317 N.
825 2277 897 2321 44.
935 2277 1009 2316 43:

132 2345 232 2386 Cato
262 2345 352 2383 ideo
365 2344 627 2393 propinquos
645 2341 809 2392 feminis
828 2340 1012 2379 osculum

129 2408 233 2447 dare
256 2405 480 2458 (scripsit),
512 2408 559 2444 ut
577 2405 750 2452 scirent,
784 2415 841 2443 an
871 2407 1014 2443 teme-

131 2475 234 2510 tum
277 2470 444 2508 olerent.
493 2468 579 2507 Hoc
616 2471 703 2506 tum
737 2467 834 2506 vino
863 2477 1013 2505 nomen

130 2537 239 2582 erat,
261 2532 370 2571 unde
389 2535 427 2570 et
447 2530 760 2570 temulentia
781 2529 1008 2579 appellata.

135 2619 180 2623 —
202 2596 324 2634 modo
344 2593 435 2645 isto]
468 2592 755 2633 «Communis
776 2593 1012 2643 poetarum

130 2660 304 2698 tantum
334 2668 423 2696 non
450 2655 648 2695 omnium
667 2653 820 2704 regula
841 2656 922 2703 est,
956 2665 1012 2694 ne

129 2723 232 2773 post
258 2717 528 2760 vocabulum
549 2716 794 2757 iambicum
814 2717 858 2756 in
877 2728 1014 2756 voca-

129 2783 220 2824 lem
236 2783 447 2823 desinens
468 2779 639 2832 syllaba
657 2782 785 2820 acuta
805 2782 1011 2831 ponatur,

131 2847 216 2887 nisi
236 2857 338 2886 cum
359 2845 495 2884 hiatu.
518 2866 542 2872 -
558 2865 580 2872 —
594 2865 618 2872 -
639 2853 787 2894 neque
808 2842 1014 2882 Horatius

132 2910 239 2950 dixit
280 2919 425 2958 nempe
462 2907 584 2946 modo
627 2907 726 2955 isto,
774 2904 855 2945 sed
893 2906 1015 2944 modo

130 2977 233 3013 sto.»
266 2973 429 3011 LAcnm.
463 2969 519 3009 ad
550 2970 725 3009 Lucret.
758 2979 801 3020 p.
836 2968 928 3008 497.
967 2990 1011 2996 —

131 3035 322 3076 trecentis
347 3032 524 3084 milibus]
572 3032 749 3072 circiter
778 3031 913 3071 60000
945 3032 1011 3070 Fr.

132 3096 238 3138 Gall.
274 3118 319 3124 -
353 3094 548 3146 emptum]
582 3095 687 3133 Post
715 3094 802 3132 hoc
831 3104 873 3132 V.
906 3093 1013 3132 Iahn

131 3159 279 3211 posuit
322 3155 676 3207 interrogationis
722 3156 920 3205 signum,
968 3156 1015 3193 ut

133 3222 268 3261 etiam
299 3218 402 3260 alibi
430 3220 531 3270 post
560 3219 674 3269 part.
706 3228 871 3266 nempe;
906 3227 1010 3267 quo,

132 3284 196 3324 uti
224 3284 346 3322 recte
370 3282 550 3321 annotat
570 3278 844 3326 Schmidius,
878 3278 1014 3316 ironi—

133 3356 186 3385 ae
224 3344 421 3384 efficacia
457 3341 727 3382 debilitatur.
765 3362 808 3367 —
840 3340 1016 3389 Emptor

135 3407 236 3458 cet.]
277 3409 412 3457 lunge
452 3408 611 3454 emptor
640 3403 874 3453 quondam,
918 3403 1010 3451 «is,

136 3470 211 3518 qui
228 3469 455 3520 quondam
472 3467 620 3508 emit.»
646 3465 772 3515 Quod
789 3476 892 3505 cum
909 3475 1015 3504 non-

136 3530 240 3571 nulli
269 3531 389 3572 haud
418 3530 756 3583 perspicerent,
799 3528 883 3567 orti
913 3528 1016 3568 sunt

1080 1716 1187 1756 varii
1218 1715 1275 1756 illi
1306 1727 1485 1758 errores
1517 1717 1739 1767 quoniam,
1780 1718 1963 1767 quando,

1079 1790 1174 1818 cum
1205 1780 1303 1819 iam.
1364 1781 1428 1819 De
1474 1778 1675 1819 adverbii
1716 1790 1820 1819 cum
1855 1779 1966 1819 sub—

1081 1842 1271 1881 stantivo
1303 1842 1615 1881 coniunctione
1647 1841 1701 1882 cf.
1726 1841 1804 1881 Od.
1829 1842 1870 1890 3,
1895 1842 1963 1890 ⁴7,

1080 1903 1119 1943 9.
1174 1904 1358 1944 «Lectio
1402 1905 1603 1953 quoniam
1645 1915 1734 1943 non
1784 1904 1964 1943 omnino

1080 1966 1350 2017 spernenda,
1375 1965 1620 2006 dummodo
1646 1968 1868 2006 commate
1889 1977 1966 2018 po—

1079 2029 1162 2068 sito
1194 2031 1295 2080 post
1319 2041 1361 2068 V.
1396 2029 1490 2068 466.
1525 2029 1882 2080 interrogationis
1911 2029 1966 2069 si-

1079 2102 1215 2141 gnum
1237 2090 1481 2131 collocetur
1501 2092 1543 2131 in
1561 2091 1648 2131 fine
1665 2102 1823 2132 versus
1841 2091 1963 2131 469.»

1079 2155 1277 2192 DILLENB.
1306 2177 1351 2181 -
1374 2154 1534 2193 Aricini
1555 2177 1578 2182 —
1604 2155 1778 2194 Veientis
1797 2158 1834 2193 et
1854 2154 1963 2205 arvi]

1077 2215 1221 2254 Aricia
1251 2216 1465 2266 oppidum
1496 2217 1628 2264 Latii,
1671 2218 1825 2256 notum
1857 2227 1965 2268 pro-

1077 2279 1177 2329 pter
1205 2276 1354 2317 lacum
1374 2279 1699 2318 Nemorensem
1722 2281 1766 2318 et
1796 2278 1962 2319 cultum

1078 2341 1243 2380 Dianae
1268 2340 1336 2391 (cf.
1362 2341 1449 2380 Sat.
1475 2342 1513 2390 ’1,
1538 2342 1576 2389 5,
1598 2342 1678 2391 4.);
1708 2342 1804 2389 Veii,
1829 2341 1960 2381 hodie

1075 2404 1184 2443 [sola
1212 2405 1406 2443 Farnese.
1442 2403 1505 2443 Cf.
1530 2404 1615 2442 Sat.
1641 2404 1680 2453 2,
1715 2403 1754 2452 3,
1781 2402 1874 2444 443.
1911 2425 1956 2432 —

1078 2466 1247 2518 aenum]
1280 2466 1414 2505 «dum
1435 2466 1479 2505 in
1500 2465 1597 2505 foco
1620 2468 1775 2517 aperto
1797 2477 1962 2517 aquam

1078 2528 1331 2577 fervefacit,
1365 2529 1458 2579 ipse
1491 2539 1670 2578 quoque
1694 2526 1838 2567 calefit
1867 2540 1966 2579 gra·

1077 2594 1212 2642 toque
1243 2591 1331 2630 hoc
1361 2602 1497 2630 sensu
1518 2590 1676 2630 fruitur
1695 2590 1962 2631 adveniente

1076 2654 1214 2704 qelida
1243 2657 1407 2701 nocte,»
1440 2664 1554 2704 quae
1585 2654 1730 2703 imago
1762 2651 1962 2693 consulto

1080 2715 1229 2755 addita
1260 2716 1340 2755 est.

1136 2776 1349 2817 470-474.
1395 2776 1536 2828 usque]
1571 2788 1739 2828 «usque
1771 2777 1827 2816 ad
1858 2788 1961 2817 eum

1079 2839 1251 2887 locum,
1277 2839 1353 2878 ubi
1374 2839 1565 2890 populus
1588 2839 1723 2879 arbor
1744 2841 1824 2880 sita
1845 2842 1959 2879 cet.»

1082 2904 1222 2942 Comi.
1241 2902 1371 2947 Cimo.
1389 2903 1658 2953 Neutiquam
1668 2914 1791 2942 vero:
1815 2902 1964 2942 «iden-

1080 2964 1241 3012 tidem,
1276 2973 1508 3014 semper‚n
1546 2967 1594 3004 ut
1625 2963 1694 3004 alii
1725 2963 1958 3016 explicant.

1083 3050 1128 3054 —-
1152 3025 1304 3078 adsita]
1340 3025 1578 3066 «Consulto
1610 3027 1727 3066 iuxta
1749 3029 1845 3067 sata
1867 3027 1960 3066 sive

1080 3086 1273 3138 plantata
1289 3103 1325 3137 ,»
1349 3099 1438 3128 non
1460 3089 1603 3128 «iuxta
1625 3089 1757 3137 sita,»
1780 3088 1825 3128 id
1840 3088 1960 3140 quod

1080 3153 1201 3191 esset
1222 3153 1404 3191 naturae
1426 3163 1553 3204 opus.
1589 3153 1706 3202 Virg.
1731 3151 1819 3192 Ecl.
1845 3152 1884 3200 9,
1908 3153 1954 3190 7:

1079 3226 1176 3264 qua
1204 3226 1245 3254 se
1274 3215 1498 3255 subducere
1526 3216 1646 3255 colles
1672 3216 1883 3264 Incipiunt
1900 3236 1958 3243 --

1081 3278 1212 3327 Usque
1241 3278 1298 3317 ad
1324 3288 1482 3326 aquam
1501 3281 1539 3317 et
1555 3281 1732 3326 veteres,
1764 3277 1852 3315 iam
1869 3276 1958 3326 fra-

1077 3344 1145 3380 cta
1164 3341 1410 3389 cacumina,
1433 3341 1458 3391 f
1463 3352 1490 3379 a
1497 3353 1524 3391 9
1534 3351 1604 3389 os,
1630 3338 1780 3378 itidem
1802 3338 1955 3378 finium

1079 3404 1171 3454 agri
1207 3405 1347 3444 notas.
1405 3403 1600 3453 Scriptor
1637 3400 1692 3440 de
1729 3401 1871 3440 Limit.
1910 3411 1953 3451 p.

1077 3464 1172 3506 294.
1207 3467 1338 3505 Goes.
1357 3476 1366 3504 ;
1399 3464 1540 3504 Omnis
1551 3463 1754 3512 possessio
1776 3467 1858 3502 tres
1877 3462 1957 3501 Sil-

1075 3538 1208 3568 vanos
1225 3527 1367 3567 habet:
1397 3537 1506 3566 unus
1526 3525 1680 3565 dicitur
1697 3525 1954 3574 domesticus,
