<?xml version="1.0" encoding="UTF-8"?>
<!DOCTYPE html PUBLIC "-//W3C//DTD XHTML 1.0 Transitional//EN"
    "http://www.w3.org/TR/xhtml1/DTD/xhtml1-transitional.dtd">
<html xmlns="http://www.w3.org/1999/xhtml" xml:lang="en" lang="en">
 <head>
  <title>
</title>
<meta http-equiv="Content-Type" content="text/html;charset=utf-8" />
  <meta name='ocr-system' content='tesseract 3.04.00' />
  <meta name='ocr-capabilities' content='ocr_page ocr_carea ocr_par ocr_line ocrx_word'/>
</head>
<body>
  <div class='ocr_page' id='page_1' title='image "./qhoratiusflaccus02horauoft_0569.png"; bbox 0 0 2231 3787; ppageno 0'>
   <div class='ocr_carea' id='block_1_1' title="bbox 0 1959 13 3067">
    <p class='ocr_par' dir='ltr' id='par_1_1' title="bbox 0 1959 13 3067">
     <span class='ocr_line' id='line_1_1' title="bbox 0 1959 13 3067; baseline 0 0"><span class='ocrx_word' id='word_1_1' title='bbox 0 1959 13 3067; x_wconf 95' lang='lat' dir='ltr'> </span> 
     </span>
    </p>
   </div>
   <div class='ocr_carea' id='block_1_2' title="bbox 806 272 1334 312">
    <p class='ocr_par' dir='ltr' id='par_1_2' title="bbox 806 272 1334 312">
     <span class='ocr_line' id='line_1_2' title="bbox 806 272 1334 312; baseline -0.004 0"><span class='ocrx_word' id='word_1_2' title='bbox 806 273 905 312; x_wconf 81' lang='lat' dir='ltr'>LIB.</span> <span class='ocrx_word' id='word_1_3' title='bbox 940 273 968 311; x_wconf 89' lang='lat'>1.</span> <span class='ocrx_word' id='word_1_4' title='bbox 1032 272 1195 311; x_wconf 83' lang='lat' dir='ltr'>EPIST.</span> <span class='ocrx_word' id='word_1_5' title='bbox 1228 272 1334 311; x_wconf 85' lang='lat' dir='ltr'>XVI.</span> 
     </span>
    </p>
   </div>
   <div class='ocr_carea' id='block_1_3' title="bbox 1895 268 1996 321">
    <p class='ocr_par' dir='ltr' id='par_1_3' title="bbox 1895 268 1996 321">
     <span class='ocr_line' id='line_1_3' title="bbox 1895 270 1925 319; textangle 90"><span class='ocrx_word' id='word_1_6' title='bbox 1895 270 1925 319; x_wconf 64' lang='grc' dir='ltr'>Οἳ</span> 
     </span>
     <span class='ocr_line' id='line_1_4' title="bbox 1930 269 1960 321; textangle 90"><span class='ocrx_word' id='word_1_7' title='bbox 1930 269 1960 321; x_wconf 68' lang='grc' dir='ltr'>Ν)</span> 
     </span>
     <span class='ocr_line' id='line_1_5' title="bbox 1967 268 1996 319; textangle 90"><span class='ocrx_word' id='word_1_8' title='bbox 1967 268 1996 319; x_wconf 44' lang='grc' dir='ltr'>κδ</span> 
     </span>
    </p>
   </div>
   <div class='ocr_carea' id='block_1_4' title="bbox 242 401 1676 465">
    <p class='ocr_par' dir='ltr' id='par_1_4' title="bbox 242 401 1676 465">
     <span class='ocr_line' id='line_1_6' title="bbox 242 401 1676 465; baseline -0.003 -5"><span class='ocrx_word' id='word_1_9' title='bbox 242 409 382 460; x_wconf 84' lang='lat' dir='ltr'>Fons</span> <span class='ocrx_word' id='word_1_10' title='bbox 423 405 581 458; x_wconf 89' lang='lat' dir='ltr'>etiam</span> <span class='ocrx_word' id='word_1_11' title='bbox 621 405 735 457; x_wconf 78' lang='lat' dir='ltr'>rivo</span> <span class='ocrx_word' id='word_1_12' title='bbox 775 403 906 457; x_wconf 88' lang='lat' dir='ltr'>dare</span> <span class='ocrx_word' id='word_1_13' title='bbox 946 419 1144 456; x_wconf 91' lang='lat' dir='ltr'>nomen</span> <span class='ocrx_word' id='word_1_14' title='bbox 1185 401 1438 465; x_wconf 77' lang='lat' dir='ltr'>idoneUS,</span> <span class='ocrx_word' id='word_1_15' title='bbox 1481 409 1539 455; x_wconf 89' lang='lat' dir='ltr'>ut</span> <span class='ocrx_word' id='word_1_16' title='bbox 1577 419 1676 456; x_wconf 92' lang='lat' dir='ltr'>nec</span> 
     </span>
    </p>
   </div>
   <div class='ocr_carea' id='block_1_5' title="bbox 239 503 1680 578">
    <p class='ocr_par' dir='ltr' id='par_1_5' title="bbox 239 503 1680 578">
     <span class='ocr_line' id='line_1_7' title="bbox 239 503 1680 578; baseline -0.004 -16"><span class='ocrx_word' id='word_1_17' title='bbox 239 507 504 578; x_wconf 77' lang='lat' dir='ltr'>Frigidior</span> <span class='ocrx_word' id='word_1_18' title='bbox 542 506 800 560; x_wconf 77' lang='lat' dir='ltr'>Thracam</span> <span class='ocrx_word' id='word_1_19' title='bbox 839 523 941 560; x_wconf 91' lang='lat' dir='ltr'>nec</span> <span class='ocrx_word' id='word_1_20' title='bbox 978 505 1167 576; x_wconf 87' lang='lat' dir='ltr'>purior</span> <span class='ocrx_word' id='word_1_21' title='bbox 1204 503 1404 558; x_wconf 86' lang='lat' dir='ltr'>ambiat</span> <span class='ocrx_word' id='word_1_22' title='bbox 1441 503 1680 567; x_wconf 77' lang='lat' dir='ltr'>HehrUS,</span> 
     </span>
    </p>
   </div>
   <div class='ocr_carea' id='block_1_6' title="bbox 238 606 1376 680">
    <p class='ocr_par' dir='ltr' id='par_1_6' title="bbox 238 606 1376 680">
     <span class='ocr_line' id='line_1_8' title="bbox 238 606 1376 680; baseline -0.003 -18"><span class='ocrx_word' id='word_1_23' title='bbox 238 609 452 663; x_wconf 88' lang='lat' dir='ltr'>Infirmo</span> <span class='ocrx_word' id='word_1_24' title='bbox 493 609 652 680; x_wconf 89' lang='lat' dir='ltr'>capiti</span> <span class='ocrx_word' id='word_1_25' title='bbox 692 608 808 662; x_wconf 88' lang='lat' dir='ltr'>ssuit</span> <span class='ocrx_word' id='word_1_26' title='bbox 844 607 1014 672; x_wconf 89' lang='lat' dir='ltr'>utilis,</span> <span class='ocrx_word' id='word_1_27' title='bbox 1057 607 1199 661; x_wconf 88' lang='lat' dir='ltr'>utilis</span> <span class='ocrx_word' id='word_1_28' title='bbox 1240 606 1376 661; x_wconf 86' lang='lat' dir='ltr'>alvo.</span> 
     </span>
    </p>
   </div>
   <div class='ocr_carea' id='block_1_7' title="bbox 239 709 1997 775">
    <p class='ocr_par' dir='ltr' id='par_1_7' title="bbox 239 709 1997 775">
     <span class='ocr_line' id='line_1_9' title="bbox 239 709 1997 775; baseline -0.002 -10"><span class='ocrx_word' id='word_1_29' title='bbox 239 713 352 766; x_wconf 89' lang='lat' dir='ltr'>Hae</span> <span class='ocrx_word' id='word_1_30' title='bbox 392 710 631 765; x_wconf 86' lang='lat' dir='ltr'>latebrae</span> <span class='ocrx_word' id='word_1_31' title='bbox 672 710 886 775; x_wconf 84' lang='lat' dir='ltr'>dulceS,</span> <span class='ocrx_word' id='word_1_32' title='bbox 929 711 1116 774; x_wconf 87' lang='lat' dir='ltr'>etiam,</span> <span class='ocrx_word' id='word_1_33' title='bbox 1159 710 1203 764; x_wconf 89' lang='lat' dir='ltr'>si</span> <span class='ocrx_word' id='word_1_34' title='bbox 1243 709 1447 773; x_wconf 85' lang='lat' dir='ltr'>crediS,</span> <span class='ocrx_word' id='word_1_35' title='bbox 1490 726 1777 773; x_wconf 81' lang='lat' dir='ltr'>amoenae,</span> <span class='ocrx_word' id='word_1_36' title='bbox 1931 710 1997 763; x_wconf 79' lang='grc'>45</span> 
     </span>
    </p>
   </div>
   <div class='ocr_carea' id='block_1_8' title="bbox 219 876 1946 1117">
    <p class='ocr_par' dir='ltr' id='par_1_8' title="bbox 219 876 1946 1117">
     <span class='ocr_line' id='line_1_10' title="bbox 221 876 1939 929; baseline -0.001 -10"><span class='ocrx_word' id='word_1_37' title='bbox 221 878 355 927; x_wconf 88' lang='lat' dir='ltr'>leius,</span> <span class='ocrx_word' id='word_1_38' title='bbox 394 879 501 918; x_wconf 90' lang='lat' dir='ltr'>item</span> <span class='ocrx_word' id='word_1_39' title='bbox 536 879 590 919; x_wconf 87' lang='lat' dir='ltr'>M.</span> <span class='ocrx_word' id='word_1_40' title='bbox 630 901 673 906; x_wconf 89' lang='lat'>—-</span> <span class='ocrx_word' id='word_1_41' title='bbox 710 877 775 918; x_wconf 75' lang='grc'>44.</span> <span class='ocrx_word' id='word_1_42' title='bbox 809 878 943 927; x_wconf 78' lang='lat' dir='ltr'>utilis,</span> <span class='ocrx_word' id='word_1_43' title='bbox 976 878 1090 918; x_wconf 84' lang='lat' dir='ltr'>utilis</span> <span class='ocrx_word' id='word_1_44' title='bbox 1118 876 1304 929; x_wconf 88' lang='lat' dir='ltr'>bSEcdp</span> <span class='ocrx_word' id='word_1_45' title='bbox 1337 888 1439 917; x_wconf 92' lang='lat' dir='ltr'>cum</span> <span class='ocrx_word' id='word_1_46' title='bbox 1468 876 1694 929; x_wconf 89' lang='lat' dir='ltr'>plerisque</span> <span class='ocrx_word' id='word_1_47' title='bbox 1723 878 1939 925; x_wconf 87' lang='lat' dir='ltr'>Pottierii,</span> 
     </span>
     <span class='ocr_line' id='line_1_11' title="bbox 222 939 1942 992; baseline -0.001 -10"><span class='ocrx_word' id='word_1_48' title='bbox 222 943 329 982; x_wconf 89' lang='lat' dir='ltr'>item</span> <span class='ocrx_word' id='word_1_49' title='bbox 362 942 472 990; x_wconf 86' lang='lat' dir='ltr'>LCt,</span> <span class='ocrx_word' id='word_1_50' title='bbox 505 939 750 989; x_wconf 90' lang='lat' dir='ltr'>Bentleius,</span> <span class='ocrx_word' id='word_1_51' title='bbox 793 942 848 980; x_wconf 89' lang='lat' dir='ltr'>O:</span> <span class='ocrx_word' id='word_1_52' title='bbox 897 945 1022 992; x_wconf 83' lang='lat' dir='ltr'>aptus</span> <span class='ocrx_word' id='word_1_53' title='bbox 1050 944 1089 980; x_wconf 81' lang='lat' dir='ltr'>ct</span> <span class='ocrx_word' id='word_1_54' title='bbox 1116 941 1229 980; x_wconf 80' lang='lat' dir='ltr'>utilis</span> <span class='ocrx_word' id='word_1_55' title='bbox 1264 941 1459 992; x_wconf 87' lang='lat' dir='ltr'>quinque</span> <span class='ocrx_word' id='word_1_56' title='bbox 1495 940 1711 989; x_wconf 91' lang='lat' dir='ltr'>Pottierii,</span> <span class='ocrx_word' id='word_1_57' title='bbox 1757 940 1868 981; x_wconf 85' lang='lat' dir='ltr'><strong>FMJ.</strong></span> <span class='ocrx_word' id='word_1_58' title='bbox 1898 964 1942 969; x_wconf 88' lang='lat'>—</span> 
     </span>
     <span class='ocr_line' id='line_1_12' title="bbox 222 1002 1946 1056; baseline 0 -13"><span class='ocrx_word' id='word_1_59' title='bbox 222 1004 287 1044; x_wconf 79' lang='grc'>45.</span> <span class='ocrx_word' id='word_1_60' title='bbox 312 1004 460 1052; x_wconf 77' lang='lat' dir='ltr'>etiam,</span> <span class='ocrx_word' id='word_1_61' title='bbox 492 1004 526 1043; x_wconf 84' lang='lat' dir='ltr'>si</span> <span class='ocrx_word' id='word_1_62' title='bbox 554 1004 702 1053; x_wconf 77' lang='lat' dir='ltr'>credis,</span> <span class='ocrx_word' id='word_1_63' title='bbox 736 1015 940 1044; x_wconf 78' lang='lat' dir='ltr'>amoenae</span> <span class='ocrx_word' id='word_1_64' title='bbox 968 1002 1086 1052; x_wconf 84' lang='lat' dir='ltr'>libri,</span> <span class='ocrx_word' id='word_1_65' title='bbox 1124 1004 1330 1044; x_wconf 88' lang='lat' dir='ltr'>LCtFJO:</span> <span class='ocrx_word' id='word_1_66' title='bbox 1363 1007 1400 1042; x_wconf 79' lang='lat' dir='ltr'>et</span> <span class='ocrx_word' id='word_1_67' title='bbox 1430 1003 1535 1055; x_wconf 86' lang='lat' dir='ltr'>(iam</span> <span class='ocrx_word' id='word_1_68' title='bbox 1560 1004 1594 1043; x_wconf 86' lang='lat' dir='ltr'>si</span> <span class='ocrx_word' id='word_1_69' title='bbox 1621 1003 1770 1056; x_wconf 84' lang='lat' dir='ltr'>credis)</span> <span class='ocrx_word' id='word_1_70' title='bbox 1801 1014 1946 1043; x_wconf 88' lang='lat' dir='ltr'>amoe-</span> 
     </span>
     <span class='ocr_line' id='line_1_13' title="bbox 219 1065 1940 1117; baseline 0 -12"><span class='ocrx_word' id='word_1_71' title='bbox 219 1077 301 1106; x_wconf 86' lang='lat' dir='ltr'>nae</span> <span class='ocrx_word' id='word_1_72' title='bbox 320 1065 544 1107; x_wconf 86' lang='lat' dir='ltr'>Bentleius</span> <span class='ocrx_word' id='word_1_73' title='bbox 567 1068 682 1107; x_wconf 88' lang='lat' dir='ltr'>coni.</span> <span class='ocrx_word' id='word_1_74' title='bbox 708 1070 751 1106; x_wconf 91' lang='lat' dir='ltr'>et</span> <span class='ocrx_word' id='word_1_75' title='bbox 772 1067 838 1115; x_wconf 81' lang='lat' dir='ltr'>M3</span> <span class='ocrx_word' id='word_1_76' title='bbox 871 1071 909 1107; x_wconf 84' lang='lat' dir='ltr'>et</span> <span class='ocrx_word' id='word_1_77' title='bbox 930 1071 1038 1116; x_wconf 76' lang='lat' dir='ltr'>tam,</span> <span class='ocrx_word' id='word_1_78' title='bbox 1062 1067 1095 1106; x_wconf 88' lang='lat' dir='ltr'>si</span> <span class='ocrx_word' id='word_1_79' title='bbox 1116 1067 1270 1116; x_wconf 78' lang='lat' dir='ltr'>crediS,</span> <span class='ocrx_word' id='word_1_80' title='bbox 1293 1077 1495 1107; x_wconf 83' lang='lat' dir='ltr'>amoenae</span> <span class='ocrx_word' id='word_1_81' title='bbox 1515 1065 1713 1106; x_wconf 88' lang='lat' dir='ltr'>malebat</span> <span class='ocrx_word' id='word_1_82' title='bbox 1732 1066 1940 1117; x_wconf 83' lang='lat' dir='ltr'>Doering.</span> 
     </span>
    </p>
   </div>
   <div class='ocr_carea' id='block_1_9' title="bbox 163 1204 1054 1953">
    <p class='ocr_par' dir='ltr' id='par_1_9' title="bbox 163 1204 1054 1953">
     <span class='ocr_line' id='line_1_14' title="bbox 165 1204 1051 1260; baseline 0.001 -14"><span class='ocrx_word' id='word_1_83' title='bbox 165 1208 279 1260; x_wconf 82' lang='lat' dir='ltr'>neus]</span> <span class='ocrx_word' id='word_1_84' title='bbox 304 1204 472 1259; x_wconf 79' lang='grc' dir='ltr'><em>ἱκανὸς</em></span> <span class='ocrx_word' id='word_1_85' title='bbox 494 1204 688 1258; x_wconf 80' lang='grc' dir='ltr'>δοῦναι,</span> <span class='ocrx_word' id='word_1_86' title='bbox 722 1207 766 1247; x_wconf 91' lang='lat' dir='ltr'>id</span> <span class='ocrx_word' id='word_1_87' title='bbox 788 1210 876 1256; x_wconf 90' lang='lat' dir='ltr'>est,</span> <span class='ocrx_word' id='word_1_88' title='bbox 912 1206 1051 1247; x_wconf 89' lang='lat' dir='ltr'>«adeo</span> 
     </span>
     <span class='ocr_line' id='line_1_15' title="bbox 166 1269 1049 1322; baseline 0 -12"><span class='ocrx_word' id='word_1_89' title='bbox 166 1271 283 1322; x_wconf 76' lang='lat' dir='ltr'>aqua</span> <span class='ocrx_word' id='word_1_90' title='bbox 313 1270 569 1319; x_wconf 87' lang='lat' dir='ltr'>abundans,</span> <span class='ocrx_word' id='word_1_91' title='bbox 604 1272 652 1311; x_wconf 92' lang='lat' dir='ltr'>ut</span> <span class='ocrx_word' id='word_1_92' title='bbox 682 1272 727 1310; x_wconf 92' lang='lat' dir='ltr'>et</span> <span class='ocrx_word' id='word_1_93' title='bbox 747 1269 852 1310; x_wconf 84' lang='lat' dir='ltr'>fonti</span> <span class='ocrx_word' id='word_1_94' title='bbox 876 1271 920 1310; x_wconf 83' lang='lat' dir='ltr'>et</span> <span class='ocrx_word' id='word_1_95' title='bbox 938 1271 1049 1319; x_wconf 78' lang='lat' dir='ltr'>rivo,</span> 
     </span>
     <span class='ocr_line' id='line_1_16' title="bbox 166 1334 1053 1386; baseline -0.001 -13"><span class='ocrx_word' id='word_1_96' title='bbox 166 1335 241 1386; x_wconf 90' lang='lat' dir='ltr'>qui</span> <span class='ocrx_word' id='word_1_97' title='bbox 287 1346 340 1374; x_wconf 83' lang='lat' dir='ltr'>ex</span> <span class='ocrx_word' id='word_1_98' title='bbox 382 1346 434 1374; x_wconf 92' lang='lat' dir='ltr'>eo</span> <span class='ocrx_word' id='word_1_99' title='bbox 464 1334 667 1385; x_wconf 88' lang='lat' dir='ltr'>profluit,</span> <span class='ocrx_word' id='word_1_100' title='bbox 714 1334 946 1385; x_wconf 85' lang='lat' dir='ltr'>proprium</span> <span class='ocrx_word' id='word_1_101' title='bbox 978 1334 1053 1372; x_wconf 91' lang='lat' dir='ltr'>Di-</span> 
     </span>
     <span class='ocr_line' id='line_1_17' title="bbox 166 1397 1050 1449; baseline -0.002 -12"><span class='ocrx_word' id='word_1_102' title='bbox 166 1398 340 1449; x_wconf 83' lang='lat' dir='ltr'>gentiae</span> <span class='ocrx_word' id='word_1_103' title='bbox 388 1409 553 1437; x_wconf 88' lang='lat' dir='ltr'>nomen</span> <span class='ocrx_word' id='word_1_104' title='bbox 591 1397 779 1437; x_wconf 88' lang='lat' dir='ltr'>inditum</span> <span class='ocrx_word' id='word_1_105' title='bbox 822 1398 900 1446; x_wconf 89' lang='lat' dir='ltr'>sit,</span> <span class='ocrx_word' id='word_1_106' title='bbox 949 1407 1050 1436; x_wconf 90' lang='lat' dir='ltr'>cum</span> 
     </span>
     <span class='ocr_line' id='line_1_18' title="bbox 166 1459 1050 1511; baseline -0.002 -11"><span class='ocrx_word' id='word_1_107' title='bbox 166 1460 362 1500; x_wconf 88' lang='lat' dir='ltr'>minores</span> <span class='ocrx_word' id='word_1_108' title='bbox 383 1462 463 1499; x_wconf 85' lang='lat' dir='ltr'>rivi</span> <span class='ocrx_word' id='word_1_109' title='bbox 488 1460 670 1511; x_wconf 91' lang='lat' dir='ltr'>proprio</span> <span class='ocrx_word' id='word_1_110' title='bbox 693 1459 873 1499; x_wconf 90' lang='lat' dir='ltr'>nomine</span> <span class='ocrx_word' id='word_1_111' title='bbox 896 1470 1050 1498; x_wconf 88' lang='lat' dir='ltr'>carere</span> 
     </span>
     <span class='ocr_line' id='line_1_19' title="bbox 165 1522 1049 1575; baseline -0.001 -13"><span class='ocrx_word' id='word_1_112' title='bbox 165 1522 432 1575; x_wconf 90' lang='lat' dir='ltr'>plerumque</span> <span class='ocrx_word' id='word_1_113' title='bbox 467 1522 681 1562; x_wconf 81' lang='lat' dir='ltr'>soleant.»</span> <span class='ocrx_word' id='word_1_114' title='bbox 708 1545 751 1550; x_wconf 95' lang='lat'><strong>—</strong></span> <span class='ocrx_word' id='word_1_115' title='bbox 776 1526 823 1562; x_wconf 83' lang='lat' dir='ltr'>ut</span> <span class='ocrx_word' id='word_1_116' title='bbox 851 1533 924 1562; x_wconf 85' lang='lat' dir='ltr'>nec</span> <span class='ocrx_word' id='word_1_117' title='bbox 946 1522 1049 1572; x_wconf 90' lang='lat' dir='ltr'>cet.]</span> 
     </span>
     <span class='ocr_line' id='line_1_20' title="bbox 166 1585 1053 1636; baseline -0.001 -11"><span class='ocrx_word' id='word_1_118' title='bbox 166 1588 237 1625; x_wconf 88' lang='lat' dir='ltr'>«et</span> <span class='ocrx_word' id='word_1_119' title='bbox 268 1585 451 1636; x_wconf 90' lang='lat' dir='ltr'>quidem</span> <span class='ocrx_word' id='word_1_120' title='bbox 482 1585 601 1633; x_wconf 84' lang='lat' dir='ltr'>talis,</span> <span class='ocrx_word' id='word_1_121' title='bbox 635 1587 707 1625; x_wconf 87' lang='lat' dir='ltr'>ut»</span> <span class='ocrx_word' id='word_1_122' title='bbox 732 1587 816 1626; x_wconf 89' lang='lat' dir='ltr'>cet.</span> <span class='ocrx_word' id='word_1_123' title='bbox 844 1609 889 1614; x_wconf 89' lang='grc'>-</span> <span class='ocrx_word' id='word_1_124' title='bbox 926 1585 1053 1624; x_wconf 83' lang='lat' dir='ltr'>Thra-</span> 
     </span>
     <span class='ocr_line' id='line_1_21' title="bbox 164 1646 1048 1705; baseline 0 -17"><span class='ocrx_word' id='word_1_125' title='bbox 164 1647 271 1700; x_wconf 87' lang='lat' dir='ltr'>cam]</span> <span class='ocrx_word' id='word_1_126' title='bbox 295 1646 509 1705; x_wconf 73' lang='grc' dir='ltr'>Θρᾴκην,</span> <span class='ocrx_word' id='word_1_127' title='bbox 541 1651 590 1688; x_wconf 86' lang='lat' dir='ltr'>ut</span> <span class='ocrx_word' id='word_1_128' title='bbox 609 1649 719 1700; x_wconf 85' lang='lat' dir='ltr'>Epp.</span> <span class='ocrx_word' id='word_1_129' title='bbox 746 1649 790 1698; x_wconf 90' lang='grc'>4,</span> <span class='ocrx_word' id='word_1_130' title='bbox 823 1649 866 1698; x_wconf 87' lang='lat'>3,</span> <span class='ocrx_word' id='word_1_131' title='bbox 899 1648 938 1688; x_wconf 87' lang='lat'>3.</span> <span class='ocrx_word' id='word_1_132' title='bbox 983 1648 1048 1688; x_wconf 84' lang='lat' dir='ltr'>Cf.</span> 
     </span>
     <span class='ocr_line' id='line_1_22' title="bbox 164 1711 1048 1762; baseline -0.001 -11"><span class='ocrx_word' id='word_1_133' title='bbox 164 1712 422 1752; x_wconf 84' lang='lat' dir='ltr'>Lachmann</span> <span class='ocrx_word' id='word_1_134' title='bbox 462 1711 518 1751; x_wconf 90' lang='lat' dir='ltr'>ad</span> <span class='ocrx_word' id='word_1_135' title='bbox 562 1712 738 1751; x_wconf 88' lang='lat' dir='ltr'>Lucret.</span> <span class='ocrx_word' id='word_1_136' title='bbox 781 1723 824 1762; x_wconf 91' lang='lat' dir='ltr'>p.</span> <span class='ocrx_word' id='word_1_137' title='bbox 866 1711 961 1751; x_wconf 73' lang='lat'>278.</span> <span class='ocrx_word' id='word_1_138' title='bbox 1003 1734 1048 1738; x_wconf 91' lang='lat'>—</span> 
     </span>
     <span class='ocr_line' id='line_1_23' title="bbox 163 1773 1052 1827; baseline -0.001 -13"><span class='ocrx_word' id='word_1_139' title='bbox 163 1774 335 1827; x_wconf 82' lang='lat' dir='ltr'>Hebrus]</span> <span class='ocrx_word' id='word_1_140' title='bbox 377 1775 574 1814; x_wconf 88' lang='lat' dir='ltr'>Venusta</span> <span class='ocrx_word' id='word_1_141' title='bbox 605 1773 856 1825; x_wconf 86' lang='lat' dir='ltr'>hyperbola</span> <span class='ocrx_word' id='word_1_142' title='bbox 886 1774 1052 1824; x_wconf 80' lang='lat' dir='ltr'>Digen—</span> 
     </span>
     <span class='ocr_line' id='line_1_24' title="bbox 164 1836 1054 1890; baseline 0 -14"><span class='ocrx_word' id='word_1_143' title='bbox 164 1837 271 1877; x_wconf 88' lang='lat' dir='ltr'>tiam</span> <span class='ocrx_word' id='word_1_144' title='bbox 293 1848 396 1877; x_wconf 90' lang='lat' dir='ltr'>cum</span> <span class='ocrx_word' id='word_1_145' title='bbox 417 1836 567 1877; x_wconf 86' lang='lat' dir='ltr'>Hebro</span> <span class='ocrx_word' id='word_1_146' title='bbox 589 1848 721 1877; x_wconf 90' lang='lat' dir='ltr'>amne</span> <span class='ocrx_word' id='word_1_147' title='bbox 743 1848 879 1890; x_wconf 82' lang='lat' dir='ltr'>saepe</span> <span class='ocrx_word' id='word_1_148' title='bbox 902 1848 927 1876; x_wconf 92' lang='lat' dir='ltr'>a</span> <span class='ocrx_word' id='word_1_149' title='bbox 947 1841 1054 1889; x_wconf 83' lang='lat' dir='ltr'>poe-</span> 
     </span>
     <span class='ocr_line' id='line_1_25' title="bbox 164 1899 1052 1953; baseline 0.001 -14"><span class='ocrx_word' id='word_1_150' title='bbox 164 1900 218 1941; x_wconf 88' lang='lat' dir='ltr'>tis</span> <span class='ocrx_word' id='word_1_151' title='bbox 261 1901 305 1940; x_wconf 91' lang='lat' dir='ltr'>in</span> <span class='ocrx_word' id='word_1_152' title='bbox 349 1900 486 1940; x_wconf 88' lang='lat' dir='ltr'>rebus</span> <span class='ocrx_word' id='word_1_153' title='bbox 531 1899 588 1939; x_wconf 93' lang='lat' dir='ltr'>ad</span> <span class='ocrx_word' id='word_1_154' title='bbox 627 1900 837 1941; x_wconf 87' lang='lat' dir='ltr'>Liberum</span> <span class='ocrx_word' id='word_1_155' title='bbox 876 1903 1052 1953; x_wconf 87' lang='lat' dir='ltr'>patrem</span> 
     </span>
    </p>
   </div>
   <div class='ocr_carea' id='block_1_10' title="bbox 147 1962 1048 2015">
    <p class='ocr_par' dir='ltr' id='par_1_10' title="bbox 147 1962 1048 2015">
     <span class='ocr_line' id='line_1_26' title="bbox 147 1962 1048 2015; baseline 0 -12"><span class='ocrx_word' id='word_1_156' title='bbox 147 1963 472 2015; x_wconf 79' lang='lat' dir='ltr'>spectantibus</span> <span class='ocrx_word' id='word_1_157' title='bbox 490 1962 718 2003; x_wconf 85' lang='lat' dir='ltr'>celebrato</span> <span class='ocrx_word' id='word_1_158' title='bbox 741 1965 985 2015; x_wconf 74' lang='lat' dir='ltr'>comparat,</span> <span class='ocrx_word' id='word_1_159' title='bbox 1003 1986 1048 1991; x_wconf 91' lang='lat'>—</span> 
     </span>
    </p>
   </div>
   <div class='ocr_carea' id='block_1_11' title="bbox 159 2026 1055 3580">
    <p class='ocr_par' dir='ltr' id='par_1_11' title="bbox 159 2026 1055 3580">
     <span class='ocr_line' id='line_1_27' title="bbox 163 2026 1047 2079; baseline 0.002 -14"><span class='ocrx_word' id='word_1_160' title='bbox 163 2026 330 2077; x_wconf 80' lang='lat' dir='ltr'>infirmo</span> <span class='ocrx_word' id='word_1_161' title='bbox 350 2026 494 2076; x_wconf 81' lang='lat' dir='ltr'>capiti]</span> <span class='ocrx_word' id='word_1_162' title='bbox 517 2026 627 2066; x_wconf 88' lang='lat' dir='ltr'>Vide</span> <span class='ocrx_word' id='word_1_163' title='bbox 648 2027 759 2079; x_wconf 82' lang='lat' dir='ltr'>Epp.</span> <span class='ocrx_word' id='word_1_164' title='bbox 785 2028 824 2076; x_wconf 86' lang='grc'>4,</span> <span class='ocrx_word' id='word_1_165' title='bbox 851 2028 917 2076; x_wconf 79' lang='grc'>45,</span> <span class='ocrx_word' id='word_1_166' title='bbox 942 2027 981 2067; x_wconf 88' lang='grc'>8.</span> <span class='ocrx_word' id='word_1_167' title='bbox 1003 2049 1047 2055; x_wconf 84' lang='lat'><em>-</em></span> 
     </span>
     <span class='ocr_line' id='line_1_28' title="bbox 163 2088 1047 2141; baseline 0.001 -14"><span class='ocrx_word' id='word_1_168' title='bbox 163 2088 290 2138; x_wconf 85' lang='lat' dir='ltr'>utilis]</span> <span class='ocrx_word' id='word_1_169' title='bbox 340 2088 616 2138; x_wconf 87' lang='lat' dir='ltr'>«saluhris,»</span> <span class='ocrx_word' id='word_1_170' title='bbox 666 2091 715 2128; x_wconf 90' lang='lat' dir='ltr'>ut</span> <span class='ocrx_word' id='word_1_171' title='bbox 758 2089 879 2141; x_wconf 92' lang='lat' dir='ltr'>apud</span> <span class='ocrx_word' id='word_1_172' title='bbox 923 2088 1047 2129; x_wconf 86' lang='lat' dir='ltr'>Ovid.</span> 
     </span>
     <span class='ocr_line' id='line_1_29' title="bbox 166 2151 1052 2200; baseline 0 -10"><span class='ocrx_word' id='word_1_173' title='bbox 166 2151 292 2191; x_wconf 85' lang='lat' dir='ltr'>Trist.</span> <span class='ocrx_word' id='word_1_174' title='bbox 319 2151 364 2200; x_wconf 90' lang='lat'>3,</span> <span class='ocrx_word' id='word_1_175' title='bbox 389 2151 436 2199; x_wconf 90' lang='lat'>3,</span> <span class='ocrx_word' id='word_1_176' title='bbox 468 2152 514 2190; x_wconf 88' lang='lat'>9:</span> <span class='ocrx_word' id='word_1_177' title='bbox 562 2164 645 2191; x_wconf 86' lang='lat' dir='ltr'>non</span> <span class='ocrx_word' id='word_1_178' title='bbox 688 2153 754 2191; x_wconf 88' lang='lat' dir='ltr'>hic</span> <span class='ocrx_word' id='word_1_179' title='bbox 796 2152 910 2191; x_wconf 87' lang='lat' dir='ltr'>cibus</span> <span class='ocrx_word' id='word_1_180' title='bbox 937 2152 1052 2191; x_wconf 84' lang='lat' dir='ltr'>utilis</span> 
     </span>
     <span class='ocr_line' id='line_1_30' title="bbox 166 2213 1046 2265; baseline 0.001 -13"><span class='ocrx_word' id='word_1_181' title='bbox 166 2225 314 2264; x_wconf 68' lang='lat' dir='ltr'>aeyro,</span> <span class='ocrx_word' id='word_1_182' title='bbox 339 2224 391 2252; x_wconf 91' lang='lat' dir='ltr'>ac</span> <span class='ocrx_word' id='word_1_183' title='bbox 407 2224 542 2264; x_wconf 89' lang='lat' dir='ltr'>saepe</span> <span class='ocrx_word' id='word_1_184' title='bbox 560 2215 695 2254; x_wconf 87' lang='lat' dir='ltr'>etiam</span> <span class='ocrx_word' id='word_1_185' title='bbox 711 2213 830 2265; x_wconf 92' lang='lat' dir='ltr'>apud</span> <span class='ocrx_word' id='word_1_186' title='bbox 852 2213 1046 2254; x_wconf 90' lang='lat' dir='ltr'>Celsum.</span> 
     </span>
     <span class='ocr_line' id='line_1_31' title="bbox 166 2275 1051 2326; baseline -0.001 -11"><span class='ocrx_word' id='word_1_187' title='bbox 166 2277 235 2316; x_wconf 89' lang='lat' dir='ltr'>Sic</span> <span class='ocrx_word' id='word_1_188' title='bbox 265 2276 313 2324; x_wconf 80' lang='lat'>4,</span> <span class='ocrx_word' id='word_1_189' title='bbox 347 2277 419 2315; x_wconf 83' lang='lat' dir='ltr'>llO:</span> <span class='ocrx_word' id='word_1_190' title='bbox 459 2276 504 2315; x_wconf 89' lang='lat' dir='ltr'>Si</span> <span class='ocrx_word' id='word_1_191' title='bbox 533 2277 768 2316; x_wconf 80' lang='lat' dir='ltr'>stomachus</span> <span class='ocrx_word' id='word_1_192' title='bbox 792 2275 949 2326; x_wconf 77' lang='lat' dir='ltr'>pituita</span> <span class='ocrx_word' id='word_1_193' title='bbox 967 2276 1051 2315; x_wconf 88' lang='lat' dir='ltr'>im-</span> 
     </span>
     <span class='ocr_line' id='line_1_32' title="bbox 159 2339 1045 2391; baseline -0.003 -11"><span class='ocrx_word' id='word_1_194' title='bbox 159 2340 323 2390; x_wconf 79' lang='lat' dir='ltr'>pletur,</span> <span class='ocrx_word' id='word_1_195' title='bbox 347 2361 368 2368; x_wconf 90' lang='lat'>—</span> <span class='ocrx_word' id='word_1_196' title='bbox 395 2362 418 2367; x_wconf 98' lang='lat'>-</span> <span class='ocrx_word' id='word_1_197' title='bbox 437 2339 551 2378; x_wconf 80' lang='lat' dir='ltr'>utilis</span> <span class='ocrx_word' id='word_1_198' title='bbox 576 2339 774 2390; x_wconf 63' lang='lat' dir='ltr'>gestatio,</span> <span class='ocrx_word' id='word_1_199' title='bbox 809 2339 964 2391; x_wconf 77' lang='lat' dir='ltr'>frictio.</span> <span class='ocrx_word' id='word_1_200' title='bbox 998 2360 1045 2367; x_wconf 95' lang='lat'>—</span> 
     </span>
     <span class='ocr_line' id='line_1_33' title="bbox 166 2401 1046 2454; baseline -0.002 -12"><span class='ocrx_word' id='word_1_201' title='bbox 166 2403 336 2442; x_wconf 89' lang='lat' dir='ltr'>Gratior</span> <span class='ocrx_word' id='word_1_202' title='bbox 373 2404 523 2442; x_wconf 89' lang='lat' dir='ltr'>autem</span> <span class='ocrx_word' id='word_1_203' title='bbox 565 2404 632 2442; x_wconf 91' lang='lat' dir='ltr'>est</span> <span class='ocrx_word' id='word_1_204' title='bbox 670 2402 873 2454; x_wconf 80' lang='lat' dir='ltr'>repetitio</span> <span class='ocrx_word' id='word_1_205' title='bbox 911 2401 1046 2449; x_wconf 80' lang='lat' dir='ltr'>utilis,</span> 
     </span>
     <span class='ocr_line' id='line_1_34' title="bbox 164 2464 1047 2517; baseline -0.002 -13"><span class='ocrx_word' id='word_1_206' title='bbox 164 2466 278 2505; x_wconf 79' lang='lat' dir='ltr'>utilis</span> <span class='ocrx_word' id='word_1_207' title='bbox 300 2464 377 2517; x_wconf 84' lang='lat' dir='ltr'><strong>(Cf.</strong></span> <span class='ocrx_word' id='word_1_208' title='bbox 398 2466 483 2504; x_wconf 89' lang='lat' dir='ltr'>Sat.</span> <span class='ocrx_word' id='word_1_209' title='bbox 505 2465 545 2515; x_wconf 63' lang='grc' dir='ltr'>Ξ,</span> <span class='ocrx_word' id='word_1_210' title='bbox 565 2464 604 2513; x_wconf 90' lang='grc'>3,</span> <span class='ocrx_word' id='word_1_211' title='bbox 627 2464 726 2505; x_wconf 72' lang='lat'>484:</span> <span class='ocrx_word' id='word_1_212' title='bbox 753 2465 900 2504; x_wconf 82' lang='lat' dir='ltr'>Nudus</span> <span class='ocrx_word' id='word_1_213' title='bbox 915 2464 1047 2515; x_wconf 69' lang='lat' dir='ltr'>ayris,</span> 
     </span>
     <span class='ocr_line' id='line_1_35' title="bbox 165 2528 1050 2579; baseline -0.002 -11"><span class='ocrx_word' id='word_1_214' title='bbox 165 2530 302 2568; x_wconf 74' lang='lat' dir='ltr'>nudus</span> <span class='ocrx_word' id='word_1_215' title='bbox 329 2528 523 2568; x_wconf 84' lang='lat' dir='ltr'>nummis.</span> <span class='ocrx_word' id='word_1_216' title='bbox 566 2529 676 2579; x_wconf 87' lang='lat' dir='ltr'>Epp.</span> <span class='ocrx_word' id='word_1_217' title='bbox 703 2529 718 2567; x_wconf 96' lang='grc'>4</span> <span class='ocrx_word' id='word_1_218' title='bbox 742 2560 750 2577; x_wconf 91' lang='grc'>,</span> <span class='ocrx_word' id='word_1_219' title='bbox 777 2529 819 2577; x_wconf 88' lang='grc'>4,</span> <span class='ocrx_word' id='word_1_220' title='bbox 843 2528 917 2567; x_wconf 72' lang='lat'>⁶20:</span> <span class='ocrx_word' id='word_1_221' title='bbox 962 2538 1050 2566; x_wconf 69' lang='lat' dir='ltr'>noa:</span> 
     </span>
     <span class='ocr_line' id='line_1_36' title="bbox 166 2589 1050 2643; baseline -0.001 -13"><span class='ocrx_word' id='word_1_222' title='bbox 166 2592 294 2643; x_wconf 79' lang='lat' dir='ltr'>l0n9a</span> <span class='ocrx_word' id='word_1_223' title='bbox 312 2613 330 2619; x_wconf 93' lang='lat'>-</span> <span class='ocrx_word' id='word_1_224' title='bbox 349 2613 368 2618; x_wconf 99' lang='lat'>-</span> <span class='ocrx_word' id='word_1_225' title='bbox 387 2591 551 2640; x_wconf 76' lang='lat' dir='ltr'>diesque</span> <span class='ocrx_word' id='word_1_226' title='bbox 585 2590 768 2642; x_wconf 80' lang='lat' dir='ltr'>Lon9a.)</span> <span class='ocrx_word' id='word_1_227' title='bbox 806 2589 944 2631; x_wconf 87' lang='lat' dir='ltr'>altera</span> <span class='ocrx_word' id='word_1_228' title='bbox 984 2589 1050 2630; x_wconf 91' lang='lat' dir='ltr'>le-</span> 
     </span>
     <span class='ocr_line' id='line_1_37' title="bbox 168 2653 1050 2704; baseline -0.003 -10"><span class='ocrx_word' id='word_1_229' title='bbox 168 2655 312 2695; x_wconf 82' lang='lat' dir='ltr'>ctione</span> <span class='ocrx_word' id='word_1_230' title='bbox 342 2658 466 2704; x_wconf 79' lang='lat' dir='ltr'>aptus</span> <span class='ocrx_word' id='word_1_231' title='bbox 499 2658 536 2693; x_wconf 80' lang='lat' dir='ltr'>el</span> <span class='ocrx_word' id='word_1_232' title='bbox 555 2654 688 2692; x_wconf 81' lang='lat' dir='ltr'>utilis:</span> <span class='ocrx_word' id='word_1_233' title='bbox 736 2655 869 2704; x_wconf 89' lang='lat' dir='ltr'>atque</span> <span class='ocrx_word' id='word_1_234' title='bbox 904 2653 1050 2693; x_wconf 88' lang='lat' dir='ltr'>mani—</span> 
     </span>
     <span class='ocr_line' id='line_1_38' title="bbox 168 2715 1048 2765; baseline -0.003 -8"><span class='ocrx_word' id='word_1_235' title='bbox 168 2717 301 2765; x_wconf 82' lang='lat' dir='ltr'>festo,</span> <span class='ocrx_word' id='word_1_236' title='bbox 334 2715 524 2756; x_wconf 87' lang='lat' dir='ltr'>alterum</span> <span class='ocrx_word' id='word_1_237' title='bbox 552 2716 667 2755; x_wconf 81' lang='lat' dir='ltr'>utilis</span> <span class='ocrx_word' id='word_1_238' title='bbox 692 2716 861 2755; x_wconf 91' lang='lat' dir='ltr'>cumin</span> <span class='ocrx_word' id='word_1_239' title='bbox 885 2715 1048 2756; x_wconf 91' lang='lat' dir='ltr'>Codice</span> 
     </span>
     <span class='ocr_line' id='line_1_39' title="bbox 167 2774 1052 2835; baseline 0 -17"><span class='ocrx_word' id='word_1_240' title='bbox 167 2777 313 2830; x_wconf 89' lang='lat' dir='ltr'>aliquo</span> <span class='ocrx_word' id='word_1_241' title='bbox 344 2774 596 2835; x_wconf 74' lang='grc' dir='ltr'>ἀρχετύπῳ</span> <span class='ocrx_word' id='word_1_242' title='bbox 627 2777 888 2827; x_wconf 84' lang='lat' dir='ltr'>excidisset,</span> <span class='ocrx_word' id='word_1_243' title='bbox 922 2780 971 2818; x_wconf 92' lang='lat' dir='ltr'>ut</span> <span class='ocrx_word' id='word_1_244' title='bbox 990 2777 1052 2818; x_wconf 88' lang='lat' dir='ltr'>fa-</span> 
     </span>
     <span class='ocr_line' id='line_1_40' title="bbox 169 2839 1051 2892; baseline -0.001 -12"><span class='ocrx_word' id='word_1_245' title='bbox 169 2843 290 2882; x_wconf 87' lang='lat' dir='ltr'>ctum</span> <span class='ocrx_word' id='word_1_246' title='bbox 335 2842 404 2881; x_wconf 89' lang='lat' dir='ltr'>est</span> <span class='ocrx_word' id='word_1_247' title='bbox 437 2842 480 2880; x_wconf 92' lang='lat' dir='ltr'>in</span> <span class='ocrx_word' id='word_1_248' title='bbox 518 2839 713 2880; x_wconf 88' lang='lat' dir='ltr'>Oberlini</span> <span class='ocrx_word' id='word_1_249' title='bbox 753 2841 812 2890; x_wconf 91' lang='lat' dir='ltr'>D,</span> <span class='ocrx_word' id='word_1_250' title='bbox 862 2841 927 2890; x_wconf 89' lang='lat' dir='ltr'>ei,</span> <span class='ocrx_word' id='word_1_251' title='bbox 975 2841 1051 2892; x_wconf 89' lang='lat' dir='ltr'>qui</span> 
     </span>
     <span class='ocr_line' id='line_1_41' title="bbox 167 2903 1052 2954; baseline 0.003 -13"><span class='ocrx_word' id='word_1_252' title='bbox 167 2913 351 2943; x_wconf 90' lang='lat' dir='ltr'>versum</span> <span class='ocrx_word' id='word_1_253' title='bbox 374 2914 586 2944; x_wconf 90' lang='lat' dir='ltr'>mancum</span> <span class='ocrx_word' id='word_1_254' title='bbox 607 2914 708 2945; x_wconf 89' lang='lat' dir='ltr'>esse</span> <span class='ocrx_word' id='word_1_255' title='bbox 728 2903 932 2954; x_wconf 89' lang='lat' dir='ltr'>videbat,</span> <span class='ocrx_word' id='word_1_256' title='bbox 965 2904 1052 2944; x_wconf 93' lang='lat' dir='ltr'>hoc</span> 
     </span>
     <span class='ocr_line' id='line_1_42' title="bbox 170 2964 1048 3017; baseline 0.001 -12"><span class='ocrx_word' id='word_1_257' title='bbox 170 2964 531 3017; x_wconf 89' lang='lat' dir='ltr'>supplementum</span> <span class='ocrx_word' id='word_1_258' title='bbox 575 2967 620 3007; x_wconf 89' lang='lat' dir='ltr'>in</span> <span class='ocrx_word' id='word_1_259' title='bbox 662 2968 863 3008; x_wconf 86' lang='lat' dir='ltr'>mentem</span> <span class='ocrx_word' id='word_1_260' title='bbox 900 2969 1048 3008; x_wconf 86' lang='lat' dir='ltr'>venit:</span> 
     </span>
     <span class='ocr_line' id='line_1_43' title="bbox 170 3028 1050 3083; baseline 0.005 -16"><span class='ocrx_word' id='word_1_261' title='bbox 170 3032 292 3078; x_wconf 78' lang='lat' dir='ltr'>aptus</span> <span class='ocrx_word' id='word_1_262' title='bbox 321 3032 382 3077; x_wconf 74' lang='grc' dir='ltr'>εις</span> <span class='ocrx_word' id='word_1_263' title='bbox 416 3028 472 3068; x_wconf 90' lang='lat' dir='ltr'>de</span> <span class='ocrx_word' id='word_1_264' title='bbox 503 3029 628 3069; x_wconf 82' lang='lat' dir='ltr'>cuius</span> <span class='ocrx_word' id='word_1_265' title='bbox 659 3028 861 3070; x_wconf 91' lang='lat' dir='ltr'>lectionis</span> <span class='ocrx_word' id='word_1_266' title='bbox 891 3041 975 3083; x_wconf 90' lang='lat' dir='ltr'>per</span> <span class='ocrx_word' id='word_1_267' title='bbox 1002 3042 1050 3072; x_wconf 89' lang='lat' dir='ltr'>se</span> 
     </span>
     <span class='ocr_line' id='line_1_44' title="bbox 170 3091 1053 3143; baseline 0.001 -11"><span class='ocrx_word' id='word_1_268' title='bbox 170 3091 397 3143; x_wconf 79' lang='lat' dir='ltr'>spectatae</span> <span class='ocrx_word' id='word_1_269' title='bbox 430 3091 680 3141; x_wconf 85' lang='lat' dir='ltr'>Latinitate,</span> <span class='ocrx_word' id='word_1_270' title='bbox 729 3102 865 3143; x_wconf 92' lang='lat' dir='ltr'>quam</span> <span class='ocrx_word' id='word_1_271' title='bbox 894 3094 1053 3134; x_wconf 86' lang='lat' dir='ltr'>asserit</span> 
     </span>
     <span class='ocr_line' id='line_1_45' title="bbox 172 3151 1053 3205; baseline 0.002 -11"><span class='ocrx_word' id='word_1_272' title='bbox 172 3165 226 3194; x_wconf 85' lang='lat' dir='ltr'>ex</span> <span class='ocrx_word' id='word_1_273' title='bbox 269 3151 398 3193; x_wconf 90' lang='lat' dir='ltr'>Celso</span> <span class='ocrx_word' id='word_1_274' title='bbox 438 3154 482 3192; x_wconf 90' lang='lat' dir='ltr'>et</span> <span class='ocrx_word' id='word_1_275' title='bbox 519 3151 612 3193; x_wconf 89' lang='lat' dir='ltr'>aliis</span> <span class='ocrx_word' id='word_1_276' title='bbox 642 3154 750 3203; x_wconf 89' lang='lat' dir='ltr'>Fea,</span> <span class='ocrx_word' id='word_1_277' title='bbox 797 3166 955 3205; x_wconf 91' lang='lat' dir='ltr'>nemo,</span> <span class='ocrx_word' id='word_1_278' title='bbox 1004 3158 1053 3196; x_wconf 92' lang='lat' dir='ltr'>ut</span> 
     </span>
     <span class='ocr_line' id='line_1_46' title="bbox 171 3214 1054 3269; baseline 0 -12"><span class='ocrx_word' id='word_1_279' title='bbox 171 3217 351 3269; x_wconf 88' lang='lat' dir='ltr'>opinor,</span> <span class='ocrx_word' id='word_1_280' title='bbox 396 3214 639 3262; x_wconf 77' lang='lat' dir='ltr'>dubitabit3</span> <span class='ocrx_word' id='word_1_281' title='bbox 687 3216 766 3256; x_wconf 91' lang='lat' dir='ltr'>sed</span> <span class='ocrx_word' id='word_1_282' title='bbox 801 3217 941 3268; x_wconf 91' lang='lat' dir='ltr'>putidi</span> <span class='ocrx_word' id='word_1_283' title='bbox 970 3229 1054 3258; x_wconf 86' lang='lat' dir='ltr'>ne-</span> 
     </span>
     <span class='ocr_line' id='line_1_47' title="bbox 172 3277 1049 3330; baseline -0.001 -10"><span class='ocrx_word' id='word_1_284' title='bbox 172 3280 264 3320; x_wconf 92' lang='lat' dir='ltr'>scio</span> <span class='ocrx_word' id='word_1_285' title='bbox 287 3277 393 3330; x_wconf 89' lang='lat' dir='ltr'>quid</span> <span class='ocrx_word' id='word_1_286' title='bbox 414 3277 550 3317; x_wconf 88' lang='lat' dir='ltr'>habet</span> <span class='ocrx_word' id='word_1_287' title='bbox 570 3278 665 3328; x_wconf 86' lang='lat' dir='ltr'>ipsa</span> <span class='ocrx_word' id='word_1_288' title='bbox 685 3279 884 3318; x_wconf 87' lang='lat' dir='ltr'>variatio.</span> <span class='ocrx_word' id='word_1_289' title='bbox 922 3280 1049 3329; x_wconf 84' lang='lat' dir='ltr'>Quid,</span> 
     </span>
     <span class='ocr_line' id='line_1_48' title="bbox 173 3340 1049 3393; baseline 0 -12"><span class='ocrx_word' id='word_1_290' title='bbox 173 3341 292 3393; x_wconf 91' lang='lat' dir='ltr'>quod</span> <span class='ocrx_word' id='word_1_291' title='bbox 323 3340 485 3380; x_wconf 90' lang='lat' dir='ltr'>eodem</span> <span class='ocrx_word' id='word_1_292' title='bbox 529 3350 713 3391; x_wconf 90' lang='lat' dir='ltr'>prorsus</span> <span class='ocrx_word' id='word_1_293' title='bbox 743 3340 877 3379; x_wconf 90' lang='lat' dir='ltr'>modo</span> <span class='ocrx_word' id='word_1_294' title='bbox 906 3351 949 3380; x_wconf 86' lang='lat' dir='ltr'>v.</span> <span class='ocrx_word' id='word_1_295' title='bbox 982 3341 1049 3381; x_wconf 85' lang='lat'>59.</span> 
     </span>
     <span class='ocr_line' id='line_1_49' title="bbox 173 3396 1053 3458; baseline -0.001 -15"><span class='ocrx_word' id='word_1_296' title='bbox 173 3415 276 3443; x_wconf 88' lang='lat' dir='ltr'>cum</span> <span class='ocrx_word' id='word_1_297' title='bbox 320 3402 510 3443; x_wconf 89' lang='lat' dir='ltr'>alterum</span> <span class='ocrx_word' id='word_1_298' title='bbox 545 3402 660 3442; x_wconf 83' lang='lat' dir='ltr'>clare</span> <span class='ocrx_word' id='word_1_299' title='bbox 687 3401 731 3441; x_wconf 92' lang='lat' dir='ltr'>in</span> <span class='ocrx_word' id='word_1_300' title='bbox 761 3396 1053 3458; x_wconf 77' lang='grc' dir='ltr'><em>ἀρχετύποις</em></span> 
     </span>
     <span class='ocr_line' id='line_1_50' title="bbox 173 3465 1049 3515; baseline -0.001 -9"><span class='ocrx_word' id='word_1_301' title='bbox 173 3465 393 3507; x_wconf 90' lang='lat' dir='ltr'>nonnullis</span> <span class='ocrx_word' id='word_1_302' title='bbox 424 3466 641 3506; x_wconf 91' lang='lat' dir='ltr'>omissum</span> <span class='ocrx_word' id='word_1_303' title='bbox 671 3466 820 3515; x_wconf 89' lang='lat' dir='ltr'>esset,</span> <span class='ocrx_word' id='word_1_304' title='bbox 866 3465 910 3504; x_wconf 93' lang='lat' dir='ltr'>in</span> <span class='ocrx_word' id='word_1_305' title='bbox 941 3465 1049 3505; x_wconf 93' lang='lat' dir='ltr'>Cod.</span> 
     </span>
     <span class='ocr_line' id='line_1_51' title="bbox 175 3526 1055 3580; baseline -0.002 -11"><span class='ocrx_word' id='word_1_306' title='bbox 175 3528 385 3569; x_wconf 89' lang='lat' dir='ltr'>Schmidii</span> <span class='ocrx_word' id='word_1_307' title='bbox 401 3530 558 3580; x_wconf 89' lang='lat' dir='ltr'>quarto</span> <span class='ocrx_word' id='word_1_308' title='bbox 571 3526 827 3580; x_wconf 89' lang='lat' dir='ltr'>suppletum</span> <span class='ocrx_word' id='word_1_309' title='bbox 845 3528 931 3567; x_wconf 85' lang='lat' dir='ltr'>est:</span> <span class='ocrx_word' id='word_1_310' title='bbox 955 3528 1055 3567; x_wconf 86' lang='lat' dir='ltr'>Iane</span> 
     </span>
    </p>
   </div>
   <div class='ocr_carea' id='block_1_12' title="bbox 1111 1207 2002 3578">
    <p class='ocr_par' dir='ltr' id='par_1_12' title="bbox 1112 1207 2001 1826">
     <span class='ocr_line' id='line_1_52' title="bbox 1112 1207 1998 1258; baseline 0.001 -12"><span class='ocrx_word' id='word_1_311' title='bbox 1112 1211 1259 1257; x_wconf 82' lang='lat' dir='ltr'>pater,</span> <span class='ocrx_word' id='word_1_312' title='bbox 1292 1208 1426 1257; x_wconf 81' lang='lat' dir='ltr'>clare,</span> <span class='ocrx_word' id='word_1_313' title='bbox 1460 1208 1611 1248; x_wconf 77' lang='lat' dir='ltr'>tacitus</span> <span class='ocrx_word' id='word_1_314' title='bbox 1640 1207 1814 1257; x_wconf 81' lang='lat' dir='ltr'>dicebat,</span> <span class='ocrx_word' id='word_1_315' title='bbox 1835 1207 1998 1258; x_wconf 61' lang='lat' dir='ltr'>Apella·</span> 
     </span>
     <span class='ocr_line' id='line_1_53' title="bbox 1114 1271 2001 1311; baseline 0 -1"><span class='ocrx_word' id='word_1_316' title='bbox 1114 1271 1159 1310; x_wconf 90' lang='lat' dir='ltr'>in</span> <span class='ocrx_word' id='word_1_317' title='bbox 1188 1281 1278 1310; x_wconf 88' lang='lat' dir='ltr'>uno</span> <span class='ocrx_word' id='word_1_318' title='bbox 1309 1271 1448 1310; x_wconf 86' lang='lat' dir='ltr'>Feae:</span> <span class='ocrx_word' id='word_1_319' title='bbox 1494 1271 1609 1310; x_wconf 79' lang='lat' dir='ltr'>clare</span> <span class='ocrx_word' id='word_1_320' title='bbox 1638 1271 1790 1310; x_wconf 77' lang='lat' dir='ltr'>tacitus</span> <span class='ocrx_word' id='word_1_321' title='bbox 1810 1282 1906 1310; x_wconf 87' lang='lat' dir='ltr'>cum</span> <span class='ocrx_word' id='word_1_322' title='bbox 1935 1272 2001 1311; x_wconf 84' lang='lat' dir='ltr'>di-</span> 
     </span>
     <span class='ocr_line' id='line_1_54' title="bbox 1113 1332 2001 1384; baseline 0.003 -13"><span class='ocrx_word' id='word_1_323' title='bbox 1113 1334 1200 1380; x_wconf 74' lang='lat' dir='ltr'>aeil;</span> <span class='ocrx_word' id='word_1_324' title='bbox 1243 1334 1286 1373; x_wconf 92' lang='lat' dir='ltr'>in</span> <span class='ocrx_word' id='word_1_325' title='bbox 1317 1344 1404 1372; x_wconf 91' lang='lat' dir='ltr'>uno</span> <span class='ocrx_word' id='word_1_326' title='bbox 1445 1332 1630 1373; x_wconf 88' lang='lat' dir='ltr'>Combi:</span> <span class='ocrx_word' id='word_1_327' title='bbox 1677 1334 1792 1373; x_wconf 81' lang='lat' dir='ltr'>clare</span> <span class='ocrx_word' id='word_1_328' title='bbox 1825 1335 2001 1384; x_wconf 52' lang='lat' dir='ltr'>supplex:</span> 
     </span>
     <span class='ocr_line' id='line_1_55' title="bbox 1114 1396 2001 1447; baseline 0.002 -12"><span class='ocrx_word' id='word_1_329' title='bbox 1114 1407 1209 1436; x_wconf 87' lang='lat' dir='ltr'>cum</span> <span class='ocrx_word' id='word_1_330' title='bbox 1245 1396 1382 1443; x_wconf 44' lang='lat' dir='ltr'>dixin</span> <span class='ocrx_word' id='word_1_331' title='bbox 1428 1396 1471 1435; x_wconf 91' lang='lat' dir='ltr'>in</span> <span class='ocrx_word' id='word_1_332' title='bbox 1502 1398 1654 1436; x_wconf 86' lang='lat' dir='ltr'>nostro</span> <span class='ocrx_word' id='word_1_333' title='bbox 1685 1408 1712 1447; x_wconf 91' lang='lat' dir='ltr'>p</span> <span class='ocrx_word' id='word_1_334' title='bbox 1736 1398 1780 1435; x_wconf 94' lang='lat' dir='ltr'>et</span> <span class='ocrx_word' id='word_1_335' title='bbox 1806 1396 1886 1436; x_wconf 90' lang='lat' dir='ltr'>Ed.</span> <span class='ocrx_word' id='word_1_336' title='bbox 1910 1397 2001 1437; x_wconf 89' lang='lat' dir='ltr'>Ve—</span> 
     </span>
     <span class='ocr_line' id='line_1_56' title="bbox 1115 1458 2000 1499; baseline -0.001 0"><span class='ocrx_word' id='word_1_337' title='bbox 1115 1461 1216 1499; x_wconf 91' lang='lat' dir='ltr'>neta</span> <span class='ocrx_word' id='word_1_338' title='bbox 1240 1458 1338 1499; x_wconf 72' lang='lat'>4484</span> <span class='ocrx_word' id='word_1_339' title='bbox 1362 1470 1370 1496; x_wconf 89' lang='lat'><strong>:</strong></span> <span class='ocrx_word' id='word_1_340' title='bbox 1395 1458 1509 1498; x_wconf 86' lang='lat' dir='ltr'>clare</span> <span class='ocrx_word' id='word_1_341' title='bbox 1528 1459 1657 1497; x_wconf 57' lang='lat' dir='ltr'>dizit:</span> <span class='ocrx_word' id='word_1_342' title='bbox 1681 1470 1776 1497; x_wconf 88' lang='lat' dir='ltr'>cum</span> <span class='ocrx_word' id='word_1_343' title='bbox 1797 1460 1906 1498; x_wconf 56' lang='lat' dir='ltr'>diarii</span> <span class='ocrx_word' id='word_1_344' title='bbox 1929 1461 2000 1498; x_wconf 78' lang='lat'>—‘?</span> 
     </span>
     <span class='ocr_line' id='line_1_57' title="bbox 1114 1519 1997 1574; baseline 0 -13"><span class='ocrx_word' id='word_1_345' title='bbox 1114 1523 1268 1572; x_wconf 88' lang='lat' dir='ltr'>Neque</span> <span class='ocrx_word' id='word_1_346' title='bbox 1293 1519 1423 1561; x_wconf 88' lang='lat' dir='ltr'>aliam</span> <span class='ocrx_word' id='word_1_347' title='bbox 1441 1522 1656 1572; x_wconf 81' lang='lat' dir='ltr'>originem</span> <span class='ocrx_word' id='word_1_348' title='bbox 1675 1521 1813 1561; x_wconf 86' lang='lat' dir='ltr'>habet</span> <span class='ocrx_word' id='word_1_349' title='bbox 1833 1523 1941 1574; x_wconf 85' lang='lat' dir='ltr'>Epp.</span> <span class='ocrx_word' id='word_1_350' title='bbox 1959 1522 1997 1571; x_wconf 80' lang='grc'>4,</span> 
     </span>
     <span class='ocr_line' id='line_1_58' title="bbox 1117 1583 1999 1636; baseline 0 -12"><span class='ocrx_word' id='word_1_351' title='bbox 1117 1586 1184 1634; x_wconf 78' lang='grc'>47,</span> <span class='ocrx_word' id='word_1_352' title='bbox 1210 1585 1276 1624; x_wconf 77' lang='grc'>54.</span> <span class='ocrx_word' id='word_1_353' title='bbox 1302 1583 1580 1636; x_wconf 86' lang='lat' dir='ltr'>interpolatio</span> <span class='ocrx_word' id='word_1_354' title='bbox 1603 1584 1680 1624; x_wconf 90' lang='lat' dir='ltr'>Ed.</span> <span class='ocrx_word' id='word_1_355' title='bbox 1708 1585 1999 1625; x_wconf 90' lang='lat' dir='ltr'>Cadomensis</span> 
     </span>
     <span class='ocr_line' id='line_1_59' title="bbox 1115 1647 1994 1700; baseline -0.002 -12"><span class='ocrx_word' id='word_1_356' title='bbox 1115 1659 1153 1688; x_wconf 90' lang='lat' dir='ltr'>a.</span> <span class='ocrx_word' id='word_1_357' title='bbox 1194 1647 1314 1688; x_wconf 79' lang='grc'>4480.</span> <span class='ocrx_word' id='word_1_358' title='bbox 1353 1659 1376 1687; x_wconf 92' lang='lat' dir='ltr'>a</span> <span class='ocrx_word' id='word_1_359' title='bbox 1419 1648 1741 1698; x_wconf 81' lang='lat' dir='ltr'>Cuninghamio</span> <span class='ocrx_word' id='word_1_360' title='bbox 1782 1650 1994 1700; x_wconf 88' lang='lat' dir='ltr'>recepta:</span> 
     </span>
     <span class='ocr_line' id='line_1_60' title="bbox 1113 1710 2000 1761; baseline 0.001 -11"><span class='ocrx_word' id='word_1_361' title='bbox 1113 1712 1240 1750; x_wconf 61' lang='lat' dir='ltr'>rixae</span> <span class='ocrx_word' id='word_1_362' title='bbox 1276 1710 1413 1749; x_wconf 83' lang='lat' dir='ltr'>minus</span> <span class='ocrx_word' id='word_1_363' title='bbox 1453 1714 1491 1750; x_wconf 81' lang='lat' dir='ltr'>el</span> <span class='ocrx_word' id='word_1_364' title='bbox 1526 1711 1688 1761; x_wconf 73' lang='lat' dir='ltr'>minus,</span> <span class='ocrx_word' id='word_1_365' title='bbox 1735 1712 2000 1761; x_wconf 80' lang='lat' dir='ltr'>invidiaeque</span> 
     </span>
     <span class='ocr_line' id='line_1_61' title="bbox 1113 1772 1994 1826; baseline 0.002 -13"><span class='ocrx_word' id='word_1_366' title='bbox 1113 1785 1194 1826; x_wconf 90' lang='lat' dir='ltr'>pro</span> <span class='ocrx_word' id='word_1_367' title='bbox 1224 1774 1349 1813; x_wconf 62' lang='lat' dir='ltr'>rixae</span> <span class='ocrx_word' id='word_1_368' title='bbox 1377 1772 1506 1813; x_wconf 79' lang='lat' dir='ltr'>mullo</span> <span class='ocrx_word' id='word_1_369' title='bbox 1545 1774 1682 1813; x_wconf 83' lang='lat' dir='ltr'>minus</span> <span class='ocrx_word' id='word_1_370' title='bbox 1718 1774 1994 1825; x_wconf 79' lang='lat' dir='ltr'>invidiaeque.</span> 
     </span>
    </p>

    <p class='ocr_par' dir='ltr' id='par_1_13' title="bbox 1111 1836 2002 3578">
     <span class='ocr_line' id='line_1_62' title="bbox 1171 1836 1996 1888; baseline 0.001 -12"><span class='ocrx_word' id='word_1_371' title='bbox 1171 1838 1235 1877; x_wconf 78' lang='grc'>45.</span> <span class='ocrx_word' id='word_1_372' title='bbox 1263 1837 1327 1877; x_wconf 83' lang='grc'>46.</span> <span class='ocrx_word' id='word_1_373' title='bbox 1362 1836 1560 1888; x_wconf 83' lang='lat' dir='ltr'>latebrae]</span> <span class='ocrx_word' id='word_1_374' title='bbox 1590 1838 1639 1876; x_wconf 92' lang='lat' dir='ltr'>ut</span> <span class='ocrx_word' id='word_1_375' title='bbox 1658 1837 1838 1888; x_wconf 69' lang='lat' dir='ltr'>anqulus</span> <span class='ocrx_word' id='word_1_376' title='bbox 1858 1837 1936 1877; x_wconf 93' lang='lat' dir='ltr'>Od.</span> <span class='ocrx_word' id='word_1_377' title='bbox 1955 1839 1996 1882; x_wconf 76' lang='lat'>⁶2,</span> 
     </span>
     <span class='ocr_line' id='line_1_63' title="bbox 1115 1898 1998 1952; baseline 0 -12"><span class='ocrx_word' id='word_1_378' title='bbox 1115 1901 1154 1949; x_wconf 85' lang='lat'>6,</span> <span class='ocrx_word' id='word_1_379' title='bbox 1180 1899 1246 1940; x_wconf 78' lang='grc'>44.</span> <span class='ocrx_word' id='word_1_380' title='bbox 1280 1900 1390 1951; x_wconf 88' lang='lat' dir='ltr'>Epp.</span> <span class='ocrx_word' id='word_1_381' title='bbox 1417 1900 1454 1949; x_wconf 91' lang='grc'>4,</span> <span class='ocrx_word' id='word_1_382' title='bbox 1481 1898 1547 1948; x_wconf 79' lang='grc'>44,</span> <span class='ocrx_word' id='word_1_383' title='bbox 1571 1899 1639 1939; x_wconf 72' lang='lat'>23.</span> <span class='ocrx_word' id='word_1_384' title='bbox 1668 1923 1711 1928; x_wconf 86' lang='lat'>—-</span> <span class='ocrx_word' id='word_1_385' title='bbox 1738 1901 1875 1940; x_wconf 80' lang='lat' dir='ltr'>dulces</span> <span class='ocrx_word' id='word_1_386' title='bbox 1895 1900 1998 1952; x_wconf 69' lang='lat' dir='ltr'>cet]</span> 
     </span>
     <span class='ocr_line' id='line_1_64' title="bbox 1117 1961 1996 2011; baseline 0.001 -9"><span class='ocrx_word' id='word_1_387' title='bbox 1117 1978 1136 1997; x_wconf 93' lang='lat'>«</span> <span class='ocrx_word' id='word_1_388' title='bbox 1150 1963 1242 2002; x_wconf 91' lang='lat' dir='ltr'>Hae</span> <span class='ocrx_word' id='word_1_389' title='bbox 1265 1961 1525 2002; x_wconf 87' lang='lat' dir='ltr'>solitudines</span> <span class='ocrx_word' id='word_1_390' title='bbox 1543 1962 1681 2002; x_wconf 82' lang='lat' dir='ltr'>dulces</span> <span class='ocrx_word' id='word_1_391' title='bbox 1700 1963 1822 2011; x_wconf 90' lang='lat' dir='ltr'>mihi,</span> <span class='ocrx_word' id='word_1_392' title='bbox 1843 1964 1996 2004; x_wconf 77' lang='lat' dir='ltr'>immo,</span> 
     </span>
     <span class='ocr_line' id='line_1_65' title="bbox 1114 2024 1999 2077; baseline 0.001 -13"><span class='ocrx_word' id='word_1_393' title='bbox 1114 2026 1163 2064; x_wconf 88' lang='lat' dir='ltr'>ut</span> <span class='ocrx_word' id='word_1_394' title='bbox 1191 2024 1290 2077; x_wconf 89' lang='lat' dir='ltr'>plus</span> <span class='ocrx_word' id='word_1_395' title='bbox 1323 2024 1492 2074; x_wconf 86' lang='lat' dir='ltr'>dicam,</span> <span class='ocrx_word' id='word_1_396' title='bbox 1530 2026 1657 2065; x_wconf 83' lang='lat' dir='ltr'>eliam</span> <span class='ocrx_word' id='word_1_397' title='bbox 1687 2037 1910 2075; x_wconf 79' lang='lat' dir='ltr'>amoenae,</span> <span class='ocrx_word' id='word_1_398' title='bbox 1956 2025 1999 2065; x_wconf 91' lang='lat' dir='ltr'>id</span> 
     </span>
     <span class='ocr_line' id='line_1_66' title="bbox 1115 2087 2001 2140; baseline 0.001 -12"><span class='ocrx_word' id='word_1_399' title='bbox 1115 2090 1204 2138; x_wconf 87' lang='lat' dir='ltr'>est,</span> <span class='ocrx_word' id='word_1_400' title='bbox 1228 2087 1299 2128; x_wconf 81' lang='lat' dir='ltr'>vel</span> <span class='ocrx_word' id='word_1_401' title='bbox 1320 2087 1455 2137; x_wconf 87' lang='lat' dir='ltr'>tales,</span> <span class='ocrx_word' id='word_1_402' title='bbox 1482 2090 1559 2128; x_wconf 89' lang='lat' dir='ltr'>«ut</span> <span class='ocrx_word' id='word_1_403' title='bbox 1578 2090 1625 2128; x_wconf 87' lang='lat' dir='ltr'>tu</span> <span class='ocrx_word' id='word_1_404' title='bbox 1647 2099 1827 2140; x_wconf 89' lang='lat' dir='ltr'>quoque</span> <span class='ocrx_word' id='word_1_405' title='bbox 1850 2100 2001 2129; x_wconf 86' lang='lat' dir='ltr'>amoe-</span> 
     </span>
     <span class='ocr_line' id='line_1_67' title="bbox 1114 2152 1998 2204; baseline 0 -12"><span class='ocrx_word' id='word_1_406' title='bbox 1114 2163 1193 2192; x_wconf 90' lang='lat' dir='ltr'>nas</span> <span class='ocrx_word' id='word_1_407' title='bbox 1225 2163 1325 2192; x_wconf 90' lang='lat' dir='ltr'>esse</span> <span class='ocrx_word' id='word_1_408' title='bbox 1358 2152 1654 2202; x_wconf 89' lang='lat' dir='ltr'>concederes,</span> <span class='ocrx_word' id='word_1_409' title='bbox 1697 2153 1732 2193; x_wconf 91' lang='lat' dir='ltr'>si</span> <span class='ocrx_word' id='word_1_410' title='bbox 1776 2153 1895 2204; x_wconf 90' lang='lat' dir='ltr'>apud</span> <span class='ocrx_word' id='word_1_411' title='bbox 1926 2164 1998 2193; x_wconf 91' lang='lat' dir='ltr'>me</span> 
     </span>
     <span class='ocr_line' id='line_1_68' title="bbox 1114 2214 2001 2267; baseline 0.001 -13"><span class='ocrx_word' id='word_1_412' title='bbox 1114 2225 1239 2255; x_wconf 88' lang='lat' dir='ltr'>esses</span> <span class='ocrx_word' id='word_1_413' title='bbox 1254 2231 1290 2264; x_wconf 73' lang='lat' dir='ltr'>‚n</span> <span class='ocrx_word' id='word_1_414' title='bbox 1324 2214 1430 2255; x_wconf 89' lang='lat' dir='ltr'>illud</span> <span class='ocrx_word' id='word_1_415' title='bbox 1450 2217 1551 2254; x_wconf 90' lang='lat' dir='ltr'>ante</span> <span class='ocrx_word' id='word_1_416' title='bbox 1573 2216 1720 2254; x_wconf 89' lang='lat' dir='ltr'>omnia</span> <span class='ocrx_word' id='word_1_417' title='bbox 1742 2216 1848 2255; x_wconf 90' lang='lat' dir='ltr'>mihi</span> <span class='ocrx_word' id='word_1_418' title='bbox 1872 2226 2001 2267; x_wconf 88' lang='lat' dir='ltr'>prae—</span> 
     </span>
     <span class='ocr_line' id='line_1_69' title="bbox 1112 2276 1999 2328; baseline 0 -11"><span class='ocrx_word' id='word_1_419' title='bbox 1112 2276 1244 2326; x_wconf 87' lang='lat' dir='ltr'>bent,</span> <span class='ocrx_word' id='word_1_420' title='bbox 1291 2279 1340 2316; x_wconf 89' lang='lat' dir='ltr'>ut</span> <span class='ocrx_word' id='word_1_421' title='bbox 1378 2279 1564 2328; x_wconf 89' lang='lat' dir='ltr'>propter</span> <span class='ocrx_word' id='word_1_422' title='bbox 1606 2276 1781 2317; x_wconf 91' lang='lat' dir='ltr'>caelum</span> <span class='ocrx_word' id='word_1_423' title='bbox 1819 2276 1999 2318; x_wconf 88' lang='lat' dir='ltr'>salubre</span> 
     </span>
     <span class='ocr_line' id='line_1_70' title="bbox 1114 2340 2001 2391; baseline -0.001 -11"><span class='ocrx_word' id='word_1_424' title='bbox 1114 2342 1159 2380; x_wconf 87' lang='lat' dir='ltr'>et</span> <span class='ocrx_word' id='word_1_425' title='bbox 1201 2350 1364 2391; x_wconf 89' lang='lat' dir='ltr'>aquam</span> <span class='ocrx_word' id='word_1_426' title='bbox 1400 2340 1687 2391; x_wconf 87' lang='lat' dir='ltr'>purissimam</span> <span class='ocrx_word' id='word_1_427' title='bbox 1727 2341 1860 2380; x_wconf 90' lang='lat' dir='ltr'>etiam</span> <span class='ocrx_word' id='word_1_428' title='bbox 1898 2351 2001 2390; x_wconf 79' lang='lat' dir='ltr'>gra-</span> 
     </span>
     <span class='ocr_line' id='line_1_71' title="bbox 1111 2402 1999 2454; baseline 0 -12"><span class='ocrx_word' id='word_1_429' title='bbox 1111 2403 1296 2442; x_wconf 80' lang='lat' dir='ltr'>vissimo</span> <span class='ocrx_word' id='word_1_430' title='bbox 1342 2404 1446 2442; x_wconf 87' lang='lat' dir='ltr'>anni</span> <span class='ocrx_word' id='word_1_431' title='bbox 1488 2404 1691 2454; x_wconf 89' lang='lat' dir='ltr'>tempore</span> <span class='ocrx_word' id='word_1_432' title='bbox 1746 2402 1999 2454; x_wconf 82' lang='lat' dir='ltr'>(letifero-—</span> 
     </span>
     <span class='ocr_line' id='line_1_72' title="bbox 1113 2464 1998 2516; baseline 0 -11"><span class='ocrx_word' id='word_1_433' title='bbox 1113 2469 1340 2505; x_wconf 86' lang='lat' dir='ltr'>auctumno</span> <span class='ocrx_word' id='word_1_434' title='bbox 1379 2467 1532 2505; x_wconf 84' lang='lat' dir='ltr'>Iuven.</span> <span class='ocrx_word' id='word_1_435' title='bbox 1571 2464 1619 2514; x_wconf 79' lang='lat'>4,</span> <span class='ocrx_word' id='word_1_436' title='bbox 1657 2465 1742 2516; x_wconf 81' lang='lat'>56.)</span> <span class='ocrx_word' id='word_1_437' title='bbox 1775 2466 1846 2505; x_wconf 88' lang='lat' dir='ltr'>hic</span> <span class='ocrx_word' id='word_1_438' title='bbox 1880 2465 1998 2506; x_wconf 89' lang='lat' dir='ltr'>bene</span> 
     </span>
     <span class='ocr_line' id='line_1_73' title="bbox 1112 2526 1997 2580; baseline 0.001 -13"><span class='ocrx_word' id='word_1_439' title='bbox 1112 2526 1315 2576; x_wconf 80' lang='lat' dir='ltr'>valeam3</span> <span class='ocrx_word' id='word_1_440' title='bbox 1364 2528 1408 2568; x_wconf 91' lang='lat' dir='ltr'>id</span> <span class='ocrx_word' id='word_1_441' title='bbox 1440 2527 1561 2580; x_wconf 90' lang='lat' dir='ltr'>quod</span> <span class='ocrx_word' id='word_1_442' title='bbox 1591 2527 1669 2567; x_wconf 89' lang='lat' dir='ltr'>tibi</span> <span class='ocrx_word' id='word_1_443' title='bbox 1700 2529 1875 2579; x_wconf 84' lang='lat' dir='ltr'>gratum</span> <span class='ocrx_word' id='word_1_444' title='bbox 1905 2528 1997 2568; x_wconf 88' lang='lat' dir='ltr'>fore</span> 
     </span>
     <span class='ocr_line' id='line_1_74' title="bbox 1115 2590 2000 2642; baseline 0 -12"><span class='ocrx_word' id='word_1_445' title='bbox 1115 2590 1335 2630; x_wconf 86' lang='lat' dir='ltr'>confido.»</span> <span class='ocrx_word' id='word_1_446' title='bbox 1368 2591 1446 2630; x_wconf 87' lang='lat' dir='ltr'>Vv.</span> <span class='ocrx_word' id='word_1_447' title='bbox 1471 2590 1505 2629; x_wconf 89' lang='lat' dir='ltr'>si</span> <span class='ocrx_word' id='word_1_448' title='bbox 1534 2590 1669 2630; x_wconf 82' lang='lat' dir='ltr'>credis</span> <span class='ocrx_word' id='word_1_449' title='bbox 1697 2590 1838 2631; x_wconf 89' lang='lat' dir='ltr'>facete</span> <span class='ocrx_word' id='word_1_450' title='bbox 1870 2591 2000 2642; x_wconf 85' lang='lat' dir='ltr'>signi-</span> 
     </span>
     <span class='ocr_line' id='line_1_75' title="bbox 1113 2653 2000 2704; baseline 0 -11"><span class='ocrx_word' id='word_1_451' title='bbox 1113 2653 1251 2693; x_wconf 88' lang='lat' dir='ltr'>ficant</span> <span class='ocrx_word' id='word_1_452' title='bbox 1279 2653 1376 2693; x_wconf 90' lang='lat' dir='ltr'>fieri</span> <span class='ocrx_word' id='word_1_453' title='bbox 1405 2663 1561 2704; x_wconf 91' lang='lat' dir='ltr'>posse,</span> <span class='ocrx_word' id='word_1_454' title='bbox 1594 2654 1644 2692; x_wconf 92' lang='lat' dir='ltr'>ut</span> <span class='ocrx_word' id='word_1_455' title='bbox 1672 2664 1725 2692; x_wconf 90' lang='lat' dir='ltr'>ea</span> <span class='ocrx_word' id='word_1_456' title='bbox 1755 2653 1810 2693; x_wconf 88' lang='lat' dir='ltr'>de</span> <span class='ocrx_word' id='word_1_457' title='bbox 1840 2664 1890 2693; x_wconf 90' lang='lat' dir='ltr'>re</span> <span class='ocrx_word' id='word_1_458' title='bbox 1921 2653 2000 2693; x_wconf 90' lang='lat' dir='ltr'>du-</span> 
     </span>
     <span class='ocr_line' id='line_1_76' title="bbox 1112 2715 2002 2755; baseline 0.001 -1"><span class='ocrx_word' id='word_1_459' title='bbox 1112 2715 1224 2755; x_wconf 86' lang='lat' dir='ltr'>bitet</span> <span class='ocrx_word' id='word_1_460' title='bbox 1255 2715 1441 2755; x_wconf 90' lang='lat' dir='ltr'>amicus.</span> <span class='ocrx_word' id='word_1_461' title='bbox 1480 2716 1615 2754; x_wconf 91' lang='lat' dir='ltr'>Suam</span> <span class='ocrx_word' id='word_1_462' title='bbox 1640 2715 1942 2755; x_wconf 84' lang='lat' dir='ltr'>coniecturam</span> <span class='ocrx_word' id='word_1_463' title='bbox 1963 2720 2002 2755; x_wconf 77' lang='lat' dir='ltr'>el</span> 
     </span>
     <span class='ocr_line' id='line_1_77' title="bbox 1114 2776 2001 2831; baseline 0 -13"><span class='ocrx_word' id='word_1_464' title='bbox 1114 2778 1219 2831; x_wconf 87' lang='lat' dir='ltr'>(iam</span> <span class='ocrx_word' id='word_1_465' title='bbox 1246 2778 1281 2818; x_wconf 86' lang='lat' dir='ltr'>si</span> <span class='ocrx_word' id='word_1_466' title='bbox 1310 2777 1458 2829; x_wconf 79' lang='lat' dir='ltr'>credis)</span> <span class='ocrx_word' id='word_1_467' title='bbox 1480 2776 1703 2818; x_wconf 90' lang='lat' dir='ltr'>Bentleius</span> <span class='ocrx_word' id='word_1_468' title='bbox 1725 2778 1820 2829; x_wconf 89' lang='lat' dir='ltr'>ipse</span> <span class='ocrx_word' id='word_1_469' title='bbox 1842 2779 1906 2818; x_wconf 91' lang='lat' dir='ltr'>sic</span> <span class='ocrx_word' id='word_1_470' title='bbox 1928 2790 2001 2818; x_wconf 83' lang='lat' dir='ltr'>ex—</span> 
     </span>
     <span class='ocr_line' id='line_1_78' title="bbox 1114 2839 1998 2894; baseline 0.001 -13"><span class='ocrx_word' id='word_1_471' title='bbox 1114 2840 1312 2894; x_wconf 86' lang='lat' dir='ltr'>plicavit:</span> <span class='ocrx_word' id='word_1_472' title='bbox 1350 2840 1415 2880; x_wconf 85' lang='lat' dir='ltr'>«si</span> <span class='ocrx_word' id='word_1_473' title='bbox 1445 2840 1531 2879; x_wconf 87' lang='lat' dir='ltr'>iam</span> <span class='ocrx_word' id='word_1_474' title='bbox 1552 2840 1699 2880; x_wconf 89' lang='lat' dir='ltr'>credis</span> <span class='ocrx_word' id='word_1_475' title='bbox 1721 2839 1876 2882; x_wconf 90' lang='lat' dir='ltr'>dulces</span> <span class='ocrx_word' id='word_1_476' title='bbox 1898 2852 1998 2882; x_wconf 88' lang='lat' dir='ltr'>esse</span> 
     </span>
     <span class='ocr_line' id='line_1_79' title="bbox 1116 2902 2001 2954; baseline 0 -11"><span class='ocrx_word' id='word_1_477' title='bbox 1116 2906 1160 2944; x_wconf 91' lang='lat' dir='ltr'>et</span> <span class='ocrx_word' id='word_1_478' title='bbox 1189 2913 1428 2952; x_wconf 83' lang='lat' dir='ltr'>amoenas,</span> <span class='ocrx_word' id='word_1_479' title='bbox 1465 2904 1706 2954; x_wconf 88' lang='lat' dir='ltr'>postquam</span> <span class='ocrx_word' id='word_1_480' title='bbox 1738 2902 1919 2953; x_wconf 89' lang='lat' dir='ltr'>scilicet,</span> <span class='ocrx_word' id='word_1_481' title='bbox 1952 2906 2001 2943; x_wconf 86' lang='lat' dir='ltr'>ut</span> 
     </span>
     <span class='ocr_line' id='line_1_80' title="bbox 1113 2965 2001 3020; baseline 0 -14"><span class='ocrx_word' id='word_1_482' title='bbox 1113 2965 1334 3020; x_wconf 79' lang='lat' dir='ltr'>pollicitus</span> <span class='ocrx_word' id='word_1_483' title='bbox 1379 2976 1505 3013; x_wconf 84' lang='lat' dir='ltr'>sum,</span> <span class='ocrx_word' id='word_1_484' title='bbox 1565 2966 1789 3016; x_wconf 80' lang='lat' dir='ltr'>Descripta</span> <span class='ocrx_word' id='word_1_485' title='bbox 1829 2970 1887 3006; x_wconf 77' lang='lat' dir='ltr'>est</span> <span class='ocrx_word' id='word_1_486' title='bbox 1928 2966 2001 3006; x_wconf 81' lang='lat' dir='ltr'>tibi</span> 
     </span>
     <span class='ocr_line' id='line_1_81' title="bbox 1111 3028 2000 3081; baseline 0 -12"><span class='ocrx_word' id='word_1_487' title='bbox 1111 3030 1253 3081; x_wconf 83' lang='lat' dir='ltr'>forma</span> <span class='ocrx_word' id='word_1_488' title='bbox 1272 3028 1505 3077; x_wconf 79' lang='lat' dir='ltr'>loquaciter</span> <span class='ocrx_word' id='word_1_489' title='bbox 1525 3032 1563 3068; x_wconf 78' lang='lat' dir='ltr'>el</span> <span class='ocrx_word' id='word_1_490' title='bbox 1581 3028 1683 3068; x_wconf 82' lang='lat' dir='ltr'>silus</span> <span class='ocrx_word' id='word_1_491' title='bbox 1702 3029 1841 3080; x_wconf 69' lang='lat' dir='ltr'>aqri.»</span> <span class='ocrx_word' id='word_1_492' title='bbox 1882 3029 2000 3068; x_wconf 88' lang='lat' dir='ltr'>Ean-—</span> 
     </span>
     <span class='ocr_line' id='line_1_82' title="bbox 1116 3089 1997 3141; baseline -0.001 -9"><span class='ocrx_word' id='word_1_493' title='bbox 1116 3092 1245 3141; x_wconf 89' lang='lat' dir='ltr'>dem,</span> <span class='ocrx_word' id='word_1_494' title='bbox 1292 3092 1340 3130; x_wconf 85' lang='lat' dir='ltr'>ut</span> <span class='ocrx_word' id='word_1_495' title='bbox 1383 3090 1432 3130; x_wconf 90' lang='lat' dir='ltr'>fit</span> <span class='ocrx_word' id='word_1_496' title='bbox 1474 3091 1518 3130; x_wconf 91' lang='lat' dir='ltr'>in</span> <span class='ocrx_word' id='word_1_497' title='bbox 1554 3089 1674 3131; x_wconf 88' lang='lat' dir='ltr'>falsis</span> <span class='ocrx_word' id='word_1_498' title='bbox 1715 3092 1997 3139; x_wconf 85' lang='lat' dir='ltr'>coniecturis,</span> 
     </span>
     <span class='ocr_line' id='line_1_83' title="bbox 1113 3152 2001 3206; baseline -0.005 -11"><span class='ocrx_word' id='word_1_499' title='bbox 1113 3154 1243 3206; x_wconf 82' lang='lat' dir='ltr'>longe</span> <span class='ocrx_word' id='word_1_500' title='bbox 1275 3152 1400 3193; x_wconf 88' lang='lat' dir='ltr'>aliter</span> <span class='ocrx_word' id='word_1_501' title='bbox 1426 3154 1650 3193; x_wconf 89' lang='lat' dir='ltr'>Gesnerus</span> <span class='ocrx_word' id='word_1_502' title='bbox 1672 3154 1847 3205; x_wconf 89' lang='lat' dir='ltr'>accepit</span> <span class='ocrx_word' id='word_1_503' title='bbox 1867 3154 2001 3192; x_wconf 89' lang='lat' dir='ltr'>inter-</span> 
     </span>
     <span class='ocr_line' id='line_1_84' title="bbox 1113 3216 1995 3270; baseline -0.003 -13"><span class='ocrx_word' id='word_1_504' title='bbox 1113 3228 1341 3270; x_wconf 82' lang='lat' dir='ltr'>pungens:</span> <span class='ocrx_word' id='word_1_505' title='bbox 1370 3220 1407 3256; x_wconf 80' lang='lat' dir='ltr'>et</span> <span class='ocrx_word' id='word_1_506' title='bbox 1426 3217 1531 3266; x_wconf 83' lang='lat' dir='ltr'>iam,</span> <span class='ocrx_word' id='word_1_507' title='bbox 1553 3216 1588 3255; x_wconf 91' lang='lat' dir='ltr'>si</span> <span class='ocrx_word' id='word_1_508' title='bbox 1605 3217 1754 3266; x_wconf 82' lang='lat' dir='ltr'>credis,</span> <span class='ocrx_word' id='word_1_509' title='bbox 1778 3225 1995 3264; x_wconf 85' lang='lat' dir='ltr'>amoenae,</span> 
     </span>
     <span class='ocr_line' id='line_1_85' title="bbox 1116 3279 1997 3331; baseline 0 -15"><span class='ocrx_word' id='word_1_510' title='bbox 1116 3281 1421 3329; x_wconf 84' lang='lat' dir='ltr'>«etiamnunc,</span> <span class='ocrx_word' id='word_1_511' title='bbox 1454 3279 1541 3319; x_wconf 92' lang='lat' dir='ltr'>hoc</span> <span class='ocrx_word' id='word_1_512' title='bbox 1556 3279 1654 3331; x_wconf 91' lang='lat' dir='ltr'>ipso</span> <span class='ocrx_word' id='word_1_513' title='bbox 1671 3279 1888 3330; x_wconf 88' lang='lat' dir='ltr'>tempore,</span> <span class='ocrx_word' id='word_1_514' title='bbox 1909 3287 1997 3327; x_wconf 89' lang='lat' dir='ltr'>quo</span> 
     </span>
     <span class='ocr_line' id='line_1_86' title="bbox 1114 3337 1997 3391; baseline -0.006 -9"><span class='ocrx_word' id='word_1_515' title='bbox 1114 3342 1286 3391; x_wconf 89' lang='lat' dir='ltr'>scribo,</span> <span class='ocrx_word' id='word_1_516' title='bbox 1329 3341 1475 3382; x_wconf 89' lang='lat' dir='ltr'>debeo</span> <span class='ocrx_word' id='word_1_517' title='bbox 1514 3340 1818 3380; x_wconf 87' lang='lat' dir='ltr'>valetudinem</span> <span class='ocrx_word' id='word_1_518' title='bbox 1857 3337 1997 3389; x_wconf 82' lang='lat' dir='ltr'>agello</span> 
     </span>
     <span class='ocr_line' id='line_1_87' title="bbox 1115 3401 1997 3456; baseline -0.007 -11"><span class='ocrx_word' id='word_1_519' title='bbox 1115 3415 1217 3444; x_wconf 89' lang='lat' dir='ltr'>meo</span> <span class='ocrx_word' id='word_1_520' title='bbox 1247 3405 1516 3456; x_wconf 84' lang='lat' dir='ltr'>tempestate</span> <span class='ocrx_word' id='word_1_521' title='bbox 1547 3403 1651 3442; x_wconf 91' lang='lat' dir='ltr'>anni</span> <span class='ocrx_word' id='word_1_522' title='bbox 1690 3401 1796 3441; x_wconf 90' lang='lat' dir='ltr'>alias</span> <span class='ocrx_word' id='word_1_523' title='bbox 1826 3401 1997 3451; x_wconf 84' lang='lat' dir='ltr'>gravis-</span> 
     </span>
     <span class='ocr_line' id='line_1_88' title="bbox 1115 3465 1997 3514; baseline -0.005 -8"><span class='ocrx_word' id='word_1_524' title='bbox 1115 3467 1228 3506; x_wconf 89' lang='lat' dir='ltr'>sima</span> <span class='ocrx_word' id='word_1_525' title='bbox 1248 3478 1291 3513; x_wconf 73' lang='grc' dir='ltr'>ς»</span> <span class='ocrx_word' id='word_1_526' title='bbox 1339 3465 1448 3506; x_wconf 91' lang='lat' dir='ltr'>alius</span> <span class='ocrx_word' id='word_1_527' title='bbox 1479 3465 1700 3514; x_wconf 90' lang='lat' dir='ltr'>denique:</span> <span class='ocrx_word' id='word_1_528' title='bbox 1737 3473 1908 3512; x_wconf 89' lang='lat' dir='ltr'>«nunc,</span> <span class='ocrx_word' id='word_1_529' title='bbox 1943 3473 1997 3502; x_wconf 81' lang='lat' dir='ltr'>ex</span> 
     </span>
     <span class='ocr_line' id='line_1_89' title="bbox 1115 3524 1997 3578; baseline -0.005 -10"><span class='ocrx_word' id='word_1_530' title='bbox 1115 3538 1203 3578; x_wconf 91' lang='lat' dir='ltr'>quo</span> <span class='ocrx_word' id='word_1_531' title='bbox 1248 3539 1406 3568; x_wconf 90' lang='lat' dir='ltr'>earum</span> <span class='ocrx_word' id='word_1_532' title='bbox 1443 3524 1681 3569; x_wconf 88' lang='lat' dir='ltr'>commoda</span> <span class='ocrx_word' id='word_1_533' title='bbox 1720 3524 1860 3575; x_wconf 81' lang='lat' dir='ltr'>magis</span> <span class='ocrx_word' id='word_1_534' title='bbox 1890 3535 1997 3576; x_wconf 86' lang='lat' dir='ltr'>per-</span> 
     </span>
    </p>
   </div>
  </div>
 </body>
</html>
