2231 3787
859 260 955 298 ΗΒ,
991 259 1020 297 l.

1082 260 1191 299 SAT.
1228 260 1332 298 vill.

255 388 426 459 thue
474 387 583 460 lupi
621 387 843 442 barbam
881 390 1062 443 variae
1101 406 1224 443 cum
1263 388 1421 442 dente
1463 388 1716 442 colubrae

254 488 568 543 Abdiderint
617 490 793 543 furtim
829 490 1010 552 terriS‚
1054 499 1105 543 ct
1144 491 1371 562 imagine
1411 508 1568 544 cerea

254 592 476 662 Largior
512 593 703 646 arserit
740 592 900 663 igniS‚

954 601 1007 645 et
1044 601 1102 644 ut
1140 611 1244 645 non
1283 593 1432 646 testis
1474 592 1669 646 inultus

253 694 565 747 Ilorruerim
606 711 767 748 voces
808 695 1086 748 Furiarum
1125 703 1177 747 et
1215 695 1349 749 sacta
1388 695 1648 748 duarum:
1947 698 2011 749 45

252 796 409 857 Nam,
451 795 690 866 displosa
729 804 881 850 sonat
923 805 1180 868 quantum
1220 797 1422 851 vesica.
1468 798 1662 868 pepedi

295 1008 361 1049 43.
408 1013 453 1048 ut
498 1009 679 1059 imagine
722 1019 836 1049 unus
882 1010 991 1049 Feae
1033 1020 1054 1047 a
1102 1020 1191 1050 sec.
1237 1020 1370 1049 manu
1412 1012 1453 1050 et
1500 1010 1863 1061 Cuninghamius.
1904 1035 1946 1039 —

245 1070 309 1111 45.
343 1072 590 1111 Horruerinz
630 1071 778 1122 bScdp
811 1073 854 1110 et
884 1083 1040 1112 omncs
1073 1073 1286 1119 Potticiii,
1327 1074 1409 1112 l.(11
1443 1085 1493 1112 ac
1526 1073 1770 1122 Bentleius,
1806 1074 1958 1114 Obrue—

240 1133 318 1172 rim
369 1145 420 1172 ex
468 1145 556 1173 uno
611 1133 698 1183 (Vr.
748 1133 811 1179 G.)
859 1133 942 1172 Fca
989 1137 1033 1173 ct
1076 1135 1128 1173 M.
1180 1156 1221 1161 —
1270 1147 1319 1173 α(-
1361 1136 1476 1185 fucta
1507 1147 1620 1175 unus
1653 1137 1763 1176 Feae
1797 1140 1836 1176 ct
1870 1138 1957 1177 Cu-

241 1196 533 1246 ningliamius.

186 1366 375 1415 miserit,
424 1378 447 1405 a
479 1377 567 1418 quo
609 1377 711 1406 cum
752 1366 1065 1419 deprehensus
1131 1378 1287 1409 omnes
1321 1369 1491 1419 furtim,
1539 1380 1673 1420 quam
1705 1372 1897 1410 maxime
1935 1382 2012 1411 oc-

186 1430 320 1480 esset,
352 1428 532 1479 quidam
553 1428 806 1479 subridens,
839 1428 973 1473 Belle.
1000 1430 1066 1468 in-
1130 1430 1267 1480 culte,
1302 1432 1580 1482 peragendos
1604 1432 1752 1472 fuisse.
1783 1458 1825 1461 —
1850 1434 2011 1485 variae]

186 1492 299 1543 quit,
347 1492 382 1532 si
422 1492 464 1531 te
504 1502 592 1532 non
629 1490 931 1541 ἐκχαλκεύει,
979 1493 1065 1532 hoc

185 1556 272 1603 est,
319 1554 583 1595 verberibus
619 1556 849 1606 tamquam
880 1565 957 1594 aes
989 1566 1064 1595 re—

186 1617 340 1667 cudat,
364 1616 564 1657 alludens
586 1617 641 1657 ad
663 1616 879 1657 calceos.»
921 1618 1060 1657 Comi.

187 1680 318 1726 Caro.

239 1742 385 1784 44-43.
436 1744 700 1796 resonarent]
746 1743 1063 1796 Imperfectum

186 1807 307 1846 recte
337 1817 385 1846 se
417 1806 575 1846 hahet:
613 1818 719 1858 «per
748 1809 885 1847 totam
917 1808 1067 1846 incan—

185 1870 453 1917 tationem3»
487 1872 637 1910 contra
668 1869 757 1922 lupi
786 1869 974 1910 barbam
997 1880 1066 1909 se-

185 1930 272 1972 mel
321 1931 602 1972 abdiderunt.
685 1934 922 1973 Praeterea
980 1931 1065 1971 du-

185 1994 258 2034 bia
288 1996 356 2035 est
385 1994 525 2035 forma
547 1994 802 2035 Bentleiana
828 1996 1067 2035 resonarint

186 2067 266 2109 pro
298 2059 572 2098 resonuerint.
606 2058 876 2110 (Resonarent
905 2058 1066 2110 probat

187 2120 319 2160 etiam
349 2121 494 2171 Reisig
524 2121 615 2160 Lat.
639 2121 856 2171 Sprachw.
881 2132 923 2173 p.
947 2119 1059 2167 2342,

188 2183 263 2232 qui
293 2181 529 2233 aliquando
559 2183 678 2223 haud
708 2184 839 2224 nimis
881 2182 1066 2223 feliciter

188 2245 515 2285 coniectaverat
543 2251 739 2286 resonant
767 2251 803 2286 et
831 2245 981 2297 triste.)
1016 2267 1060 2273 —

190 2307 345 2346 «triste.
366 2305 554 2357 lugubre
573 2310 617 2348 et
633 2308 941 2348 metuendum.
967 2320 1066 2348 acu-

188 2372 288 2408 tum.
320 2370 474 2418 tenue,
508 2369 690 2420 subtile,
724 2372 825 2422 quia
848 2372 941 2411 sine
964 2382 1065 2411 cor-

187 2442 297 2484 pore
337 2431 654 2472 emittebantur
691 2445 870 2474 voces.»
921 2435 1060 2474 Com1.

191 2495 321 2540 Caro.
355 2492 577 2534 Heliodor.
602 2495 647 2543 6,
674 2497 738 2535 45.
760 2506 800 2547 p.
823 2496 916 2535 ⁵254.
943 2496 1061 2536 Cor.:

191 2551 218 2596 ὁ
247 2553 416 2614 νεκρὸς
445 2581 470 2587 -
500 2581 523 2587 -
551 2555 676 2615 βαού
717 2570 760 2599 τι
797 2559 879 2598 καὶ
916 2556 1066 2611 δυση-

189 2619 272 2671 χὲς
302 2615 563 2678 ὖποτρὶζων
593 2645 616 2651 -
636 2644 659 2650 -
688 2615 785 2674 ἐφη
816 2619 914 2660 κτλ.
954 2623 1064 2672 Saga

190 2684 366 2724 Luciam
387 2683 494 2724 Dial
522 2685 698 2725 Meretr.
723 2684 762 2735 4,
791 2686 843 2724 5:
877 2680 1066 2738 ἐπῳδήν

189 2756 296 2786 τινα
314 2746 522 2800 λέγουσα
537 2744 773 2804 ἐπιτρόχῳ
790 2745 847 2804 τῆ
864 2745 1063 2805 γλώττῃ,

189 2805 465 2867 βαρβαρικὰ
502 2810 584 2850 καὶ
618 2807 836 2867 φρικώδη
884 2805 1067 2863 &voua-

190 2883 263 2913 τα.
291 2896 334 2900 -
370 2872 671 2923 lumbar-bam]
704 2872 810 2914 Plin.
838 2874 887 2913 H.
911 2875 961 2913 N.
986 2873 1064 2922 28,

192 2934 264 2975 44:
315 2935 524 2987 leneficiis
553 2940 735 2976 rostrum
764 2937 852 2986 lupi
880 2937 1068 2976 resistere

194 2997 466 3037 inveteratum
495 2999 614 3038 aiunt
643 2999 690 3038 ob
719 2999 842 3048 idque
870 2999 1069 3039 villar-nin

188 3059 323 3109 portis
344 3061 599 3111 praefiqunt.
649 3062 742 3101 Hoc
779 3062 908 3112 igitur
947 3061 1069 3101 sece-

192 3123 316 3169 runt,
362 3123 409 3161 ut
444 3122 586 3162 irritas
626 3123 869 3163 redderent
906 3124 1068 3164 adver-

193 3185 333 3225 sariae
372 3183 554 3225 alicuius
594 3185 928 3227 incantationes.
1001 3186 1068 3226 Ad

191 3247 330 3288 verba
359 3249 553 3288 Dant-zer
581 3250 702 3288 recte
725 3251 955 3300 comparat
979 3250 1065 3288 Sat.

195 3311 234 3360 l,
258 3312 296 3361 l,
319 3310 364 3351 44
389 3323 396 3349 :
428 3311 709 3350 immensum·
729 3312 892 3362 ανρεηιὶ
905 3313 1070 3361 pondus

194 3377 230 3413 et
259 3374 357 3413 auri
395 3374 559 3414 Furtim
588 3374 749 3424 defossa
778 3373 969 3413 timidum
998 3374 1069 3413 de-

191 3446 343 3484 ponere
361 3440 490 3476 terra.
534 3437 744 3476 Ceterum
775 3435 859 3474 hoc
890 3445 1068 3485 quoque

196 3497 328 3548 inest,
373 3497 681 3539 huiuscemodi
725 3498 834 3538 ritus
878 3496 1069 3538 nefarios

290 3574 441 3611 Honn.
470 3584 559 3611 τοι.
587 3575 631 3610 Il.
685 3583 749 3610 m).
779 3583 861 3609 imi.
891 3573 951 3609 Ill.

1131 1493 1471 1534 «maculosae»
1532 1496 1671 1535 Comi.
1714 1496 1845 1542 Caco.
1898 1521 1942 1525 —-
1977 1502 2014 1537 et

1128 1556 1324 1608 imagine]
1357 1558 1505 1597 Lectio
1530 1561 1571 1596 ut
1600 1558 1782 1609 imagine
1803 1558 2013 1599 destituta

1129 1622 1196 1659 est
1234 1619 1481 1660 sufficiente
1514 1621 1774 1660 auctoritate
1806 1622 1849 1660 et
1880 1622 2009 1662 nimis

1129 1685 1327 1734 separat,
1372 1693 1486 1733 quae
1527 1683 1747 1722 artissime
1788 1684 2013 1724 coniunxit

1130 1746 1365 1793 Horatius,
1418 1746 1463 1783 ut
1508 1746 1655 1784 onmia
1700 1756 1842 1797 paene
1884 1746 2015 1786 simul

1129 1808 1241 1848 sacta
1265 1817 1364 1847 esse
1389 1808 1675 1858 accipiamus.
1703 1830 1747 1835 —
1770 1809 1904 1860 cerea]
1928 1809 2016 1849 (lis-

1128 1869 1351 1922 syllabum
1380 1880 1462 1921 per
1492 1870 1737 1920 synizesin,
1771 1872 1819 1909 ut
1847 1872 1932 1911 Sat.
1961 1873 2007 1922 2,

1127 1935 1173 1983 ⁶2,
1207 1934 1281 1973 24:
1315 1936 1465 1973 ostrea.
1498 1933 1614 1984 Virg.
1649 1934 1756 1972 Aen.
1793 1933 1863 1983 40,
1899 1934 2005 1974 »146ῑ

1128 2008 1273 2036 aureo.

1184 2058 1356 2099 45-50.
1412 2058 1690 2108 Hori-nerim]
1743 2059 1854 2098 Feae
1904 2057 2009 2099 illud

1128 2122 1358 2170 obruerint,
1407 2121 1488 2160 etsi
1518 2131 1600 2172 per
1630 2131 1678 2160 se
1711 2122 2011 2162 rectissimum

1130 2185 1356 2236 («repente
1388 2183 1593 2232 fecerim,
1640 2185 1688 2223 ut
1725 2185 1768 2223 et
1799 2184 2011 2225 obmute-

1129 2249 1309 2288 scerent
1338 2248 1382 2286 et
1412 2256 1524 2297 opus
1554 2255 1685 2285 suum
1716 2246 2012 2299 interrumpe-

1128 2309 1295 2359 rent»),
1343 2308 1534 2348 debetur
1576 2310 1724 2348 tamen
1770 2310 2011 2361 interpola-

1127 2372 1230 2420 tori,
1264 2381 1315 2409 ac
1344 2369 1472 2420 longe
1504 2369 1819 2420 significantior
1849 2373 1916 2410 est
1945 2371 2011 2411 di-

1127 2443 1258 2472 versa
1300 2432 1462 2471 Horatii
1503 2433 1736 2471 sententia.
1799 2433 2009 2485 «Priapus

1128 2506 1253 2536 sacra
1284 2493 1352 2534 illa
1383 2494 1553 2545 magica
1583 2495 1868 2546 conspicatus
1899 2497 2007 2535 hor-

1128 2569 1228 2597 rore
1250 2556 1550 2608 perfunditur,
1582 2568 1686 2608 prae
1710 2568 1798 2607 quo
1821 2558 2007 2598 horrore

1130 2621 1169 2661 ei
1199 2619 1360 2659 accidit
1389 2618 1453 2668 id,
1488 2619 1609 2670 quod
1629 2630 1763 2659 versu
1786 2630 1882 2671 seq.
1908 2632 2007 2660 nar-

1129 2685 1271 2730 latur,
1319 2681 1439 2733 quod
1479 2692 1581 2722 cum
1620 2682 1726 2733 ipsis
1764 2682 1880 2732 sagis
1911 2683 2011 2722 tan—

1130 2748 1224 2786 tum
1254 2746 1492 2785 horrorem
1524 2745 1764 2793 incuteret,
1797 2746 1844 2784 ut
1874 2745 1918 2784 in
1939 2744 2011 2784 fu-

1131 2820 1232 2860 gam
1276 2818 1376 2848 sese
1423 2807 1603 2856 darent,
1650 2808 1781 2858 poeta
1825 2806 2009 2847 ridicule

1129 2872 1215 2910 hoc
1246 2869 1486 2910 ulciscendi
1519 2870 1714 2910 horroris
1737 2880 1891 2919 causa,
1925 2881 2013 2921 quo

1131 2935 1312 2985 Priapus
1342 2931 1575 2985 perculsus
1607 2934 1748 2981 esset,
1782 2931 1837 2971 ab
1862 2943 1915 2971 eo
1946 2932 2013 2971 sa-

1131 2999 1254 3036 ctum
1285 2997 1449 3047 fingit.»
1499 2997 1826 3037 Mirscnssizmcu.
1866 3017 1910 3022 —
1933 2996 2015 3035 Fu-

1129 3060 1311 3111 riarum]
1352 3069 1572 3110 sagarum.
1636 3058 1704 3096 Sic
1745 3058 1900 3097 Cicero
1934 3057 2013 3097 ali-

1132 3124 1306 3175 quoties
1337 3124 1382 3162 P.
1418 3120 1620 3162 Clodium
1652 3120 1827 3159 Furiam
1856 3112 2010 3167 vocat,

1131 3187 1193 3227 sic
1210 3184 1442 3236 Euripides
1457 3185 1527 3224 Or.
1546 3183 1665 3223 4389.
1681 3181 1892 3222 Helenam
1911 3194 2016 3238 περ·

1130 3246 1300 3303 γάμων
1312 3242 1634 3287 Ἀπολλωνίων
1650 3240 1850 3302 Ἐρινύν.
1870 3267 1914 3272 —
1935 3245 2015 3282 dis-

1125 3311 1273 3363 plosa]
1337 3320 1476 3349 «cum
1534 3309 1703 3360 impetu
1759 3307 2012 3357 disrupta.»

1133 3375 1284 3413 SCHOL.
1335 3371 1562 3411 Dacierius
1593 3371 1692 3420 apte
1716 3366 1897 3407 contulit
1926 3369 2013 3406 Lu-

1134 3437 1244 3474 cret.
1286 3435 1331 3483 6,
1374 3433 1480 3473 430:
1523 3432 1650 3482 plena
1699 3430 1868 3468 animae
1905 3430 2013 3469 vesi-

1132 3497 1228 3537 cula
1251 3507 1395 3546 parva
1425 3495 1556 3544 Saepe
1587 3494 1646 3533 ila
1667 3494 1738 3532 (lat
1764 3492 1929 3542 pariter
1949 3503 2013 3531 so-

1586 3571 1624 3606 10
