2231 3787
296 252 395 303 726
1105 252 1316 293 ΗΟΒΑΤΠ

365 382 599 442 Sessuri,
646 381 819 435 donec
859 390 1042 435 cantor
1081 383 1184 434 Vos
1225 381 1460 451 plaudite
1501 380 1668 437 dicat.

363 483 559 537 Aetatis
600 483 864 554 cuiusque
905 482 1119 535 notandi
1161 491 1282 534 sunt
1320 481 1410 534 tibi
1451 499 1659 536 mores,

363 583 756 655 Mobilibusque
797 584 961 637 decor
999 583 1202 635 naturis
1242 581 1453 635 dandus
1494 592 1546 635 et
1584 582 1752 635 annis.

366 685 611 740 Reddere
652 686 742 755 qui
784 701 946 737 voces
986 684 1091 736 iam
1130 684 1229 736 scit
1266 700 1403 754 puer
1441 691 1493 736 et
1530 682 1671 754 pede
1712 691 1860 736 certo

365 788 549 858 Signat
585 786 833 846 humum,
877 784 1034 856 gestit
1070 784 1291 855 paribus
1334 784 1610 838 colludere
1650 793 1702 838 et
1741 784 1873 838 iram

368 887 575 957 Colligit
613 904 675 939 ac
714 886 862 957 ponit
898 894 1102 939 temere
1142 894 1194 939 et
1232 894 1465 939 mutatur
1506 886 1558 937 in
1596 885 1773 939 horas,

2014 885 2115 939 460

367 987 650 1041 Imberbus
690 987 898 1039 iuvenis
937 986 1152 1039 tandem
1193 987 1418 1040 custode
1459 995 1666 1040 remoto

404 1123 496 1161 455.
539 1121 697 1160 Sessori
734 1121 781 1160 B.
829 1143 874 1149 -
918 1121 1010 1159 457.
1052 1120 1266 1160 Nobilibus
1292 1122 1340 1160 B.
1378 1142 1422 1149 --
1457 1122 1623 1160 naturis
1652 1121 1864 1173 BSTEcp,
1906 1132 2062 1162 omnes

347 1184 538 1223 Pottierii
562 1185 604 1223 et
625 1183 889 1231 Hochederi,
920 1183 1030 1223 LCt:
1063 1184 1243 1222 maturis
1260 1183 1305 1232 b,
1328 1194 1422 1222 var.
1446 1182 1547 1223 lect.
1572 1196 1618 1232 σ,
1642 1194 1757 1223 unus
1779 1184 1907 1232 Feae,
1930 1184 2062 1223 Bent-

346 1245 479 1294 leius,
512 1247 599 1286 ΡΜ.
637 1268 681 1273 -
716 1245 809 1285 459.
841 1245 1013 1284 humum
1042 1249 1079 1284 et
1106 1245 1226 1297 qestit
1254 1246 1300 1284 B.
1338 1267 1381 1272 —-
1417 1245 1510 1284 460.
1545 1245 1608 1296 ac]
1643 1249 1717 1284 aut
1743 1256 1787 1296 p.
1819 1268 1862 1274 —-
1885 1245 1992 1285 hora
2010 1246 2058 1285 B.

351 1332 394 1337 —
431 1309 522 1348 464.
555 1309 762 1348 Imberbus
792 1319 815 1347 e
848 1308 955 1348 Cod.
979 1306 1131 1348 Bland.
1158 1307 1264 1347 dare
1294 1305 1474 1347 volebat
1504 1307 1724 1358 Cruquius
1744 1308 1787 1346 in
1808 1307 1885 1347 Ed.
1913 1307 2058 1355 4597.;

293 1427 378 1466 tico
409 1428 649 1477 praecepta
681 1425 889 1465 daturum
910 1436 1025 1466 esse.
1065 1427 1172 1465 «Pro

293 1488 434 1528 forma
465 1491 508 1528 et
538 1489 867 1528 constructione
894 1488 1172 1527 theatrorum

293 1551 412 1602 apud
441 1553 616 1591 veteres
646 1550 852 1591 aulaeum
887 1551 1069 1602 picturis
1099 1561 1174 1589 or-

292 1616 446 1653 natum
469 1612 538 1653 vel
569 1614 804 1661 intextum,
838 1615 885 1652 ut
905 1624 1040 1653 scena
1062 1624 1173 1664 ape-

291 1677 472 1724 riretur,
507 1687 595 1715 non
625 1675 861 1717 tollebatur
891 1677 934 1715 in
965 1675 1102 1715 altum
1126 1677 1174 1714 ut

293 1749 433 1786 nunc;
466 1737 547 1778 sed
568 1738 650 1778 sub
672 1737 839 1790 pulpita
856 1737 1174 1778 demittebatur

294 1801 462 1840 sensim
503 1798 748 1839 involutum
780 1799 997 1849 cylindro.
1042 1799 1169 1851 Apul.

291 1862 394 1901 Met.
420 1861 485 1900 40.
510 1872 553 1912 p.
578 1861 672 1900 233.
697 1862 863 1900 Princ.:
897 1862 1052 1901 Aulaeo
1082 1862 1175 1901 sub-

293 1925 414 1963 ducto
444 1927 481 1962 et
518 1923 761 1972 complicitis
798 1924 969 1972 sipariis
1010 1924 1174 1963 Paridis

291 1999 414 2027 scena
456 1988 736 2036 disponitur.»
792 1988 929 2027 Finito
968 1989 1069 2028 actu
1104 1987 1172 2027 vel

292 2052 463 2100 integro
486 2048 739 2100 spectaculo
765 2050 806 2088 in
830 2049 965 2089 altum
987 2049 1174 2090 tolleba-

291 2115 404 2151 tur.»
430 2113 526 2151 FEA.
553 2112 614 2151 Cf.
640 2112 749 2162 Epp.
775 2113 820 2160 2,
848 2113 892 2160 4,
923 2112 1016 2152 489.
1051 2112 1169 2163 Virg.

293 2176 368 2213 Ge.
393 2173 432 2221 3,
457 2174 522 2212 25.
557 2173 678 2213 Ovid.
703 2174 803 2213 Met.
828 2173 867 2221 3,
895 2174 966 2213 444
996 2185 1095 2226 sqq.
1124 2196 1167 2202 —

293 2235 454 2287 cautor]
486 2235 708 2276 Bentleius
739 2236 795 2275 ad
825 2237 1001 2276 Terent.
1034 2237 1169 2277 Andr.

293 2301 401 2338 extr.
420 2310 428 2336 ε
465 2298 603 2337 «Cum
625 2300 800 2338 actores
821 2310 977 2340 omnes
999 2311 1052 2339 ex
1072 2311 1166 2340 sce-

292 2372 348 2400 na
369 2361 561 2409 exirent,
596 2361 788 2401 cantoris
810 2363 926 2411 erat,
961 2361 1173 2414 depositis

292 2434 346 2462 ex
366 2433 442 2462 ore
467 2421 582 2462 tibiis
604 2424 790 2463 Plaudite
810 2424 1061 2464 insonare.»
1084 2426 1173 2465 Ve-

291 2495 393 2524 rum
430 2495 532 2524 cum
571 2494 685 2534 quae
721 2489 949 2536 postremo
980 2486 1174 2538 loquitur

290 2557 485 2598 persona
507 2546 739 2586 manifesto
762 2545 866 2586 illud
885 2549 1072 2589 Plaudite
1090 2561 1173 2601 po-

288 2607 392 2660 pulo
414 2607 629 2648 acclamet
652 2608 719 2657 (cf.
747 2609 835 2648 Cic.
862 2610 955 2648 Cat.
976 2612 1077 2649 mai.
1104 2612 1170 2661 49,

292 2671 358 2710 70.
395 2669 567 2718 Quintil.
593 2670 632 2719 6,
663 2671 701 2719 4,
725 2671 831 2721 52.),
865 2672 1030 2711 rectius
1062 2673 1174 2711 Her-

293 2743 482 2772 mannus
512 2733 699 2784 Opuscc.
734 2734 764 2772 1.
800 2745 841 2784 p.
866 2733 969 2773 302:
1007 2735 1174 2773 «Hora-

291 2795 377 2834 tius
408 2797 560 2845 aperte
593 2797 823 2835 cantorem
845 2798 889 2835 et
910 2796 1172 2836 histrionem

292 2856 486 2896 eundem
524 2868 624 2897 esse
664 2858 929 2908 significat.»
994 2858 1174 2898 Dubitat

290 2930 445 2959 rursus
491 2919 663 2960 Goeller
702 2920 758 2960 ad
799 2920 933 2961 Plauti
966 2922 1172 2961 Trinum-

291 2991 413 3020 mum
446 2992 487 3031 p.
522 2981 612 3020 435.
672 2982 757 3021 Sed
796 2982 850 3022 ef.
886 2983 1094 3022 Prudent.
1128 2984 1170 3022 in

291 3043 458 3092 Symm.
484 3043 531 3090 ⁶2,
561 3042 661 3083 646:
700 3045 748 3084 Ut
776 3045 962 3096 tragicus
989 3050 1172 3085 cantor

288 3104 400 3154 liqna
430 3105 528 3155 tegit
557 3116 636 3143 ora
674 3111 847 3156 cavato,
892 3107 1060 3147 Grande
1089 3106 1171 3146 ali-

289 3167 399 3215 quod
427 3167 544 3206 euius
565 3178 645 3216 per
673 3168 834 3207 hiatum
863 3170 1018 3208 crimen
1048 3170 1171 3208 anhe-

1238 1424 1457 1464 notandae
1489 1426 1534 1464 et
1564 1424 1727 1464 decore
1756 1424 1994 1465 imitandae
2017 1427 2119 1465 sunt

1237 1490 1440 1539 poetae.»
1473 1487 1536 1527 Cf.
1564 1488 1654 1527 Cic.
1679 1486 1735 1526 ad
1756 1488 1877 1527 Fam.
1902 1487 1952 1537 3,
1986 1487 2032 1537 8,
2067 1488 2114 1528 8:

1237 1550 1310 1590 etsi
1340 1551 1387 1589 de
1415 1553 1490 1589 tua
1531 1550 1707 1600 prolixa
1735 1550 1995 1601 beneficaque
2023 1561 2119 1589 ηα-

1237 1617 1354 1652 tura
1379 1612 1541 1651 limavit
1561 1612 1722 1662 aliquid
1735 1612 1945 1662 posterior
1965 1623 2114 1651 annus,

1237 1675 1325 1715 Etsi
1355 1675 1559 1726 speciosa
1589 1676 1658 1715 est
1677 1673 1859 1714 Bentleii
1878 1673 2007 1714 lectio
2027 1685 2120 1714 ma-

1237 1738 1366 1785 luris,
1409 1737 1602 1776 maxime
1632 1736 1732 1776 ideo
1763 1735 2003 1776 reiicienda
2033 1738 2115 1785 est,

1238 1799 1359 1850 quod
1389 1800 1536 1839 minus
1566 1801 1739 1839 rectam
1776 1793 2022 1839 ἀντίθεσιν
2051 1798 2118 1837 in-

1237 1861 1321 1901 fert
1363 1863 1478 1901 inter
1519 1873 1590 1901 vv.
1623 1861 1784 1901 mobilis
1823 1863 1867 1901 et
1902 1864 2116 1909 maturus,

1238 1935 1325 1974 qua
1371 1925 1578 1964 Horatius
1618 1935 1697 1975 pro
1735 1926 1858 1963 certo
1890 1933 2119 1974 nunquam

1236 1997 1345 2026 usus
1384 1989 1506 2026 esset
1547 1997 1628 2038 pro
1658 1985 1810 2026 verbis
1849 1986 2117 2035 immaturus,

1234 2050 1402 2098 viridis,
1436 2051 1612 2101 florens,
1647 2050 1848 2100 opposito
1868 2048 2010 2089 verbo
2029 2061 2120 2089 ma-

1235 2115 1368 2151 turus.
1418 2112 1501 2162 (Sic
1533 2111 1652 2151 enim
1671 2110 1896 2151 Bentleius
1927 2110 2119 2163 explica-

1235 2174 1320 2213 vit:
1355 2175 1432 2215 «Ut
1459 2174 1621 2213 maturi
1644 2174 1745 2212 anui
1773 2174 2052 2213 constantem
2074 2175 2118 2212 et

1237 2233 1424 2276 senilem
1455 2237 1648 2275 aetatem
1668 2268 1677 2285 ‚
1723 2235 1781 2275 ita
1809 2234 1977 2275 mobiles
2004 2247 2118 2287 pue-

1236 2297 1364 2338 rilem
1383 2297 1714 2348 iuvenilemque
1736 2297 1961 2338 denotant.
1994 2298 2113 2349 Virg.

1239 2362 1315 2400 Ge.
1335 2360 1374 2409 3,
1396 2360 1494 2400 465:
1518 2361 1610 2400 Iam
1628 2361 1777 2400 vitulos
1796 2360 1968 2400 hortare
1984 2361 2117 2400 viam-

1237 2433 1316 2471 que
1358 2423 1497 2462 insiste
1541 2423 1764 2472 domandi,
1818 2423 1934 2462 Dum
1973 2422 2120 2473 faciles

1237 2486 1369 2524 animi
1386 2485 1612 2534 iuvenum,
1631 2487 1730 2525 dum
1742 2483 1916 2525 mobilis
1934 2485 2115 2535 aetas»)

1237 2546 1349 2587 Nihil
1371 2549 1524 2587 autem
1542 2547 1903 2599 prohatAcronis
1925 2549 1970 2587 et
1989 2548 2119 2587 Com-

1238 2612 1496 2650 mentatoris
1519 2611 1654 2661 Cruq.
1677 2614 1871 2650 maturus
1897 2620 2024 2650 senex
2042 2620 2117 2649 re-

1236 2673 1399 2721 petitus
1431 2684 1485 2711 ex
1515 2685 1554 2712 v.
1581 2674 1674 2712 445.

1293 2733 1415 2772 458-AE
1428 2734 1493 2773 60.
1540 2736 1721 2774 Reddere
1742 2734 1913 2786 -voees]
1959 2733 2115 2774 «clare

1236 2795 1378 2846 loqui,
1414 2797 1539 2845 quasi
1570 2796 1794 2845 reddens,
1835 2796 1879 2835 id
1911 2798 2002 2846 est,
2035 2806 2116 2837 suo

1235 2857 1332 2897 loco
1362 2859 1526 2908 partim
1563 2860 1772 2909 repetens
1803 2869 1854 2899 ac
1883 2859 2116 2910 proferens

1235 2931 1384 2967 voces,
1418 2930 1528 2971 quas
1551 2932 1574 2960 a
1597 2920 1855 2972 parentibus
1877 2923 1921 2961 et
1944 2923 2114 2962 nutrice
2193 2962 2196 2963 ⁷

1234 2983 1415 3032 accepit,
1464 2983 1634 3033 didicit,
1674 2985 1837 3036 partim
1867 2986 2116 3036 interroga-

1235 3045 1428 3085 tionibus
1450 3047 1650 3098 apposite
1672 3047 1996 3099 respondens.»
2029 3049 2115 3089 Ca-

1235 3106 1324 3146 tull.
1349 3107 1416 3156 64,
1438 3109 1516 3147 466
1533 3121 1539 3146 ;
1573 3109 1658 3148 Nec
1676 3109 1825 3148 missas
1844 3110 1993 3149 audire
2011 3120 2115 3158 que—

1232 3173 1307 3208 unt
1336 3180 1408 3208 nee
1436 3170 1608 3209 reddere
1632 3181 1762 3210 voces.
1795 3171 1913 3221 Virg.
1937 3171 2045 3210 Aen.
2071 3172 2110 3220 4,

289 3228 355 3266 let.
392 3228 514 3268 Conf.
541 3230 629 3269 Cic.
655 3240 697 3281 p.
723 3230 864 3270 Sestio
893 3232 960 3279 55,
992 3231 1082 3271 448.
1122 3255 1164 3259 -κ
1233 3231 1336 3272 409;
1383 3243 1506 3271 veras
1538 3233 1688 3273 audire
1715 3237 1753 3272 el
1780 3233 1952 3272 reddere
1977 3243 2107 3272 voees.

286 3291 506 3331 Mobilibus
534 3292 712 3346 naturis]
761 3294 976 3333 «Naturae
1010 3294 1170 3333 liuma-
1235 3315 1279 3322 —-
1315 3295 1424 3343 qui-
1442 3295 1529 3334 iam
1559 3294 1661 3346 cet]
1692 3296 1766 3335 der
1794 3295 1892 3335 eben
1918 3295 2113 3344 sprechen

288 3365 369 3393 nae
402 3353 636 3395 mutabiles
661 3357 763 3395 sunt
792 3366 872 3406 pro
895 3355 1167 3406 singulorum
1228 3357 1366 3405 kann,
1401 3357 1521 3396 idem
1543 3357 1663 3408 quod
1695 3356 1948 3398 «simulac.»
1982 3357 2105 3397 Conf.

287 3416 518 3456 hominum
544 3419 689 3456 aetate
711 3417 1048 3468 progrediente3
1082 3420 1165 3458 hae
1232 3419 1359 3459 Hand
1389 3420 1513 3459 Turs.
1546 3421 1617 3459 111.
1653 3431 1697 3471 p.
1734 3419 1827 3459 443.
1859 3419 1905 3458 et
1934 3419 2026 3459 448.
2061 3442 2104 3447 --

286 3478 416 3529 igitur
445 3480 712 3520 mutationes
744 3481 911 3520 sensim
951 3480 1091 3521 factae
1123 3484 1168 3521 et
1230 3481 1380 3533 Signat
1399 3481 1582 3533 humum]
1616 3481 1822 3532 «vestigia
1845 3479 1938 3521 solo
1959 3480 2109 3532 impri-
