2231 3787
274 232 373 284 554

875 228 1089 268 HORATII
1118 225 1485 267 EPISTOLARUM

345 363 564 417 Derisor
602 360 722 415 lecti
761 360 838 413 sic
875 366 1061 411 nutum
1096 355 1271 409 divitis
1310 354 1519 412 horret,

347 465 434 518 Sic
473 465 626 517 iterat
664 478 827 516 voces
869 468 921 514 et
958 458 1123 512 verba
1164 454 1410 509 cadentia
1445 452 1601 513 tollit,

345 567 410 621 Ut
447 582 677 636 puerum
717 579 880 616 saevo
920 558 1112 613 credas
1150 556 1346 609 dictata
1383 554 1636 625 magistro

347 666 593 721 Reddere
632 663 715 717 vel
754 671 934 733 partes
974 660 1194 711 mimum
1235 664 1461 710 tractare
1501 653 1783 735 secundas.

393 833 450 870 14.
486 829 643 880 nutum]
675 828 834 867 vultum
864 839 916 875 φ.

277 985 362 1020 ων,
399 961 572 1018 καῦθις
602 964 692 1007 σὺν
722 963 947 1020 γελόωντι
978 961 1152 1018 γελῶν,

276 1030 394 1075 Οὔτε
412 1030 472 1073 σύ
495 1043 547 1084 γε
563 1026 815 1082 κλαυθμοῦ
838 1028 1151 1085 κεχρημένος,

277 1091 386 1136 Οὔτε
430 1092 657 1148 γέλωτος,
703 1091 795 1131 Καὶ
842 1088 1127 1146 κλαιωμιλίῃ
1144 1119 1154 1138 ,

277 1159 356 1198 καὶ
378 1154 678 1212 γελοωμιλίῃ.
710 1177 749 1183 -
777 1153 980 1204 imi-lecti]
1004 1153 1047 1192 in
1069 1163 1156 1203 quo

277 1231 363 1260 una
386 1230 489 1259 cum
514 1217 701 1258 convivii
725 1216 905 1256 domino
928 1214 1041 1255 soliti
1063 1215 1157 1254 eius

278 1292 460 1323 scurrae
476 1278 820 1320 accumbebant.
856 1277 918 1318 Cf.
943 1278 1031 1316 Sat.
1054 1277 1092 1325 2,
1117 1276 1156 1325 8,

280 1344 330 1385 40
353 1355 420 1394 sq.
462 1344 537 1382 Est
561 1343 710 1380 autem
734 1339 952 1391 genitivus
973 1337 1057 1378 loci
1078 1349 1161 1389 po-

279 1407 364 1445 tius
395 1415 530 1456 quam
562 1403 745 1451 obiecti,
778 1413 859 1454 pro
889 1412 976 1452 quo
1009 1412 1033 1439 a
1062 1399 1161 1451 ple-

280 1470 430 1518 risque
463 1465 571 1506 falso
601 1465 816 1513 habetur,
863 1466 911 1503 ut
941 1463 1016 1512 sit,
1060 1461 1160 1512 «qui

282 1530 417 1570 modo
440 1528 612 1580 patroni
634 1527 761 1567 dictis
782 1526 1001 1573 arrideat,
1027 1523 1161 1563 modo

280 1594 426 1644 ipsum
458 1590 702 1630 derideat.»
764 1589 851 1628 Sed
883 1587 1062 1628 obstant
1090 1584 1159 1625 vel

278 1667 349 1694 vx:
374 1655 430 1693 sic
462 1657 610 1692 nutum
636 1652 774 1691 divitis
802 1651 966 1690 horret:
1001 1659 1162 1699 quam-

281 1729 416 1769 quam
446 1716 635 1756 afferunt
667 1715 753 1753 Sat.
780 1714 822 1763 4,
847 1713 897 1762 4,
920 1712 1085 1753 87-89.
1121 1712 1164 1751 et

282 1782 477 1820 Senecae
503 1777 649 1817 locum
672 1777 808 1828 Epist.
833 1776 907 1815 27:
942 1775 1085 1814 Suasit
1105 1773 1164 1812 illi

284 1841 472 1893 (Sabino)
495 1840 690 1880 Satellius
720 1839 984 1888 Quadratus,
1017 1835 1164 1875 stulto-

280 1915 378 1943 rum
407 1904 581 1942 divitum
612 1912 853 1949 arrosor,
887 1903 946 1948 et,
978 1899 1088 1947 quod
1107 1908 1166 1936 se-

284 1967 449 2015 quitur,
497 1965 737 2011 arrisor,
780 1967 838 2012 et,
872 1962 981 2012 quod
1011 1960 1167 2000 duobus

283 2029 345 2068 his
360 2028 603 2067 adiunctum
619 2030 690 2075 est,
711 2025 940 2074 derisor,
960 2027 1006 2062 ut
1023 2033 1168 2074 qram-

282 2091 458 2130 maticos
490 2088 657 2128 haberet
686 2087 914 2126 analecta&
959 2085 1045 2124 Sed
1068 2085 1112 2123 h.
1136 2082 1165 2122 l.

286 2152 446 2191 derisor
477 2153 545 2190 est
573 2151 634 2198 is,
670 2149 794 2188 cuius
817 2147 944 2198 quasi
974 2146 1168 2186 officium

288 2216 385 2255 erat
414 2215 590 2252 ceteros
614 2222 791 2251 scurras
813 2212 945 2261 atque
967 2207 1167 2255 umbras,

286 2277 493 2316 homines
526 2275 658 2314 etiam
689 2273 922 2320 absentes,
957 2271 1084 2310 dictis
1105 2269 1171 2309 fa—

287 2340 395 2380 cetis
445 2339 487 2377 et
535 2336 823 2377 mordacibus
883 2332 1168 2381 traducendi,

287 2413 374 2452 quo
402 2401 660 2441 convivator
681 2400 724 2438 et
746 2398 820 2448 qui
844 2397 965 2448 paris
987 2396 1173 2435 aderant

288 2464 560 2504 condicionis
583 2460 948 2501 exhilararentur.
986 2459 1173 2508 Compa-

287 2527 452 2567 randus
485 2528 552 2565 est
581 2535 683 2563 cum
713 2524 799 2562 hoc
829 2522 1022 2573 parasito
1056 2521 1173 2559 The-

289 2590 415 2641 ophr.
442 2588 572 2628 Char.
597 2587 636 2625 Ξ.
671 2587 715 2626 et
745 2587 793 2625 A.
818 2586 863 2624 P.
888 2583 967 2624 4028
989 2593 1087 2633 sqq.
1126 2604 1169 2609 —

287 2651 449 2700 nutum]
473 2650 562 2690 Cic.
586 2647 742 2688 Parad.
763 2649 803 2696 5,
825 2646 900 2687 39:
923 2644 1175 2686 Hereditatis

289 2725 378 2764 spes
396 2736 419 2742 -
435 2735 457 2742 -
478 2723 599 2763 quem
637 2715 813 2750 nutum
843 2708 1055 2758 locupletis
1084 2706 1174 2746 orbi

290 2777 397 2817 senis
427 2787 509 2815 non
545 2772 767 2814 observat?
799 2769 1083 2822 Pseudoplut.
1117 2768 1173 2808 de

292 2839 421 2878 educ.
445 2848 570 2889 puer.
597 2836 673 2876 44:
706 2831 943 2883 Κόλακες,
977 2833 1027 2872 οἱ
1055 2828 1174 2889 πρὸς

292 2897 346 2940 τὸ
385 2895 480 2938 τῶν
520 2897 762 2939 πλουσίων
799 2894 955 2949 νεῦμα
987 2893 1171 2947 ζῶντες.

298 2987 340 2991 —
374 2961 532 3012 horret]
575 2962 725 3000 «tanta
758 2970 860 3000 cum
892 2958 1176 2998 observantia

294 3035 474 3065 omnem
505 3024 676 3074 patroni
710 3023 867 3061 nutum
900 3020 1173 3071 exsequitur,

296 3088 421 3139 quasi
435 3097 539 3125 eum
556 3087 603 3124 ut
620 3088 858 3135 tyrannum
871 3081 1173 3123 reformidet.»

298 3172 343 3178 -
358 3149 427 3189 Sic
448 3148 552 3196 cet.]
576 3149 685 3186 «Pro
706 3146 832 3185 iterat
849 3143 1176 3183 vocesBarthius

297 3224 349 3253 ex
378 3209 707 3257 vetustissimo,
740 3209 789 3246 ut
818 3208 988 3256 narrat,
1022 3205 1176 3246 codice

299 3274 433 3314 Advv.
458 3272 526 3321 38,
549 3270 616 3311 32.
641 3269 842 3310 exhibet:
882 3269 952 3308 Sic
969 3272 1088 3309 verat
1106 3279 1180 3308 vo-

296 3347 382 3384 ces,
414 3335 500 3375 hoc
522 3335 609 3383 est,
643 3333 716 3382 ait,
742 3342 898 3372 «veras
919 3341 1054 3371 voces
1076 3341 1176 3371 esse

295 3397 432 3447 iubet,
453 3394 620 3437 calculo
636 3406 717 3436 suo
732 3393 976 3434 verificat.»
1007 3392 1176 3433 Bellum

300 3471 405 3500 sane
449 3460 699 3507 hominem,
748 3457 819 3508 qui
853 3458 942 3496 tam
974 3466 1103 3497 casco
1135 3456 1178 3495 et

1221 963 1347 1014 opico
1364 958 1582 1001 vocabulo
1600 960 1779 1011 poetam
1797 959 1999 998 nostrum
2020 958 2101 998 im-

1220 1024 1379 1076 pertit!
1427 1023 1558 1073 Atqui
1589 1023 1633 1061 et
1661 1020 1781 1072 apud
1811 1021 2026 1061 cinctutos
2048 1019 2100 1060 il-

1220 1086 1286 1126 los
1314 1097 1464 1126 verare
1489 1083 1692 1125 absolute
1715 1083 1883 1123 dictum
1905 1084 2000 1123 erat
2019 1093 2100 1134 pro

1219 1159 1322 1188 vera
1352 1148 1498 1188 dicere.
1550 1145 1710 1186 Gellius
1733 1145 1808 1194 48,
1831 1145 1876 1184 2:
1928 1143 2104 1194 Quaesi-

1221 1215 1309 1250 tum
1328 1214 1409 1259 est,
1440 1209 1610 1248 verbum
1630 1208 1809 1256 verant,
1839 1208 1949 1255 quod
1976 1205 2104 1257 siqni-

1219 1274 1319 1324 ficat
1347 1283 1454 1311 vera
1484 1270 1657 1318 dicunt,
1700 1270 1894 1319 quisnam
1918 1272 2105 1308 veterum

1217 1336 1444 1385 poetarum
1461 1331 1647 1373 daverit?
1666 1355 1688 1361 —
1699 1355 1722 1361 -
1737 1343 1855 1372 nemo
1871 1332 1981 1372 enim
1995 1341 2105 1371 com-

1223 1397 1470 1437 meminerat
1498 1396 1652 1435 dictum
1683 1405 1766 1434 esse
1785 1406 1813 1434 a
1835 1395 1882 1444 Q.
1906 1394 2043 1433 Ennio
2063 1393 2107 1432 id

1222 1459 1394 1498 verbum
1412 1459 1457 1497 in
1474 1458 1581 1496 XIII.
1604 1457 1831 1496 Annalium
1854 1457 1898 1495 in
1917 1456 1994 1495 isto
2012 1465 2106 1495 ver-

1224 1533 1302 1560 su:
1362 1520 1473 1559 satin
1515 1523 1631 1559 vates
1677 1519 1835 1559 verant
1881 1521 2016 1557 aetate
2062 1518 2107 1556 in

1226 1581 1437 1633 aquimola?
1468 1582 1675 1632 Nequeas
1705 1581 1853 1631 itaque
1880 1580 2107 1620 transitive

1227 1645 1379 1684 dicere
1418 1654 1569 1683 verare
1602 1654 1742 1692 voces,
1780 1644 1830 1682 ut
1865 1654 1922 1682 ne
1962 1642 2108 1682 dicam

1227 1707 1495 1748 sententiam
1537 1706 1679 1757 ipsam
1724 1705 1842 1745 clare
1885 1700 1941 1744 τὸ
1983 1704 2112 1744 iterat

1227 1769 1469 1820 flagitare.»
1501 1769 1654 1808 BENTL.
1691 1790 1735 1795 -
1767 1767 1962 1807 cadentia
1991 1764 2108 1817 tollit]

1230 1830 1504 1871 «excidentia
1535 1832 1579 1870 et
1610 1833 1780 1869 temere
1809 1828 1981 1881 prolata
2010 1838 2113 1869 sus—

1229 1894 1333 1944 cipit
1360 1904 1441 1945 pro
1472 1892 1686 1932 mirandis
1720 1893 1906 1943 propter
1941 1890 2112 1931 festivi—

1230 1958 1368 1996 tatem
1398 1966 1450 1994 ac
1479 1953 1724 2006 leporem.»
1757 1955 1911 1993 Senon.

1288 2017 1353 2058 43.
1379 2017 1446 2058 44.
1479 2028 1602 2057 saevo
1617 2039 1640 2045 —
1657 2039 1680 2046 -
1699 2015 1918 2067 maqistro]
1952 2026 2002 2056 «a
2017 2015 2113 2066 pla-

1230 2092 1328 2133 9030
1349 2079 1497 2131 aliquo
1521 2079 1719 2119 Orbilio.»
1754 2079 1877 2131 (Epp.
1902 2079 1942 2127 2,
1968 2079 2007 2127 4,
2026 2078 2110 2128 70.)

1237 2166 1279 2172 -—
1306 2143 1478 2193 dictata]
1519 2138 1579 2182 τὰ
1607 2136 2109 2194 ἀποστοματιζόμενα.

1233 2204 1339 2246 Plat.
1369 2204 1560 2255 Euthyd.
1592 2215 1635 2256 p.
1659 2204 1754 2244 276.
1779 2204 1827 2244 C.
1862 2203 1951 2244 Cic.
1976 2202 2032 2242 ad
2061 2204 2110 2251 Q.

1233 2268 1283 2309 fr.
1308 2269 1377 2308 ΙΙΙ.
1404 2269 1449 2317 4,
1482 2267 1528 2316 4,
1564 2268 1607 2306 44
1630 2278 1637 2305 ;
1669 2276 1807 2306 meam
1837 2265 2111 2317 (orationem)

1233 2331 1277 2369 in
1314 2330 1431 2369 illum
1462 2330 1520 2379 (L.
1558 2329 1766 2368 Pisonem
1802 2326 2112 2377 Caesoninum)

1227 2393 1352 2444 pueri
1396 2402 1534 2431 omnes
1570 2394 1789 2439 tamquam
1831 2389 1991 2429 dictata
2015 2400 2115 2440 per-

1235 2457 1408 2495 discant.
1438 2477 1481 2482 --
1504 2452 1690 2503 reddere]
1715 2452 1777 2492 Cf.
1803 2451 1860 2491 ad
1879 2452 1988 2504 Epp.
2012 2452 2051 2500 4,
2073 2452 2111 2501 4,

1235 2519 1302 2558 55.
1328 2517 1417 2556 Cic.
1438 2515 1493 2555 de
1510 2516 1560 2555 N.
1580 2516 1630 2554 D.
1655 2515 1692 2563 4,
1714 2514 1779 2563 26,
1801 2514 1872 2554 72;
1904 2514 1990 2553 Ista
2006 2513 2116 2553 enim

1236 2591 1264 2618 a
1294 2579 1404 2618 vobis
1423 2578 1543 2628 quasi
1564 2577 1724 2616 dictata
1742 2577 1990 2624 redduntur,
2009 2586 2116 2624 quae

1235 2641 1446 2691 Epicurus
1481 2640 1660 2679 oscitans
1695 2639 1933 2678 alucinatus
1959 2640 2029 2676 est.
2068 2659 2112 2664 —

1229 2708 1375 2755 partes
1401 2703 1575 2742 mimwm
1601 2704 1788 2739 tractare
1806 2699 2019 2750 secundas]
2051 2699 2114 2738 De

1237 2766 1384 2807 mimis
1428 2763 1607 2816 proprie
1648 2761 1776 2801 dictis
1806 2761 2115 2812 accipiendum

1236 2830 1342 2881 puto
1384 2826 1530 2878 potius
1577 2834 1712 2876 quam
1757 2823 1812 2862 de
1858 2822 2110 2863 comoedis:

1238 2901 1342 2930 nam
1366 2888 1514 2940 (actor)
1531 2887 1810 2927 secundarum
1822 2886 2015 2936 partium
2032 2885 2119 2936 fere

1239 2951 1425 2992 omnibus
1465 2950 1603 2989 mimis
1631 2948 1851 2999 parasitus
1888 2948 2116 2996 inducitur,

1238 3017 1287 3055 ut
1332 3015 1392 3054 ait
1422 3015 1576 3054 Festus
1620 3013 1662 3052 in
1693 3011 1824 3051 Salva
1849 3022 1917 3051 res
1944 3021 1988 3062 p.
2020 3010 2115 3050 326.

1240 3075 1384 3118 Muell.
1431 3077 1472 3116 Is
1510 3076 1640 3127 igitur
1670 3074 1924 3115 necessario
1953 3082 2119 3125 perpe-

1240 3142 1340 3180 tuus
1385 3138 1511 3189 quasi
1555 3138 1805 3178 assentator
1834 3135 1996 3175 actoris
2026 3135 2120 3184 pri-

1240 3211 1416 3242 marum
1454 3200 1645 3253 partium
1683 3199 1777 3239 erat
1811 3199 1944 3248 atque
1973 3195 2120 3235 imita-

1239 3265 1310 3304 tor
1353 3263 1544 3304 maxime
1580 3263 1731 3312 gestu,
1779 3259 1852 3310 qui
1882 3257 2117 3310 primariae

1240 3336 1460 3378 personae
1481 3323 1631 3364 verbis
1653 3324 1696 3363 et
1715 3319 1911 3373 gestibus
1931 3329 2120 3371 respon-

1242 3389 1382 3430 deret.
1430 3389 1572 3438 Atque
1610 3382 1777 3426 bellum
1817 3381 1959 3422 habes
1989 3380 2119 3421 huius

1241 3451 1494 3494 imitationis
1513 3446 1765 3500 exemplum
1786 3446 1827 3485 in
1845 3446 2023 3486 Sueton.
2041 3443 2120 3483 Ca-
