2231 3787
218 302 318 355 496

817 298 1031 339 HORATII
1061 296 1430 338 EPISTOLARUM

289 437 440 500 Quae
461 449 608 485 mare
637 437 981 501 compescant
1008 443 1234 485 causae,
1279 424 1407 495 quid
1438 430 1702 493 temperet
1728 440 1949 484 annum,

291 535 485 590 Stellae
526 541 716 605 sponte
757 549 876 592 sua,
921 532 1172 582 iussaene
1212 534 1475 596 vagentur
1515 532 1566 578 et
1605 532 1812 584 errent,

299 638 439 703 Quid
477 644 685 708 premat
723 634 1015 687 obscurum
1052 629 1240 687 lunae,
1283 626 1414 698 quid
1455 626 1691 698 proferat
1729 625 1944 686 orbem,

292 740 432 805 Quid
474 738 599 792 velit
638 744 689 789 et
728 733 900 805 possit
938 749 1120 784 rerum
1159 728 1450 783 concordia
1490 727 1729 787 discorS,

294 838 672 912 EmpedocleS,
717 854 782 888 an
823 833 1133 888 Stertinium
1174 830 1369 884 deliret
1407 846 1651 883 acumen.

1983 828 2051 881 ΞΟ

295 945 516 1001 Verum,
561 958 659 994 seu
701 938 879 1010 pisces
919 953 1018 989 seu
1056 951 1278 1005 porrum
1320 940 1372 984 et
1410 948 1578 1002 caepe
1616 929 1880 991 trucidas,

336 1095 398 1134 117.
434 1092 482 1143 et]
519 1103 571 1131 an
605 1102 647 1142 p.

227 1231 346 1278 Quae
378 1228 449 1268 hic
472 1226 802 1273 memorantur,
836 1222 956 1263 haud
978 1221 1108 1261 nimis

225 1292 376 1341 utique
410 1288 595 1330 curabat
635 1289 787 1339 poeta,
829 1285 947 1325 unde
979 1281 1107 1325 simul

225 1353 335 1393 levis
357 1354 400 1392 et
426 1352 567 1392 amica
598 1351 712 1390 inest
740 1349 900 1388 ironia:
937 1346 1110 1385 «adhuc

228 1426 381 1465 cures,
438 1426 552 1466 quae
602 1414 824 1452 humanae
875 1409 1111 1462 cognitioni

228 1481 385 1530 negata
420 1478 563 1518 sunt.»

285 1540 430 1580 -16-20.
481 1540 595 1588 Quae
633 1548 755 1576 mare
795 1534 898 1586 cet]
939 1533 1112 1574 Similes

229 1604 312 1644 loci
333 1604 436 1643 sunt
457 1602 574 1652 Yirg.
600 1602 674 1640 Ge.
698 1601 748 1649 2,
774 1598 852 1639 475
875 1608 974 1648 sqq.
1010 1598 1115 1636 Pro-

229 1667 340 1719 pert.
374 1664 421 1713 4,
455 1664 504 1712 4,
538 1665 588 1703 ⁶25
633 1674 731 1714 sqq.
783 1659 928 1702 Manil.
972 1660 1019 1707 l,
1062 1657 1113 1698 94

231 1739 328 1779 sqq.
382 1728 487 1766 Stat.
528 1724 628 1765 Silv.
668 1726 715 1773 5,
755 1723 802 1772 3,
849 1723 899 1763 49
930 1732 1029 1773 sqq.
1066 1744 1111 1749 —

230 1793 490 1840 compescant
509 1810 527 1817 -
548 1786 755 1838 temperet]
788 1786 991 1837 Propert.
1022 1783 1051 1823 i.
1084 1782 1111 1822 l.

232 1854 312 1893 37:
361 1852 494 1892 Curve
522 1862 615 1890 suos
642 1851 743 1901 sines
773 1850 906 1888 altum
934 1859 1015 1886 non
1039 1857 1116 1885 eac-

233 1919 302 1956 eat
331 1925 514 1963 aequor,
545 1913 692 1952 Plenus
712 1912 812 1950 etin
837 1914 979 1960 partes
998 1911 1119 1958 quat-

234 1983 329 2018 tuor
359 1986 495 2015 annus
530 1978 610 2014 eat.
647 1996 692 2001 —
724 1976 867 2022 sponte
901 1982 978 2010 sua
1015 1967 1117 2019 cet]

239 2039 502 2091 «proprione
539 2036 708 2086 impetu
739 2036 871 2084 atque
912 2033 1120 2072 instinctu

236 2113 292 2141 an
328 2102 463 2139 iussae
499 2109 550 2137 ac
592 2097 751 2136 ductae
794 2096 975 2135 numine
1008 2094 1121 2133 divi-

237 2175 338 2204 no.»
390 2163 458 2201 Sic
497 2161 614 2210 Virg.
647 2161 755 2198 Aen.
785 2159 833 2207 9,
867 2158 933 2197 ΞΛ.
963 2156 1121 2206 palan-

238 2231 295 2266 tes
316 2225 414 2275 polo
445 2224 582 2263 stellas
614 2222 739 2270 dicit,
774 2231 826 2260 ac
855 2230 1040 2272 prorsus
1075 2220 1123 2257 ut

238 2288 467 2334 Horatius,
493 2286 647 2325 Cicero
666 2284 722 2324 de
744 2285 849 2334 Rep.
878 2284 892 2321 l
914 2315 921 2332 ‚
947 2281 1019 2331 114,
1044 2282 1118 2321 22:

238 2350 478 2397 stellarum,
512 2358 618 2398 quae
639 2350 826 2386 errantes
846 2349 883 2385 et
913 2344 1032 2394 quasi
1049 2355 1125 2383 va-

238 2423 317 2464 9ae
344 2411 677 2451 nominarentur.
715 2432 759 2437 —-
783 2407 964 2458 pre—mat]
993 2406 1124 2446 «abs-

241 2474 403 2514 condat
422 2485 458 2521 3»
517 2473 735 2512 obscurum
792 2472 943 2510 autem
999 2464 1124 2508 κατὰ

242 2534 516 2594 πρόληψιν,
543 2535 627 2574 «ita
647 2535 696 2573 ut
716 2532 1026 2572 obscuretur.»
1058 2533 1125 2571 In-

243 2598 386 2650 tellige
429 2597 483 2637 de
525 2596 661 2638 solitis
691 2595 822 2635 lunae
852 2594 1125 2635 vicissitudi-

242 2661 396 2711 nibus,
441 2656 673 2699 κενώσεσι
709 2659 790 2698 καὶ
826 2655 1121 2715 πληρώσεσι,

243 2735 333 2764 non
388 2723 442 2763 de
499 2722 594 2762 eius
656 2721 847 2761 defectu.
919 2720 1125 2760 Similiter

243 2789 374 2837 Prop.
398 2785 424 2825 l.
448 2784 476 2824 l.
499 2785 572 2824 27:
606 2785 714 2823 unde
743 2784 895 2823 coactis
925 2783 1126 2823 Cornibus

245 2850 287 2888 in
320 2849 492 2898 plenum
527 2851 742 2887 menstrua
779 2847 880 2885 luna
913 2846 1033 2885 redit.
1075 2870 1119 2874 —

248 2911 355 2960 Quid
382 2910 477 2949 velit
497 2914 533 2949 et
555 2909 701 2960 possit]
728 2910 857 2956 «Quis
879 2909 975 2948 finis
998 2907 1126 2959 (σκο-

248 2968 353 3023 πός)
385 2974 428 3011 et
457 2983 570 3022 quae
591 2972 656 3011 vis
685 2972 740 3010 sit
769 2971 923 3010 mundi
953 2971 1128 3009 univer-

249 3036 326 3075 si.»
355 3058 398 3062 —-
431 3034 655 3073 concordia
683 3034 854 3082 discors]
880 3033 1127 3072 «universi-

249 3099 316 3136 tas
360 3106 538 3143 rerum,
586 3094 688 3135 licet
731 3095 858 3134 nobis
902 3094 1127 3133 interdum

251 3158 420 3198 discors
448 3157 672 3205 videatur,
705 3159 854 3196 tamen
876 3154 1126 3195 admirabili

251 3218 523 3271 singularum
550 3219 742 3270 partium
769 3217 1005 3257 concordia
1036 3217 1130 3256 iun-

253 3284 364 3323 cta.»
406 3282 474 3321 Sic
495 3280 617 3320 Ovid.
642 3280 744 3319 Met.
770 3280 785 3318 4
809 3311 817 3328 ,
841 3279 941 3319 433:
975 3280 1132 3318 discors

252 3344 477 3384 concordia
510 3342 658 3394 fetibus
687 3345 789 3392 apta
817 3345 887 3381 est.
948 3341 1011 3381 Cf.
1045 3343 1128 3381 La-

255 3408 387 3446 ctant.
411 3407 515 3446 Inst.
538 3406 585 3453 2,
619 3404 667 3443 9:
704 3403 931 3452 Philosophi
960 3404 1130 3452 quidam

255 3473 292 3508 et
314 3470 463 3518 poetae
483 3467 663 3507 discordi
687 3466 911 3505 concordia
929 3467 1130 3505 mundum

256 3535 444 3570 constare
472 3531 682 3570 dixerunt.
734 3529 901 3568 Seneca
932 3529 1126 3575 Quaestt.

1169 1220 1264 1258 Nat.
1291 1219 1336 1267 7,
1366 1218 1440 1267 27,
1474 1217 1520 1256 3:
1558 1217 1658 1256 Tota
1675 1216 1776 1255 haec
1795 1214 1940 1254 mundi
1959 1226 2055 1254 con-

1170 1281 1315 1320 cordia
1331 1291 1385 1320 eat
1400 1278 1655 1319 discordibus
1670 1281 1844 1318 constat.
1875 1279 2055 1317 Inversa

1171 1343 1342 1382 ratione
1374 1341 1574 1383 Manilius
1598 1342 1640 1390 4,
1674 1340 1768 1380 444.
1803 1340 2058 1379 discordiam

1171 1406 1415 1445 concordem
1456 1404 1575 1443 dixit.
1638 1404 1702 1443 De
1743 1412 1961 1453 oxymoro
2002 1401 2057 1442 cf.

1172 1470 1282 1520 Epp.
1310 1469 1324 1507 l
1349 1500 1357 1517 ,
1383 1469 1426 1507 Μ
1448 1499 1455 1515 ,
1479 1466 1545 1506 28.
1570 1489 1614 1494 --
1634 1465 1914 1516 Empedocles]
1937 1464 2062 1516 Agri-

1175 1531 1401 1582 gentinus,
1461 1529 1740 1579 Pythagorae
1800 1526 2057 1579 discipulus.

1175 1595 1225 1634 H.
1258 1592 1285 1633 l.
1321 1591 1595 1643 significatur
1639 1592 1733 1631 eius
1777 1594 1937 1641 νεῖκος
1978 1589 2060 1630 καὶ

1176 1655 1328 1707 φιλία.
1358 1656 1529 1705 Fragm.
1551 1654 1622 1694 ed.
1643 1655 1769 1694 Sturz
1787 1666 1829 1693 v.
1849 1654 1929 1694 203
1947 1647 2065 1693 :³212-

1177 1719 1285 1760 λοτε
1333 1716 1423 1771 μὲν
1472 1713 1699 1769 φιλότητι
1747 1712 2060 1773 συνερχόμεν’

1178 1783 1245 1833 εἷς
1276 1778 1327 1821 ἓν
1357 1773 1572 1831 ἅπαντα,
1591 1774 1783 1819 Ἄλλοτε
1812 1777 1850 1817 δ’
1880 1771 1944 1819 αὖ
1972 1777 2064 1827 δίχ’

1179 1840 1361 1886 ἕκαστα
1391 1839 1671 1900 φορεύμενα
1699 1843 1883 1892 νείκεος
1912 1836 2062 1890 ῗέχθει.

1181 1907 1408 1949 Claudian.
1435 1906 1490 1945 de
1513 1904 1570 1945 Fl.
1595 1903 1723 1945 Mallii
1744 1904 1911 1944 Theod.
1932 1905 2064 1944 Cons.

1180 1971 1256 2009 72:
1290 1969 1404 2008 Alter
1426 1965 1767 2019 (Empedocles),
1799 1967 1844 2005 in
1862 1967 2069 2006 Aetnaeas

1180 2042 1360 2071 casurus
1378 2034 1522 2079 sponte
1549 2029 1740 2080 favillas,
1772 2029 1986 2080 Disperqit
2004 2040 2070 2069 re-

1179 2098 1382 2143 vocatque
1424 2093 1565 2140 deum,
1607 2101 1860 2139 rursumque
1895 2093 2070 2142 receptis

1181 2156 1317 2196 Nectit
1366 2154 1562 2193 amicitiis
1611 2153 1812 2203 quidquid
1859 2154 2069 2194 discordia

1182 2219 1315 2258 solvit.
1365 2216 1428 2257 Cf.
1466 2218 1515 2256 A.
1555 2217 1599 2255 Ρ.
1639 2215 1733 2256 465.
1785 2215 2069 2267 Empedoclis

1185 2282 1335 2321 autem
1382 2280 1578 2319 carmina
1626 2278 1885 2329 frequenter
1923 2290 1946 2318 a
1983 2280 2071 2319 Ro-

1184 2343 1327 2383 manis
1372 2341 1655 2393 legebantur,
1701 2343 1749 2380 ut
1794 2341 2071 2382 demonstrat

1185 2406 1415 2446 Lucretius
1447 2406 1490 2443 et
1522 2404 1599 2443 Cn.
1635 2401 1809 2443 Salustii
1845 2404 2072 2455 Empedo-

1186 2467 1281 2508 clea
1311 2467 1457 2507 derisa
1489 2477 1513 2505 a
1546 2466 1761 2506 Cicerone
1783 2465 1839 2505 ad
1860 2466 1909 2513 Q.
1933 2467 2001 2506 Fr.
2024 2466 2066 2516 2,

1187 2532 1230 2570 Μ
1256 2561 1263 2579 ,
1297 2529 1336 2570 4.
1365 2550 1408 2557 -
1435 2529 1681 2568 Stertinium
1710 2528 1854 2567 deliret
1883 2528 2070 2580 acumen]

1186 2593 1286 2632 SIne
1317 2593 1435 2632 ioco:
1486 2591 1774 2641 «Investigas,
1807 2591 1959 2631 utrum
1991 2601 2073 2631 ve-

1185 2655 1276 2694 rior
1305 2655 1360 2694 sit
1400 2654 1586 2705 physica
1618 2653 1815 2693 doctrina
1846 2652 2073 2704 Empedo-

1187 2717 1288 2765 clis,
1336 2727 1391 2756 an
1436 2716 1728 2755 Stoicorum.»
1791 2716 1886 2754 Iam
1928 2714 2071 2755 facete

1184 2790 1266 2832 pro
1307 2779 1463 2818 Stoicis
1503 2777 1626 2828 ponit
1670 2775 1905 2816 ridiculum
1950 2777 2073 2818 illum

1186 2840 1451 2887 Stertinium,
1502 2853 1520 2872 «
1535 2839 1789 2889 sapientum
1833 2840 2039 2879 octavum
2052 2855 2070 2875 »

1188 2903 1288 2953 (Sat.
1322 2901 1370 2949 2,
1414 2900 1463 2949 3,
1506 2900 1573 2939 33.
1605 2900 1742 2950 ἓ96.),
1777 2901 1879 2951 «qui
1911 2901 2070 2941 CCXX.

1185 2963 1323 3004 libros
1363 2964 1613 3002 Stoicorum
1663 2963 1814 3002 Latine
1859 2964 2071 3015 scripsit»

1190 3025 1391 3077 (Senon),
1427 3025 1556 3076 eique
1578 3025 1680 3063 κατ’
1705 3024 1948 3081 εἰρωνείαν
1968 3035 2074 3064 acu-

1186 3099 1280 3127 men
1311 3087 1484 3134 tribuit3
1532 3087 1779 3127 Stertinium
1809 3089 1959 3127 autem
1991 3097 2072 3138 pro

1188 3150 1510 3198 Stertinianwm,
1536 3150 1583 3188 ut
1605 3147 1683 3188 Od.
1708 3147 1754 3197 4,
1781 3148 1853 3197 42,
1879 3148 1950 3188 48:
1983 3147 2076 3187 Sul-

1184 3212 1307 3262 piciis
1327 3234 1351 3240 -
1370 3211 1543 3251 horreis.

1242 3272 1389 3313 24-24.
1441 3273 1589 3312 Verum
1618 3282 1689 3311 seu
1717 3270 1820 3321 cet]
1878 3270 2072 3311 «Verum

1191 3335 1446 3385 quicunque
1493 3335 1593 3373 tuae
1637 3333 1752 3372 vitae
1799 3332 1869 3371 est
1896 3330 2074 3372 habitus

1192 3399 1342 3447 (quem
1373 3397 1478 3436 satis
1509 3394 1759 3446 simplicem
1780 3404 1833 3433 ac
1858 3392 2073 3445 frugalem

1192 3469 1292 3499 esse
1315 3457 1457 3510 probe
1480 3458 1597 3506 novi,
1622 3457 1786 3508 quippe
1809 3466 1912 3496 cum
1931 3456 2073 3496 victus

1193 3524 1293 3560 tuus
1325 3522 1528 3559 constare
1561 3529 1646 3558 non
1678 3516 1816 3557 soleat
1837 3518 1917 3558 nisi
1944 3517 2074 3568 pisci-
