2231 3787
145 223 249 275 932
940 220 1170 268 musiouu

142 360 296 407 e'poque
326 366 394 394 son
428 356 593 405 eleqant
623 364 808 405 ouvrage
836 353 1001 392 intitule'
1016 365 1028 390 .·
1062 351 1349 393 Monochordi
1371 353 1577 391 notarum
1599 362 1680 403 per
1700 352 1780 391 tria
1802 362 1965 402 genera

144 427 317 479 partitio
350 425 468 476 (ibid.
500 436 544 476 p.
570 423 816 474 304—3402).
838 424 863 474 ¹)

253 498 316 536 La
342 496 476 535 verite
501 505 565 534 me
592 495 673 546 fait
698 506 756 534 wi
787 495 929 533 devoir
958 494 1006 532 de
1035 492 1219 543 siqnaler
1247 491 1300 530 ici
1328 503 1387 530 un
1410 503 1594 543 passaye
1614 492 1685 541 qui
1716 491 1844 532 existe
1864 493 1970 531 dans

144 580 202 607 wi
231 567 360 607 traite‘
386 567 433 605 de
463 566 649 614 musique
679 575 884 613 anonyme
914 574 990 612 que
1020 562 1192 602 Gerbert
1221 573 1249 600 a
1274 561 1417 611 publie'
1444 562 1471 601 a
1495 562 1538 600 la
1567 562 1670 601 suite
1690 562 1737 601 dc
1756 562 1972 613 i'ouvragye

145 640 193 677 dc
220 637 443 676 Bernelin:
479 636 777 685 «Priusquam
808 633 971 685 (trium)
1005 642 1222 683 generum
1253 631 1578 671 dimensionem
1598 633 1642 671 in
1663 631 1971 671 monochordo

144 708 371 759 incipiam,
405 707 463 746 dit
492 706 698 753 sautem,
741 704 958 742 rationem
988 700 1311 742 vocabulorum
1341 703 1492 753 paucis
1522 700 1765 742 absolvam.
1827 702 1973 741 Diato-

146 779 295 818 nicum
334 777 452 817 enim
492 776 672 822 dicitur,
715 773 836 824 quod
877 774 1084 812 tonorum
1128 771 1404 812 dimensione
1451 773 1496 811 et
1537 772 1859 823 compositione
1891 782 1972 811 ex-

144 849 353 899 quiritur,
388 845 506 897 quod
538 843 708 896 reliqua
739 855 827 883 non
858 842 1079 891 obtinent,
1114 842 1221 881 dum
1250 842 1336 881 hoc
1365 853 1448 893 per
1469 843 1727 891 semitonia,
1760 841 1865 881 illud
1887 852 1971 893 per

146 919 308 965 dieses,
343 915 463 967 quod
493 916 537 954 in
567 913 859 963 sequentibus
889 912 1090 964 patefiet,
1140 914 1388 951 exarantur.
1451 913 1545 951 Hoc
1575 923 1714 963 genus
1745 912 1899 952 fortius
1929 914 1974 951 et

146 989 300 1028 durius
331 985 664 1037 comprobatur.
725 985 777 1023 Et
808 995 862 1023 ne
895 983 1029 1022 animi
1059 982 1319 1022 audentium
1347 981 1417 1022 vel
1453 983 1707 1022 canentium
1737 981 1972 1022 dulcedine

145 1061 300 1098 cantus
332 1055 636 1103 emolliantur,
672 1053 976 1094 ecclesiastico
1007 1054 1107 1093 usui
1138 1052 1324 1103 eligitur.
1362 1085 1368 1092 .
1403 1085 1409 1092 .
1440 1085 1446 1092 .
1483 1053 1815 1093 Chromaticum
1846 1053 1974 1103 quasi

146 1128 391 1170 coloratum
423 1127 603 1175 dicitur,
639 1125 758 1176 quod
789 1136 812 1164 a
843 1125 1062 1164 diatonico
1092 1124 1288 1176 primum
1320 1122 1556 1163 discedens
1577 1122 1757 1164 alterius
1778 1123 1826 1162 fit
1847 1123 1975 1174 quasi

146 1198 328 1245 coloris,
376 1198 561 1237 chroma
592 1197 710 1236 enim
743 1196 865 1236 color
895 1194 1068 1235 dicitur.
1131 1195 1223 1233 Hoc
1253 1204 1393 1244 genus
1423 1193 1733 1233 mollissimum
1763 1203 1974 1244 compro—

146 1270 296 1316 batum
331 1269 540 1320 quocirca
572 1265 874 1307 ecclesiastico
904 1265 1004 1305 usui
1035 1275 1123 1304 non
1154 1263 1423 1315 applicatur»
1460 1264 1515 1315 (p.
1545 1263 1652 1314 334).

258 1339 383 1387 Uest,
417 1351 466 1378 en
496 1339 682 1377 d'autres
710 1341 878 1386 termes,
912 1347 955 1375 ce
986 1346 1062 1385 que
1093 1335 1151 1374 clii
1182 1335 1297 1374 Odon
1327 1336 1374 1374 de
1404 1335 1560 1384 Clungffi
1590 1335 1833 1383 seulement,
1865 1333 1974 1373 l'eoe-

146 1411 306 1460 ception
335 1411 391 1448 clii
420 1409 546 1448 chami
575 1408 809 1447 ambrosien
838 1408 940 1446 n’est
963 1418 1046 1456 pas
1072 1406 1330 1445 mentiomie‘e
1360 1406 1464 1444 dans
1494 1405 1549 1444 les
1571 1405 1742 1455 paroles
1770 1405 1818 1443 de
1838 1404 1975 1444 l'ano-

146 1492 280 1531 nyma.
340 1480 374 1519 Il
407 1480 500 1531 fani
539 1478 727 1518 clau-tant
755 1478 890 1517 moins
917 1488 958 1516 se
982 1479 1242 1526 preoccuper
1271 1477 1319 1514 de
1348 1480 1409 1514 cet
1438 1475 1568 1524 ozcbli,
1615 1486 1691 1525 que
1721 1475 1756 1514 le
1785 1478 1975 1514 contexte

141 1562 302 1602 prouve
344 1551 645 1600 suffisasmmeni
688 1549 922 1588 l'eoeistence
960 1548 1028 1586 cles
1069 1557 1215 1598 yenres
1250 1546 1535 1594 chromaticae
1574 1549 1612 1584 et
1652 1545 1977 1595 enharmonique

147 1635 205 1662 aa
232 1622 300 1661 XI.
332 1633 387 1660 ou
412 1621 501 1660 XII.
535 1618 677 1668 siecle,
725 1622 882 1669 e'poque
915 1620 1133 1668 preszcme‘e
1163 1615 1217 1655 oii
1245 1617 1377 1655 vivait
1405 1616 1637 1656 l'ecrivain.
1696 1617 1864 1656 Pourvu
1893 1626 1971 1664 que

149 1694 184 1733 le
223 1693 304 1743 fait
345 1692 394 1731 de
436 1695 536 1730 cette
575 1690 777 1729 existence
806 1689 885 1728 soit
911 1688 1020 1737 re'el,
1066 1686 1376 1735 incontestable‚
1425 1687 1514 1725 cela
1554 1697 1617 1725 me
1646 1686 1760 1738 suffic
1787 1686 1976 1735 quanta

143 1767 331 1814 present:
367 1763 412 1812 je
440 1772 492 1800 ne
522 1772 634 1799 veum
659 1771 740 1809 pas
769 1759 919 1798 e‘cablir
948 1762 1069 1797 autre
1097 1758 1234 1807 chose,
1276 1761 1314 1796 et
1342 1757 1372 1795 il
1400 1757 1529 1796 sera-ic
1557 1767 1674 1796 assez
1704 1756 1893 1808 difficile,
1931 1757 1977 1805 je

153 1835 280 1883 crois,
313 1833 362 1872 de
389 1831 573 1871 soutenii'
602 1831 636 1870 le
665 1830 889 1869 contraire.

257 1904 322 1944 Aa
361 1903 469 1942 XIII.
503 1899 644 1950 siecle,
689 1900 745 1939 les
776 1910 953 1950 preuves
981 1898 1221 1938 deviennent
1253 1897 1351 1946 plus
1377 1895 1654 1936 nombreuses.
1716 1895 1820 1935 C’est
1848 1895 1974 1944 ainsi,

147 1986 231 2026 par
250 1973 456 2023 exemple,
489 1970 801 2022 qufEntqelbert,
835 1969 939 2008 abbe
955 1969 1162 2007 d'Aimont
1188 1968 1294 2005 dans
1314 1967 1357 2004 la
1376 1966 1692 2015 Haute-Stmie,
1717 1966 1789 2014 qui
1806 1969 1978 2004 mourut

152 2058 202 2086 en
232 2044 353 2093 4331,
388 2044 447 2082 dit
474 2041 799 2093 formellement:
834 2040 985 2079 «Sicut
1009 2038 1188 2077 Boetius
1223 2037 1327 2076 dicit
1354 2035 1467 2076 libro
1488 2036 1539 2085 V,
1574 2047 1669 2087 cap.
1693 2036 1802 2084 XVI,
1835 2034 1980 2075 melo-

154 2117 327 2157 diarum
350 2124 488 2165 genus
511 2111 629 2151 aliud
650 2113 717 2151 est
736 2109 910 2150 mollius
933 2111 976 2148 et
995 2108 1156 2157 lenius,
1190 2106 1309 2146 aliud
1329 2107 1549 2146 incitatius
1573 2108 1617 2146 et
1636 2106 1821 2146 acutius.
1869 2104 1979 2146 Mol-

152 2186 234 2226 lius
274 2186 341 2224 est
377 2182 499 2234 quod
526 2182 711 2221 vocatur
740 2179 1106 2227 Enarmonicum,
1140 2178 1184 2217 id
1215 2180 1302 2226 est,
1336 2180 1536 2217 mentem
1567 2175 1793 2225 mulcens,
1827 2177 1980 2216 incita-

153 2258 239 2296 tius
272 2257 316 2295 et
345 2254 516 2294 acutius
548 2251 667 2303 quod
699 2251 858 2290 dicitur
885 2250 1184 2299 Diatonicum‚
1233 2249 1359 2299 quasi
1390 2247 1715 2299 duplicatorum
1745 2248 1974 2295 tonorum3

157 2326 489 2367 Chromaticum
531 2333 664 2372 vero,
711 2321 755 2362 id
801 2323 868 2361 est
904 2318 1095 2360 flexibile
1126 2318 1197 2359 vel
1229 2308 1540 2367 diversicolor,
1589 2318 1749 2358 dicitur
1778 2318 1980 2358 medium

156 2398 248 2437 sive
280 2397 481 2435 mixtum.
518 2425 525 2432 .
565 2425 572 2432 .
611 2425 617 2432 .
652 2393 728 2432 Est
759 2392 1079 2431 chromaticum
1112 2400 1252 2441 genus
1283 2388 1501 2429 melodiae
1531 2388 1759 2441 pulchrius
1782 2390 1826 2428 et
1855 2387 1980 2428 dele-

157 2466 377 2513 ctabilius,
413 2465 513 2515 quia
543 2462 829 2502 mediocriter
859 2463 903 2501 et
933 2463 1182 2513 opportune
1213 2471 1331 2500 nunc
1361 2461 1513 2499 incitat
1533 2460 1732 2499 animum
1751 2458 1979 2499 tendendo

157 2539 213 2578 ad
243 2538 418 2583 acutas,
466 2546 585 2574 nunc
624 2532 798 2573 alleviat
827 2535 871 2572 et
907 2532 1014 2572 lenit
1042 2531 1274 2571 redeundo
1306 2530 1362 2570 ad
1393 2541 1573 2581 graves:
1621 2529 1740 2568 unde
1770 2530 1979 2569 vocatum

158 2610 227 2648 est
257 2606 579 2647 chromaticum
610 2615 635 2643 a
672 2604 923 2652 chromate,
965 2602 1085 2654 quod
1115 2604 1183 2643 est
1213 2612 1374 2653 corpus
1399 2600 1596 2641 lucidum
1624 2599 1872 2640 secundum
1899 2610 1982 2639 va-

157 2680 318 2718 riatum
356 2678 588 2727 aspectum
619 2674 676 2714 ad
705 2675 1033 2726 oppositionem
1061 2672 1171 2712 lucis
1201 2683 1422 2724 apparens
1454 2671 1732 2711 diversorum
1762 2668 1977 2718 colorum,

159 2749 271 2789 sicut
303 2750 403 2788 sunt
431 2757 605 2798 pennae
636 2745 821 2797 pavonis
853 2747 896 2784 et
925 2743 1106 2795 quidam
1134 2743 1269 2795 panni
1288 2742 1417 2782 serici
1441 2740 1573 2793 (apud
1596 2739 1799 2780 Gerberti
1819 2741 1975 2791 Script.

159 2822 187 2857 t.
222 2820 279 2867 ΙΙ,
311 2829 354 2869 p.
380 2816 657 2866 340—3411).»

267 2888 362 2926 Plus
390 2898 443 2926 on
471 2897 651 2934 aranee,
686 2886 784 2935 plus
813 2897 865 2924 οη
892 2885 978 2924 voit
1005 2896 1047 2924 se
1073 2884 1251 2935 fortifier
1279 2882 1609 2932 l'enseiynement
1638 2879 1906 2920 traditionnel
1934 2881 1983 2919 cle

160 2960 203 2998 la
231 2958 433 3007 melopee,
466 2968 514 2995 sa
530 2932 665 3006 ‘triple
694 2957 894 3005 division,
927 2960 965 2995 et
993 2959 1081 2995 tout
1110 2955 1144 2993 le
1173 2955 1337 3003 coi-teye
1366 2953 1414 2991 de
1443 2951 1486 2990 la
1516 2951 1699 2990 doctrine
1729 2951 1796 2989 des
1816 2950 1984 2990 afficiens

140 3027 342 3077 ,Hellenes
370 3038 444 3066 sur
472 3038 515 3064 cc
539 3026 671 3075 point.
733 3026 854 3064 Πανί
883 3036 910 3063 a
933 3036 996 3074 pu,
1024 3036 1065 3064 se
1092 3024 1300 3074 modist-er,
1333 3033 1430 3061 sans
1458 3022 1599 3070 doute,
1631 3021 1739 3060 mais
1766 3021 1798 3059 il
1816 3024 1874 3059 est
1893 3024 1983 3060 tou-

157 3101 276 3147 jours
305 3109 425 3149 grec,
459 3100 497 3136 et
515 3097 723 3146 jusqu'au
751 3096 854 3134 XVI.
880 3094 999 3134 siecle
1029 3095 1059 3133 il
1086 3105 1138 3133 ne
1167 3104 1272 3133 cesse
1295 3104 1377 3143 pas
1407 3093 1455 3132 de
1483 3091 1620 3140 l’etre,
1654 3091 1710 3129 du
1727 3091 1862 3130 moins
1880 3091 1985 3130 dans

260 3207 283 3250 ¹)
319 3205 360 3240 Je
393 3205 520 3239 citerai
554 3214 683 3239 encore
706 3202 847 3237 Aribon
872 3204 903 3237 Ie
927 3202 1198 3246 Scholastique,
1239 3201 1299 3247 qui
1324 3201 1437 3235 vivait
1484 3199 1580 3234 dans
1614 3199 1653 3232 la
1684 3198 1838 3233 seconde
1860 3198 1986 3234 moitie'

165 3263 211 3295 (Iu
239 3261 308 3294 xlc
326 3259 450 3303 siecle,
481 3269 618 3294 comme
637 3260 794 3303 parlant
819 3258 867 3292 cla
894 3267 1005 3301 (sevire
1031 3258 1302 3302 clzromatique:
1343 3257 1432 3291 «Est
1458 3255 1581 3297 enim,
1614 3254 1730 3298 dit-il,
1759 3253 1983 3289 chromati-

167 3326 262 3351 cum
296 3324 426 3360 genus
460 3315 664 3350 melodiae
697 3314 909 3358 pulchrius
937 3317 976 3348 et
1003 3313 1312 3348 delectabilius:
1353 3311 1448 3355 quia
1474 3308 1740 3345 mediocriter
1765 3311 1806 3344 et
1830 3316 1984 3352 oppor—

167 3377 264 3407 tune
290 3378 403 3405 nunc
426 3370 564 3405 incitat
590 3371 770 3405 animum
798 3370 1003 3404 tendendo
1026 3369 1075 3404 ad
1095 3371 1258 3412 acutaS,
1287 3374 1398 3401 nunc
1414 3365 1578 3401 alleviat
1597 3366 1636 3398 et
1654 3363 1753 3398 lenit
1770 3361 1982 3398 redeundo

166 3426 212 3460 ad
242 3433 407 3469 graves:
435 3425 546 3461 unde
571 3428 761 3460 vocatum
789 3427 849 3459 est
877 3424 1174 3459 chromaticum
1201 3431 1222 3457 a
1249 3422 1480 3465 chromate,
1511 3423 1597 3454 etc.»
1640 3416 1820 3465 (Gerberti
1844 3414 1980 3459 Script-

167 3485 190 3514 t.
220 3480 275 3523 II,
302 3489 340 3522 p.
368 3479 461 3521 341„
