2231 3787
210 258 311 310 344

839 258 1051 298 HORATII
1082 257 1380 298 SATIRARUM

282 390 455 442 Virtus
496 397 654 461 atque
700 388 906 441 animus
946 387 1128 440 coenis
1168 394 1449 457 responsat
1486 385 1712 456 opimis?

282 489 617 560 Obsequium
657 489 856 542 ventris
896 488 1021 541 mihi
1061 487 1416 559 perniciosius
1455 494 1537 539 est
1575 485 1711 539 cur‘?

280 594 448 661 Tergo
489 590 691 661 plector
729 590 883 643 enim.

960 591 1062 652 Qui
1101 596 1155 639 tu
1197 587 1501 657 impunitior
1539 585 1651 647 illa,

1916 584 1935 637 ll
1949 585 2016 637 Οὔ

282 693 431 756 Quae
470 709 636 762 parvo
676 690 810 743 sumi
851 697 1151 760 nequeunt,
1193 687 1417 741 obsonia
1455 687 1683 757 captas?

281 795 481 863 Nempe
522 793 915 844 inamarescunt
952 789 1144 860 epulae
1186 789 1300 842 sine
1339 789 1443 842 fine
1483 788 1704 858 petitae.

282 893 536 964 Illusique
575 891 744 963 pedes
782 891 1031 944 vitiosum
1069 890 1208 943 ferre
1246 898 1497 943 recusant

283 995 504 1065 Corpus
545 995 622 1045 An
649 992 734 1046 hic
758 1001 969 1063 peccat,
1008 990 1108 1044 sub
1136 999 1346 1045 noctem
1375 991 1466 1062 qui
1492 1007 1626 1061 puer
1652 1007 1810 1043 uvam

324 1160 415 1199 405.
442 1158 533 1209 Qut]
568 1158 673 1207 Quid
702 1157 837 1205 E‚LC.
875 1180 919 1186 —
959 1161 1001 1196 tu
1032 1167 1119 1197 om.
1153 1158 1226 1196 Ec.
1263 1177 1307 1184 —
1344 1156 1436 1196 ⁴06.
1468 1159 1694 1204 nequeunt,
1725 1166 1820 1194 cum
1848 1155 1966 1195 obso-

265 1222 335 1260 nia
364 1224 393 1260 t.
430 1244 474 1249 —
519 1221 610 1260 1107.
643 1221 959 1259 immarcescant
989 1219 1128 1260 Codd.
1153 1218 1316 1271 aliquot
1349 1219 1449 1270 (non
1470 1218 1638 1268 nostri),
1671 1219 1775 1258 item
1797 1218 1964 1258 Veneta

209 1371 307 1410 bius
350 1369 537 1409 videtur.
590 1392 633 1398 —
669 1368 899 1420 responsat]
933 1367 994 1408 Cf.
1036 1379 1078 1408 v.

208 1433 274 1472 85.
303 1455 346 1460 —-
372 1436 427 1471 est
447 1430 566 1482 cur?]
588 1431 710 1471 Conf.
736 1432 822 1470 Sat.
847 1432 892 1478 02,
917 1430 961 1479 3,
987 1430 1078 1470 487.

266 1493 465 1533 405-108.
503 1494 629 1544 Terqa
648 1493 808 1543 plector
826 1493 947 1544 enim]
969 1492 1084 1531 Eun-

211 1556 315 1595 dem
345 1554 491 1595 locum
524 1555 691 1594 obtinet
732 1553 945 1606 particula
976 1554 1084 1593 enim

212 1618 456 1665 Lucreti,
491 1617 562 1656 681
591 1629 597 1654 :
645 1617 716 1656 Nil
751 1617 923 1667 referret
958 1617 1079 1656 enim.

209 1680 255 1727 ⁶2,
294 1678 417 1719 1147:
453 1678 602 1717 Omnia
624 1678 736 1718 debet
763 1679 872 1717 enim
891 1677 1004 1716 cibas
1023 1678 1085 1717 in-

211 1747 378 1792 tegrare
407 1741 612 1780 novando.
663 1740 785 1780 Conf.
811 1739 936 1779 Hand
957 1740 1082 1779 Turs.

214 1806 262 1843 ΙΙ.
287 1814 328 1854 p.
354 1802 446 1842 398.
475 1825 519 1830 —
545 1803 626 1852 Qui
654 1806 697 1841 tu
717 1802 960 1851 impunitior
981 1802 1084 1853 cet.]

214 1866 333 1913 «Quo
373 1864 552 1903 tandem
592 1865 684 1903 iure
726 1868 909 1904 naturae
940 1865 1086 1903 minus

215 1926 370 1978 dignus
411 1937 459 1965 es
505 1937 645 1976 poena
686 1936 821 1976 quam
859 1937 964 1976 ego,
1010 1925 1086 1964 ubi

215 1990 476 2039 sumptuosa
499 1987 681 2028 obsonia
713 1987 913 2038 cupidius
945 1988 1086 2026 emis‘?

216 2051 493 2099 Quamquam
543 2052 588 2088 tu
637 2059 814 2099 quoque
861 2060 913 2088 ex
960 2052 1089 2089 natu-

214 2123 289 2151 rae
330 2111 424 2162 lege
466 2112 602 2151 iustas
643 2110 882 2162 gulositatis
921 2123 1089 2163 poenas

215 2174 396 2226 pendis,
449 2175 581 2213 nimio
631 2173 730 2214 cibo
781 2177 822 2213 et
873 2174 1087 2214 cruditate

217 2236 468 2277 debilitatus
526 2239 658 2287 atque
721 2236 888 2276 morbis
945 2239 1090 2276 tenta-

218 2302 331 2339 tus.»
382 2300 501 2339 Haec
521 2298 656 2338 verba
690 2300 881 2338 imitatus
904 2301 971 2339 est
990 2302 1092 2339 Per-

220 2361 309 2401 sius
331 2363 376 2410 5,
403 2361 499 2400 429:
533 2361 612 2400 Sed
631 2362 665 2400 si
695 2361 804 2400 intus
825 2365 861 2400 et
892 2362 935 2400 in
959 2362 1091 2401 iecore

219 2435 346 2474 aeqro
388 2425 631 2463 Nascantur
674 2424 851 2473 domini,
899 2426 990 2473 qui
1038 2428 1091 2463 tu

219 2487 515 2536 impunitior
553 2486 641 2525 acis
677 2486 806 2535 Atque
844 2486 928 2536 hic,
971 2497 1091 2535 quem

219 2549 273 2587 ad
302 2549 477 2599 striyites
503 2548 659 2587 scutica
689 2552 724 2587 et
753 2552 883 2587 metus
910 2549 991 2599 egit
1027 2549 1092 2587 he-

220 2610 337 2649 rilis?
376 2631 420 2638 —
463 2610 786 2659 inamarescunt]
820 2611 885 2649 «in
924 2611 1092 2649 ventri-

221 2672 318 2712 culo
342 2683 532 2723 eumque
556 2674 889 2723 corrumpunt.»
923 2671 985 2712 Cf.
1001 2673 1088 2711 Sat.

223 2736 268 2783 Ξ,
293 2737 338 2784 2,
363 2736 433 2774 75:
468 2735 618 2773 Dulcia
639 2746 679 2773 se
708 2735 751 2773 in
781 2734 899 2773 bilem
918 2737 1089 2773 vertent.

223 2799 368 2837 Lectio
390 2799 706 2836 immarcescimt
726 2807 878 2836 merus
900 2798 968 2836 est
988 2797 1094 2836 scri-

221 2859 379 2898 barum
402 2870 540 2897 error.
565 2881 607 2886 —
626 2858 818 2907 Iltusique
832 2858 968 2907 pedes]
994 2857 1092 2907 «qui

223 2921 329 2960 dum
359 2923 405 2959 ut
435 2922 561 2959 antea
594 2923 710 2960 stare
741 2929 788 2959 se
819 2931 952 2970 posse
993 2930 1093 2958 cre-

223 2983 330 3022 dunt
362 2985 403 3021 et
433 2981 606 3029 volunt⁷
654 2981 855 3021 vacillant
883 2980 950 3020 vel
989 2991 1093 3031 pro-

223 3049 322 3097 pter
351 3043 592 3095 podagram
625 3042 691 3081 vel
738 3046 921 3094 propter
962 3043 1092 3081 totius

224 3105 420 3157 corporis
480 3103 876 3144 imbecillitatem.»
954 3103 1089 3143 Plaut.

227 3165 426 3207 Pseudol.
451 3167 498 3213 5,
534 3166 578 3211 4,
611 3167 658 3203 5:
706 3167 907 3216 Maynam
937 3165 1010 3203 hoc
1029 3165 1093 3203 υἱ-

226 3231 329 3268 tium
358 3229 514 3267 rinost:
559 3228 678 3266 Pedes
715 3231 855 3276 captat
890 3227 1089 3276 primum.

224 3293 388 3330 Seneca
422 3289 555 3340 Epist.
581 3289 654 3327 95:
691 3289 786 3327 Inde
819 3290 855 3337 (e
886 3288 984 3327 cibo
1016 3299 1095 3339 per

224 3357 364 3392 artem
383 3352 744 3403 voluptatemque
767 3352 1096 3402 corrupto)]·1at-

223 3418 286 3454 tm·
305 3420 340 3454 et
370 3424 592 3454 nervorum
621 3413 716 3452 vino
744 3407 997 3451 madenti'um
1017 3417 1096 3452 tre-

226 3489 314 3515 mor
351 3481 387 3515 et
426 3475 699 3515 miserabilior
735 3486 788 3514 ea:
824 3474 1095 3514 cruditatibus

1145 1378 1273 1417 quam
1301 1379 1355 1407 ex
1385 1367 1496 1418 fame
1530 1367 1708 1407 macies:
1752 1367 1847 1406 inde
1875 1367 2021 1406 incerti

1145 1429 1375 1468 labantium
1402 1430 1522 1478 pedes
1541 1433 1577 1468 et
1596 1440 1779 1478 semper,
1813 1429 1948 1478 qualis
1975 1429 2020 1468 in

1144 1493 1237 1542 ipsa
1266 1491 1481 1539 ebrietate,
1514 1491 1727 1530 titubatio:
1768 1491 1861 1531 inde
1887 1491 1933 1530 in
1964 1495 2023 1531 to-

1146 1558 1232 1593 tam
1268 1558 1400 1592 cutem
1437 1553 1585 1592 humor
1619 1554 1822 1592 admissus
1850 1555 1935 1594 cet.
1973 1577 2017 1583 -

1144 1615 1359 1666 vitiosum]
1407 1614 1621 1654 cruditate
1667 1616 1710 1654 et
1751 1626 1865 1666 aqua
1908 1615 2023 1655 inter

1148 1681 1310 1718 cutem.

1205 1740 1404 1779 too-4⁴5.
1456 1739 1519 1778 Αη
1548 1739 1612 1778 hic
1635 1743 1782 1789 peccat
1811 1740 1915 1791 cet]
1957 1739 2024 1779 Si-

1149 1801 1238 1842 mili
1294 1801 1440 1841 denuo
1491 1800 1693 1852 exemplo
1748 1801 2023 1853 propositum

1150 1874 1304 1911 suum,
1329 1863 1451 1914 paria
1474 1873 1573 1902 esse
1596 1865 1638 1902 et
1659 1863 1822 1903 domini
1844 1865 1888 1903 et
1908 1863 2025 1904 servi

1149 1927 1353 1977 peccata,
1406 1924 1696 1964 demonstrat.
1765 1925 1856 1965 Hoc
1905 1925 2023 1965 enim

1150 1999 1238 2027 uno
1279 1985 1572 2026 similitudinis
1616 1985 1790 2026 vinculo
1835 1989 2024 2027 nectun-

1150 2053 1221 2090 tur
1270 2048 1543 2096 sententiae,
1605 2059 1740 2099 quam
1795 2049 2024 2100 utriusque

1152 2110 1344 2152 membri
1374 2110 1589 2149 rationem
1610 2109 1734 2149 multi
1761 2111 2026 2163 interpretes

1152 2185 1240 2213 non
1269 2174 1610 2224 perspexerunt:
1648 2173 1758 2213 «Uva
1791 2174 2026 2212 contentus

1154 2238 1219 2275 est
1249 2245 1386 2273 verna
1417 2236 1598 2284 propter
1630 2244 1727 2273 eam
1760 2234 1905 2273 furax:
1944 2233 2027 2273 do-

1154 2298 1299 2336 minus
1321 2294 1500 2346 gulosus
1521 2297 1579 2334 ita
1599 2293 1826 2343 heluatur,
1859 2296 1908 2334 ut
1925 2306 2027 2347 pro—

1152 2362 1252 2410 pter
1280 2356 1427 2408 gulam
1457 2357 1602 2396 omnia
1634 2367 1710 2397 sua
1747 2356 2024 2408 profundat.»

1158 2444 1202 2450 -
1223 2421 1286 2460 An
1307 2420 1370 2458 hic
1393 2423 1539 2469 peccat
1568 2419 1671 2469 cet]
1703 2421 1809 2468 «An,
1843 2429 1944 2459 cum
1967 2420 2030 2470 (ut

1154 2494 1232 2523 vos
1263 2482 1427 2521 domini
1469 2481 1524 2520 ad
1565 2482 1745 2521 minima
1785 2482 1920 2522 etiam
1960 2483 2029 2522 at-

1156 2545 1260 2584 tenti
1291 2543 1454 2592 dicitis,
1488 2554 1634 2594 neque
1667 2554 1748 2594 ego
1770 2554 1926 2584 servus
1947 2555 2028 2584 ne-

1155 2607 1227 2657 go)
1273 2607 1344 2645 hic
1382 2616 1494 2657 puer
1539 2607 1718 2657 peccet,
1764 2606 1838 2656 qui
1884 2606 2030 2656 strigi-

1154 2668 1264 2716 lem,
1297 2678 1394 2707 rem
1423 2677 1561 2718 prope
1583 2666 1727 2715 nihili,
1761 2667 1939 2706 domino
1960 2666 2030 2706 fu-

1155 2732 1300 2778 ratus,
1361 2728 1442 2768 sub
1497 2730 1674 2768 noctem
1723 2728 1855 2768 domo
1903 2727 2029 2769 herili

1156 2790 1269 2831 clam
1309 2800 1514 2841 egressus
1554 2788 1670 2829 illam
1711 2789 1830 2841 apud
1871 2801 2029 2842 poma-

1155 2855 1269 2893 rium
1299 2863 1399 2892 cum
1421 2862 1503 2890 uva
1536 2854 1778 2902 permutat,
1812 2853 1859 2891 ut
1888 2851 2027 2892 semel

1156 2915 1350 2968 palatum
1399 2913 1616 2963 oblectet,
1667 2916 1819 2954 contra
1868 2924 2028 2965 expers

1158 2977 1311 3030 culpae
1361 2976 1530 3017 servilis
1579 2979 1666 3026 est,
1719 2978 1791 3028 qui
1836 2975 1906 3017 vel
1950 2987 2029 3018 sua

1159 3040 1335 3092 praedia
1379 3041 1562 3090 paterna
1592 3039 1763 3088 vendit,
1810 3040 1858 3078 ut
1902 3037 2028 3089 gulae

1158 3102 1456 3142 satisfaciati’»
1507 3101 1572 3142 Ad
1602 3101 1910 3141 enuntiationis
1940 3100 2031 3140 for-

1159 3176 1276 3204 mam
1309 3165 1422 3204 conf.
1461 3164 1550 3204 Cic.
1589 3165 1715 3203 Tusc.
1753 3163 1800 3211 5,
1833 3161 1906 3210 32,
1947 3162 2027 3201 90:

1157 3227 1217 3266 An
1249 3227 1415 3275 Scythes
1434 3225 1685 3265 Anacharsis
1709 3223 1845 3274 potuit
1866 3233 1949 3272 pro
1968 3223 2031 3262 ni-

1158 3289 1238 3327 hilo
1262 3288 1486 3337 pecuniam
1515 3288 1684 3332 ducere;
1715 3288 1919 3324 nostrates
1933 3284 2030 3334 phi-

1160 3351 1311 3400 losophi
1340 3361 1423 3389 non
1454 3346 1678 3399 poterunt?
1723 3347 1768 3386 C.
1808 3346 1872 3384 Fr.
1916 3345 2029 3384 Her-

1161 3423 1291 3452 mann
1339 3412 1387 3450 cle
1431 3410 1590 3460 protasi
1625 3407 1891 3459 paratactica
1928 3417 1971 3457 p.
2005 3406 2029 3445 3

1159 3485 1224 3525 sq.
1261 3496 1306 3502 -—
1341 3469 1674 3521 avam-mutat]
1716 3470 1777 3509 De
1819 3469 2029 3508 constru-
