2231 3787
884 243 981 281 MR.
1019 243 1046 280 l.
1111 243 1221 281 SAT.
1260 244 1303 280 V.

1943 241 2011 291 833

856 794 1205 844 sarm
1255 795 1339 843 V.

259 936 549 1007 Egressum
587 953 779 1008 magna
818 954 902 990 me
943 937 1155 1008 excepit
1192 937 1368 990 Aricia
1414 939 1579 992 Roma

260 1038 504 1109 Hospitio
544 1038 789 1101 modic03
832 1038 1014 1092 rhetor
1053 1056 1235 1092 comes
1275 1038 1625 1099 Heliodorus,

259 1141 589 1194 Graecorum
628 1139 787 1210 longe
827 1139 1195 1203 doctissimus3
1237 1140 1362 1195 inde
1403 1143 1600 1194 Forum
1639 1142 1795 1212 Appi.

295 1337 407 1376 SAT.
444 1337 491 1376 V.

556 1338 590 1376 l.
627 1338 787 1387 accepit
814 1336 869 1385 b,
905 1338 1101 1388 quinque
1133 1338 1349 1387 Pottierii,
1392 1339 1457 1378 LC
1492 1340 1536 1378 et
1564 1337 1807 1386 Bentleius,
1852 1341 1956 1389 cepit

239 1399 281 1439 d.
316 1399 492 1450 (excepit
522 1401 598 1448 Sc,
634 1398 800 1450 Aldus.)
838 1422 881 1428 —-
916 1399 954 1440 3.
988 1400 1120 1453 tonqe]
1152 1400 1319 1452 linquae
1359 1400 1419 1452 bp
1451 1403 1495 1441 et.
1532 1412 1646 1441 corr.
1681 1401 1709 1441 d
1759 1403 1858 1443 (non
1903 1403 1957 1441 Sc

243 1463 286 1501 et
313 1472 383 1513 pr.
419 1461 476 1511 d).

239 1610 288 1650 V.
320 1612 644 1661 Argumentum
664 1610 765 1651 vide
787 1611 829 1651 in
851 1611 1063 1653 Excursu.
1130 1611 1410 1665 Apollonium
1442 1614 1486 1653 et
1515 1613 1892 1666 Hephaestionem
1919 1616 2012 1655 Ma-

240 1671 329 1713 11-4·.
379 1674 560 1724 eaeceptt]
606 1673 829 1715 Bentleius
870 1673 925 1714 de
968 1686 1067 1715 me-

184 1735 289 1776 liore
331 1735 414 1776 hac
453 1735 642 1776 lectione
684 1747 868 1788 prorsus
914 1739 1066 1778 tacens

184 1798 452 1839 deteriorem
502 1798 702 1839 Lambini
753 1800 911 1849 accepit
958 1800 1067 1839 reti-

182 1862 296 1911 nuit,
332 1862 413 1901 etsi
438 1862 773 1902 Torrentianam
794 1863 869 1914 qui
889 1864 1065 1914 poterat

182 1925 419 1976 ignorare?
454 1924 541 1964 Sed
570 1924 776 1965 homines
808 1935 979 1965 sumus.
1017 1948 1062 1954 -

181 1987 338 2037 Aricia]
380 1987 592 2038 oppidum
634 1988 741 2026 Latii
779 1998 896 2039 pone
935 1998 1067 2027 mon-

184 2052 275 2089 tem
304 2048 525 2089 Albanum
555 2049 662 2088 XVI.
697 2050 752 2090 M.
787 2051 832 2089 P.
868 2061 892 2089 a
925 2051 1064 2090 Roma

183 2112 372 2161 distans,
397 2113 553 2151 notum
573 2113 757 2163 propter
778 2112 963 2151 Dianam
983 2113 1067 2151 Ne-

182 2184 437 2215 morensem
470 2175 513 2213 et
542 2173 710 2213 fontem
731 2174 929 2225 Egeriae.
970 2174 1066 2213 Fuit

183 2236 240 2276 ad
264 2236 384 2276 viam
404 2237 613 2288 Appiam,
648 2247 735 2287 qua
755 2236 959 2276 Horatius
980 2236 1066 2275 iter

183 2297 287 2338 secit
316 2299 437 2338 certe
468 2309 611 2348 usque
642 2298 699 2337 ad
737 2299 1060 2338 Beneventum.

185 2360 270 2401 Csr.
304 2359 360 2399 ad
390 2371 432 2398 v,
458 2359 523 2398 74.
575 2359 716 2399 Aricia
749 2361 900 2399 autem
918 2359 1062 2411 prima

184 2423 280 2462 erat
308 2421 479 2461 mansio
511 2432 564 2460 ex
585 2421 700 2462 Urbe
729 2421 953 2473 profectis,
986 2419 1063 2460 ubi

182 2482 307 2524 multi
345 2485 493 2522 tamen
538 2482 818 2534 prandebant
863 2484 1059 2531 tantum,

182 2556 271 2586 non
312 2544 650 2597 pernoctabant.
718 2546 786 2585 Sic
835 2546 1060 2597 Epictetus

184 2608 303 2660 apud
324 2607 444 2647 Stob.
465 2608 543 2646 Tit.
564 2608 602 2647 7.
623 2609 653 2647 I.
674 2619 717 2659 p.
744 2608 837 2648 466.
863 2608 1057 2647 Tauchn.

183 2673 333 2711 narrat
360 2671 673 2722 Agrippinum,
709 2681 811 2710 cum
841 2681 1061 2722 pransuro

185 2735 222 2775 ei
252 2734 528 2774 nuntiaretur
564 2733 748 2774 Neronis
788 2734 908 2774 iussu
948 2732 1062 2773 illico

183 2798 225 2837 in
257 2795 456 2837 exsilium
489 2796 687 2836 eundum
718 2807 840 2846 esse,
874 2807 1062 2848 respon-

184 2860 322 2901 disse:
371 2854 550 2900 οὐκοῦν
580 2857 632 2899 ἐν
657 2853 833 2916 Ἄρικίᾳ
862 2854 1063 2916 ἀριστή-

185 2934 348 2974 σομεν.
408 2923 456 2961 In
500 2922 668 2962 Ariciae
709 2923 916 2973 antiquae
958 2933 1060 2962 area

185 2996 303 3025 nunc
342 2986 411 3024 est
450 2985 575 3024 vicus
619 2986 805 3024 Laricia.
860 2984 1060 3036 (Walck.)

189 3072 232 3078 —-
255 3046 440 3096 Hospitio
459 3047 633 3096 modico]
660 3048 855 3099 «exiguo,
878 3059 1061 3100 parvo.»

186 3111 268 3163 (Sic
309 3109 475 3148 modica
512 3109 672 3157 patella
712 3110 820 3162 Epp.
857 3111 904 3160 4,
938 3111 985 3158 5,
1019 3111 1058 3150 ἓ.

185 3175 253 3214 est
272 3169 430 3225 patella
452 3170 621 3222 parva.)
646 3172 935 3223 Opponuntur
950 3173 1062 3213 haec

184 3245 364 3288 inaqnae
392 3235 558 3274 Romae.
597 3256 637 3262 —
673 3235 932 3285 Heliodorus]
963 3236 1064 3276 rhe-

185 3302 253 3339 tor
282 3298 478 3349 ignotus,
523 3296 604 3336 nisi
636 3296 756 3347 quod
784 3296 1063 3339 Villoisonius

185 3359 352 3411 Proleg.
386 3360 442 3399 ad
473 3357 611 3410 Apoll.
648 3360 749 3398 Lex,
781 3371 824 3411 p.
851 3361 996 3400 XXIV.
1021 3363 1063 3401 et

185 3424 324 3463 Bothe
346 3422 629 3474 suspicantur
650 3420 844 3461 eundem
875 3421 1060 3464 fortasse

189 3496 287 3526 esse
333 3487 466 3537 atque
515 3483 660 3533 illum,
714 3484 838 3525 cuius
885 3487 1064 3535 praeter

1130 1676 1221 1716 rius
1265 1676 1516 1715 Victorinus
1560 1687 1603 1728 p.
1647 1677 1738 1716 1127.
1774 1676 1903 1716 Gaisf.
1943 1677 2011 1716 his

1129 1737 1280 1778 verbis
1302 1739 1526 1778 meminit:
1558 1739 1610 1778 At
1631 1739 1732 1778 Iuba
1753 1743 1911 1789 noster,
1941 1740 2012 1788 qut

1129 1801 1237 1840 inter
1278 1801 1470 1841 metricos
1513 1802 1807 1842 auctoritatem
1842 1802 2013 1852 primae

1129 1864 1374 1904 eruditionis
1409 1863 1605 1914 obtinuit,
1646 1865 1834 1905 insistens
1871 1865 2012 1905 Helio-

1130 1926 1223 1965 dori
1269 1926 1477 1977 vestiqiis,
1537 1927 1610 1976 qui
1669 1928 1778 1967 inter
1832 1928 2013 1967 Graecos

1128 1989 1295 2029 huiusce
1325 1989 1431 2028 artis
1461 1990 1630 2030 antistes
1647 1994 1722 2030 aut
1744 1991 1910 2040 primus
1939 1995 2013 2030 aut

1128 2051 1237 2090 solus
1280 2055 1337 2091 est
1379 2052 1464 2092 cet.
1529 2051 1615 2092 Cfr.
1648 2054 1800 2092 tamen
1845 2052 2010 2092 Ritschl

1129 2114 1194 2153 (lie
1235 2114 1511 2153 Alexandria.
1555 2115 1780 2155 Bibliothek
1823 2126 1865 2167 p.
1907 2113 2008 2155 445:

1131 2176 1389 2216 «Villoison's
1416 2177 1646 2227 Hypothese
1675 2177 1774 2217 tasse
1798 2178 1883 2217 sich
1901 2177 2012 2217 nicht

1127 2240 1282 2291 yerade
1307 2239 1380 2290 fiir
1408 2239 1646 2291 unnio'qtich
1665 2240 1876 2290 erklo'tren,
1911 2240 2012 2280 aber

1128 2301 1343 2341 besonders
1389 2301 1597 2353 qtaubtich
1643 2302 1757 2342 kann
1805 2303 1862 2343 sie
1908 2303 2011 2342 noch

1125 2364 1311 2414 ‹wentyer
1338 2364 1544 2414 qefunden
1571 2365 1758 2413 werden,
1796 2365 1852 2404 da
1871 2365 2011 2404 werler

1128 2426 1191 2464 die
1241 2425 1594 2477 Verwandtschaft
1641 2427 1750 2466 eines
1792 2427 2012 2467 Rhetors

1126 2487 1202 2526 mit
1238 2488 1369 2528 etnam
1407 2488 1718 2528 Grammatiker
1753 2490 2010 2529 Alexandri-

1126 2550 1287 2589 nischer
1316 2550 1496 2602 Bildunq
1524 2551 1781 2601 einleuehtet,
1814 2552 1918 2591 noch
1946 2552 2010 2592 (lie

1125 2613 1476 2654 Zeitverhc'tttnisse
1509 2613 1698 2664 bequeme
1734 2614 2009 2666 Bestdtiqtiny

1123 2675 1291 2728 gyeben.»
1329 2698 1373 2703 —-
1408 2675 1667 2715 Graecorum
1706 2676 1830 2728 lontqe‘
1855 2677 2009 2716 doctis—

1124 2738 1264 2789 simas]
1299 2738 1447 2778 Comis
1479 2740 1547 2778 est
1566 2738 1814 2790 hyperbole
1838 2750 2010 2779 sermo-

1126 2802 1191 2841 nis
1223 2801 1486 2852 quotidiani,
1521 2812 1607 2852 qua
1629 2803 1677 2841 ut
1696 2801 1851 2841 bearet
1873 2803 2010 2842 Grae-

1127 2863 1276 2905 culum
1306 2863 1535 2904 hominem
1557 2862 1681 2903 facile
1704 2864 1856 2915 utique
1879 2863 1934 2903 ab
1959 2875 2008 2904 se

1125 2928 1365 2978 impetrare
1410 2927 1598 2977 poterat.
1660 2925 1805 2967 Altera
1851 2925 2005 2974 lectio,

1127 3000 1241 3040 quae
1284 2987 1448 3040 placuit
1489 2987 1744 3029 Villoisonio
1788 2987 1815 3027 l.
1863 2988 1908 3037 l.,
1957 2989 2005 3028 G.

1125 3052 1293 3103 linquae
1323 3051 1382 3100 d.,
1426 3049 1530 3090 nihil
1562 3049 1679 3090 aliud
1718 3051 1918 3101 profecto
1949 3052 2010 3091 si-

1126 3113 1354 3165 gnificaret
1384 3114 1465 3154 nisi
1504 3111 1626 3153 illum
1664 3115 1830 3153 Graece
1863 3114 2009 3154 scien-

1127 3177 1347 3217 tissimum
1380 3175 1536 3224 suisse;
1571 3187 1685 3227 quae
1718 3177 1874 3228 exigua
1902 3186 2008 3217 sane

1128 3239 1282 3279 Graeci
1313 3239 1505 3278 rhetoris
1536 3237 1630 3279 laus
1662 3238 1828 3279 suisset.
1858 3262 1902 3267 —-
1926 3239 2010 3277 Fo-

1125 3312 1222 3341 rum
1241 3300 1362 3352 Appi]
1395 3300 1608 3352 oppidum
1638 3300 1693 3340 ab
1716 3301 1856 3352 Appio
1879 3297 2010 3339 Clau-

1127 3364 1199 3404 dio
1232 3364 1401 3411 Cae-00,
1437 3363 1512 3414 qui
1542 3364 1661 3403 viam
1691 3363 1876 3414 Appiam
1908 3372 2010 3400 mu-

1127 3427 1224 3475 niit,
1259 3427 1322 3467 sic
1343 3426 1644 3473 nominatum,
1677 3425 1765 3464 XX.
1792 3425 1845 3464 M.
1872 3425 1915 3463 P.
1942 3423 2009 3463 di—

1128 3490 1250 3528 stans
1281 3487 1336 3528 ab
1368 3488 1524 3528 Aricia.
1576 3488 1823 3539 Supersunt
1853 3486 2009 3526 etiam-
