2231 3787
325 217 423 270 718

1129 218 1339 258 HORATH

395 350 608 404 Publica
649 349 898 402 materies
938 348 1125 419 privati
1166 347 1294 399 iuris
1334 346 1454 404 erit,
1496 345 1539 397 si

393 454 504 504 Non
544 451 684 505 circa
722 450 880 503 vilem
919 448 1266 520 patulumque
1311 445 1606 500 moraberis
1646 444 1848 506 orbem,

394 555 500 606 Nec
539 552 704 606 verbo
745 551 967 605 verbum
1009 548 1224 603 curabis
1262 547 1494 602 reddere
1532 546 1670 600 fidus

434 703 524 742 432.
549 701 654 752 Non]
686 702 768 740 Nec
798 710 900 739 cum
931 697 1038 738 Aldo
1071 698 1192 737 4509.
1227 700 1269 736 et
1301 698 1420 737 4549.
1454 697 1553 736 LCt.
1582 717 1626 723 —
1654 696 1747 736 433.
1770 695 1892 735 verbo
1911 695 2079 735 verbum

379 765 556 808 BbETc,
590 763 724 816 ,«·)’γζκ,
751 761 887 802 Codd.
912 759 1183 801 lIochederi:
1217 760 1386 798 verbum
1403 758 1525 798 verbo
1547 757 1757 798 SlAjtFMJ
1778 759 1821 797 et
1839 755 2076 797 Bentleius.

326 892 463 938 innota
497 885 742 936 indictaque]
780 897 828 923 «a
852 887 989 924 temet
1020 885 1113 934 ipso
1137 884 1200 922 in-
1262 883 1342 922 33:
1389 878 1444 922 τὸ
1488 880 1524 920 ὁ’
1567 878 1808 934 ἐγκώμιον
1853 878 1942 920 τῶν
1986 874 2136 937 ’ἔργων

325 954 452 990 xenta
477 952 520 988 et
540 961 562 988 a
586 947 700 987 nullo
722 950 822 987 ante
846 949 886 986 te
905 948 1131 986 tractata.»

384 1012 470 1051 131.
513 1011 604 1050 4322.
659 1009 824 1049 Publica
865 1010 1055 1048 materies
1095 1008 1197 1059 cet]

325 1076 383 1113 lta
417 1074 526 1113 liaec
558 1074 794 1111 nectuntur
820 1082 920 1110 cum
952 1070 1196 1122 prioribus:

325 1136 460 1183 «Sed,
510 1135 653 1178 dices,
700 1133 775 1172 ubi
812 1133 1027 1172 eiusmodi
1067 1144 1199 1183 argu-

324 1200 472 1238 menta
506 1197 761 1244 Homerica,
805 1196 934 1234 nimis
966 1195 1051 1234 iam
1083 1196 1196 1242 trita,

323 1259 632 1307 tractabimus,
657 1256 903 1309 periculum
927 1260 1013 1304 est,
1049 1268 1101 1297 ne
1126 1257 1202 1296 de-

324 1323 563 1374 spiciamur
600 1331 651 1359 ac
690 1319 1087 1370 reprehendamur.
1138 1320 1199 1358 Tu

324 1388 476 1424 contra
509 1384 570 1423 sic
601 1382 788 1421 habeto»
821 1384 904 1421 cet..
945 1380 1054 1421 Male
1086 1381 1200 1421 hanc

318 1447 529 1497 publicam
566 1445 783 1484 maleriem
821 1443 1015 1484 nonnulli
1046 1445 1201 1483 confu-

323 1510 483 1548 derunt
505 1520 605 1547 cum
628 1507 910 1547 communibus
928 1506 1009 1547 illis
1024 1518 1066 1546 v,
1087 1507 1198 1555 4028„

325 1583 427 1610 cum
465 1572 517 1610 sit
552 1572 755 1609 universa
787 1570 911 1620 copia
942 1567 1113 1621 μύθων
1144 1569 1199 1609 ab

325 1634 461 1685 epicis
505 1635 549 1673 et
587 1633 763 1682 tragicis
804 1634 1091 1670 tractatorum
1131 1631 1200 1671 vel

325 1698 578 1735 etiamnunc
615 1694 734 1745 apud
772 1692 1109 1751 λογογράφους
1138 1693 1201 1733 la-

324 1758 534 1803 tentium,
568 1755 729 1807 quibus
761 1757 918 1807 cuique
942 1759 1099 1807 poetae
1122 1756 1203 1796 de-

327 1832 412 1859 nuo
443 1820 504 1858 uti
534 1818 648 1857 licet.
694 1820 861 1858 Verum
898 1817 1075 1858 laudem
1106 1830 1203 1858 me·

327 1882 496 1921 rebitur
526 1884 628 1919 tunc
661 1880 991 1927 tantummodo,
1037 1881 1072 1919 si
1103 1891 1201 1919 eam

327 1944 483 1995 privati
520 1945 651 1993 atque
692 1943 759 1982 sui
800 1943 904 1981 iuris
935 1941 1111 1990 fecerit,
1159 1942 1200 1981 id

327 2011 416 2054 est,
451 2006 486 2045 si
518 2015 656 2044 novus
688 2005 770 2043 erit
790 2005 830 2042 in
853 2005 1112 2043 oeconomia
1135 2006 1203 2043 to-

327 2069 411 2108 tius
460 2065 658 2113 fabulae,
707 2067 748 2104 in
792 2060 962 2118 ἤθεσι,
1009 2063 1200 2112 πάθεσι,

325 2126 521 2184 ῥήσεσι,
550 2125 775 2181 γνώμαις.
815 2130 922 2167 Rem
949 2127 1201 2179 exemplum

327 2193 584 2233 declarabit.
645 2190 845 2231 Electrae
891 2194 1202 2242 argumentum

327 2258 421 2296 erat
442 2253 617 2306 publica
637 2255 869 2300 materies3
894 2254 960 2293 sui
982 2254 1087 2293 iuris
1104 2265 1202 2292 eam

327 2320 416 2357 tres
460 2316 663 2356 fecerunt
700 2319 883 2366 poetae,
930 2314 1202 2365 Aeschylus,

327 2378 590 2432 Sophocles,
632 2378 886 2429 Euripides,
930 2389 1202 2429 quamquam

328 2444 399 2482 hic
420 2453 522 2482 cum
544 2442 713 2480 minore
736 2451 970 2489 successu,
1005 2452 1140 2480 scena
1162 2441 1204 2480 in

327 2515 403 2544 rus
434 2503 642 2543 translata
673 2505 805 2553 atque
828 2502 1006 2542 inducto
1030 2501 1203 2552 colono,

327 2567 469 2619 probo
494 2565 563 2606 illo
585 2565 766 2617 quidem
787 2567 830 2605 et
852 2567 996 2614 casto,
1032 2566 1113 2605 sed
1134 2577 1206 2604 ar-

335 2629 531 2681 gumenti
557 2628 752 2678 dignitati
776 2638 883 2667 sane
909 2628 1055 2667 minus
1086 2630 1204 2679 apto.

339 2715 383 2721 —
416 2692 451 2730 si
478 2692 572 2730 Non
600 2691 715 2729 circa
743 2691 845 2739 cet.]
884 2691 976 2729 Iam
1015 2691 1093 2729 tria
1126 2701 1208 2742 po-

334 2754 554 2793 tissimum
581 2753 684 2791 vitia
720 2754 973 2802 enumerat,
1018 2753 1061 2792 in
1092 2763 1206 2803 quae

334 2815 598 2867 plerumque
620 2814 813 2854 incidant
832 2815 981 2865 tragici
1007 2815 1203 2854 Romani.

332 2900 377 2907 —
424 2879 546 2917 vilem
582 2877 1074 2929 patulumque-orbem]
1115 2878 1207 2917 Hoc

330 2951 508 2991 quoque
541 2939 700 2978 Graeco
729 2939 841 2989 fonte
869 2940 1034 2988 cecidit,
1069 2941 1115 2978 ut
1135 2951 1207 2978 or-

330 3002 417 3041 bem
461 3002 523 3041 sic
566 2999 824 3051 simpliciter
862 3003 1045 3040 vocaret
1083 3000 1206 3041 locos

332 3074 593 3103 communes
616 3065 659 3102 et
679 3062 733 3101 ab
757 3063 963 3103 omnibus
989 3063 1081 3102 fere
1102 3073 1207 3113 per-

334 3127 473 3166 tritos.
507 3124 684 3177 Eupolis
715 3125 830 3176 apud
854 3125 973 3165 Stob.
998 3127 1042 3165 T.
1067 3125 1133 3173 35,
1158 3127 1203 3165 2:

332 3189 425 3229 Καὶ
461 3186 546 3228 τοῦ
583 3186 672 3239 μὲν
702 3186 752 3227 ἐν
782 3185 972 3241 κύκλῳ
1001 3200 1053 3241 γε
1084 3184 1207 3227 παύ-

333 3264 485 3303 σομαι
525 3247 697 3303 λόγου,
743 3246 916 3307 φράσω
953 3247 1003 3289 δέ
1043 3262 1122 3289 σοι
1150 3246 1205 3289 τὸ

333 3312 528 3371 πρᾶγμα
556 3308 634 3353 διὰ
654 3310 746 3352 τῶν
767 3313 990 3368 χωρίων
1007 3324 1015 3332 ·
1048 3311 1122 3351 ubi
1146 3314 1209 3352 ta-

333 3387 436 3416 men
467 3376 519 3416 cf.
552 3376 817 3416 Meinekium
848 3376 914 3415 Fr.
948 3376 1071 3414 Com.
1100 3376 1148 3414 ll.
1173 3376 1203 3414 1.

334 3449 375 3489 p.
401 3437 494 3478 468.
529 3436 734 3478 Similiter
754 3437 930 3478 Aristot.
954 3436 1078 3477 Rhet.
1105 3437 1142 3485 4,
1164 3435 1202 3486 9,

1262 943 1414 984 ἐστίν·
1447 939 1507 984 τὰ
1536 942 1586 984 δὲ
1616 940 1772 997 κύκλῳ
1805 943 1902 994 (loci
1933 953 2138 982 commu-

1263 1009 1355 1059 nes)
1389 1009 1455 1058 εἰς
1485 1010 1664 1057 πίστιν,
1699 1002 1803 1047 οἷον
1825 1001 2038 1060 εὐγένεια
2057 1006 2138 1046 καὶ

1264 1068 1466 1111 παιδεία.
1501 1072 1563 1110 Cf.
1590 1070 1694 1110 ibid.
1714 1070 1754 1118 3,
1775 1069 1840 1118 ili,
1862 1070 1934 1109 lo:
1969 1069 2019 1108 οἱ
2035 1066 2141 1109 δοῦ-

1263 1131 1338 1173 λοι
1381 1129 1438 1174 οὗ
1480 1129 1538 1172 τὰ
1577 1129 1860 1189 ἐρωτώμενα
1901 1130 2137 1185 λέγουσιν,

1262 1192 1383 1236 ἀλλὰ
1414 1192 1473 1235 τὰ
1503 1194 1684 1249 κύκλῳ,
1718 1194 1760 1234 id
1792 1196 1879 1242 est,
1915 1204 2020 1245 «per
2049 1204 2140 1233 am-

1261 1258 1398 1309 bages
1441 1257 1722 1309 loquuntur.»
1770 1257 1964 1296 Primum
2008 1256 2140 1306 igitur

1262 1322 1417 1361 vitium
1457 1323 1544 1368 est,
1587 1331 1688 1360 cum
1729 1319 1823 1359 sine
1854 1328 2068 1358 successu
2097 1319 2142 1357 et

1264 1384 1381 1423 exitu
1414 1393 1549 1434 saepe
1581 1383 1876 1421 immorantur
1895 1381 1939 1420 in
1960 1380 2142 1420 senten-

1265 1447 1332 1485 tiis
1370 1448 1413 1485 et
1448 1445 1760 1501 περιπετείαις
1796 1443 1945 1483 vilibus
1988 1443 2140 1494 (nimis

1264 1508 1550 1559 volgaribus).
1609 1508 1802 1547 Pabulum
1837 1508 1986 1546 autem
2024 1506 2142 1545 hunc

1266 1571 1422 1611 orbem
1445 1572 1575 1610 vocat
1594 1572 1846 1622 propterea,
1874 1568 1991 1620 quod
2014 1568 2144 1607 omui-

1266 1634 1358 1681 bus,
1403 1634 1537 1673 etiam
1567 1643 1784 1684 perquam
1824 1629 2140 1680 mediocribus,

1266 1697 1407 1748 poetis
1438 1696 1639 1735 introitus
1668 1696 1710 1734 in
1743 1705 1846 1734 eum
1869 1697 2014 1743 patet3
2047 1693 2142 1733 sine

1266 1760 1477 1809 imagine,
1512 1757 1631 1808 quod
1653 1755 1755 1796 nihil
1778 1756 1879 1795 novi
1901 1766 2048 1806 neque
2070 1766 2143 1794 ex-

1267 1822 1413 1872 quisiti
1444 1819 1554 1860 tales
1577 1822 1847 1859 Graecorum
1879 1819 2143 1858 imitationes

1268 1895 1373 1934 prae
1405 1894 1452 1922 se
1485 1882 1644 1921 ferunt.
1685 1880 1874 1932 (Patulus
1903 1880 2022 1919 idem
2051 1879 2142 1919 sere

1268 1947 1356 1991 est,
1392 1943 1511 1994 quod
1533 1941 1750 1982 luvenalis
1771 1943 1810 1990 7,
1833 1941 1900 1982 54.
1924 1943 2055 1981 vocat
2072 1952 2146 1981 ese-

1261 2007 1444 2056 positum
1473 2012 1509 2046 et
1529 2004 1730 2056 triviale.)
1762 2004 1956 2052 «Cave,»
1987 2004 2141 2055 inquit,

1268 2081 1350 2109 «ne
1376 2070 1517 2121 prima
1541 2078 1769 2119 quaeque,
1802 2067 1994 2107 maxime
2015 2067 2145 2107 obvia

1268 2135 1312 2171 et
1342 2143 1455 2182 quae
1487 2132 1575 2170 iam
1606 2129 1848 2170 evilescere
1885 2130 2142 2181 coeperunt,

1266 2193 1432 2244 volgari
1462 2192 1595 2232 modo
1626 2194 1813 2240 tractes,
1854 2191 1935 2232 sed
1964 2203 2018 2231 ea
2046 2190 2146 2231 dili-

1267 2259 1422 2307 genter
1452 2256 1663 2305 investiga
1695 2257 1739 2295 et
1768 2255 1990 2306 exprime,
2029 2264 2144 2305 quae

1268 2322 1310 2360 in
1342 2330 1657 2371 personarum,
1691 2329 1802 2369 quas
1834 2317 1960 2358 nobis
1979 2328 2146 2370 propo-

1268 2384 1358 2431 nis,
1391 2381 1590 2422 moribus
1621 2383 1753 2432 atque
1785 2379 2015 2420 affectibus
2043 2379 2146 2420 sunt

1269 2445 1408 2495 magis
1438 2443 1666 2483 recondita
1699 2445 1742 2483 et
1780 2453 1914 2491 nova,
1960 2443 2009 2482 ut
2039 2452 2146 2494 pro—

1269 2508 1411 2559 priam
1440 2517 1492 2546 ac
1521 2517 1627 2546 vere
1658 2516 1819 2545 novam
1850 2506 1892 2544 in
1922 2506 1965 2544 te
1994 2505 2146 2544 inven-

1269 2572 1436 2609 tionem
1457 2579 1556 2609 esse
1577 2567 1692 2607 ultro
1708 2577 2044 2619 agnoscamus.»
2066 2565 2146 2606 Alii

1270 2632 1415 2671 minus
1431 2632 1552 2670 recte
1572 2631 1917 2682 interpretantur
1931 2628 2069 2669 orbem
2088 2628 2144 2668 de

1272 2692 1397 2744 cyclo
1429 2693 1555 2744 epico
1584 2691 1655 2731 vel
1686 2691 1741 2731 de
1773 2693 1892 2732 circo
1923 2692 2009 2731 cet.

1327 2754 1526 2795 433-435.
1573 2754 1657 2793 Nee
1695 2753 1796 2805 cet.]
1835 2754 1925 2793 Cic.
1963 2753 2019 2793 de
2052 2754 2142 2804 opt.

1271 2829 1369 2869 gen.
1390 2828 1454 2856 or.
1473 2818 1511 2864 5,
1532 2815 1604 2856 44:
1635 2816 1729 2855 Non
1752 2816 1935 2855 converti
1955 2815 2146 2866 (Aeschi-

1270 2881 1336 2920 nis
1359 2881 1402 2919 et
1422 2878 1735 2919 Demosthenis
1757 2878 1992 2928 orationes)
2013 2882 2059 2917 ut
2076 2878 2146 2917 in—

1270 2948 1445 2993 terpres,
1477 2942 1546 2981 sed
1574 2945 1619 2980 ut
1649 2945 1818 2990 orator,
1851 2941 2060 2980 sententiis
2078 2941 2148 2980 iis-

1270 3006 1361 3044 dem
1389 3008 1426 3044 et
1454 3014 1601 3043 earum
1628 3004 1774 3054 formis
1803 3007 2021 3051 tamquam
2040 3003 2141 3054 siqu-

1268 3068 1349 3115 ris,
1379 3066 1514 3106 verbis
1534 3067 1590 3105 ad
1608 3069 1796 3105 nostram
1815 3065 2147 3104 consuetudinem

1270 3129 1379 3178 aptis
1390 3138 1403 3175 ;
1435 3128 1479 3167 in
1505 3126 1650 3177 quibus
1670 3138 1754 3166 uon
1771 3126 1942 3166 verbum
1959 3137 2038 3174 pro
2055 3137 2148 3166 ver-

1270 3190 1318 3230 bo
1345 3200 1503 3229 necesse
1531 3189 1656 3228 habui
1682 3189 1876 3238 reddere,
1922 3189 1991 3228 sed
2018 3198 2147 3239 genus

1270 3262 1388 3291 omne
1400 3251 1621 3291 verborum
1634 3251 1799 3298 vimque
1812 3249 1990 3290 servavi.
2008 3248 2142 3289 Acad.

1272 3315 1310 3362 4,
1334 3313 1373 3362 3,
1393 3313 1443 3352 40
1463 3324 1471 3350 :
1502 3312 1682 3361 EnniuS,
1703 3312 1922 3361 Pacuvius,
1944 3310 2146 3350 Accius--

1269 3385 1352 3413 non
1379 3373 1525 3422 verba,
1562 3374 1630 3413 sed
1667 3374 1753 3412 vim
1782 3373 2039 3413 Graecorum
2066 3383 2144 3412 εω-

1267 3440 1504 3487 presserunt
1544 3437 1783 3486 poetarum.
1845 3434 2142 3486 Hieronymus
