2231 3787
772 223 870 262 LIB.
907 223 935 260 l.
989 223 1150 262 EPIST.
1185 224 1308 263 XVII.

214 352 385 415 Sedit,
430 354 521 424 qui
567 354 759 414 timuit,
802 371 869 406 ne
910 371 1014 406 non
1053 354 1386 408 succederet.

1864 227 1963 276 547

1465 356 1589 408 Esto
1606 358 1613 406 ἶ

213 454 378 519 Quid,
422 455 511 526 qui
553 455 818 526 pervenit,
862 455 1054 509 fecitne
1096 455 1352 509 viriliter?
1392 458 1549 527 Atqui

214 558 308 610 Hic
330 566 411 610 est
432 565 522 610 aut
548 575 830 628 nusquam,
861 556 1008 628 quod
1036 558 1364 628 quaerimus.
1404 559 1500 612 Hic
1528 576 1663 612 onus
1693 560 1888 621 horret,

212 658 275 712 Ut
309 659 490 729 parvis
529 659 718 712 animis
759 668 811 713 et
853 676 1019 730 parvo
1058 677 1287 730 corpore
1327 661 1522 714 maius:

212 760 309 813 Hic
348 760 491 813 subit
528 769 580 814 et
616 760 831 832 perfert.

1897 664 1963 715 40

907 763 1008 814 Aut
1046 762 1213 814 virtus
1253 780 1447 816 nomen
1489 762 1642 816 inane
1683 773 1788 822 est,

211 864 312 913 Aut
350 860 517 914 decus
557 871 608 915 et
647 863 876 932 pretium
918 872 1062 914 recte
1102 864 1232 932 petit
1272 865 1557 933 experiens
1598 866 1690 916 vir.

249 1010 316 1050 44.
349 1011 399 1062 et]
432 1023 482 1051 ac
511 1023 552 1062 p.

142 1153 209 1190 est
248 1151 439 1191 hominis
481 1153 668 1192 animosi
700 1151 909 1203 nulloque
942 1153 1023 1192 ob-

141 1213 309 1254 staculo
339 1215 668 1266 perterrefacti,
703 1215 783 1256 sed
809 1216 1025 1266 quemad—

142 1276 326 1316 modum
358 1279 427 1317 est
457 1278 501 1317 in
530 1277 792 1329 proverbio,
825 1279 920 1318 Non
939 1279 1026 1317 cui-

139 1340 202 1377 vis
232 1342 316 1378 cet.
380 1341 491 1379 Nam
532 1341 606 1391 qui
650 1341 911 1380 Corinthum
942 1341 1026 1380 iter

141 1401 361 1450 habebat,
406 1413 550 1453 aequo
582 1403 728 1442 animo
761 1405 1024 1454 exspectare

142 1463 362 1513 debebat,
396 1475 444 1504 se
476 1475 654 1515 quoque
680 1466 846 1505 misere
869 1475 1026 1516 exspo-

140 1526 294 1566 liat-um
324 1527 375 1566 iri
406 1526 461 1566 ab
492 1524 785 1584 ἱεροδούλοις
806 1527 901 1574 illis,
937 1539 1024 1565 ,το-

140 1585 357 1640 λυξέναις
399 1591 623 1629 νεανίαιν·
647 1589 821 1629 Pindari
869 1589 1024 1640 (Bergk

140 1663 183 1703 p.
208 1651 344 1701 ⁶244‚)‚
379 1655 454 1691 aut
474 1653 654 1691 omnino
677 1653 932 1691 renuntiare
956 1652 1024 1690 in-

142 1717 270 1765 cepto
302 1713 401 1754 illuc
432 1714 716 1765 navigandi.»
773 1716 929 1765 (Atque
961 1716 1024 1754 sic

141 1776 361 1829 explicare
392 1777 568 1817 videtur
599 1778 733 1817 etiam
764 1777 919 1817 festiva
949 1788 1026 1828 pa-

142 1839 266 1879 rodia
297 1838 502 1880 Nicolaus
533 1840 652 1891 apud
687 1839 809 1880 Stob.
843 1841 921 1879 Tit.
956 1839 1022 1888 44,

142 1903 181 1941 7.
217 1902 272 1942 de
303 1913 486 1942 scurra:
536 1898 602 1942 Οὔ
641 1898 821 1953 παντὸς
850 1898 1026 1960 ἀνδρὸς

142 1964 220 2004 ἐπὶ
249 1961 482 2021 τράπεζαν
512 1960 616 2005 ἔσθ’
650 1961 676 2005 ὁ
709 1962 894 2017 πλοῦς.)

196 2026 344 2067 37-42.
379 2028 504 2079 Sedit]
537 2030 586 2067 ut
605 2024 873 2080 καθῆσθαι,
899 2039 1026 2068 «ces-

144 2091 235 2137 sat,
269 2090 385 2140 turpi
406 2090 494 2129 otio
515 2092 706 2141 torpet.»
742 2093 918 2131 Terent.
940 2090 1022 2130 Ad.

145 2151 193 2199 4,
227 2153 274 2200 5,
305 2152 378 2192 38:
424 2153 487 2191 An
523 2154 662 2192 sedere
691 2155 873 2203 oportuit
902 2155 1028 2193 Domi

142 2215 349 2265 virqinem
379 2218 466 2253 tam
494 2214 735 2265 grandem?
771 2215 847 2254 ubi
877 2216 1028 2255 Dona-

145 2279 241 2315 tus:
277 2277 446 2316 «sedere
472 2277 651 2328 proprie
674 2278 858 2328 ignavae
881 2288 1029 2318 cessa-

144 2339 274 2378 tionis
305 2341 416 2378 est.»
464 2339 554 2378 Cic.
588 2341 630 2378 in
660 2340 743 2380 Pis.
769 2341 814 2389 5,
847 2341 921 2379 4οῑ
964 2340 1028 2379 Αη

138 2404 272 2451 potest
301 2401 389 2439 ulla
419 2412 500 2440 esse
520 2403 757 2451 excusatio,
786 2414 869 2442 non.
890 2403 1028 2441 dicam

143 2464 252 2502 male
273 2465 484 2514 sentienti,
517 2466 586 2504 secl
605 2466 772 2514 sedenti,
797 2466 1025 2505 cunctanti.

146 2525 408 2565 dormienti-
429 2549 454 2556 -
479 2527 673 2566 consuli?
715 2529 834 2579 Virg.
873 2530 948 2567 Ge.
984 2527 1023 2576 3,

145 2586 249 2627 456:
296 2587 473 2627 meliora
509 2589 603 2628 deos
638 2590 745 2629 sedet
775 2591 917 2629 omina
945 2601 1027 2640 po-

145 2660 272 2689 scens.
334 2650 403 2689 Sic
448 2651 582 2690 etiam
626 2648 839 2692 ἑστάναι.
891 2653 1023 2704 Soph.

146 2711 254 2751 Oed.
288 2711 378 2751 Col.
405 2712 532 2752 4017:
583 2713 633 2752 οἱ
657 2712 748 2766 μὲν
777 2738 802 2744 -
821 2737 844 2743 -
873 2712 1027 2755 Σπεύ-

145 2772 334 2814 δουσιν·
356 2770 497 2827 ἡμεῖς
511 2773 549 2814 δ’
568 2777 619 2815 οἱ
632 2774 871 2827 παθόντες
892 2772 1028 2817 ἕστα-

147 2848 251 2887 μεν.
295 2859 339 2864 -—
385 2837 498 2888 Esto]
543 2839 939 2891 nzeinetweqen!
980 2864 1024 2868 —

150 2897 290 2945 «Quid
311 2909 519 2939 curamus
539 2901 767 2941 hominem
789 2903 1028 2953 ignavum‘.⁷

150 2960 314 2998 Contra
343 2958 438 3007 ille,
472 2962 546 3011 qui
569 2962 782 3004 molestiis
802 2964 1032 3016 periculis-

151 3031 237 3071 que
268 3022 486 3072 superatis
516 3023 571 3062 ad
601 3023 739 3065 finem
768 3037 900 3066 suum
930 3029 1029 3066 tan-

151 3083 254 3122 dem
297 3084 519 3133 pervenit,
565 3096 711 3126 nonne
750 3089 785 3128 is
817 3089 903 3139 egit
931 3089 1029 3129 ani-

150 3156 276 3185 mose
294 3146 316 3182 ⁶?
345 3146 490 3194 Atque
521 3145 565 3184 in
594 3146 679 3186 hoc
702 3148 822 3198 ipso,
855 3150 897 3188 in
920 3153 1030 3190 stre-

150 3218 238 3246 nue
262 3205 541 3257 impigreque
564 3209 751 3257 agendo,
776 3211 912 3250 cardo
932 3223 1031 3251 ver-

150 3270 256 3309 titur
285 3268 370 3316 rei,
408 3267 462 3306 de
503 3279 591 3318 qua
623 3271 908 3319 quaerimus;
955 3274 1030 3311 aut

152 3329 322 3369 fortiter
352 3330 552 3380 sciteque
582 3330 808 3381 inceptum
828 3334 1028 3372 nostrum

152 3402 420 3442 peragamus
446 3402 593 3441 neque
616 3402 813 3442 unquam
833 3393 1030 3432 animum

155 3452 542 3505 despondeamus,
574 3456 670 3501 aut,
706 3454 742 3493 si
762 3455 944 3505 propter
964 3455 1031 3493 in-

1089 1154 1247 1192 ertiam
1292 1156 1641 1203 cessaverimus,
1699 1157 1815 1208 digni
1861 1168 1967 1199 sane

1090 1216 1276 1263 erimus,
1311 1217 1385 1266 qui
1412 1219 1797 1258 contemnamur.»
1823 1242 1868 1248 —-
1892 1222 1968 1261 Hic

1087 1277 1156 1328 est]
1192 1278 1302 1317 «hoc
1332 1277 1429 1318 loco
1461 1280 1571 1318 est.»
1626 1281 1831 1321 Fortasse
1861 1283 1905 1322 h.
1938 1283 1965 1323 i.

1089 1341 1283 1380 imitatus
1325 1341 1392 1380 est
1422 1341 1599 1381 Persius
1633 1342 1681 1389 5,
1716 1342 1818 1383 474:
1865 1345 1966 1394 Hic,

1087 1402 1172 1450 hic,
1221 1413 1341 1451 quem
1371 1403 1637 1452 quaerimus,
1681 1405 1746 1443 hic
1776 1409 1863 1445 est!
1908 1410 1970 1448 uti

1089 1463 1402 1503 animadvertit
1447 1465 1536 1504 iam
1586 1466 1878 1509 Casaubonus
1927 1472 1972 1511 in

1067 1528 1298 1566 ‘persiana
1327 1528 1493 1567 Horatii
1532 1529 1774 1570 imitatione
1804 1543 1847 1582 p.
1875 1533 1968 1573 363.

1089 1589 1167 1629 Ed.
1183 1589 1424 1637 Duebneri‚
1449 1590 1641 1631 addens:
1669 1593 1741 1631 «In
1763 1593 1971 1634 omnibus

1088 1653 1226 1692 Persii
1269 1653 1588 1693 imitationibus
1630 1657 1759 1706 paret
1790 1666 1972 1709 semper

1089 1713 1235 1765 aliqua
1280 1715 1510 1754 mutatio.»
1560 1738 1604 1743 —
1661 1728 1764 1756 onus
1815 1719 1971 1773 horret]

1091 1788 1388 1828 «magnopere
1434 1777 1762 1825 reformidat;»
1810 1781 1971 1822 eadem

1091 1840 1445 1887 constructione,
1481 1850 1565 1891 qua
1601 1840 1689 1880 Cic.
1723 1842 1781 1881 ad
1809 1845 1895 1883 Att.
1929 1845 1970 1894 9,

1089 1904 1158 1952 623,
1182 1904 1227 1942 2:
1273 1903 1432 1954 ingrati
1461 1903 1592 1941 animi
1621 1904 1779 1944 crimen
1808 1906 1971 1947 horreo.

1092 1967 1259 2005 Caesar
1278 1966 1325 2005 B.
1351 1967 1398 2004 G.
1426 1966 1463 2014 4,
1488 1965 1560 2004 3⁵2:
1586 1967 1696 2015 quod
1710 1985 1762 1995 --
1777 1968 1976 2009 Ariovisti

1089 2029 1377 2068 crudelitatem
1391 2051 1414 2056 -
1429 2050 1452 2056 -
1466 2029 1699 2068 horrerent.
1722 2052 1767 2057 -—
1789 2030 1870 2070 Aut
1889 2032 1975 2071 vir-

1089 2095 1155 2130 tus
1183 2091 1288 2141 cet.]
1330 2091 1440 2130 «Aut
1470 2090 1699 2130 fatendum
1730 2094 1819 2141 est,
1865 2093 1973 2134 falsa

1091 2153 1323 2204 opinione,
1372 2163 1460 2191 non
1503 2163 1576 2199 re,
1624 2153 1700 2191 niti
1744 2154 1970 2205 virtutem,

1092 2216 1189 2262 aut,
1223 2214 1259 2253 si
1289 2213 1385 2253 eius
1414 2214 1609 2264 pretium
1639 2213 1754 2253 ultro
1776 2219 1975 2266 agnosci-

1091 2285 1207 2324 mus,
1237 2277 1422 2326 propter
1442 2285 1540 2313 eam
1565 2274 1819 2316 difficillima
1841 2288 1974 2328 quae-

1092 2348 1179 2388 que
1225 2338 1269 2376 et
1311 2336 1611 2388 perpetranda
1657 2339 1701 2376 et
1744 2337 1973 2380 toleranda

1092 2400 1219 2447 sunt,
1281 2397 1444 2449 quibus
1494 2398 1644 2438 arduis
1689 2401 1820 2448 atque
1865 2411 1973 2441 vera

1089 2460 1221 2501 laude
1267 2461 1408 2512 dignis
1449 2462 1636 2512 inceptis
1673 2461 1973 2502 adnumeran—

1091 2524 1199 2563 dum
1229 2534 1416 2573 censeo,
1450 2524 1485 2562 si
1517 2524 1615 2574 quis
1645 2533 1732 2561 non
1763 2522 1835 2562 vili
1866 2525 1972 2564 adu-

1090 2585 1280 2635 latione,
1329 2585 1410 2625 sed
1448 2586 1618 2635 magnis
1649 2585 1818 2625 meritis
1848 2587 1971 2637 prin—

1091 2649 1241 2700 cipum
1279 2648 1477 2688 virorum
1520 2645 1879 2688 benevolentiam
1918 2661 1970 2689 30

1091 2711 1290 2751 favorem
1320 2710 1402 2751 sibi
1431 2710 1597 2761 parat.»
1641 2709 1774 2747 virtus
1809 2711 1971 2760 signifi-

1092 2774 1264 2812 catione
1314 2783 1420 2812 vere
1471 2771 1668 2810 Romana
1713 2770 1768 2810 de
1813 2774 1970 2823 quavis

1092 2835 1246 2884 laude,
1281 2843 1415 2885 quam
1455 2832 1701 2872 actionibus
1732 2836 1895 2875 nostris
1927 2838 1970 2876 et

1092 2897 1279 2938 fortibus
1309 2897 1353 2934 et
1381 2895 1580 2935 honestis
1601 2895 1902 2946 adipiscimur.
1921 2919 1964 2925 —

1096 2984 1141 2989 —
1164 2969 1311 2999 nomen
1339 2956 1479 3008 inane]
1527 2957 1590 2997 Cf.
1614 2958 1724 3009 Epp.
1750 2959 1765 2997 4
1786 2990 1795 3008 ,
1820 2959 1866 3007 6,
1891 2959 1935 3000 34
1957 2972 1964 2998 ;

1096 3024 1296 3063 Virtutem
1312 3018 1442 3059 verba
1453 3023 1583 3069 putas
1602 3024 1640 3059 et
1659 3021 1818 3059 Lucum
1836 3021 1966 3072 liqna.

1095 3107 1139 3112 —
1176 3081 1299 3132 reete]
1340 3092 1449 3130 non,
1495 3082 1545 3120 ut
1574 3081 1756 3131 quidam
1785 3081 1964 3122 volunt:

1095 3147 1241 3184 «recta
1256 3144 1388 3190 via3»
1420 3143 1524 3183 sed:
1552 3144 1672 3183 «iure
1694 3154 1745 3183 ac
1762 3145 1968 3183 merito.»

1095 3231 1139 3235 —
1172 3206 1391 3256 experiens
1416 3205 1496 3256 vir]
1533 3206 1631 3256 «qui
1662 3206 1809 3245 omnia
1831 3216 1970 3256 expe-

1090 3270 1230 3317 ritur,
1285 3279 1372 3318 quo
1417 3267 1473 3307 ad
1515 3268 1792 3318 propositum
1837 3277 1970 3306 suum

1091 3331 1378 3383 perveniat;»
1409 3328 1835 3377 unternehmend,
1869 3333 1972 3368 ent-

1093 3394 1371 3432 schlossen.
1407 3392 1496 3431 Cic.
1519 3402 1600 3441 pro
1623 3389 1794 3429 Cluent.
1824 3389 1864 3437 8,
1887 3389 1964 3429 23:

1092 3456 1140 3494 A.
1170 3455 1345 3503 Aurius,
1391 3455 1458 3492 vir
1498 3453 1619 3502 fortis
1661 3456 1698 3491 et
1735 3452 1965 3501 experiens.
