2231 3787
822 256 919 296 LIB.
953 256 983 295 1.
1045 256 1155 296 SAT.
1190 257 1258 296 lx.

1850 253 1950 305 2159

203 389 499 440 Occurram
541 387 590 438 in
630 386 820 447 triviis,
863 385 1148 440 deducam.
1225 384 1305 438 Nil
1346 385 1462 438 sine
1502 401 1694 456 magno

202 488 315 540 vita
356 487 543 541 labore
583 488 732 542 dedit
768 487 1100 541 mortalibus.

1176 488 1326 541 Haec
1365 487 1494 540 dum
1533 487 1663 557 agit,
1707 503 1834 541 ecce
1882 490 1949 540 60

200 591 404 642 Fuscus
443 590 668 642 Aristius
707 589 966 652 occurrit,
1008 587 1135 641 mihi
1176 605 1334 642 carus
1374 597 1426 643 et
1465 588 1611 641 illum

199 691 300 754 Qui
342 690 562 760 pulchre
602 699 801 745 nosset.

202 792 320 855 Quo
360 792 570 845 tendis?
609 801 759 863 rogat
797 800 850 846 et
888 791 1196 863 respondet.

879 690 1248 745 Consistimus.

1327 690 1477 745 Unde
1516 690 1707 744 venis?
1748 700 1800 744 et

1274 790 1482 846 Vellere
1525 793 1680 863 coepi

197 893 259 945 Et
295 910 547 964 pressare
586 911 746 946 manu
786 893 1081 947 lentissima
1118 890 1362 955 brachia,
1406 901 1624 956 nutanS,

235 1049 301 1090 60.
348 1051 408 1089 ait
439 1061 462 1089 e
495 1049 634 1090 Codd.
668 1048 769 1101 aliq.
806 1050 959 1089 Bothe.
1011 1074 1055 1079 -
1103 1049 1170 1089 63.
1217 1051 1430 1100 respondit
1460 1061 1684 1103 superser.
1716 1062 1738 1092 e
1767 1052 1808 1092 S.
1847 1075 1890 1080 —

181 1112 246 1152 64.
276 1124 471 1163 pressare
501 1124 544 1165 p,
579 1113 772 1152 Pottierii
804 1112 1004 1164 plerique
1028 1114 1069 1152 et
1094 1111 1186 1161 alii,
1221 1111 1518 1161 Scholiastae,
1552 1113 1663 1152 LFJ:
1691 1125 1895 1164 prensare

179 1174 288 1223 bSe,
322 1178 496 1227 septem
526 1175 746 1224 Pottierii,
781 1175 856 1224 Ct,
890 1173 1138 1223 Bentleius,
1171 1175 1227 1214 M.
1265 1197 1309 1202 -
1343 1175 1506 1214 nictans
1535 1176 1708 1215 Baxter.

126 1301 197 1348 40,
245 1300 317 1348 42,
365 1299 410 1338 ⁶2:
457 1310 552 1338 curn
587 1310 747 1350 mayna
781 1298 1002 1338 multitudo

123 1363 369 1412 optimorum
398 1363 589 1401 ‘virorum
618 1366 655 1401 et
684 1362 837 1400 civium
864 1372 929 1400 ‘me
955 1362 1002 1400 de

123 1426 242 1464 donto
262 1426 489 1465 deduceret.
511 1436 590 1476 pro
607 1426 716 1464 Mur.
741 1423 812 1473 34,
832 1425 904 1463 70:
940 1424 1001 1463 in-

122 1488 283 1527 terdum
313 1489 367 1526 acl
393 1488 535 1538 forum
555 1488 811 1527 deducimur.
874 1486 998 1527 Conf.

124 1551 232 1590 Cato
263 1551 364 1590 mai.
400 1550 475 1598 48,
509 1550 575 1589 63.
628 1549 748 1590 Unde
788 1560 889 1589 cum
927 1559 1001 1588 sa—

122 1611 382 1653 lutatoribus
414 1615 545 1663 atque
568 1611 924 1652 adsectatoribus
947 1612 996 1659 Q.

123 1675 278 1715 Cicero
310 1677 400 1715 Pet.
435 1676 566 1715 Cons.
592 1675 642 1724 9,
675 1673 742 1714 34.
777 1675 914 1724 iungit
934 1675 1001 1713 de-

121 1738 321 1778 ductores.
368 1761 413 1766 -—
459 1738 530 1777 Nil
569 1738 656 1776 sine
698 1748 851 1788 mayno
895 1735 997 1788 cet.]

120 1799 338 1851 Aretalogi
369 1811 492 1839 more
515 1799 758 1850 digreditur
789 1798 999 1839 inlocum

121 1873 430 1903 communem:
472 1859 627 1901 πάντα
663 1857 723 1901 τὰ
752 1857 876 1901 καλὰ
906 1874 998 1909 χα-

120 1921 255 1965 λεπά.
315 1925 606 1977 Epicharmus
637 1924 754 1976 apud
791 1925 994 1976 Xenoph.

120 1988 251 2028 Mem.
284 1988 333 2038 2,
369 1988 416 2036 4,
449 1988 525 2028 ⁵20:
574 1985 679 2027 Τῶν
709 1983 870 2026 πόνων
901 1998 999 2026 ,τω-

120 2048 290 2090 λοῦσιν
345 2045 463 2103 ἡμῖν
519 2047 677 2090 πάντα
733 2044 902 2103 τάγάθ’
951 2048 1002 2089 οἱ

119 2112 239 2153 θεοί.
301 2111 504 2164 Sophocl.
530 2112 667 2153 Eleet.
701 2112 809 2153 945:
853 2106 994 2168 Ὅρα,

122 2171 272 2214 πόνου
310 2186 385 2214 τοι
427 2175 572 2232 χωρὶς
609 2170 749 2215 οὐδὲν
789 2169 994 2223 εὐτυχεῖ.

123 2259 170 2265 -
203 2237 326 2289 dedit]
367 2237 499 2277 «dare
538 2235 701 2286 solet»,
740 2231 994 2294 ἀορίστως.

177 2299 322 2338 60-66.
368 2299 480 2338 Haec
507 2300 605 2338 dum
633 2299 736 2350 agit]
771 2299 904 2339 «dum
938 2300 997 2339 ita

123 2361 297 2412 ineptit,
331 2360 442 2400 haec
470 2363 514 2400 et
542 2359 643 2400 talia
666 2361 919 2407 effutiens;»
950 2362 999 2400 ut

122 2434 203 2463 nos
234 2423 401 2463 treiben.
463 2422 685 2474 Gargallo:
726 2424 887 2462 Mentre
915 2423 1000 2462 cosi

120 2486 166 2536 fa
184 2490 299 2525 carte
319 2487 403 2525 cet.
436 2484 547 2526 Nihil
568 2485 838 2537 languidius,
863 2496 998 2536 quam

122 2548 308 2589 aliorum
345 2549 419 2588 ait.
461 2572 505 2577 —
545 2549 646 2600 ecce]
692 2548 747 2588 de
779 2559 826 2587 re
872 2548 999 2588 inex-

122 2613 320 2663 spectata
365 2613 498 2663 atque
542 2612 796 2663 improvisa.
872 2611 998 2650 Hand

121 2674 248 2714 Turs.
280 2675 330 2714 11.
355 2685 398 2726 p.
431 2673 525 2714 347.
556 2696 600 2703 -—
623 2674 779 2713 Fuscus
805 2672 997 2725 Aristius]

123 2736 232 2777 Huic
273 2737 478 2776 Horatius
519 2735 598 2776 Od.
634 2737 679 2785 4,
712 2736 778 2775 22.
815 2737 858 2774 et
887 2736 995 2787 Epp.

124 2799 171 2846 4,
219 2798 285 2838 40.
342 2797 578 2850 inscripsit.
649 2798 788 2837 Comi.
837 2797 996 2843 Caua:

125 2861 230 2900 «Hie
269 2860 347 2899 fuit
385 2860 699 2911 grammaticus
738 2858 852 2899 illius
883 2860 1000 2898 tem-

123 2922 242 2973 poris
272 2921 580 2971 doctissimus,
613 2922 782 2962 amicus
804 2923 848 2961 et
877 2920 1001 2961 fami-

123 2984 239 3025 liaris
270 2984 475 3024 Horatii.»
524 2986 671 3025 Acron
698 2984 754 3024 ad
782 2985 890 3036 Epp.
919 2983 945 3024 l.
969 2983 996 3023 l.

125 3057 228 3086 eum
272 3046 540 3097 scriptorem
583 3047 912 3097 tragoediarum
957 3049 1001 3086 et

125 3109 400 3160 Porphyrion
421 3107 527 3147 ibid.
543 3109 808 3160 scriptorem
824 3119 1002 3149 comoe-

125 3171 298 3211 diarum
337 3168 573 3221 appellant.
641 3171 836 3218 Quorum
875 3172 1001 3211 testi-

126 3234 272 3274 monio
313 3233 394 3272 etsi
431 3233 524 3271 iure
565 3243 653 3271 non
692 3231 882 3272 multum
922 3233 1001 3272 tri-

125 3295 226 3336 buit·
248 3296 435 3346 Langius
473 3295 516 3333 in
555 3293 682 3333 Vind.
715 3295 840 3344 Trag.
874 3296 996 3335 Rom.

126 3368 168 3409 p.
203 3358 293 3406 40.,
335 3359 485 3397 tamen
523 3367 612 3396 non
641 3366 873 3403 veremur,
916 3366 997 3405 ne,

127 3419 162 3458 si
192 3429 296 3459 eum
325 3421 369 3459 et
397 3418 737 3470 grammaticum
767 3416 901 3457 fuisse
932 3416 1000 3456 di-

129 3481 269 3521 cimus
300 3482 344 3521 et
371 3483 569 3533 poetam,
604 3478 743 3530 qualis
774 3477 903 3519 fuerit
930 3477 999 3518 ille

1066 1295 1266 1338 Valerius
1298 1298 1405 1338 Cato
1444 1299 1575 1349 (Suet.
1611 1301 1806 1340 Gramm.
1841 1301 1943 1351 44.),

1067 1359 1256 1399 multum
1286 1359 1500 1400 fallamur.
1553 1363 1789 1401 Wizieussssr
1819 1365 1864 1402 P.
1896 1363 1942 1402 L.

1064 1433 1107 1473 p.
1142 1422 1236 1462 ¹220.
1290 1423 1636 1463 Grammaticum
1668 1423 1801 1463 fuisse
1830 1435 1947 1463 nunc

1065 1487 1237 1524 constat
1279 1496 1332 1525 ex
1375 1485 1665 1525 Eichenfeldii
1710 1488 1753 1525 et
1796 1485 1948 1526 Endli-

1066 1547 1187 1586 cheri
1217 1546 1341 1587 Anal.
1366 1551 1597 1599 grammat.
1622 1559 1666 1600 p.
1690 1547 1793 1588 452:
1827 1580 1835 1588 .
1863 1581 1869 1587 .
1898 1579 1906 1588 .
1935 1580 1942 1587 .

1064 1610 1111 1648 de
1142 1621 1221 1659 quo
1239 1610 1384 1649 Aristii
1414 1611 1535 1650 Fusci
1553 1611 1825 1662 qrammatici
1846 1610 1948 1650 liber

1064 1673 1119 1710 ad
1147 1672 1336 1711 Asinium
1365 1673 1588 1712 Pollionem
1619 1675 1722 1721 eet.,
1755 1675 1802 1712 ut
1823 1675 1945 1712 recte

1064 1734 1320 1774 emendavit
1350 1736 1494 1786 Haupt
1524 1734 1580 1774 ad
1612 1735 1734 1774 Ovid.
1770 1734 1864 1774 llal.
1896 1746 1941 1786 p.

1063 1795 1130 1837 40.
1156 1796 1332 1837 Codicis
1355 1798 1623 1848 scripturam
1645 1797 1802 1836 abnesti
1827 1797 1942 1848 susti.

1063 1860 1126 1898 De
1167 1859 1345 1900 inverso
1386 1860 1617 1899 nominum
1659 1860 1814 1899 ordine
1853 1859 1942 1899 vid.

1063 1920 1120 1962 ad
1151 1922 1229 1962 Od.
1263 1923 1314 1971 2,
1346 1922 1393 1970 2,
1428 1922 1467 1962 3.
1510 1945 1555 1950 —
1592 1922 1766 1972 pulchre
1796 1922 1943 1973 nosset]

1062 1986 1110 2024 ut
1134 1984 1286 2034 probe,
1321 1984 1455 2023 etiam
1485 1984 1527 2023 in
1559 1995 1692 2035 prosa
1723 1995 1787 2023 or.
1821 1983 1947 2024 Plan·

1063 2058 1142 2087 cus
1172 2047 1214 2086 in
1247 2047 1336 2087 Cie.
1370 2047 1478 2098 Epp.
1514 2047 1587 2095 40,
1621 2047 1697 2096 23,
1733 2047 1779 2085 4;
1819 2047 1946 2096 Lepi-

1062 2111 1162 2149 dum
1190 2131 1214 2138 -
1236 2109 1409 2159 pulchre
1440 2119 1603 2148 noram.
1632 2131 1678 2137 —-
1705 2109 1817 2148 Unde
1839 2109 1942 2158 cet.]

1064 2171 1323 2222 «Eleganter
1353 2172 1539 2211 mixtum
1572 2171 1686 2211 inter
1707 2182 1755 2211 se
1779 2173 1822 2210 et
1843 2182 1947 2211 eon-

1062 2233 1208 2273 susum
1239 2243 1498 2274 sermonem
1539 2232 1839 2283 interrogandi
1871 2244 1945 2272 re-

1061 2295 1402 2347 spondendique
1455 2296 1723 2346 expressit.»
1799 2296 1939 2335 Coun.

1063 2358 1194 2403 Cimo.
1242 2356 1374 2396 Solita
1406 2360 1499 2396 erat
1531 2356 1733 2396 formula.
1786 2358 1874 2396 Sat.
1900 2358 1940 2404 2,

1062 2418 1109 2467 4,
1135 2419 1150 2458 4
1171 2431 1178 2457 ;
1215 2420 1326 2458 Unde
1346 2423 1382 2458 et
1403 2430 1482 2468 quo
1505 2417 1677 2458 Catius?
1701 2441 1746 2446 —
1774 2419 1940 2470 Vellere]

1060 2483 1238 2533 proprie
1256 2484 1404 2532 togam
1422 2481 1539 2521 eirca
1557 2479 1818 2520 alterutrum
1840 2480 1942 2520 bra-

1063 2543 1229 2583 chium.
1264 2566 1309 2571 -
1338 2541 1556 2593 pressare]
1595 2543 1665 2582 Sic
1697 2542 1801 2582 dedi
1840 2553 1944 2582 cum

1063 2604 1316 2645 Scholiastis
1344 2606 1388 2644 et
1415 2604 1554 2643 Codd.
1579 2603 1680 2654 aliq.
1704 2605 1944 2654 Postquam

1060 2668 1177 2707 volsa
1193 2669 1319 2707 erant
1337 2666 1535 2715 brachia,
1552 2666 1751 2716 prensari
1771 2666 1859 2705 iam
1874 2665 1945 2705 vix

1061 2734 1287 2784 poterant,
1321 2731 1400 2772 sed
1424 2732 1634 2782 pressari,
1668 2731 1749 2772 nisi
1776 2732 1946 2771 statues

1064 2788 1266 2852 ὕστερον
1296 2791 1544 2851 πρότερον.
1609 2794 1661 2834 Et
1690 2792 1773 2832 loci
1804 2793 1939 2841 certi,

1060 2856 1138 2897 ubi
1170 2867 1375 2907 prensare
1411 2865 1696 2907 nequaquam
1733 2854 1942 2895 substitui

1061 2922 1230 2972 potest,
1277 2919 1320 2959 hi
1354 2920 1483 2959 sunt:
1535 2918 1585 2957 Α.
1620 2917 1772 2958 Furius
1818 2916 1937 2968 apud

1063 2983 1258 3024 Macrob.
1284 2982 1332 3030 6,
1366 2981 1414 3021 3;
1461 2981 1679 3020 Pressatur
1707 2980 1812 3030 pede
1842 2989 1941 3029 pes,

1061 3055 1206 3084 mucro
1242 3053 1461 3091 mucrone,
1502 3042 1594 3081 viro
1631 3041 1712 3080 vir.
1766 3042 1939 3080 Lueret.

1062 3106 1109 3155 4,
1144 3106 1270 3146 4⁴05:
1298 3107 1536 3155 pressantes
1561 3102 1747 3142 dentibus
1766 3114 1846 3142 ora
1867 3103 1944 3153 (sie

1063 3169 1195 3208 etiam
1249 3166 1399 3208 Codex
1442 3177 1466 3205 a
1515 3165 1757 3216 Pomponio
1807 3164 1941 3204 Laeto

1064 3231 1289 3278 exaratus,
1324 3230 1367 3268 et
1397 3239 1421 3267 a
1444 3238 1516 3268 me
1549 3225 1762 3276 collatus).
1818 3224 1939 3265 Ovid.

1063 3294 1164 3334 Met.
1197 3292 1244 3341 8,
1278 3290 1381 3331 538:
1415 3291 1572 3330 cineres
1599 3289 1768 3328 haustos
1796 3288 1852 3326 ad
1864 3297 1943 3336 pe-

1062 3359 1181 3394 ctora
1203 3357 1410 3404 pressant.
1447 3374 1492 3380 -
1526 3350 1766 3398 lentissima]
1801 3358 1942 3398 «quae

1063 3426 1166 3456 cum
1202 3415 1536 3468 pressarentur,
1584 3421 1718 3451 sensu
1758 3419 1941 3461 prorsus

1063 3488 1217 3518 carere
1247 3476 1514 3517 videbantur
1530 3490 1565 3523 ,η
1608 3471 1938 3523 unempfindlich,
