2231 3787
289 241 379 293 102

910 241 1123 282 HORATII
1155 242 1454 282 SATlRARUM

351 373 547 425 Tristes
588 390 652 424 ex
692 370 794 423 alto
835 370 968 424 caeli
1007 371 1288 424 demittere
1329 379 1482 424 tecto.

348 473 690 525 Brundisium
728 471 916 542 longae
956 471 1074 524 linis
1114 471 1440 542 chartaeque
1479 471 1707 541 viaeque
1746 479 1841 523 est.

391 623 481 661 103.
520 623 658 661 Tristis
689 633 726 661 c..
764 645 807 650 —-
843 622 1044 661 ‹lineium-e
1074 621 1115 660 d.
1152 645 1194 649 m
1230 621 1377 669 templo
1399 617 1643 659 Wakefield
1666 619 1758 658 sine
1779 617 1863 658 ulla
1887 629 2035 659 causa.

335 707 379 712 —
416 684 506 724 ⁴04.
540 689 595 724 est
625 695 712 723 om.
747 685 831 723 LCt
863 685 907 722 et
935 682 1170 723 Bentleius.

278 810 523 849 cretianum
568 807 672 847 illud
715 809 759 847 3.
801 807 867 847 83.
915 810 956 846 et
993 807 1039 854 6,
1073 807 1147 846 58:

277 873 385 910 Nam
416 871 511 909 bene
541 872 611 919 qui
642 870 818 908 didicere
848 870 941 908 deos
961 879 1151 907 securum

276 945 400 983 ayere
429 944 589 971 aerum.
628 954 672 959 —
708 931 868 982 Tristes]
903 932 1060 969 «iratos
1083 933 1152 969 at—

276 1006 389 1045 quae
434 995 674 1033 minaces.»
738 993 952 1032 Tristitiae
999 994 1149 1030 autem

276 1057 462 1096 deorum
511 1053 722 1095 miracula
779 1054 910 1093 tribui
968 1055 1149 1093 minime

276 1120 480 1169 possunt,
524 1118 734 1168 quoniam
772 1128 825 1156 ex
861 1118 1036 1168 Epicuri
1078 1116 1154 1156 do-

278 1181 412 1219 ctrina
456 1178 570 1219 nulla
608 1189 759 1218 rerum
790 1178 1043 1218 mortalium
1075 1189 1151 1218 eos

277 1253 381 1281 cura
414 1241 562 1291 tangil.
618 1242 791 1280 Lucret.
827 1241 872 1289 6,
920 1242 993 1280 71:
1039 1253 1149 1290 non,

277 1315 356 1354 quo
386 1304 536 1342 violari
566 1314 728 1342 sumnia
758 1304 877 1342 deum
904 1304 967 1342 vis
1002 1304 1149 1352 Possit,

280 1370 321 1404 ut
342 1377 395 1404 ea*
416 1366 482 1404 ira
498 1376 655 1414 poenas
669 1369 809 1414 petere
828 1365 997 1404 imbibat
1018 1377 1148 1404 aeres.

281 1450 324 1455 —
371 1427 655 1478 caeli-tecto]
701 1430 747 1466 ut
791 1426 882 1466 Val.
924 1426 1063 1466 Flacc.
1104 1428 1149 1474 5,

279 1488 378 1527 623:
412 1490 516 1527 citus
536 1490 591 1528 ad
609 1490 759 1528 summi
786 1489 994 1528 stellantia
1016 1489 1156 1538 patris

1234 683 1419 732 (Habent
1449 681 1631 732 bScdp.)

1215 806 1393 856 Egnatia
1416 804 1606 845 distabat
1631 805 1771 845 XLIV.
1797 806 1852 845 M.
1876 807 1940 854 P.,
1974 803 2093 856 quod

1216 869 1257 907 in
1289 867 1504 919 oppidum
1525 868 1678 919 quinto
1707 868 1882 907 decimo
1909 866 2094 906 demum

1216 930 1285 969 die
1321 931 1639 980 pervenerunt.
1681 952 1724 958 -
1762 930 1948 980 lonyae-
1970 929 2096 968 ehar-

1215 992 1293 1043 tae]
1317 991 1430 1031 Κατ’
1457 992 1719 1048 εἰρωνείαν,
1755 991 1882 1042 quasi
1902 991 2094 1039 timeret,

1215 1065 1269 1093 ne
1314 1053 1555 1093 lectoribus
1586 1052 1836 1093 molestiam
1877 1053 2092 1100 creasset,

1216 1115 1321 1167 quid
1351 1116 1568 1156 Brundisii
1599 1115 1682 1155 sibi
1713 1116 1957 1166 amicisque
1985 1114 2096 1165 grati

1216 1179 1428 1229 ingrative
1479 1177 1718 1227 acciderit,
1777 1178 1821 1217 et
1869 1175 2094 1228 quomodo

1216 1241 1403 1280 Romam
1433 1241 1717 1289 reverterim,
1760 1238 1933 1279 silentio
1961 1249 2097 1289 prae-

1217 1303 1431 1342 termittit.
1499 1304 1652 1353 Itaque
1697 1303 1848 1341 utrum
1890 1300 2096 1340 Horatius

1218 1375 1269 1404 ac
1312 1363 1514 1415 virginus
1559 1364 1776 1404 Brundisii
1825 1362 2094 1410 manserint,

1219 1439 1274 1466 an
1295 1429 1450 1478 postea
1471 1426 1638 1478 legatos
1660 1426 1715 1466 ad
1734 1426 1973 1466 Antonium
1994 1435 2099 1465 con-

1217 1488 1490 1528 veniendum
1512 1500 1655 1540 usque
1678 1488 1734 1528 ad
1764 1490 2004 1528 Tarentum
2026 1497 2100 1526 co-

282 1550 400 1588 Teeta
441 1551 540 1589 ruit.
594 1573 634 1579 —
685 1551 975 1602 Brundisium]
1022 1550 1153 1590 hodie
1220 1551 1358 1590 mitati
1406 1552 1512 1599 sint,
1560 1561 1641 1590 nos
1684 1551 1954 1601 ignoramus.
2006 1547 2094 1589 Cfr.

280 1612 474 1659 Brindisi,
499 1611 712 1663 oppidum
734 1611 1073 1661 Salentinorum,
1099 1611 1154 1651 ab
1220 1613 1438 1652 Kirchner
1469 1613 1667 1661 Quaestt.
1703 1613 1850 1652 Horat.
1874 1622 1917 1664 p.
1941 1611 2008 1651 59.

881 1853 1490 1901 EXCURSUS

1083 1997 1147 2034 AD
1178 2007 1219 2034 v.
1255 1997 1292 2034 4.

390 2071 440 2109 V.
475 2073 511 2110 l.
567 2071 804 2111 «Lucilium
834 2073 917 2112 hac
949 2074 1082 2113 satira
1112 2071 1361 2112 aemulatur
1391 2073 1595 2113 Horatius
1635 2075 1718 2113 iter
1746 2084 1877 2115 suum
1906 2085 1929 2114 a
1963 2076 2100 2116 Roma

280 2151 422 2191 usque
445 2140 501 2180 ad
530 2141 812 2181 Brundisium
844 2142 1126 2191 describens,
1161 2143 1280 2193 quod
1312 2144 1356 2182 et
1384 2141 1454 2182 ille
1487 2144 1528 2182 in
1558 2145 1687 2183 tertio
1717 2142 1829 2183 libro
1859 2143 1981 2193 fecit,
2014 2146 2100 2197 pri-

281 2221 404 2249 mum
434 2221 458 2249 a
489 2211 623 2249 Roma
656 2211 853 2262 Capuam
881 2222 1025 2263 usque
1057 2215 1100 2251 et
1129 2212 1230 2251 inde
1261 2212 1423 2252 fretum
1454 2212 1722 2253 Siciliense.»
1771 2215 1975 2254 Ponpnrn.
2023 2215 2101 2254 Su-

279 2283 466 2330 persunt
495 2292 549 2319 ex
590 2280 738 2320 Lucilii
782 2282 937 2321 itinere
971 2281 1038 2331 (de
1078 2293 1165 2333 quo
1197 2282 1327 2321 docte
1364 2282 1589 2333 disputant
1617 2283 1784 2334 Varges
1826 2284 1870 2322 in
1901 2284 2096 2331 Quaestt.

280 2347 412 2388 Lucil.
446 2350 554 2390 Mus.
588 2352 726 2390 Rhen.
761 2351 880 2390 ⁴835.
913 2353 982 2390 III.
1015 2363 1058 2403 p.
1092 2353 1142 2391 115
1180 2362 1306 2403 seqq.
1341 2354 1384 2391 et
1419 2353 1512 2392 Van
1562 2352 1740 2392 Heusde
1771 2351 1906 2391 Lucil.
1937 2364 1982 2404 p.
2014 2352 2097 2403 58.)

277 2428 434 2458 versus
473 2418 637 2470 aliquot
670 2419 796 2470 (Gerl.
829 2432 873 2472 p.
907 2421 979 2471 9.),
1013 2433 1066 2461 ex
1096 2421 1257 2472 quibus
1294 2423 1480 2473 apparet
1510 2423 1554 2462 in
1584 2434 1636 2462 eo
1678 2421 1815 2461 multa
1853 2422 2097 2462 admodum

283 2486 556 2538 negligenter
600 2491 799 2541 exposita
844 2490 1002 2531 fuisse:
1056 2491 1194 2543 (Milia
1232 2491 1381 2543 porro)
1427 2492 1486 2531 bis
1529 2493 1658 2541 quina
1701 2496 1898 2543 octogena
1947 2491 2101 2532 videbis

281 2557 528 2606 Commorim
571 2560 668 2598 item
707 2560 853 2609 Capua
892 2561 1202 2612 quinquaqinta
1239 2565 1363 2610 atque
1399 2561 1588 2600 ducenta.
1622 2583 1646 2589 -
1674 2583 1697 2589 -
1725 2562 1947 2601 Praeterea
1979 2572 2099 2601 omne

280 2627 359 2665 iter
388 2631 445 2665 est
477 2628 550 2666 hoc
581 2628 767 2667 labosum
797 2633 921 2678 atque
949 2630 1140 2669 lutosum.
1173 2652 1196 2658 —
1224 2653 1244 2658 -
1275 2631 1380 2670 Hinc
1406 2631 1546 2669 media
1573 2631 1699 2669 remis
1725 2630 1971 2670 Palinurum
1999 2642 2101 2680 per-

278 2697 397 2735 venio
426 2707 513 2734 nox
534 2697 707 2747 (nocte).
740 2697 916 2737 Meliora
941 2701 1043 2738 sunt
1071 2699 1206 2738 haec:
1245 2700 1393 2738 Verum
1422 2700 1522 2738 haee
1542 2699 1662 2738 ludus
1681 2698 1759 2748 ibi,
1790 2710 1938 2749 susque
1958 2701 2101 2740 omnia

280 2766 408 2813 deque
435 2766 628 2815 suerunt,·
659 2767 817 2816 Susque
845 2772 883 2807 et
911 2769 1038 2817 deque
1065 2769 1204 2819 fuere,
1238 2769 1432 2818 inquam,
1465 2770 1607 2808 omnia
1635 2769 1746 2808 ludu’
1777 2770 1992 2819 iocusque:
2040 2770 2100 2810 Il-

280 2835 351 2873 lud
380 2847 481 2884 opus
509 2837 686 2885 durum,
723 2841 769 2876 ut
797 2838 984 2876 Setinum
1013 2839 1249 2878 accessimus
1278 2840 1427 2890 fivnem‚·
1466 2836 1705 2891 Αἰγίλιποι
1732 2843 1909 2889 montes,
1944 2839 2100 2880 Aetnae

281 2915 438 2953 omnes,
473 2907 612 2954 asperi
639 2906 826 2946 Athones.
887 2906 1093 2947 Similiter
1123 2909 1287 2948 Caesar
1318 2908 1456 2948 tribus
1486 2908 1607 2948 libris
1638 2910 1889 2960 composuit
1915 2912 2093 2961 poema,

282 2974 402 3024 quod
432 2974 756 3014 inscribebatur
782 2977 877 3015 Iter.
911 2978 1088 3016 Sueton.
1114 2978 1240 3018 Caes.
1275 2978 1344 3019 56.
1368 3000 1411 3005 --
1438 2979 1500 3017 De
1532 2979 1696 3018 itineris
1728 2979 1863 3030 ipsius
1893 2981 2096 3030 tempore

281 3042 461 3084 consule
494 3045 720 3084 Kirchneri
751 3047 946 3093 Quaestt.
979 3048 1081 3086 Hor.
1115 3058 1157 3098 p.
1198 3047 1250 3087 54
1281 3058 1407 3098 seqq.
1440 3047 1642 3087 Refertur
1663 3049 1720 3088 ad
1749 3048 1905 3089 foedus
1935 3049 2098 3089 Taren-

280 3113 420 3153 tinum
449 3124 487 3151 a.
521 3125 563 3152 u.
598 3126 636 3154 c.
670 3116 763 3154 717.
797 3116 911 3155 inter
941 3117 1228 3156 Octavianum
1259 3119 1302 3156 et
1322 3118 1559 3157 Antonium
1590 3118 1751 3166 ictum,
1783 3116 1861 3157 ubi
1891 3118 2096 3158 octaviae

281 3182 434 3222 sedula
475 3183 794 3224 intercessione
833 3185 1042 3225 effectum
1074 3186 1255 3226 tandem
1286 3188 1372 3235 est,
1418 3189 1466 3226 ut
1505 3198 1616 3239 pace
1648 3186 1930 3227 reconciliata
1959 3188 2098 3227 Anto-

279 3253 376 3292 nius
408 3253 587 3293 Caesari
628 3264 763 3293 naves
801 3254 1014 3294 adversus
1054 3256 1152 3294 Sex.
1186 3256 1475 3307 Pompeium,
1525 3257 1690 3297 Caesar
1717 3257 1905 3297 Antonio
1935 3255 2095 3297 milites

278 3322 333 3361 ad
373 3322 625 3362 Parthicum
665 3321 832 3362 bellum
864 3324 1192 3372 commodaret,
1241 3325 1414 3377 sibique
1445 3327 1636 3367 invicem
1669 3328 1712 3366 in
1742 3327 2096 3377 quinquennium

281 3392 606 3431 triumvir-atum
636 3395 940 3443 prorogarent.
1002 3395 1185 3445 Appian.
1210 3396 1256 3434 B.
1282 3396 1328 3435 C.
1354 3397 1401 3444 ὃ,
1435 3396 1501 3436 93.
1562 3398 1641 3437 Dio
1663 3396 1739 3445 48,
1772 3395 1838 3436 54.
1872 3394 2090 3436 Plutarch.

282 3463 436 3500 Anton.
472 3461 538 3500 35.
571 3461 649 3501 Alii
680 3462 823 3502 minus
855 3465 974 3502 recte
1006 3463 1200 3503 referunt
1233 3464 1285 3504 ad
1319 3475 1477 3516 pacem
1506 3466 1622 3506 inter
1651 3465 1901 3505 triumviros
1921 3477 1961 3506 a.
1985 3477 2027 3505 u.
2053 3477 2090 3506 c.
