2231 3787
1090 771 1123 819 l.

919 932 1295 971 §FETONlt

308 1142 367 1205 Q.
406 1141 659 1193 {luamus
699 1140 967 1207 lfflicitt's')
1007 1140 1305 1192 Venusinus
1322 1140 1382 1207 ²),
1416 1148 1565 1209 patre
1595 1140 1668 1207 (ut
1695 1140 1809 1209 ipse
1840 1138 2011 1208 tradit)

202 1241 495 1310 lil)ertino³)
538 1249 589 1294 et
628 1241 963 1294 exactionum
999 1242 1326 1308 coactore·'⁴),
1367 1249 1422 1292 ut
1462 1257 1589 1293 vero
1629 1239 1887 1294 creditum
1918 1250 2011 1301 est,

200 1342 617 1401 salsamentario,
660 1360 780 1396 cum
807 1341 874 1393 illi
903 1341 1121 1413 quidam
1151 1342 1200 1393 in
1229 1340 1575 1394 altercatione
1605 1340 2008 1412 exprobrasset:

204 1445 493 1508 «Quotiens
533 1461 633 1514 ego
671 1443 777 1495 vidi
820 1452 1024 1514 patrem
1064 1452 1211 1495 tuum
1251 1442 1429 1496 cubito
1470 1460 1528 1496 se
1566 1443 2006 1512 emungenten1?»

199 1543 338 1598 bello
378 1544 732 1615 Philippensi,
790 1544 994 1597 excitus
1035 1561 1063 1596 a
1103 1545 1280 1597 Marco
1318 1545 1482 1598 Bruto
1521 1544 1870 1613 imperatore,
1923 1544 2014 1595 tri-

196 1645 373 1699 bunus
413 1645 634 1698 militum
683 1645 925 1713 meruit-⁵)
969 1645 1231 1715 victisque
1274 1645 1513 1715 partibus
1550 1645 1705 1698 venia
1738 1645 2014 1715 impetrata

197 1746 454 1817 scriptum
517 1747 884 1817 quaestorium
936 1746 1290 1817 comparavit,
1351 1763 1412 1800 ac
1471 1746 1641 1816 primo
1702 1746 2008 1805 Maecenati,

196 1847 391 1901 deinde
443 1850 678 1918 Augusto
731 1848 1049 1906 insinuatus,
1107 1864 1211 1899 non
1258 1846 1586 1900 mediocrem
1639 1847 1687 1898 in
1728 1846 2008 1899 amborum

195 1949 425 2002 amicitia
466 1948 639 2002 locum
677 1949 856 2002 tenuit.
906 1949 1186 2027 Maecenas
1221 1957 1553 2019 quantopere
1595 1965 1717 2001 eum
1747 1947 2005 2010 dilexerit,

193 2050 320 2103 satis
360 2058 685 2103 monstratur
724 2049 809 2102 illo
851 2050 1262 2120 epigrammate,
1304 2049 1394 2102 ubi
1436 2049 1636 2120 inquit:

630 2184 714 2222 «Ni
746 2186 787 2223 te
820 2183 1065 2224 visceribus
1098 2185 1231 2231 meis,
1267 2185 1439 2230 llorati,

632 2260 729 2301 Plus
759 2262 844 2300 iam
877 2260 1027 2312 diligo,
1063 2264 1106 2300 tu
1139 2265 1261 2301 tuum
1293 2260 1490 2302 sodalem

632 2340 786 2379 Ninnio
818 2339 968 2379 videas
999 2340 1358 2390 strigosioren1;»

190 2447 286 2501 sed
326 2447 490 2500 multo
530 2447 698 2517 magis
738 2446 1016 2507 extremiS,
1060 2445 1146 2498 tali
1186 2445 1252 2498 ad
1283 2449 1576 2516 Augustum
1616 2446 1815 2515 elogio:
1863 2448 2000 2499 «Ho-

189 2549 304 2602 ratii
346 2548 542 2609 Flacci,
595 2557 653 2601 ut
691 2548 820 2608 mei,
863 2564 1067 2601 memor
1105 2556 1267 2600 esto.»
1351 2549 1620 2618 Augustus
1661 2549 1708 2601 ei
1749 2547 2000 2618 epistola-

189 2667 305 2701 rum
345 2649 578 2703 officium
617 2648 829 2709 obtulit,
872 2657 928 2701 ut
966 2648 1067 2702 hoc
1105 2649 1170 2702 ad
1200 2649 1559 2702 Maecenatem
1600 2649 1797 2720 scripto
1837 2650 1998 2719 signi—

186 2750 337 2804 ficat:
385 2752 545 2803 «Ante
581 2750 696 2820 ipse
723 2748 1023 2803 scribendis
1049 2749 1288 2820 epistolis
1316 2750 1608 2803 amicorum
1638 2749 1994 2803 sufficiebam:

187 2868 330 2904 nunc
381 2851 827 2922 occupatissimus
875 2858 928 2904 et
984 2850 1223 2904 infirmus
1272 2851 1545 2904 Horatium
1596 2859 1835 2904 nostrum
1878 2868 1909 2903 a
1948 2859 1996 2904 te

187 2952 346 3022 cupio
386 2951 672 3005 abducere.
739 2951 924 3005 Veniet
961 2968 1091 3020 ergo
1131 2951 1197 3005 ab
1239 2952 1336 3005 ista
1381 2952 1665 3022 parasitica
1703 2968 1886 3006 mensa
1927 2951 1994 3005 ad

293 3146 316 3196 ¹)
356 3149 631 3187 praenomen
668 3148 795 3197 poeta
837 3147 929 3199 ipse
961 3148 1123 3188 indicat
1154 3149 1239 3188 Sat.
1281 3149 1323 3196 2,
1357 3148 1401 3196 6,
1433 3148 1525 3195 37.,
1568 3159 1728 3188 nomen
1760 3147 1836 3187 Od.
1874 3145 1915 3194 4,
1951 3147 1989 3194 6,

184 3214 251 3256 44.
283 3216 393 3267 Epp.
417 3217 456 3263 4,
491 3215 558 3263 ⁴4,
589 3217 656 3263 5.,
691 3226 939 3267 cognomen
971 3217 1107 3269 Epod.
1144 3219 1217 3265 45,
1253 3218 1317 3258 42.
1352 3219 1437 3258 Sat.
1470 3218 1509 3265 Ξ,
1547 3219 1582 3266 4,
1618 3217 1682 3256 48.

290 3282 318 3333 ²)
349 3286 434 3325 Sat.
468 3287 508 3334 2,
543 3287 580 3332 4,
614 3285 665 3326 34
695 3297 763 3337 sq.

290 3351 315 3399 ³)
348 3355 432 3395 Sat.
467 3357 506 3402 4,
539 3355 577 3403 6,
610 3359 650 3399 6.
685 3355 748 3396 45.
784 3356 848 3397 46.
881 3356 988 3408 Epp.
1025 3358 1062 3403 4,
1094 3358 1161 3404 20,
1196 3357 1260 3397 20.

298 3423 317 3472 ¹)
350 3425 436 3464 Sat.
471 3425 509 3473 4,
541 3425 581 3473 6,
613 3425 680 3465 86.

292 3494 319 3541 ⁵)
352 3494 437 3534 Sat.
472 3495 509 3542 4,
544 3494 583 3543 6,
616 3492 680 3535 48.
714 3494 790 3534 Od.
827 3496 864 3541 Ξ,
898 3495 936 3542 7,
972 3496 986 3534 4
1023 3505 1089 3547 sq.
