2231 3787
263 325 364 377 310

894 327 1103 366 uonATll
1137 327 1433 367 SA'rlRAnUM

908 649 1255 698 SAmmA
1305 649 1426 698 vl.

335 777 446 828 Hoc
486 785 599 828 erat
638 776 688 827 in
727 775 889 827 votis:
929 773 1123 826 modus
1163 774 1274 844 agri
1313 791 1419 827 non
1460 774 1528 827 ita
1569 791 1817 846 magnus,

335 879 530 930 Hortus
570 876 660 928 ubi
701 887 751 929 et
790 884 926 929 tecto
965 875 1172 928 vicinus
1213 875 1349 946 iugis
1389 893 1561 947 aquae
1602 876 1717 929 fons

337 981 395 1031 Et
430 976 647 1048 paulum
687 976 851 1029 silvae
893 993 1058 1046 super
1096 976 1178 1029 his
1217 977 1366 1030 soret.

335 1080 394 1131 Di
435 1078 624 1131 melius
664 1078 857 1131 fecere.

933 1079 1078 1131 Bene
1118 1087 1213 1132 est.

1442 977 1660 1030 Auctius
1701 985 1860 1048 atque

1288 1077 1368 1130 Nil
1407 1077 1634 1149 amplius
1673 1095 1794 1140 oro,

334 1181 467 1233 Maia
505 1189 651 1241 nate,
693 1180 793 1233 nisi
833 1188 890 1232 ut
927 1180 1145 1251 propria
1183 1179 1316 1233 haec
1356 1179 1481 1232 mihi
1522 1197 1746 1233 munera
1783 1180 1929 1234 saxis.
2041 1182 2072 1232 ἴ)

371 1323 481 1362 SAT.
515 1323 583 1361 VI.
646 1322 684 1362 4.
717 1323 830 1361 Nihil
859 1322 958 1362 LCt.
1001 1321 1194 1371 («Scribe
1226 1332 1278 1361 ex
1308 1320 1406 1373 plus
1427 1321 1587 1361 decem
1610 1323 1770 1363 nostris
1791 1322 2019 1363 codicibus

317 1386 406 1435 Nil,
440 1387 483 1424 et
512 1385 574 1425 sic
606 1385 798 1435 quinque
829 1383 1100 1424 Pulmanni.»
1137 1385 1288 1423 BENTL.
1322 1385 1432 1424 Item
1462 1384 1630 1434 nostri.)
1666 1405 1709 1412 —
1745 1385 1783 1424 9.
1816 1385 2022 1436 deformat

316 1504 384 1542 VI.
434 1502 558 1550 Quod
598 1501 790 1541 maxime
831 1501 871 1540 in
912 1501 1023 1539 votis
1055 1500 1136 1539 ha—

265 1566 418 1605 buerat
442 1565 666 1611 Horatius,
702 1566 747 1602 ut
767 1561 878 1602 liber
899 1561 1135 1613 aliquando

261 1628 315 1667 ab
339 1628 456 1667 omni
479 1627 756 1677 negotiorum
788 1636 891 1664 cura
932 1627 974 1664 et
1002 1636 1135 1664 xerae

260 1692 375 1729 vitae
399 1688 726 1741 impedimentis
743 1687 921 1727 sibimet
942 1687 1022 1738 ipsi
1045 1687 1136 1726 ruri

264 1755 432 1792 viveret
472 1754 604 1802 atque
643 1751 728 1790 otio
766 1761 845 1790 suo
890 1750 1133 1794 frueretur,

264 1816 306 1856 id
336 1817 422 1854 iam
451 1813 577 1853 villae
609 1813 795 1852 Sabinae
827 1824 851 1851 a
881 1814 1136 1852 Maecenate

263 1878 345 1918 sibi
375 1877 562 1916 donatae
594 1877 876 1927 possessione
899 1877 993 1914 erat
1013 1886 1139 1914 asse-

265 1944 410 1986 cutus;
458 1950 603 1989 neque
643 1940 791 1977 tamen
832 1941 919 1977 tam
960 1937 1136 1977 assidue

265 2013 400 2053 quam
430 1999 560 2040 vellet
600 1999 658 2038 ibi
697 2000 858 2050 degere
891 2000 929 2039 ei
960 1999 1134 2038 licebat.

266 2062 548 2105 Consuetudo
603 2062 721 2100 enim
774 2064 817 2101 et
870 2060 1137 2101 familiaritas

265 2125 528 2166 Maecenatis
558 2125 734 2174 saepius
767 2135 868 2163 eum
899 2125 1063 2163 Romae
1095 2126 1139 2162 et

266 2191 306 2228 in
338 2189 404 2227 his
435 2186 629 2226 urbanae
661 2187 774 2225 vitae
807 2185 947 2225 turbis
970 2185 1139 2226 detine-

265 2251 363 2298 bat,
415 2248 490 2288 ubi
542 2249 723 2300 quidem
777 2247 890 2287 nulla
937 2247 1019 2287 alia
1064 2260 1136 2289 res

266 2313 479 2366 maiorem
511 2312 549 2350 ei
590 2309 835 2350 molestiam
874 2310 1135 2359 exhibebat,

267 2385 401 2425 quam
455 2383 609 2412 eorum
671 2373 1001 2423 importunitas,
1063 2373 1138 2422 qui

266 2437 532 2476 Maecenatis
563 2446 646 2475 non
679 2435 824 2474 minus
862 2446 996 2486 quam
1029 2440 1139 2487 poe-

267 2503 335 2538 tae
381 2499 578 2538 animum
619 2499 662 2536 et
708 2508 856 2537 mores
887 2499 1138 2548 ignorantes

267 2561 333 2601 vel
375 2562 556 2612 propter
596 2558 802 2598 invidiam
844 2571 947 2599 eum
978 2561 1137 2611 iniquis

267 2621 548 2664 sermonibus
585 2621 904 2670 traducebant,
951 2621 1044 2671 vel,
1091 2625 1140 2661 ut

268 2687 386 2736 ipsos
411 2694 575 2734 resque
597 2695 699 2724 suas
728 2685 894 2736 potenti
915 2685 1137 2723 Octaviani

268 2749 410 2786 amico
441 2746 797 2794 commendaret,
828 2747 1039 2798 pertinaci
1071 2758 1139 2786 se-

267 2808 444 2848 dulitate
490 2819 644 2858 rogare
689 2818 916 2859 nunquam
960 2808 1138 2848 desine-

268 2871 387 2909 bant.
450 2869 710 2909 Huiusmodi
740 2871 867 2920 igitur
887 2882 1014 2910 suam
1035 2881 1137 2910 cum

269 2934 520 2973 Maecenate
554 2932 929 2971 necessitudinem
969 2944 1138 2983 nequa-

269 3004 403 3043 quam
442 3004 541 3032 esse
583 3004 662 3032 nec
703 2992 800 3032 talia
841 3005 888 3033 se
920 3004 1137 3043 quaerere

268 3054 479 3102 affirmat,
514 3054 711 3093 consulto
743 3056 980 3095 amicitiam
1011 3066 1137 3095 suam

269 3127 368 3155 cum
401 3115 469 3154 illo
501 3118 761 3164 extenuans,
796 3119 1014 3167 quatenus
1044 3119 1137 3156 sine

269 3179 396 3218 amici
437 3178 678 3217 offensione
711 3179 803 3218 lieri
843 3181 1039 3230 poterat,
1087 3191 1137 3219 ac

269 3239 506 3280 salsissime
549 3239 736 3279 irridens
777 3242 933 3291 partim
968 3241 1137 3282 invidos

267 3306 398 3353 atque
449 3303 641 3352 iniquos,
693 3303 851 3352 partim
901 3301 1136 3344 molestum

268 3365 515 3405 scribarum
555 3375 693 3415 genus
734 3365 789 3412 (in
831 3375 1020 3415 quorum
1058 3366 1138 3406 de-

268 3427 385 3466 curia
428 3425 572 3477 aliqua
612 3427 862 3476 quaestoria
903 3427 995 3478 ipse
1034 3427 1136 3468 olim

271 3490 426 3537 iuerat)
476 3487 672 3539 aliosque
726 3489 883 3528 horum
943 3488 1134 3535 similes;

1196 1500 1388 1539 rusticae
1419 1499 1536 1539 bona
1563 1499 1740 1540 extollit.
1787 1501 1909 1540 ΖΕΗ..
1957 1502 2076 1541 Scri-

1198 1564 1271 1614 pta
1310 1564 1377 1601 est
1418 1563 1555 1601 Satira
1593 1574 1631 1602 a.
1668 1574 1711 1602 u.
1746 1575 1785 1602 c.
1823 1563 1936 1613 723„
1985 1574 2072 1614 quo

1198 1635 1312 1663 anno
1345 1623 1557 1664 Sabinum
1598 1625 1637 1664 ei
1676 1624 1853 1665 donavit
1896 1626 2075 1665 Maece-

1198 1697 1299 1734 nas,
1348 1687 1470 1727 cuius
1501 1687 1682 1738 quidem
1720 1686 1934 1738 praedioli
1963 1686 2075 1727 deli-

1200 1750 1289 1789 cias
1333 1750 1511 1790 iamiam
1553 1751 1760 1802 expertus
1806 1751 1923 1799 erat,
1971 1760 2074 1791 cum

1199 1812 1310 1851 haec
1341 1812 1529 1863 scripsit.

1256 1875 1345 1913 4-5.
1388 1874 1432 1912 in
1459 1873 1577 1924 votis]
1611 1874 1679 1914 «in
1713 1874 1916 1925 optatis.»
1968 1874 2071 1925 (Cic.

1200 1936 1255 1974 ad
1287 1937 1405 1975 Fam.
1436 1936 1483 1984 Ξ,
1525 1936 1598 1984 43,
1631 1937 1687 1986 2.)
1739 1938 1859 1976 Pers.
1898 1936 1943 1986 3,
1991 1935 2071 1977 4-8:

1199 1998 1300 2045 quid
1328 1999 1473 2037 deoeter
1503 1998 1613 2037 senio
1649 1998 1800 2048 ferret,
1840 1998 1957 2037 Scire
1985 2002 2076 2038 erat

1199 2060 1242 2098 in
1279 2063 1386 2099 voto.
1446 2060 1585 2100 Etiam
1626 2060 1669 2099 in
1708 2071 1841 2111 prosa
1881 2070 1944 2099 or.
1980 2059 2071 2100 Cic.

1199 2125 1358 2162 Aecus.
1381 2123 1506 2162 Verr.
1530 2123 1576 2172 5,
1609 2121 1683 2171 54,
1718 2121 1794 2162 442
1817 2134 1824 2161 ;
1868 2125 2076 2161 nocturna

1198 2189 1296 2225 vota
1325 2187 1601 2236 cupiditatum
1630 2196 1820 2225 suarum.
1848 2208 1893 2213 —-
1915 2185 2074 2234 modus]

1202 2249 1256 2288 de
1301 2250 1394 2299 agri
1438 2249 1577 2300 spatio
1618 2260 1653 2289 s.
1692 2258 1902 2288 mensura
1943 2247 2075 2287 etiam

1202 2310 1338 2350 Plaut.
1371 2310 1466 2351 Aul.
1500 2310 1612 2350 Prol.
1645 2310 1719 2350 43:
1764 2309 1867 2361 Agyri
1908 2309 2076 2359 reliquit

1200 2374 1252 2412 eii
1280 2385 1363 2412 -ηοη
1398 2385 1601 2423 magnum
1635 2373 1816 2411 modum.
1870 2372 1961 2412 Cic.
1994 2382 2075 2423 pro

1202 2434 1354 2474 Flacco
1376 2435 1447 2484 32,
1472 2435 1544 2474 80:
1576 2435 1740 2474 voluisti
1758 2444 1960 2486 magnum
1979 2434 2077 2484 ayri

1200 2499 1367 2537 'modum
1409 2497 1577 2536 censeri.
1654 2497 1828 2535 Liviana
1873 2493 2074 2547 exempla

1202 2559 1373 2610 collegit
1402 2557 1624 2599 Drakenb.
1649 2558 1703 2597 ad
1735 2559 1846 2610 Epit.
1870 2559 1916 2598 L.
1935 2558 2002 2598 58.
2026 2568 2070 2609 p.

1200 2623 1294 2662 206.
1328 2622 1397 2661 ed.
1431 2623 1566 2671 Stutg.
1604 2644 1648 2649 —
1681 2620 1754 2671 ita]
1789 2619 2070 2667 «admodum,

1200 2682 1370 2731 valde»;
1404 2683 1467 2722 sic
1489 2693 1622 2733 saepe
1653 2683 1754 2732 post
1774 2681 2070 2731 negationem.

1202 2746 1291 2786 Cic.
1315 2746 1430 2785 Orat.
1456 2745 1502 2793 8,
1534 2745 1613 2783 25:
1665 2755 1749 2783 non
1783 2744 1845 2782 ita
1881 2743 1964 2783 lato
2004 2743 2073 2782 in-

1199 2809 1364 2847 teriecto
1392 2807 1520 2846 mari.
1557 2827 1600 2832 —
1638 2806 1792 2845 Hortus
1821 2806 1922 2854 cet.]
1963 2803 2070 2844 Plin.

1201 2871 1251 2910 H.
1275 2872 1324 2910 N.
1353 2869 1423 2916 49,
1456 2869 1528 2907 20:
1569 2869 1718 2907 Hortos
1745 2867 1869 2907 villae
1896 2867 2075 2918 iunqen-

1200 2933 1270 2971 dos
1298 2943 1380 2970 non
1413 2935 1471 2970 est
1513 2930 1681 2969 dubium
1718 2930 1941 2981 riguosque
1977 2939 2073 2967 ma-

1198 2995 1311 3033 aeime
1329 2993 1554 3042 habendos,
1577 2993 1610 3031 si
1630 2993 1862 3044 continyac,
1880 2992 2073 3043 praefluo

1201 3067 1334 3095 amne.
1374 3077 1416 3083 —
1452 3055 1559 3106 iussis
1602 3055 1760 3104 aquae]
1808 3054 1877 3094 Sic
1916 3054 2070 3104 iunge,

1202 3129 1286 3157 non
1319 3128 1422 3158 cum
1452 3116 1543 3157 aliis
1573 3117 1681 3167 iu9is
1708 3116 1800 3167 fons
1828 3127 1989 3166 aquae,
2029 3114 2072 3155 id

1201 3180 1319 3231 quod
1351 3178 1658 3220 consuetudini
1680 3179 1912 3229 repugnat.
1946 3176 2069 3218 Conf.

1200 3243 1309 3294 Epp.
1343 3243 1390 3289 4,
1431 3242 1503 3289 45,
1545 3240 1609 3279 46.
1648 3261 1691 3267 -
1723 3241 1903 3290 paulum
1930 3239 2071 3294 silvae]

1201 3303 1323 3345 Conf.
1348 3303 1425 3343 Od.
1449 3303 1495 3351 3,
1521 3303 1595 3350 46,
1630 3301 1682 3341 29
1701 3312 1769 3353 sq.
1801 3301 1977 3353 Epp.11‚
2003 3300 2069 3350 46,

1200 3368 1224 3406 5
1254 3377 1352 3417 sqq.
1391 3365 1498 3416 Epp.
1538 3365 1582 3413 4,
1625 3365 1700 3411 48,
1744 3363 1837 3404 404.
1875 3386 1918 3391 -
1950 3373 2074 3412 super

1199 3428 1272 3479 his]
1308 3426 1410 3467 «ἐπὶ
1439 3424 1651 3477 τούτοις,
1697 3427 1876 3478 praeter
1914 3425 2070 3464 haec.»

1201 3491 1269 3530 Sic
1299 3499 1482 3541 prorsus
1517 3489 1579 3528 his
1613 3499 1736 3538 super
1764 3487 1882 3539 apud
1921 3485 2071 3526 SIlium

272 3560 440 3589 summa
475 3549 600 3590 simul
633 3561 734 3590 cum
766 3552 992 3590 venustate
1026 3552 1136 3591 vitae
1202 3553 1245 3601 4,
1280 3552 1345 3591 60.
1406 3553 1453 3590 In
1484 3561 1614 3602 prosa
1636 3550 1815 3602 quidem
1837 3560 1899 3590 or.
1922 3548 2070 3601 requi-
