2231 3787
774 280 870 318 ΗΒ.
908 281 934 318 l.

1000 280 1161 320 lirisr.
1199 282 1226 319 1.
1812 281 1903 332 :381

165 408 270 462 Sed
312 409 717 480 quadringentis
758 427 853 462 sex
894 419 1100 481 septem
1141 411 1282 464 inilia
1324 412 1541 465 desunt:

165 511 322 565 Plebs
363 512 484 564 eris.

229 678 294 717 58.
330 678 422 729 Sed]
456 679 500 716 Si
531 678 603 729 dp,
636 681 725 718 tres
759 679 964 727 Pottierii,

149 752 171 779 e
204 740 342 780 Codd.
379 742 460 794 (γκ)
493 739 715 780 Bentleius
749 744 790 781 et
825 742 865 780 F.

93 890 307 942 apodosin
351 890 462 930 Plebs
505 891 614 937 cris;
662 890 806 938 unde,
857 901 969 941 quae

92 954 251 992 horum
283 953 335 992 sit
382 954 583 992 iunctura
626 954 669 991 et
706 963 808 992 cum
838 963 970 1003 prae—

91 1013 352 1054 cedentibus
402 1017 445 1054 et
495 1025 597 1054 cum
646 1014 966 1065 sequentibus,

90 1076 405 1128 aliquantisper
422 1077 625 1116 meditari
647 1076 783 1116 debet
812 1075 965 1115 lector.

91 1141 172 1188 Qui
202 1141 346 1179 minus
368 1139 688 1190 intelligebant,
723 1140 884 1178 misere
909 1139 971 1178 in-

91 1201 443 1253 terpolaverunt,
475 1202 635 1253 partim
665 1212 878 1240 versuum
901 1211 970 1239 or-

89 1264 238 1304 dinem
281 1265 573 1313 invertentes,
622 1265 782 1316 partim
827 1263 966 1302 verba

89 1325 294 1366 nonnulla
326 1329 562 1367 mutantes.
590 1349 635 1354 —
659 1325 838 1377 animus]
871 1327 966 1365 «in-

88 1390 265 1440 genium
304 1391 536 1440 praestans
574 1391 707 1439 atque
746 1390 963 1437 erectum,

88 1449 372 1492 laudabilium
403 1454 447 1492 et
476 1452 862 1503 magnanimorum
899 1451 966 1490 in-

88 1516 321 1566 ceptorum
359 1525 547 1566 capax.»
593 1538 638 1543 —
687 1514 854 1566 linqua]
900 1513 965 1553 fa-

88 1578 261 1618 cundia.
298 1598 342 1606 —
374 1577 567 1629 fidesque]
614 1578 712 1626 Est,
758 1578 806 1616 ut
842 1578 964 1616 recte

87 1641 173 1680 iam
194 1640 455 1691 significavit
475 1639 732 1688 Lambinus,
767 1639 962 1687 Credit,

88 1702 231 1742 «bona
261 1703 376 1743 fama
397 1704 441 1742 et
470 1704 653 1754 propter
681 1702 965 1742 honestatem

87 1767 129 1804 et
176 1767 359 1817 propter
402 1763 677 1815 aliquantum
720 1766 961 1816 pecuniae,

86 1828 288 1878 quamtis
319 1827 375 1866 ad
411 1829 669 1878 equestrem
706 1826 963 1878 dignitatem

86 1901 175 1929 non
206 1888 438 1929 sufficiat.»
491 1888 554 1929 Cf.
588 1890 784 1941 Pompeii
825 1890 959 1941 Epist.

85 1953 127 1991 in
163 1951 336 1992 Salustii
380 1952 447 1991 Fr.
481 1951 560 1991 Ed.
599 1963 727 1991 meae
772 1963 815 2004 p.
857 1953 960 1991 4721:

8 2050 18 2059 ,
83 2014 173 2066 Eyo
201 2027 285 2054 non
314 2026 401 2054 rem
427 2014 685 2065 familiarem
713 2016 858 2064 modo,
889 2026 963 2055 ve-

83 2089 180 2116 rum
209 2078 334 2117 etiam
360 2078 484 2129 fidem
512 2079 758 2128 consumpsi.
809 2079 959 2118 Horat.

85 2141 194 2192 Epp.
221 2141 235 2179 4
257 2172 265 2189 ,
290 2141 335 2188 6,
369 2140 442 2179 36:
490 2140 653 2179 Scilicet
671 2152 849 2181 uxorem
870 2152 964 2180 cum

86 2204 178 2242 dote
203 2203 407 2254 fidemque
435 2206 473 2241 cl
502 2203 658 2242 amicos
684 2203 737 2242 Et
772 2215 900 2256 yemis
928 2209 966 2245 et

81 2264 265 2315 formam
292 2265 442 2315 regyina
474 2265 651 2304 Pecunia
680 2267 821 2306 donat.
882 2265 963 2306 Alii

88 2326 198 2381 (coll.
224 2327 302 2367 Od.
327 2328 374 2376 ¹2,
409 2327 484 2374 48,
518 2327 564 2366 9:
607 2327 658 2366 At
692 2329 792 2379 fides
819 2333 857 2368 el
896 2329 964 2368 in-

84 2390 178 2441 qeni
220 2390 410 2440 Beniqna
452 2400 558 2428 vena
602 2391 700 2440 est.)
746 2389 965 2442 explicant

87 2450 353 2503 «probitas»
383 2451 470 2490 Sed
490 2452 592 2492 huic
614 2452 964 2504 interpretationi

86 2514 311 2554 adversari
353 2513 530 2553 videtur
572 2516 666 2566 ipse
720 2515 963 2556 verborum

85 2577 210 2617 ordo.
236 2577 349 2625 Quid
367 2578 485 2616 enim
506 2579 810 2619 inconcinnius
827 2590 963 2630 quam

86 2639 170 2680 hoc
201 2650 336 2680 sensu
368 2650 543 2680 «mores
573 2641 769 2690 honesti,
809 2641 964 2681 facun-

86 2700 155 2741 dia
196 2701 553 2753 probitasque»'?
603 2704 714 2742 Nam
759 2704 823 2743 sic
864 2705 964 2755 fides

86 2774 193 2803 num
223 2763 343 2804 aliud
373 2766 441 2804 est
480 2775 617 2815 quam
645 2776 823 2805 morum
860 2777 964 2805 rur-

85 2836 162 2866 sus
197 2828 330 2877 pars‘?
364 2849 408 2854 —
441 2827 597 2879 desunt]
639 2828 748 2867 Huic
785 2826 963 2869 lectioni

86 2889 204 2929 favet
239 2889 452 2928 concinna
489 2890 706 2941 oppositio
745 2890 860 2930 inter
888 2902 959 2931 vv.

85 2953 180 2988 sunt
222 2951 265 2988 et
309 2951 466 2989 desunt.
524 2974 568 2979 —
618 2953 959 3006 quadrinyenlis]

87 3010 415 3062 Quadringenta
466 3011 583 3052 milia
631 3014 682 3053 H.
721 3015 762 3054 S.
801 3026 961 3056 census

88 3075 182 3113 erat
203 3074 426 3124 equester.
448 3073 595 3123 (80000
612 3076 676 3114 Fr.
695 3075 815 3127 Gall.)
836 3078 958 3117 Conf.

85 3137 135 3176 A.
159 3137 205 3175 P.
230 3135 325 3175 383.
366 3135 447 3183 Qui
467 3134 689 3186 aliquanto
708 3136 807 3189 plus
829 3140 962 3180 etiam

85 3197 376 3249 possidebant
416 3199 459 3236 et
497 3207 689 3248 quorum
727 3200 814 3239 iam
854 3212 962 3242 avus

87 3259 302 3310 ingenuus
343 3258 506 3308 fuerat,
554 3261 725 3310 equites
761 3262 960 3313 illustres,

86 3322 300 3371 splendidi,
331 3322 512 3373 insignes
539 3321 830 3371 vocabantur,
864 3326 963 3374 qui-

88 3382 172 3424 bus
233 3388 372 3424 tenues
431 3384 786 3436 opponebantur.
871 3386 958 3427 Cfr.

89 3444 246 3496 Zumpt
285 3446 387 3486 uber
430 3447 495 3486 die
537 3447 775 3486 Remischen
816 3448 958 3487 Ritler.

91 3505 498 3547 Berliner-Abhandl.
527 3508 645 3548 4839.
670 3519 711 3559 p.
732 3508 797 3548 95.
821 3531 866 3538 —
890 3520 964 3549 sec

563 514 625 564 At
663 512 815 582 pueri
857 511 1130 571 ludentes,
1176 516 1284 567 Rex
1325 514 1457 575 cris,
1501 515 1670 573 aiunt,

1001 679 1131 719 LCtF.
1169 680 1229 727 (i’t
1263 692 1355 720 nos.
1392 680 1464 722 bs,
1497 680 1621 734 βγκ.)
1654 705 1693 709 —
1731 684 1859 723 desint
1937 723 1949 734 .

1035 889 1210 940 sepiem]
1258 890 1331 929 list
1373 891 1662 942 proverbialis
1708 893 1910 934 formula.

1035 952 1211 991 Terent.
1239 953 1345 991 Eun.
1371 954 1419 1001 ⁶2,
1454 953 1497 1001 3,
1532 953 1604 992 39:
1638 955 1760 994 Illum
1789 957 1915 1006 liquet

1001 1003 1003 1022 ¹
1034 1016 1134 1054 innui
1165 1017 1375 1064 deierare,
1412 1018 1473 1055 his
1501 1019 1705 1058 mensibus
1735 1022 1820 1059 Sec
1848 1033 1914 1061 se-

1027 1083 1141 1128 ptem
1175 1091 1373 1128 prorsum
1407 1093 1483 1119 non
1515 1082 1662 1122 vidisse
1686 1085 1910 1132 proximis.

1035 1142 1123 1180 (lic.
1158 1142 1213 1181 ad
1243 1145 1327 1181 Att.
1364 1143 1437 1191 110,
1476 1144 1520 1191 8,
1562 1144 1609 1182 6:
1656 1156 1730 1184 set·
1762 1152 1914 1196 septem

1032 1204 1183 1243 dicbus.
1221 1204 1323 1254 (Alia
1353 1206 1462 1244 ratio
1499 1208 1566 1245 est
1599 1206 1799 1249 locorum
1829 1211 1914 1249 Lu-

1032 1269 1139 1306 cret.
1165 1265 1211 1315 4,
1248 1267 1341 1306 327.
1376 1269 1469 1307 577.
1497 1269 1692 1319 Lachm.)

1085 1391 1257 1431 59-61.
1309 1391 1422 1431 Plebs
1464 1394 1564 1443 eris]
1615 1394 1914 1436 «Contemne-

1030 1454 1112 1502 ris,
1169 1454 1283 1492 inter
1325 1453 1505 1505 plebem
1545 1457 1825 1508 reputaberis
1870 1463 1913 1500 et

1031 1517 1070 1555 in
1098 1516 1205 1555 XIV.
1232 1516 1461 1557 ordinibus
1493 1529 1581 1558 non
1612 1518 1836 1560 sedebis.»
1864 1545 1908 1551 —

1025 1579 1148 1629 pueri
1192 1579 1373 1620 ludentes
1416 1581 1525 1632 cet]
1572 1582 1641 1621 Sic
1685 1581 1912 1634 explican-

1031 1642 1137 1681 dum
1169 1642 1364 1681 videtur:
1421 1644 1572 1683 «Pueri
1604 1643 1679 1683 ubi
1718 1645 1832 1685 inter
1861 1658 1910 1686 se

1030 1703 1206 1752 ludunt,
1247 1705 1321 1755 qui
1367 1703 1559 1756 plurium
1600 1705 1668 1745 vel
1710 1708 1909 1747 omnium

1029 1766 1190 1806 iudicio
1246 1767 1360 1806 inter
1408 1778 1564 1807 omnes
1612 1769 1910 1808 dexterrimus

1030 1831 1119 1877 est,
1154 1840 1231 1868 rex
1261 1828 1602 1869 declarabitur.»
1653 1832 1732 1870 Dio
1765 1832 1910 1882 Chry-

1029 1892 1253 1931 sostomus
1293 1890 1348 1930 de
1389 1903 1526 1942 regno
1566 1903 1628 1932 or.
1662 1892 1700 1933 4.
1734 1905 1776 1944 p.
1814 1895 1906 1933 457.

1027 1954 1074 1993 R.
1094 1965 1101 1991 :
1137 1949 1256 1993 Οὐδὲ
1277 1949 1367 2010 γὰρ
1386 1951 1480 1993 τῶν
1513 1953 1694 1994 παίδων
1716 1951 1742 1995 ὁ
1773 1954 1910 2008 νική-

1028 2027 1146 2065 σας,
1200 2009 1316 2055 ὅταν
1366 2019 1622 2067 παίζωσιν,
1671 2015 1727 2057 ὃν
1770 2014 1910 2059 αὐτοί

1027 2090 1151 2126 φασι
1201 2076 1427 2128 βασιλέα,
1483 2077 1546 2133 τῷ
1607 2075 1709 2120 ὄντι
1761 2080 1907 2129 βασι-

1026 2137 1134 2191 λεύς
1164 2140 1307 2181 ἐστιν.
1371 2143 1570 2193 (Propter
1600 2143 1745 2194 ipsum
1775 2155 1816 2183 v,
1840 2145 1908 2183 lu-

1027 2204 1163 2242 dentes
1192 2204 1323 2254 («suis
1355 2205 1397 2243 in
1427 2203 1582 2255 ludis»)
1614 2205 1686 2245 hic
1706 2205 1830 2246 locus
1851 2207 1908 2246 ad

1027 2264 1220 2317 pueriles
1260 2266 1488 2306 dumtaxat
1524 2265 1652 2307 ludos
1689 2268 1909 2308 reseratur

1028 2337 1213 2367 necesse
1246 2329 1335 2375 est,
1370 2338 1482 2376 non,
1517 2330 1576 2367 uti
1607 2340 1714 2369 sane
1746 2331 1907 2371 imme-

1026 2391 1109 2429 rito
1151 2400 1223 2428 me
1265 2390 1600 2440 reprehendens
1639 2392 1699 2431 ait
1742 2392 1907 2433 Dillen-

1027 2451 1193 2502 burger
1222 2452 1264 2491 in
1296 2453 1444 2503 Progr.
1477 2453 1679 2504 Aquisgr.
1707 2454 1826 2496 4844.
1860 2467 1902 2507 p.

1027 2515 1084 2554 9.:
1120 2513 1280 2554 «Aliter
1310 2514 1508 2566 profecto
1540 2515 1652 2555 haec
1682 2527 1750 2556 vv.
1783 2518 1817 2556 si
1836 2529 1907 2558 re-

1026 2581 1086 2617 cte
1113 2577 1242 2627 facies
1272 2576 1473 2617 scribere
1505 2588 1592 2617 non
1622 2579 1783 2629 potuit,
1822 2581 1904 2621 nisi

1027 2642 1075 2679 ut
1103 2640 1312 2680 iustitiam
1343 2640 1384 2679 in
1417 2639 1651 2680 iudicando
1683 2643 1727 2681 et
1755 2642 1905 2694 probi-

1027 2703 1224 2742 tatemin
1241 2702 1413 2753 agendo
1441 2703 1750 2754 significaret.»
1785 2704 1903 2745 Talia

1024 2776 1133 2805 vero
1178 2764 1338 2804 iudicia
1369 2776 1393 2804 a
1431 2765 1583 2816 pueris
1628 2765 1905 2808 decennibus

1027 2839 1115 2867 non
1146 2827 1286 2877 fiunt.)
1355 2827 1572 2868 Diss'erunt
1615 2838 1744 2878 sane,
1792 2841 1904 2881 quos

1026 2891 1114 2930 huc
1136 2891 1385 2938 traxerunt,
1419 2888 1490 2929 alii
1509 2889 1621 2940 ludi,
1654 2892 1901 2931 utSueton.

1026 2955 1127 2993 Ner.
1153 2952 1228 2992 35:
1262 2953 1438 2992 ducatus
1465 2957 1503 2992 et
1531 2954 1711 3004 imperia
1737 2953 1901 3001 ludere;

1026 3017 1070 3055 et
1099 3016 1240 3067 Spart.
1274 3015 1372 3054 Sev.
1405 3015 1448 3054 l:
1497 3015 1658 3055 nullum
1686 3016 1817 3055 alium
1836 3017 1905 3055 in-

1024 3081 1086 3117 ter
1108 3087 1264 3127 pueros
1292 3076 1436 3116 ludum
1474 3077 1554 3116 nisi
1596 3078 1661 3116 ad
1703 3078 1904 3118 iudices

1024 3141 1234 3189 exercuit,
1267 3151 1362 3179 cum
1389 3141 1476 3189 ipse
1498 3142 1706 3190 praelatis
1723 3141 1904 3192 fascibus

1025 3214 1075 3242 ac
1116 3202 1327 3243 securibus
1368 3203 1512 3242 ordine
1547 3215 1780 3253 puerorum
1814 3204 1901 3242 cir-

1024 3269 1253 3305 cumstante
1271 3266 1428 3304 sederet
1447 3276 1498 3304 ac
1526 3266 1744 3305 iudicaret.
1807 3266 1902 3314 (Ce-

1024 3328 1170 3367 terum
1215 3326 1335 3367 Plato
1366 3338 1543 3378 quoque
1575 3327 1733 3367 talibus
1771 3325 1901 3366 ludo-

1024 3398 1124 3427 rum
1153 3387 1391 3440 puerilium
1422 3387 1620 3429 formulis
1650 3389 1785 3427 utitur
1805 3387 1901 3427 Phi-

1025 3448 1112 3489 leb.
1152 3462 1196 3501 p.
1245 3451 1296 3489 49
1334 3450 1381 3489 Ε.
1425 3450 1604 3489 Theaet.
1645 3460 1688 3500 p.
1732 3448 1809 3489 446
1846 3451 1894 3489 A.

1027 3511 1113 3551 Csr.
1138 3511 1281 3550 Schol.
1306 3512 1348 3550 in
1371 3511 1594 3550 Theaetet.
1619 3521 1660 3561 p.
1685 3511 1763 3550 897
1786 3511 1828 3551 b.
1852 3523 1893 3552 v.
