2231 3787
238 234 304 285 98

873 234 1085 273 llORATll
1118 233 1416 273 SATIRARUM

307 363 450 418 Uilos
490 379 610 416 cum
649 361 785 413 foliis
824 379 1000 414 ramos
1041 372 1229 415 urente
1269 363 1493 415 camino.

306 465 400 517 Hic
439 481 539 534 ego
578 463 894 516 mendacem
931 462 1271 515 stultissimus
1311 479 1484 533 usque
1529 461 1765 532 puellam

304 565 382 618 Ad
422 564 653 618 mediam
692 573 902 617 noctem
942 573 1222 634 exspecto:
1267 581 1485 615 somnus
1523 571 1700 615 tamen
1738 563 1908 617 aufert

306 668 567 720 Intentum
606 666 820 729 veneri3
863 675 972 717 tum
1012 664 1285 717 immundo
1325 664 1531 717 somnia
1568 664 1686 717 visu

304 769 623 821 Nocturnam
662 776 866 819 vestem
904 765 1171 819 maculant
1209 774 1560 835 ventremque
1600 765 1865 835 supinum.

1986 766 2053 817 85

303 870 565 933 Quattuor
603 868 725 920 hinc
764 867 1002 937 rapimur
1041 866 1222 936 viginti
1262 875 1312 919 et
1351 865 1495 919 milia
1531 865 1734 927 rhediS,

343 995 409 1034 86.
445 999 481 1033 et
512 1005 598 1033 om.
639 1005 707 1044 cp.

232 1100 353 1135 recta
394 1106 474 1146 per
514 1094 749 1133 fumarium
783 1094 901 1132 exire
932 1096 1106 1145 posset,

1177 1094 1247 1133 cui
1292 1092 1618 1144 praemittenda
1665 1095 1758 1133 erat
1802 1092 2056 1145 exemplum

233 1158 446 1208 imprimis
478 1157 654 1195 Horatio
676 1155 872 1206 lippienti
894 1154 1108 1194 molestus
1176 1154 1366 1204 neglexit
1397 1156 1541 1206 Haupt
1572 1154 1700 1195 Obss.
1720 1156 1832 1195 critt.
1855 1166 1899 1207 p.
1918 1155 1970 1196 48
1987 1166 2053 1207 sq.

232 1222 338 1258 erat.
391 1218 513 1257 Idem
544 1217 649 1257 fumi
681 1218 910 1269 epitheton
948 1216 1111 1268 placuit
1178 1242 1219 1247 —
1244 1218 1453 1267 oppidulo,
1480 1218 1587 1267 quod
1609 1218 1711 1269 cet.]
1745 1219 2055 1269 «Equotutium

232 1280 381 1319 ovidio
429 1282 605 1320 Metam.
651 1280 729 1327 40,

782 1279 820 1318 6.
873 1302 917 1306 —
967 1282 1110 1317 urente
1178 1281 1225 1331 (s.
1260 1280 1424 1319 rectius
1454 1280 1629 1330 Equum
1660 1279 1860 1330 tuticum)
1889 1279 2059 1331 signifi—

231 1342 415 1393 camino]
458 1342 520 1381 De
558 1341 714 1391 frigore
751 1342 792 1379 in
827 1341 893 1379 liis
928 1339 1108 1390 Apuliae
1139 1342 1143 1394 ι
1175 1344 1267 1389 cat,
1302 1341 1426 1381 cuius
1448 1352 1611 1380 nomen
1641 1341 1900 1381 hexametro
1920 1352 2055 1381 versu

233 1404 456 1444 montibus
487 1415 620 1455 saepe
653 1415 794 1454 usque
832 1404 871 1441 in
905 1413 1108 1441 mensem
1141 1404 1143 1409 ’

232 1467 400 1505 Iunium
447 1467 653 1505 continuo
698 1466 774 1504 cfr.
818 1464 1112 1504 XValckenae-

234 1529 346 1567 rium
386 1530 416 1567 1.
458 1539 499 1578 p.
544 1527 638 1567 x249.
710 1527 873 1566 camino
919 1528 986 1565 est
1029 1537 1110 1576 pro

233 1592 330 1640 igne
349 1591 522 1629 camini.
557 1591 619 1629 De
638 1589 820 1628 caminis
843 1588 920 1627 cfr.
942 1588 1113 1627 Becker

235 1652 381 1691 Gallus
413 1651 502 1703 (Ed.
529 1650 619 1701 alt.)
652 1652 702 1690 11.
725 1661 767 1702 p.
791 1649 886 1690 ⁶224.
925 1673 969 1679 -
1000 1661 1112 1689 men-

233 1716 375 1753 dacem
404 1736 426 1742 -
455 1735 478 1742 -
500 1713 687 1763 puellam
706 1735 729 1742 -
749 1736 772 1742 -
792 1713 995 1764 eaespecto]
1044 1712 1112 1751 Sic

232 1775 519 1827 Asclepiades
560 1774 734 1815 Anthol.
768 1774 855 1814 Pal.
880 1776 911 1814 I.
935 1786 978 1825 p.
1005 1775 1109 1813 4⁵25:

228 1834 521 1890 Ὡμολόγησ’
559 1831 690 1890 ἥξειν
734 1838 801 1888 εἷς
837 1833 986 1876 νύκτα
1027 1847 1112 1888 μοι

235 1895 265 1953 ἦ
310 1896 559 1951 ’ζτιβόητος
603 1897 758 1947 Νικώ,
800 1899 881 1937 καὶ
929 1893 1114 1950 σεμνὴν

235 1958 400 2014 ὤμοσε
431 1958 777 2018 Θεσμοφόρον·
814 1955 950 2007 Κοῦχ
983 1954 1111 2011 ἥκει,

235 2019 430 2076 φυλακὴ
459 2021 508 2063 δὲ
531 2025 831 2080 παροίχεται.
865 2014 937 2079 ἆρ’
959 2021 1115 2079 ἐπιορ-

235 2082 543 2130 κεῖνἼΙθελε;
574 2082 657 2125 τὸν
687 2082 886 2133 λύχνον,
920 2083 1083 2134 παῖδες
1102 2115 1112 2132 ,

236 2145 558 2197 ἁποσβέσατε.
595 2170 639 2175 -
673 2147 850 2198 somnia]
882 2148 945 2186 De
978 2148 1115 2186 nimia

238 2213 419 2253 seminis
449 2210 704 2262 profusione
741 2209 929 2260 loquens
963 2208 1116 2248 Celsus

238 2274 286 2321 4,
312 2273 377 2312 28.
411 2277 636 2312 nocturnas
657 2273 859 2322 maflines
879 2273 1114 2310 memorat.

242 2358 285 2363 —
313 2333 418 2386 visu]
453 2334 672 2385 «specie‚»
707 2335 751 2372 ut
775 2333 890 2382 Virg.
915 2335 1023 2371 Aen.
1049 2333 1115 2379 ¹111,

241 2398 342 2436 ⁹271:
374 2398 495 2436 Nunc
524 2397 651 2435 etiam
680 2394 871 2434 horribili
898 2395 989 2433 visu
1016 2405 1120 2443 por—

241 2463 354 2498 tenta
382 2462 624 2507 sequuntur.
654 2479 699 2485 —
722 2460 871 2495 restem
890 2455 1118 2507 maculant]

242 2522 305 2561 De
355 2521 440 2560 hoc
483 2530 660 2571 quoque
709 2517 822 2567 loco,
875 2519 948 2569 qui
992 2518 1120 2557 nobis

243 2592 431 2634 spurcus
462 2579 793 2627 tantummodo,
833 2591 920 2619 non
952 2579 1121 2619 facetus

243 2644 439 2691 videtur,
485 2644 543 2682 ita
587 2641 874 2682 iudicandum
919 2642 1028 2689 erit,
1075 2642 1124 2679 ut

247 2706 446 2745 dicamus
477 2705 594 2757 apud
623 2706 845 2745 Romanos
868 2702 1002 2743 talem
1024 2699 1124 2753 ἑξο-

246 2763 510 2823 νειρωγμὸν
558 2777 638 2818 pro
688 2764 874 2805 ridiculo
922 2764 1124 2804 habitum

250 2840 371 2876 esse,
420 2829 474 2868 de
506 2839 593 2879 quo
623 2826 770 2880 palam
811 2826 1122 2878 loquebantur.

250 2891 435 2930 Omnino
473 2890 619 2929 onmia
657 2890 768 2928 haec
809 2887 920 2928 levia
960 2888 1126 2927 itineris

251 2951 559 2998 incommoda,
632 2961 855 3001 caupones
918 2949 1124 2999 maligni,

252 3024 367 3064 aqua
415 3012 682 3060 deterrima,
739 3022 864 3051 mora
912 3009 1126 3060 remulci,

250 3074 486 3127 lippitudo,
521 3074 637 3113 turdi
666 3075 805 3113 macri
833 3074 905 3112 vix
925 3073 1128 3112 incendio

255 3137 419 3188 erepti,
464 3136 609 3175 tumus
640 3136 824 3183 camini,
866 3145 1007 3174 venus
1038 3134 1130 3174 fru-

255 3201 407 3246 strata,
435 3197 588 3237 festive
611 3198 892 3247 opponuntur
912 3197 1129 3236 amicitiae

256 3261 440 3308 fructui,
473 3260 580 3299 risui
611 3259 822 3309 iocisque.

313 3322 458 3362 86-90.
492 3321 697 3370 rapimur]
732 3319 989 3359 «celerrime
1009 3319 1132 3358 vehi-

261 3395 403 3424 mur.»
438 3408 480 3413 —
513 3384 660 3435 viqinti
688 3383 738 3434 et]
771 3384 862 3423 Hoc
888 3381 1128 3434 particulae

261 3451 297 3485 el
339 3449 436 3498 post
481 3445 583 3486 illud
613 3444 878 3486 vocabulum
919 3445 1127 3484 traiectae

1177 1401 1411 1454 complecti
1443 1414 1529 1442 non
1560 1405 1722 1454 potest.
1784 1404 1877 1443 Hoc
1907 1405 2057 1443 autem

1178 1462 1380 1514 exemplo
1400 1463 1560 1503 Lucilii.
1586 1466 1696 1504 Nam
1718 1465 1761 1504 in
1782 1465 1970 1517 septima
1987 1466 2061 1504 Sa-

1177 1528 1256 1567 tira
1289 1527 1352 1567 sic
1387 1526 1464 1564 ait:
1509 1526 1736 1565 Servorum
1765 1531 1823 1566 esc
1850 1528 1975 1578 festus
2001 1527 2062 1566 di-

1178 1601 1217 1628 es
1245 1589 1331 1638 hic,
1368 1589 1495 1637 Quem
1521 1588 1647 1638 plane
1675 1589 1919 1629 hexametro
1939 1599 2062 1629 versu

1177 1663 1259 1691 non
1281 1652 1414 1689 dicere
1428 1652 1562 1700 possis
1593 1650 1872 1701 (Sigillaria).»
1903 1653 2056 1692 Pomm.

1177 1714 1319 1752 Verus
1358 1712 1466 1752 situs
1505 1713 1613 1762 Equi
1646 1713 1762 1752 tutici
1784 1723 1820 1753 s.
1841 1713 1952 1761 Equi
1971 1724 2063 1752 ma-

1178 1775 1250 1826 9ni
1272 1774 1341 1825 (de
1357 1774 1481 1814 cuius
1495 1776 1646 1824 etymo
1658 1776 1701 1814 et
1719 1785 1824 1814 vera
1841 1776 2060 1826 scriptura

1179 1837 1267 1876 iam
1298 1836 1411 1875 conf.
1450 1837 1497 1875 G.
1528 1837 1727 1885 Curtius,
1767 1837 1999 1888 Zeitschrifl
2022 1837 2059 1888 f.

1178 1899 1388 1938 Alterthw.
1416 1898 1535 1938 4847.
1560 1910 1603 1950 p.
1623 1898 1736 1948 465.)
1775 1901 1956 1940 auctore
1980 1901 2062 1940 Ro-

1181 1959 1389 2000 manellio
1435 1971 1522 1999 non
1561 1962 1629 2000 est
1668 1960 1884 2001 Scutuccio
1922 1972 2062 2013 prope

1180 2021 1416 2069 Asculum,
1450 2022 1530 2061 sed
1561 2022 1604 2061 S.
1626 2022 1836 2062 Eleuterio
1857 2033 1891 2062 s.
1925 2023 1968 2062 S.
1997 2023 2066 2062 Li-

1180 2085 1368 2124 beralore
1384 2094 1522 2135 prope
1537 2083 1712 2122 Ariano.
1763 2084 1889 2124 Idem
1911 2086 2061 2125 tamen

1183 2149 1439 2199 (praeeunte
1479 2145 1771 2197 Wesselingio
1814 2148 1870 2187 ad
1914 2149 2061 2188 Itiner.

1182 2222 1224 2261 p.
1260 2209 1369 2258 403.)
1407 2209 1568 2247 acriter
1607 2209 1836 2249 contendit
1875 2210 2066 2261 oppidu-

1181 2271 1274 2311 lum
1288 2282 1329 2309 V.
1349 2271 1415 2310 87.
1436 2269 1731 2320 significatum
1751 2282 1839 2310 non
1862 2271 1916 2311 de
1939 2272 2064 2323 Equo

1183 2333 1318 2372 tutico
1340 2331 1724 2383 interpretandum
1747 2343 1869 2382 esse,
1902 2333 1984 2374 sed
2005 2333 2066 2374 si-

1184 2395 1379 2445 gnificari
1399 2393 1468 2433 vel
1489 2394 1683 2433 Asculum
1707 2393 1899 2446 Apulum
1924 2395 2068 2435 diver-

1185 2467 1286 2496 sum
1316 2455 1371 2495 ab
1393 2455 1553 2496 Asculo
1575 2456 1752 2504 Piceno,
1784 2457 1950 2496 Asclum
1970 2456 2062 2497 aliis

1189 2517 1323 2569 (quod
1339 2520 1489 2557 tamen
1505 2529 1602 2556 voc.
1619 2517 1744 2557 facile
1761 2520 1910 2558 versui
1931 2519 2066 2559 inseri

1186 2580 1395 2631 poterat),
1429 2578 1497 2618 vel
1528 2579 1741 2629 oppidum
1770 2590 1910 2631 prope
1932 2582 2068 2621 Ascu-

1187 2642 1302 2689 lum,
1355 2652 1472 2680 nunc
1519 2640 1699 2691 quidem
1749 2641 1969 2692 ignotum,
2020 2644 2069 2682 ut

1188 2704 1408 2743 Trivicum
1438 2704 1481 2742 in
1513 2703 1750 2742 Itinerariis
1781 2714 1869 2744 non
1899 2715 2070 2745 memo-

1188 2768 1330 2813 ratur,
1364 2765 1408 2804 id
1430 2764 1550 2815 quod
1571 2764 1844 2815 probabilius
1867 2767 1946 2806 est.
1985 2767 2068 2806 Pro

1188 2827 1334 2867 Asculo
1373 2828 1538 2878 pugnat
1575 2827 1708 2866 etiam
1748 2826 2064 2877 Walckenaer,

1191 2887 1347 2929 falsam
1390 2890 1540 2927 tamen
1582 2889 1840 2928 reticentiae
1886 2900 2068 2929 causam

1193 2951 1404 2998 afferens,
1452 2950 1578 3000 quasi
1625 2953 1744 2991 esset
1786 2961 1950 2991 nomen
1985 2950 2070 2991 ob-

1194 3022 1409 3053 scoenum
1438 3011 1659 3059 Asculum,
1706 3011 1762 3052 ob
1793 3022 1890 3053 voc.
1924 3013 2067 3062 culm,

1194 3073 1448 3125 quantitatis
1470 3074 1588 3113 hand
1609 3085 1796 3114 memor.
1830 3076 1944 3116 Sane
1966 3085 2071 3114 con-

1194 3136 1410 3175 fitendum
1454 3137 1545 3184 est,
1593 3137 1628 3175 si
1671 3137 1845 3188 Equum
1884 3138 2070 3177 tuticum

1195 3198 1398 3238 Horatius
1419 3198 1699 3249 pervenerit,
1735 3209 1837 3238 eum
1857 3209 1940 3250 per
1959 3199 2071 3239 haec

1195 3259 1338 3299 XXIV.
1371 3260 1426 3299 M.
1460 3262 1504 3299 P.
1540 3261 1623 3300 iter
1652 3262 1959 3301 transversum
1987 3261 2071 3300 ha-

1195 3321 1346 3361 buisse
1371 3322 1431 3371 (ut
1451 3322 1603 3361 videre
1625 3321 1728 3362 licet
1747 3323 1791 3362 in
1813 3321 2068 3362 Romanellii

1196 3382 1343 3422 tabula
1374 3383 1697 3435 geographica),
1732 3386 1775 3423 et
1804 3383 1985 3435 quidem
2016 3394 2071 3424 ex

1197 3444 1347 3496 Apulia
1387 3446 1440 3494 (v.
1474 3446 1558 3496 77.)
1595 3456 1748 3486 rursus
1790 3446 1834 3485 in
1878 3445 2069 3498 Campa·
