2231 3787
812 260 908 299 LIB.
946 263 972 299 I.

1039 262 1199 300 EPIST.
1233 262 1376 301 XVIII.

1914 264 2015 313 2563

251 391 686 443 percontatorem
730 390 914 462 fugito,
957 408 1079 443 nam
1122 391 1369 462 garrulus
1409 392 1551 446 idem
1594 405 1697 449 est.

249 492 359 544 Nec
399 492 629 545 retinent
669 491 883 563 patulae
926 493 1214 546 commissa
1256 494 1485 549 fideliter
1525 514 1708 552 aures,

1948 500 2012 550 70

251 593 312 644 Et
351 593 517 647 semel
560 595 817 647 emissum
859 594 1000 648 volat
1039 595 1395 649 irrevocabile
1434 597 1678 651 verbum.

248 696 363 747 Non
404 694 597 749 ancilla
635 704 785 749 tuum
826 697 976 751 iecur
1014 696 1222 751 ulceret
1261 698 1368 751 ulla
1405 716 1610 769 puerve

249 799 390 850 Intra
430 815 796 851 marmoreum
834 798 1130 852 venerandi
1171 799 1331 853 limen
1372 801 1554 863 amici,

247 900 324 952 Ne
365 899 614 953 dominus
654 901 809 971 pueri
850 900 1058 971 pulchri
1100 919 1329 956 caraeve
1372 903 1586 975 puellae

250 1001 470 1055 Munere
513 1011 563 1056 te
603 1020 770 1073 parvo
810 1003 936 1056 beet
975 1012 1065 1056 aut
1104 1004 1479 1058 incommodus
1520 1016 1692 1077 angat.
1950 1011 2013 1062 75

251 1103 479 1168 Qualem
501 1105 866 1164 commendes,
897 1105 1058 1158 etiam
1087 1114 1249 1177 atque
1278 1107 1438 1160 etiam
1470 1108 1707 1178 adspice,
1739 1128 1805 1163 ne
1828 1129 1950 1165 mox

288 1255 353 1294 73.
389 1256 501 1295 Inter
530 1267 645 1296 unus
681 1257 817 1304 Feae,
852 1256 961 1295 Edd.
995 1256 1097 1307 aliq.
1132 1260 1237 1297 vett.
1273 1259 1315 1296 et
1348 1258 1393 1297 C.

178 1383 283 1422 etde
305 1394 400 1432 quo.
436 1382 525 1421 Cic.
552 1382 637 1421 Pis.
664 1382 731 1425 34,
756 1382 832 1420 75:
871 1382 929 1421 Τιι
950 1383 1064 1432 quid,

178 1450 224 1485 tu
253 1446 367 1495 apud
398 1456 519 1494 quos,
558 1448 606 1483 tu
636 1445 684 1483 cle
715 1456 795 1494 quo
827 1445 965 1494 dicas,
997 1446 1067 1484 in-

178 1507 364 1559 telligyis?
419 1507 505 1546 Sed
544 1509 666 1546 recte
699 1507 925 1547 Schmidio
957 1508 1067 1548 sim-

178 1570 332 1622 plicior
360 1568 539 1608 videtur
574 1571 696 1621 prior
725 1570 852 1609 ratio.
902 1571 988 1609 Sat.
1023 1571 1062 1617 2,

179 1634 218 1683 6,
242 1633 309 1674 46.
337 1657 382 1661 -—
402 1633 590 1684 patulae]
628 1644 842 1684 «semper
860 1634 1066 1684 patentes

179 1696 235 1736 ad
281 1695 578 1745 audiendum,
621 1697 873 1736 curiosae.»
922 1696 1063 1735 Cornu.

181 1760 311 1804 CRUQ.
347 1759 610 1810 Cf.Epp.11,
645 1759 710 1806 46,
739 1759 806 1798 26.
839 1759 878 1807 ⁶2,
904 1759 944 1807 ἓ,
971 1758 1062 1797 405.

183 1845 227 1850 -
261 1821 467 1873 emissum]
500 1820 709 1860 tralatum
742 1822 810 1860 est
841 1832 865 1860 a
892 1821 1062 1871 sagitta.

179 1886 294 1924 Nos:
329 1885 395 1923 ein
426 1884 686 1935 eiztfalzrenes
709 1884 842 1923 IVort.
871 1905 914 1911 —-
937 1883 1066 1935 volat]

178 1945 305 1998 Apul.
339 1946 394 1986 de
424 1947 570 1997 magia
593 1957 630 1985 e.
655 1946 721 1986 83.
745 1957 790 1997 p.
814 1946 909 1986 568.
935 1946 1065 1986 Oud.:

179 2010 214 2048 si
241 2009 389 2059 verba,
422 2010 484 2048 ita
513 2013 558 2048 ut
584 2011 737 2058 poema
758 2008 898 2057 aiunl,
925 2009 1069 2058 pinnis

181 2075 285 2121 apta
312 2072 433 2122 v0l90
462 2071 668 2110 volarent.
702 2094 746 2100 -—
779 2071 1065 2122 irrevocabile]

180 2135 230 2173 A.
267 2135 312 2173 P.
338 2133 442 2172 390:
476 2133 603 2172 nescit
629 2145 715 2172 voa:
742 2134 871 2172 missa
898 2135 1065 2173 reverti.

181 2196 427 2237 Menander
458 2207 502 2247 p.
526 2196 621 2235 225
646 2197 730 2235 M:
765 2190 872 2235 Ov'z
904 2195 956 2235 ἐκ
988 2208 1068 2243 χε-

181 2254 266 2316 ρὸς
295 2272 354 2310 με
336 2257 416 2298 εεθ’
420 2271 507 2297 vta
535 2269 695 2329 καρτε
657 2254 768 2297 obv
799 2256 936 2297 λίθον
970 2253 1070 2297 Ῥᾶ-

182 2333 238 2360 ον
268 2324 554 2369 κατασχεῖν,
588 2314 684 2361 οὗητ
715 2315 813 2360 ἀπὸ
843 2317 1068 2374 γλώσσης

183 2380 343 2437 λόγον.

237 2447 383 2486 72-75.
416 2447 510 2486 Non
531 2447 635 2495 cet]
670 2445 734 2485 Cf.
761 2446 846 2485 Sat.
868 2447 943 2493 2,
934 2447 973 2494 5,
999 2446 1065 2485 94.

183 2510 229 2547 Α.
257 2510 303 2548 Ρ.
328 2507 423 2549 460.
459 2510 582 2549 Ovid.
608 2521 659 2548 ex
683 2510 820 2548 Ponto
843 2510 940 2557 lI,⁶.’,
963 2510 1065 2549 405:

183 2572 276 2610 Non
299 2573 452 2621 petito,
486 2576 532 2610 ut
562 2572 661 2611 bene
681 2572 752 2620 sil,
786 2573 855 2610 secl
880 2572 942 2611 uti
960 2573 1070 2611 male

184 2635 324 2673 tutius.
374 2635 473 2674 Est:
510 2633 659 2674 «Nulla
691 2632 874 2682 aneilla,
910 2645 1071 2685 quam—

184 2697 250 2736 vis
280 2696 498 2745 formosa,
546 2707 631 2735 nec
666 2707 779 2747 puer
808 2695 922 2736 ullus
954 2699 1067 2736 cet.»

187 2759 250 2800 Cf.
273 2761 470 2810 XVagner
506 2759 562 2798 ad
593 2760 710 2809 Virg.
744 2761 855 2799 Aen.
888 2760 962 2808 402,
1001 2760 1067 2800 78.

186 2823 280 2861 Non
327 2823 500 2861 Teucros
539 2826 642 2873 aqat
681 2823 724 2860 ln
754 2822 926 2861 Rutulos
956 2823 1068 2862 cet:

189 2885 290 2924 «Est
318 2884 404 2923 hoe
432 2886 526 2923 Non
559 2885 603 2923 in
631 2885 966 2924 enumeratione
989 2895 1072 2935 po-

189 2946 343 2993 situm,
377 2957 465 2985 non
496 2945 551 2985 ab
584 2946 740 2987 ancilla
772 2948 847 2986 aut
876 2958 900 2986 a
929 2958 1071 2998 puero

189 3009 232 3046 te
257 3017 357 3046 esse
381 3009 651 3058 capiendum
668 3009 880 3049 admonet
894 3012 1070 3061 poeta.»

193 3091 240 3097 —
262 3070 378 3108 iecur
397 3070 563 3122 ulceret]
597 3071 683 3110 Cfr.
709 3072 787 3111 Od.
814 3074 851 3121 4,
874 3072 939 3121 43,
964 3072 1002 3112 4.
1029 3073 1072 3111 et

188 3133 258 3178 25,
280 3133 352 3171 45:
376 3132 492 3171 iecur
511 3132 756 3172 ulcerosum.
790 3135 886 3173 Vid.
907 3134 962 3173 ad
980 3135 1068 3172 Sat.

191 3195 236 3242 4,
260 3194 308 3243 9,
334 3194 401 3233 66.
431 3217 476 3222 -
504 3195 673 3246 puerve]
704 3205 867 3243 verna;
915 3207 1072 3246 quem-

189 3256 435 3296 admodum
458 3258 640 3295 narrant
667 3257 964 3308 Campaspem
986 3268 1071 3308 pu-

191 3317 320 3358 ellam
341 3317 480 3370 Apelli
511 3317 566 3357 ab
589 3316 860 3366 Alexandro,
898 3317 1070 3369 Virgilio

191 3380 246 3420 ab
291 3381 439 3421 Asinio
477 3379 671 3420 Pollione
701 3377 1000 3418 Alexandrum
1031 3391 1067 3420 s.

191 3442 368 3493 Alexin,
416 3444 460 3483 et
497 3454 521 3482 a
550 3442 805 3483 Maecenate
837 3440 1068 3490 Cebetem,

193 3515 306 3555 quos
325 3507 455 3557 poeta
479 3503 722 3552 adamarat,
747 3502 934 3543 donatos
952 3513 1067 3543 esse.

1132 1381 1220 1422 Cfr.
1245 1383 1477 1423 Weichert
1499 1384 1554 1424 (Ie
1578 1385 1707 1424 Vario
1729 1397 1772 1437 p.
1798 1387 1865 1428 88.
1887 1390 1929 1427 et
1946 1388 2011 1427 90.

1133 1469 1177 1473 —-
1203 1446 1323 1484 Intra
1342 1457 1630 1486 marmoreum
1648 1448 1751 1500 cet]
1786 1450 1856 1488 «In
1881 1448 2015 1490 domo

1131 1508 1251 1546 enim
1282 1506 1428 1559 ampla
1447 1510 1490 1548 et
1512 1510 1745 1560 magnifica
1773 1514 2014 1554 venerandi

1130 1569 1311 1609 fautoris
1342 1569 1458 1610 male
1490 1573 1532 1610 te
1558 1574 1894 1616 commendabit
1924 1576 2018 1617 libi-

1131 1631 1242 1671 dinis
1264 1630 1334 1671 vel
1365 1631 1643 1674 levissimum
1664 1637 1944 1687 vestigium.»
1968 1664 2011 1669 —
2036 1660 2041 1665 .

1128 1695 1498 1747 ‘numere-parvo]
1534 1711 1552 1731 «
1567 1697 1687 1747 quod
1710 1709 1814 1738 cum
1836 1700 2017 1742 domino

1129 1757 1210 1808 ipsi
1258 1758 1466 1808 exiguum
1505 1759 1732 1809 videatur,
1781 1761 1906 1803 facile
1939 1765 2016 1805 tibi

1131 1819 1372 1868 concedet,
1408 1821 1572 1872 quippe
1600 1833 1737 1872 quem
1757 1826 2017 1874 praevideat

1130 1881 1436 1922 felicissimum
1481 1885 1722 1934 propterea
1767 1886 1889 1936 fore,
1937 1899 2019 1939 per

1131 1943 1311 1996 aliquod
1344 1947 1465 1984 certe
1499 1949 1698 1997 tempus,
1747 1948 1804 1987 ita
1841 1951 1891 1988 ut
1920 1961 2019 1989 ma—

1131 2009 1222 2046 iora
1258 2018 1468 2057 munera,
1501 2020 1584 2060 per
1613 2010 1752 2049 totam
1774 2011 1909 2052 vitam
1940 2012 2015 2052 tibi

1131 2069 1250 2109 utilia
1295 2069 1464 2119 futura,
1512 2070 1620 2110 dare
1668 2073 1756 2111 iam
1806 2083 2020 2125 superse—

1133 2133 1280 2172 deat.»
1313 2131 1478 2184 sparvo]
1503 2134 1642 2173 «Cum
1660 2134 1855 2175 deberes
1876 2134 2017 2176 multo

1132 2195 1301 2233 maiora
1366 2195 1629 2247 accipere.»
1681 2196 1821 2236 Comi.
1867 2198 2016 2248 Cimo.)

1131 2255 1314 2296 Martial.
1340 2258 1379 2305 5,
1400 2257 1466 2306 46,
1485 2258 1533 2297 2:
1569 2257 1670 2297 Cum
1690 2258 1911 2298 minimum
1930 2261 2018 2299 vati

1130 2330 1283 2358 mzmus
1314 2319 1456 2358 Alexis
1487 2323 1594 2359 erat.
1627 2342 1672 2347 —
1715 2320 1812 2370 beet]
1844 2323 1891 2360 In
1927 2322 2015 2362 hoc

1131 2381 1272 2420 verbo
1303 2382 1418 2421 inest
1454 2380 1566 2422 lenis
1598 2381 1821 2433 quaedam
1853 2383 2021 2434 signifi—

1135 2446 1270 2493 catio,
1320 2455 1457 2495 quam
1498 2444 1716 2484 obnoxius
1758 2443 1914 2496 aliquis
1945 2445 2021 2485 fiat

1135 2507 1191 2547 ob
1233 2506 1318 2547 tale
1356 2518 1463 2548 sane
1505 2508 1717 2558 exiguum
1746 2518 1909 2548 munus
1940 2519 2023 2560 po—

1134 2571 1310 2610 tentiori
1332 2571 1490 2610 amico.
1519 2594 1563 2599 —
1588 2571 1885 2622 incommodus]
1911 2572 2023 2610 «mi-

1135 2644 1219 2673 nus
1266 2632 1484 2681 liberalis,
1532 2635 1662 2672 tenax
1693 2633 1803 2672 sui.»
1863 2634 1932 2672 Sic
1962 2633 2025 2672 in-

1135 2697 1399 2735 commodum
1429 2696 1613 2745 opponit
1641 2695 1758 2745 facili
1789 2696 1833 2733 et
1862 2693 2024 2734 liberali

1137 2760 1225 2798 Cic.
1252 2758 1307 2798 de
1329 2760 1377 2797 N.
1404 2759 1453 2797 D.
1480 2758 1526 2805 3,
1551 2758 1627 2803 ⁴29,
1653 2757 1730 2796 73:
1763 2757 1875 2796 Idem
1897 2757 2022 2807 (Cae—

1137 2820 1260 2861 cilius
1303 2820 1477 2869 Statius)
1521 2820 1688 2870 facilem
1728 2823 1766 2858 et
1809 2819 2020 2860 liberalem

1128 2887 1298 2933 patrem
1319 2882 1625 2921 incommodum
1645 2892 1726 2920 esse
1748 2882 1908 2921 amanti
1934 2883 2021 2933 filio

1136 2946 1332 2994 disputat.
1360 2965 1405 2970 -
1430 2943 1576 2993 anyat]
1612 2943 1746 2992 «Aut,
1781 2945 1816 2984 si
1838 2943 1917 2983 tibi
1938 2943 2020 2983 de—

1135 3006 1314 3057 negabit
1361 3005 1579 3045 eiusmodi
1624 3005 1792 3046 donum
1836 3007 2021 3057 propter

1135 3067 1495 3120 qualemcunque
1547 3078 1758 3117 causam,
1805 3067 2016 3114 fortasse,

1136 3132 1238 3183 quia
1269 3131 1363 3182 ipse
1394 3141 1586 3181 puerum
1607 3132 1747 3179 amat,
1782 3132 1824 3169 te
1846 3129 2019 3180 eupidi-

1134 3195 1224 3233 tate
1255 3193 1492 3232 incensum
1515 3192 1787 3231 contristet.»
1822 3189 2021 3241 («Repul-

1135 3266 1230 3296 sam
1262 3254 1380 3295 feras
1411 3255 1456 3293 et
1484 3255 1542 3293 ita
1576 3254 1874 3306 potentiorem
1905 3252 2019 3290 ami-

1135 3329 1241 3359 cum
1284 3316 1544 3357 illiberalem
1588 3326 1637 3355 se
1679 3325 1782 3365 erga
1813 3315 1856 3353 te
1886 3324 2020 3365 prae-

1133 3380 1286 3421 buisse
1317 3379 1562 3431 queraris.»
1595 3375 1742 3426 LAMB.)

1189 3442 1363 3481 76-84.
1425 3439 1598 3491 Qualem
1626 3437 1883 3478 commendes
1913 3437 2017 3489 cet.]

1135 3504 1354 3554 Theognis
1376 3502 1479 3542 963:
1512 3498 1592 3552 Μή
1626 3501 1728 3539 ποτ’
1750 3496 2019 3558 ἑπαινήσῃς
