2231 3787
900 261 999 300 Ans
1032 260 1272 301 POETmA.
1908 263 2009 315 787

180 392 216 441 2)
252 392 326 432 «Ut
355 392 562 431 interdum
596 391 711 432 dicat
742 393 912 441 omnia,
946 393 1156 432 interdum
1184 391 1422 445 pleraque,
1458 406 1571 446 quae
1604 396 1832 437 debebant
1857 396 1942 437 dici
1965 400 2009 437 et

178 461 234 500 ad
265 460 412 502 locum
442 461 748 513 pertinebant,
797 463 971 503 differat
1011 464 1053 503 in
1085 462 1202 503 aliud
1233 465 1433 515 tempus,
1482 477 1536 505 ne
1570 466 1685 506 mole
1716 467 1886 508 scilicet
1916 465 2008 507 τῶν

177 526 505 588 περιστάσεων
535 531 752 572 obruatur
780 532 920 573 lector
951 537 994 573 et
1025 535 1287 574 narrationis
1319 533 1441 575 filum
1473 537 1687 576 amittat.»
1720 539 1870 577 Bssxri..
1926 540 2008 589 (Sic

177 603 310 641 etiam
355 602 533 650 Gonod,
582 604 706 643 cuius
748 605 837 643 tota
880 604 1118 656 disputatio
1149 604 1204 644 de
1236 605 1280 644 h.
1314 605 1342 645 l.
1377 605 1505 657 digna
1539 609 1626 655 est,
1675 618 1790 658 quae
1821 606 2006 659 legatur.

175 672 315 711 Vertit
350 674 531 712 autem:
579 673 631 713 Ce
671 675 742 723 qui
782 675 915 713 donne
946 675 994 714 cle
1024 675 1146 726 l‘effet
1175 680 1213 715 et
1243 677 1291 715 de
1319 677 1362 715 la
1390 688 1519 728 yrace
1548 677 1575 717 a
1604 677 1785 728 l’ordre‚
1830 679 1865 718 si
1884 680 1931 729 je
1958 690 2009 718 ne

175 754 240 782 me
267 746 449 793 trompe‚
496 744 592 783 c'est
621 747 755 783 tanto‘t
785 745 834 783 de
862 745 954 784 dire
983 745 1178 794 d'abord,
1227 750 1361 785 tantot
1391 748 1439 787 cle
1468 748 1640 798 differet·
1669 748 1710 787 la
1734 749 1914 798 plupart
1941 750 2011 790 des

174 814 311 854 choses
342 814 467 861 (Jlt'on
498 814 583 852 doit
612 814 723 863 dire,
750 825 865 863 pour
893 815 949 854 les
972 815 1121 864 placer
1149 827 1208 855 aa
1234 822 1414 857 moment
1437 818 1472 857 le
1497 818 1592 868 plus
1610 818 1841 870 favorable.
1878 820 2011 859 «Sen-

176 885 360 924 tentiam
405 883 588 935 quidem
631 885 807 936 penitus
851 887 1082 936 perspexit
1117 885 1365 936 Bentleius,
1410 888 1551 928 verba
1592 891 1743 930 autem
1780 890 2008 942 quomodo

177 956 329 994 essent
359 954 658 1006 expedienda,
693 956 840 995 minus
871 955 980 995 vidit
1008 958 1075 995 vir
1105 958 1405 998 acutissimus.
1458 960 1558 999 Sine
1591 971 1725 1001 causa
1756 961 1889 1012 igitur
1917 972 2008 1001 non

177 1023 312 1064 modo
358 1026 501 1064 omnia
539 1025 733 1075 addidit,
781 1026 861 1066 sed
902 1027 1035 1066 etiam
1072 1026 1298 1078 particulis
1331 1029 1418 1067 iam
1446 1041 1556 1069 nune
1587 1041 1687 1070 eam
1717 1031 1809 1072 vim
1839 1030 2005 1080 tribuit,

177 1106 263 1146 qua
294 1094 380 1134 dici
409 1096 480 1135 vix
510 1098 720 1147 possunt,
771 1099 894 1136 certe
925 1108 1013 1136 non
1044 1096 1204 1137 solent.
1251 1099 1363 1137 Nam
1396 1099 1516 1150 quod
1546 1101 1748 1150 Persius,
1782 1107 2011 1152 perpetuus

174 1166 339 1205 Horatii
370 1167 579 1216 imitator,
627 1166 769 1207 semel
808 1168 865 1206 ita
897 1167 1024 1216 dixit,
1072 1167 1213 1207 videri
1250 1171 1397 1220 potest
1427 1169 1513 1209 hoc
1543 1171 1640 1221 ipso
1671 1170 1769 1211 loco
1800 1172 2008 1213 inductus

176 1247 276 1276 esse
306 1237 350 1276 in
383 1247 599 1277 errorem.
659 1237 744 1277 Sed
776 1238 862 1277 hoc
894 1238 1098 1289 quidem,
1139 1241 1187 1277 ut
1217 1240 1406 1290 quisque
1437 1239 1578 1289 volet,
1612 1240 1718 1281 illud
1749 1245 1922 1283 constat
1951 1243 2008 1284 ad

175 1307 287 1346 dicat
324 1318 377 1347 ex
417 1306 555 1348 altero
594 1308 802 1349 membro
835 1309 1095 1349 addendum
1127 1320 1228 1350 esse
1259 1309 1448 1350 debentia
1477 1311 1573 1351 diei.
1624 1313 1716 1351 Iam
1746 1315 1897 1354 autem
1929 1326 2009 1354 eo-

175 1377 280 1418 dem
310 1378 446 1418 modo
478 1379 647 1420 dictum
675 1382 807 1431 puto,
843 1382 889 1419 ut
919 1380 1006 1419 Sat.
1042 1380 1088 1429 2,
1123 1381 1170 1427 7,
1204 1381 1281 1420 ⁵20:
1318 1382 1398 1431 Qui
1426 1382 1514 1421 iam
1542 1387 1755 1432 contento,
1788 1385 1877 1423 iam
1907 1385 2008 1425 laoeo

171 1448 271 1498 fane
299 1448 481 1489 laborat.
527 1449 638 1490 lbid.
672 1462 713 1489 v.
739 1449 843 1490 444:
876 1451 967 1489 Iam
996 1451 1094 1489 vino
1126 1462 1350 1501 quaerens,
1384 1452 1472 1491 iam
1500 1464 1643 1492 somno
1672 1454 1819 1505 fallere
1843 1467 2006 1495 caram.

172 1520 406 1559 Neminem
438 1520 525 1559 iam
557 1520 756 1560 futurum
787 1531 886 1561 esse
919 1532 1074 1572 spero,
1124 1522 1198 1572 qui
1234 1533 1322 1561 non
1359 1522 1440 1562 sibi
1470 1525 1599 1575 putet
1627 1526 2009 1576 acquiescendum

176 1590 220 1629 in
250 1590 336 1629 hac
367 1591 614 1630 sententia:
664 1595 711 1630 ut
738 1592 860 1630 modo
888 1603 999 1630 nunc
1029 1592 1165 1641 dicat,
1199 1603 1307 1642 quae
1337 1593 1417 1632 diei
1448 1593 1611 1643 debent,
1643 1596 1766 1635 modo
1796 1608 1907 1636 nunc
1937 1598 2010 1637 de—

173 1659 311 1700 bentia
340 1661 421 1700 dici
451 1659 558 1712 (was
588 1662 662 1700 der
689 1662 997 1714 9ewolinlichen
1019 1663 1222 1715 Ordnunq
1250 1664 1361 1703 nach
1370 1666 1478 1713 jetzt
1496 1665 1685 1705 kommen
1705 1667 1836 1718 sollte)
1864 1668 2008 1717 plera-

172 1743 250 1781 que
279 1732 489 1783 differat.»
525 1733 719 1783 HERBsT.)
771 1733 893 1781 Quae
924 1734 1313 1784 interpretationes
1347 1736 1537 1776 maxime
1570 1737 1779 1777 differunt
1806 1738 1848 1777 in
1871 1739 2009 1789 signi—

172 1803 377 1842 ficatione
407 1814 478 1842 vv.
511 1803 598 1842 iam
627 1814 738 1842 nunc
769 1803 1092 1843 constituenda.
1145 1804 1182 1855 3)
1215 1804 1297 1845 Alii
1327 1806 1371 1845 h.
1396 1805 1422 1846 l.
1453 1806 1700 1858 intelligunt
1731 1808 1812 1848 «de
1843 1809 2006 1849 virtute

173 1872 362 1923 ordinis,
411 1884 498 1925 qua
535 1874 683 1913 statim
724 1874 767 1913 in
799 1874 981 1914 exordio
1015 1875 1222 1916 carminis
1252 1878 1385 1927 poeta
1417 1878 1543 1929 quasi
1572 1880 1876 1929 spectatorem
1905 1879 2007 1920 facti

173 1943 428 1992 cuiusdam,
476 1944 519 1983 in
565 1944 685 1994 quod
723 1944 924 1985 medium
954 1945 1144 1995 incidat,
1192 1945 1408 1988 lectorem
1439 1949 1483 1987 in
1514 1949 1685 1989 medias
1715 1960 1789 1990 res
1819 1951 2005 2002 rapiat.»

172 2013 258 2053 Sed
291 2014 345 2053 de
378 2015 462 2053 hac
491 2015 652 2054 virtute
685 2016 890 2056 Horatius
923 2015 1005 2055 alio
1035 2015 1134 2056 loco
1163 2029 1207 2057 v,
1243 2018 1321 2058 448
1352 2029 1451 2070 sqq.
1485 2020 1714 2071 praecipit.
1781 2020 1843 2060 Cf.
1881 2021 2008 2060 Schi-

171 2085 280 2124 rach
313 2083 432 2124 Clav.
465 2095 508 2136 p.
542 2085 636 2125 289.
671 2087 793 2125 recte
825 2085 881 2125 de
912 2087 955 2125 h.
986 2086 1011 2126 l.
1047 2087 1363 2139 disputantem.
1403 2112 1444 2118 —
1482 2091 1530 2129 V.
1565 2091 1733 2140 differat
1764 2089 1833 2130 alii
1866 2091 2008 2143 expli-

172 2157 274 2194 cant
304 2155 526 2210 dispescat,
562 2156 800 2205 dispertiat,
833 2168 905 2196 vv.
932 2168 1135 2207 praesens
1164 2159 1209 2197 in
1229 2163 1387 2208 tempus
1406 2158 1477 2198 vel
1501 2160 1569 2198 «in
1591 2162 1770 2211 tempus
1791 2161 2005 2202 idoneum

172 2228 305 2276 atque
337 2227 477 2277 magis
510 2228 866 2278 opportunum,»
897 2227 968 2267 vel
1002 2229 1071 2268 «in
1102 2230 1303 2280 tempus,
1338 2240 1426 2280 quo
1447 2227 1588 2269 lector
1609 2225 1635 2268 ὁ
1659 2227 1896 2278 ἐπιτυχών
1918 2232 2005 2272 hoc

171 2297 316 2347 ipsum
349 2298 600 2348 exspectet:
620 2313 638 2333 »
685 2308 801 2347 quae
841 2299 989 2338 omnia
1022 2299 1201 2338 Latinae
1234 2299 1546 2339 consuetudini
1576 2304 1850 2351 repugnant,
1899 2313 2001 2342 nam

170 2368 337 2407 Horatii
373 2366 584 2418 aequales
624 2366 752 2407 aliter
780 2367 1024 2420 intelligere
1057 2380 1146 2409 non
1185 2371 1394 2420 poterant
1424 2380 1583 2420 quam,
1631 2371 1751 2421 quod
1782 2382 2003 2425 persaepe

170 2438 414 2489 reperitur,
461 2438 505 2477 in
530 2449 753 2488 praesenVS,
801 2440 856 2478 ad
885 2450 1089 2489 praesens
1134 2438 1221 2490 (εἰς
1256 2437 1313 2479 τὸ
1351 2437 1532 2498 παρόν,
1572 2452 1666 2480 vor
1695 2442 1784 2481 der
1813 2443 1996 2496 Hand).

171 2508 236 2549 Cf.
260 2508 387 2548 Hand
407 2509 531 2548 Turs.
556 2510 624 2548 Ill.
659 2520 703 2561 p.
729 2509 807 2549 336
830 2521 897 2560 sq.
926 2533 970 2538 —
1004 2511 1140 2549 Porro
1167 2511 1421 2560 promissum
1449 2522 1621 2551 carmen
1651 2511 1721 2551 alii
1754 2512 1998 2565 explicant:

171 2580 208 2629 4)
257 2578 582 2630 «perlongum,
623 2580 773 2630 magni
817 2578 1012 2620 ambitus
1058 2582 1103 2620 et
1142 2582 1408 2631 momenti,»
1454 2581 1655 2633 analogia
1699 2583 1856 2624 barbae
1894 2596 2002 2634 pro-

168 2650 343 2698 missae,
389 2650 518 2689 crinis
556 2650 754 2699 promissi
796 2649 1065 2699 abutentes,
1113 2662 1225 2702 quos
1269 2652 1384 2692 salse
1431 2653 1608 2693 deridet
1649 2653 1835 2694 Wolfius
1880 2655 2000 2706 apud

169 2719 421 2760 Schellium.
473 2721 511 2770 2)
546 2721 857 2772 «inceptum,»
904 2720 1178 2772 simpliciter.
1230 2722 1268 2773 3)
1303 2723 1443 2763 «Cum
1473 2724 1633 2775 cuique
1663 2725 1813 2775 poesis
1844 2727 1998 2776 generi

170 2801 250 2831 sua
281 2792 455 2830 constet
485 2792 616 2839 rat-io,
659 2793 791 2843 poeta
831 2802 1013 2831 carmen
1053 2791 1311 2833 conditurus
1352 2796 1475 2833 certo
1506 2793 1635 2834 alicui
1664 2795 1813 2846 poesis
1844 2797 1999 2846 generi

168 2860 266 2912 lege
303 2861 566 2901 adstrictum
612 2860 801 2913 (alioqui
840 2873 929 2902 non
967 2862 1098 2902 fuerit
1134 2864 1309 2914 poema)
1351 2865 1572 2915 promissa
1616 2864 1765 2905 facere
1795 2866 1995 2916 videtur,

169 2931 356 2983 quibus,
391 2932 427 2971 si
456 2930 703 2982 legitimum
734 2933 984 2973 condiderit
1014 2937 1199 2985 poema,
1234 2935 1407 2974 tantum
1434 2933 1583 2985 abest,
1617 2938 1666 2974 ut
1687 2936 1916 2986 exciderit,
1950 2939 1999 2976 ut

170 3001 226 3041 ab
259 3001 653 3052 intelligentissimo
685 3013 864 3054 quoque
894 3004 1127 3055 promissis
1159 3005 1335 3044 stetisse
1368 3003 1570 3057 (exlege)
1603 3005 1866 3047 iudicandus
1897 3008 1994 3047 sit.»

169 3073 375 3112 SCHELLE.
440 3071 486 3123 4)
534 3073 811 3113 «Promittere
859 3073 978 3114 idem
1028 3076 1097 3115 est
1139 3076 1272 3126 atque
1312 3076 1522 3125 prodere,
1569 3077 1774 3127 emittere,
1822 3078 1994 3117 edere.»

170 3142 418 3181 HOCHEDER.

281 3212 395 3252 Cum
439 3212 643 3252 Horatius
686 3212 835 3252 dedita
881 3224 1018 3265 opera
1054 3225 1135 3266 per
1171 3217 1263 3255 tres
1300 3226 1459 3256 versus
1499 3217 1761 3256 immoratus
1793 3217 1912 3256 esset
1951 3216 1995 3255 in

169 3282 430 3332 gravissimo
460 3284 703 3333 praecepto
734 3282 790 3322 de
822 3283 1068 3325 artificiosis
1089 3284 1371 3326 dilationibus
1392 3288 1526 3338 atque
1549 3284 1863 3326 omissionibus
1885 3290 1996 3337 poe'-

170 3352 267 3391 ticis
296 3352 536 3401 tradendo,
569 3351 791 3393 Bentleius
823 3355 973 3393 tamen
1004 3355 1048 3394 in
1078 3356 1205 3394 tertio
1237 3355 1351 3396 adeo
1382 3357 1546 3405 haesit,
1585 3366 1779 3407 quonam
1807 3356 1996 3396 Hoc-hoe

170 3420 433 3471 referretur,
479 3425 527 3461 ut
569 3433 728 3462 versus
771 3422 838 3463 45.
872 3422 938 3463 46.
975 3423 1184 3475 explicari
1221 3437 1310 3466 non
1353 3437 1486 3477 posse
1528 3425 1821 3466 contenderet
1859 3428 1993 3479 atque

174 3490 274 3531 ideo
304 3492 363 3531 ita
395 3494 731 3544 transponeret:
