2231 3787
829 288 926 326 LIB.
963 288 1010 326 11.
1073 288 1184 327 SAT.
1218 289 1267 327 11.

225 418 518 488 Corruptus
560 415 734 471 iudeX.

222 521 420 572 Lassus
461 519 527 572 ab
569 518 825 572 indomito
866 518 974 579 vel,
1018 519 1059 571 si
1103 520 1340 572 Romana
1379 520 1557 590 fatigat

1867 288 1971 338 ‘209

811 418 1075 488 Leporem
1116 425 1349 471 sectatus
1390 435 1599 489 equove

1907 522 1972 573 ’10

225 620 404 673 Militia
445 630 721 674 assuetum
761 622 1029 692 graecari,
1073 638 1170 673 seu
1212 621 1317 692 pila
1356 621 1512 674 velox

223 722 446 776 Molliter
487 732 760 776 austerum
801 722 977 776 studio
1019 722 1227 776 fallente
1267 722 1534 784 laborem,

223 826 329 877 Seu
370 833 420 878 tc
459 824 642 878 discus
684 825 814 896 agit,
859 834 980 896 pete
1021 824 1304 879 cedentem
1343 830 1471 878 aera
1509 823 1688 888 disco;

227 926 359 979 Cum
398 925 551 979 labor
591 926 858 980 extuderit
896 926 1126 988 fastidia,
1171 927 1368 987 siccuS,
1417 927 1587 979 inanis

266 1046 304 1085 9.
339 1057 522 1096 equoque
552 1057 588 1086 c.
625 1068 670 1074 —
707 1046 772 1086 14.
807 1047 1002 1086 extulerit
1032 1057 1145 1086 corr.
1179 1045 1230 1095 b,
1278 1042 1393 1098 κμξ,
1429 1045 1546 1086 unde
1583 1045 1789 1096 expulerit
1819 1056 1919 1086 cum

207 1108 434 1161 Excerptis
465 1108 587 1149 Bodl.
622 1108 857 1149 Bentleius.

148 1209 255 1258 brii,
288 1211 547 1261 priusquam
576 1211 677 1249 vina
708 1212 752 1249 et
782 1210 867 1250 cibi
902 1221 1032 1249 men—

149 1273 203 1312 tis
225 1273 368 1312 aciem
390 1272 698 1312 hebetarunt.»
723 1295 766 1300 —
785 1272 1031 1321 Corruptus]

149 1335 357 1374 Formam
391 1335 475 1374 hoc
508 1345 614 1373 sane
646 1332 866 1384 generalis
896 1334 1033 1374 habet

151 1398 416 1443 sententiae;
450 1407 609 1436 verum
639 1396 682 1435 h.
707 1394 734 1436 l.
759 1408 847 1436 non
877 1396 933 1436 ad
955 1408 1034 1448 pe-

131 1458 328 1498 'cuniam
358 1458 572 1507 refertur,
613 1457 693 1498 sed
725 1458 781 1498 ad
811 1457 1029 1499 luxuriem

150 1521 383 1571 omnisque
416 1521 590 1571 generis
624 1519 827 1570 delicias,
871 1521 1032 1572 quibus

148 1581 349 1623 heluonis
377 1583 588 1623 iudicium
619 1583 835 1623 turbetur.
881 1607 924 1612 —
962 1585 1036 1624 Le-

144 1646 303 1698 porem]
327 1648 456 1685 Grata
475 1644 735 1696 negligentia
759 1645 1033 1697 aliquantum

150 1709 373 1748 intricatae
392 1710 494 1749 sunt
509 1709 756 1748 sententiae
778 1720 859 1760 pro
879 1708 1030 1760 volga-

148 1770 271 1822 ribus
289 1771 371 1810 his:
398 1771 666 1811 «Venatione
683 1773 725 1811 et
743 1772 1028 1822 equitatione,

149 1835 245 1882 aut,
284 1834 319 1873 si
351 1833 433 1873 hae
466 1835 662 1885 corporis
695 1835 1031 1876 exercitationes

148 1906 253 1934 vere
284 1896 508 1935 Romanae
546 1896 622 1935 tibi
658 1897 803 1937 minus
836 1896 1028 1948 placent,

147 1955 260 2008 pilae
276 1956 345 1997 vel
363 1957 470 1998 disci
492 1956 595 1997 ludo
613 1958 814 2009 fatigatus
834 1959 907 1998 ubi
926 1961 1028 2009 eris,

150 2021 254 2059 tunc
299 2020 498 2059 esuriens
554 2031 716 2072 sperne
764 2022 824 2073 (si
877 2023 1028 2072 potes;

150 2081 230 2121 sed
274 2093 362 2122 non
401 2083 578 2134 poteris)
622 2082 773 2123 cibum
804 2095 857 2123 ac
886 2085 1033 2135 potio-

153 2154 258 2183 nem
287 2144 464 2184 vilem.»
500 2169 545 2174 —
585 2146 620 2184 si
663 2147 851 2186 Romana
878 2147 1034 2197 fatigat

151 2207 251 2258 cet]
297 2206 500 2247 Similiter
536 2211 823 2259 opponuntur
870 2209 1034 2249 Roma-

150 2280 308 2309 norum
352 2271 647 2320 ingenuorum
693 2273 950 2321 equitationi
990 2274 1033 2312 et

149 2333 370 2372 venationi
410 2334 590 2373 trochus
629 2336 673 2373 et
708 2333 801 2374 alea
839 2336 1033 2374 Graeco-

151 2406 250 2434 rum
281 2394 358 2434 Od.
384 2394 428 2443 3,
461 2394 536 2442 24,
570 2395 635 2435 54.
676 2419 719 2423 -
752 2397 920 2447 Militia]
945 2397 1032 2436 Ve-

151 2458 267 2497 natio
310 2457 365 2496 ab
409 2456 597 2497 Aristide
644 2458 760 2498 Orat.
803 2460 842 2498 2.
883 2470 926 2509 p.
962 2460 1027 2497 25.

148 2517 322 2576 μόριον
353 2516 618 2572 πολεμικῆς
635 2521 808 2573 τέχνης
831 2523 1026 2560 vocatur.

149 2582 392 2623 Menander
432 2584 599 2633 Fragm.
640 2584 723 2622 inc.
754 2584 852 2622 297:
900 2581 1031 2623 ἐλεύ-

152 2642 294 2702 θερόν
333 2658 376 2685 τι
420 2642 652 2698 τολμήσει
697 2649 883 2695 πονεῖν,
931 2646 1030 2699 Θη-

149 2705 238 2764 ρᾴν
253 2705 463 2758 λέοντας,
483 2702 609 2747 ὅπλα
628 2705 901 2759 βαστάζειν.
918 2709 1026 2760 Epp.

152 2770 197 2817 i,
220 2771 268 2820 2,
292 2761 367 2810 65‘:
398 2773 611 2811 venaticus
631 2794 654 2800 -
673 2794 696 2800 -
715 2772 872 2812 Μειειαι
900 2772 944 2810 in
963 2772 1032 2810 su-

148 2833 211 2871 vis
238 2833 413 2872 cat-ulus.
467 2832 575 2874 Male
608 2833 678 2873 alii
721 2832 1031 2873 intellexerunt

150 2904 286 2934 sensu
321 2896 501 2946 proprio
541 2896 596 2936 de
640 2894 1029 2935 exercitationibus

150 2954 426 2996 militaribus.
489 2958 575 2997 Cfr.
608 2958 697 2998 Cic.
732 2957 786 2997 de
818 2959 867 2997 N.
898 2959 949 2996 D.
978 2957 1025 3005 Ξ,

151 3016 225 3064 64,
261 3018 359 3057 461ῑ
391 3019 481 3058 Iam
512 3030 606 3059 vero
636 3021 837 3059 immanes
856 3023 895 3058 et
916 3019 1030 3070 feras

151 3078 303 3118 belluas
338 3081 617 3120 nanciscimur
648 3083 859 3130 venando,
904 3086 950 3121 ul
992 3086 1029 3121 et

149 3152 366 3181 vescamur
408 3143 458 3181 iis
486 3147 523 3182 et
566 3154 840 3184 eucerceamur
884 3145 926 3183 in
953 3156 1027 3184 ve-

149 3205 288 3243 nando
323 3205 378 3243 ad
419 3204 728 3246 similitudinem
767 3206 932 3246 bellicae
961 3207 1027 3245 cli-

147 3267 358 3316 sciplinae.
393 3266 498 3306 Plin.
518 3268 679 3319 Paneg.
699 3268 744 3308 84
768 3281 776 3306 :
802 3269 909 3307 Olim
926 3269 1026 3308 haec

148 3329 406 3377 experientia
434 3329 676 3377 iuventutis,
707 3329 807 3369 haee
834 3330 1027 3380 voluptas

148 3395 263 3439 erat,
295 3391 356 3430 his
375 3391 535 3431 artibus
561 3391 696 3442 futuri
725 3393 846 3431 duces
864 3393 1024 3432 imbue-

921 1110 985 1159 (Ut
1015 1119 1117 1158 nos,
1151 1109 1235 1160 Sep
1269 1110 1313 1148 et
1341 1119 1407 1160 pr.
1444 1107 1504 1158 b.)

1095 1210 1256 1248 callidis
1272 1214 1365 1249 astu,
1382 1212 1467 1249 cet.
1479 1233 1521 1238 --
1534 1210 1744 1262 qraecari]
1765 1212 1974 1260 «GraecO,

1095 1271 1139 1311 id
1170 1274 1259 1319 est,
1297 1271 1496 1312 molliore
1528 1273 1662 1312 modo
1692 1273 1842 1313 vivere
1874 1285 1977 1314 cor-

1094 1345 1267 1385 pusque
1300 1345 1566 1382 exercerem
1613 1336 1676 1375 sic
1700 1338 1978 1387 pergraecari

1096 1398 1164 1436 est
1205 1407 1319 1447 «per
1361 1398 1500 1436 totam
1541 1398 1718 1436 noctem
1761 1400 1975 1448 potare‚»

1096 1457 1233 1498 Plaut.
1267 1460 1393 1499 Most.
1419 1460 1464 1508 11,
1501 1460 1545 1508 ll,
1579 1459 1646 1498 211.
1679 1471 1977 1511 confsi-accam,

1097 1521 1317 1573 «potando
1336 1532 1648 1569 consumere‚»
1665 1521 1800 1562 Plaut.
1814 1523 1974 1563 Bacch.

1095 1583 1141 1632 4,
1187 1583 1235 1630 4,
1284 1584 1350 1623 91.
1387 1607 1432 1612 -
1465 1595 1535 1623 seu
1570 1584 1662 1634 pila
1704 1584 1828 1624 velue
1871 1585 1975 1637 cet]

1097 1647 1254 1685 «Totus
1276 1646 1347 1684 hic
1367 1644 1490 1685 locus
1511 1645 1686 1685 videtur
1707 1645 1975 1687 claudicare.

1096 1719 1199 1747 nam
1229 1708 1425 1759 primum
1456 1709 1499 1747 in
1530 1708 1597 1748 his
1623 1708 1773 1749 verbis
1794 1720 1863 1749 seu
1886 1710 1979 1759 pila

1093 1771 1215 1811 valea:
1244 1769 1667 1821 subintelligendum
1698 1781 1778 1811 seu
1799 1783 1980 1813 sumen-

1095 1834 1201 1873 dum
1217 1827 1314 1871 ἀπὸ
1336 1830 1421 1873 τοῦ
1444 1831 1610 1873 κοινοῦ
1634 1838 1670 1873 le
1686 1835 1788 1885 agit,
1813 1835 1976 1876 deinde

1094 1898 1194 1947 post
1223 1896 1342 1934 hunc
1372 1907 1555 1936 versum
1584 1897 1766 1936 Molliter
1795 1902 1901 1937 aust.
1925 1904 1975 1938 st.

1091 1959 1121 2009 f.
1145 1959 1172 1997 l.
1197 1957 1619 2009 subintelligendum
1644 1960 1758 1999 Lude
1779 1961 1894 2010 pila,
1929 1963 1976 2001 ut

1093 2021 1368 2071 respondeat
1393 2022 1454 2071 ei,
1489 2022 1609 2073 quod
1631 2023 1855 2072 sequitur,
1883 2027 1977 2073 pete

1094 2084 1300 2123 cedentem
1329 2086 1437 2123 ae'ra
1467 2085 1621 2123 disco.»
1662 2085 1791 2124 Linus.
1840 2088 1975 2125 Prae-

1095 2148 1217 2185 terea
1247 2145 1526 2186 anacoluthia
1567 2148 1636 2186 est
1678 2147 1721 2186 in
1761 2159 1814 2186 eo
1854 2147 1974 2198 quod

1093 2208 1231 2249 verba
1257 2213 1348 2259 pete
1377 2220 1412 2248 c.
1437 2212 1545 2249 aera
1574 2210 1707 2258 disco,
1746 2221 1860 2260 quae
1894 2222 1975 2261 per

1094 2270 1356 2323 particulam
1386 2272 1449 2311 vel
1479 2272 1721 2311 cohaerere
1749 2271 1977 2313 debebant

1094 2346 1197 2374 cum
1235 2335 1476 2385 participiis
1513 2339 1690 2374 sectatu-s
1734 2336 1778 2374 et
1820 2335 1973 2384 lassus,

1093 2395 1148 2435 ab
1181 2396 1248 2435 his
1279 2394 1473 2445 longiore
1512 2394 1738 2435 intervallo
1769 2399 1975 2446 separata

1092 2458 1339 2497 sententiae
1365 2457 1655 2497 intermediae
1678 2458 1892 2509 apodosin
1915 2458 1976 2499 ef-

1092 2519 1257 2559 ficiunt.
1310 2543 1353 2548 -—
1400 2520 1511 2572 agit]
1560 2520 1734 2568 «ducit,
1787 2519 1972 2570 allicit,»

1092 2582 1270 2621 anzieht.
1338 2583 1426 2622 Cic.
1464 2593 1543 2634 pro
1587 2583 1747 2623 Archia
1793 2584 1838 2633 7,
1891 2584 1971 2623 46:

1089 2646 1200 2684 Haec
1223 2646 1361 2685 studia
1391 2646 1711 2685 adolescentiam
1740 2650 1871 2697 ayunt
1902 2644 1970 2697 (al.

1091 2708 1241 2759 alunt).
1279 2732 1323 2736 -—
1357 2709 1538 2748 Molliter
1569 2708 1671 2760 cet.]
1706 2709 1837 2748 «dum
1878 2711 1973 2749 stu-

1092 2772 1214 2811 dium
1243 2771 1373 2810 huius
1404 2770 1494 2810 ludi
1515 2774 1638 2821 grato
1661 2771 1794 2811 inodo
1818 2771 1967 2821 efficit,

1090 2835 1138 2872 ut
1164 2844 1218 2872 ne
1240 2834 1406 2873 sentias
1433 2833 1636 2883 quidem,
1673 2843 1807 2883 quam
1828 2835 1972 2883 gravis

1091 2907 1172 2947 per
1202 2906 1251 2935 se
1283 2896 1338 2935 sit
1367 2895 1493 2935 labor
1522 2894 1636 2935 ille.»
1674 2918 1711 2924 —
1744 2900 1838 2945 pele
1867 2896 1970 2946 cet]

1092 2960 1201 2999 «hoc
1230 2958 1365 2998 modo
1397 2960 1439 2998 te
1462 2969 1665 2998 exerce.»
1715 2958 1871 2997 Addita
1892 2970 1972 2997 au-

1091 3023 1180 3061 tem
1210 3021 1386 3060 cedentis
1406 3021 1520 3059 ae'ris
1550 3021 1739 3069 imagine
1761 3021 1869 3059 vitat
1887 3030 1970 3072 pe-

1090 3083 1251 3123 destris
1282 3094 1344 3122 or.
1381 3081 1599 3121 colorem:
1639 3080 1766 3121 «lude
1798 3082 1966 3122 disco.»

1089 3145 1210 3185 Ovid.
1244 3147 1287 3185 in
1316 3145 1440 3185 Ibide
1471 3146 1572 3184 587:
1624 3145 1738 3183 Ae'ra
1777 3145 1810 3183 si
1846 3145 1968 3183 misso

1085 3207 1289 3257 liquidum
1317 3207 1552 3246 iaculabere
1571 3207 1695 3246 disco.
1738 3207 1842 3246 Stat.
1864 3205 1963 3246 Silv.

1087 3269 1110 3308 3
1134 3301 1141 3318 ,
1170 3271 1213 3317 l,
1249 3270 1350 3308 455:
1384 3269 1527 3308 nubila
1556 3269 1666 3308 disco
1693 3270 1863 3320 findere.

1140 3393 1235 3433 444
1246 3392 1285 3433 8.
1301 3393 1522 3444 extuderit]
1540 3404 1606 3443 pr.
1624 3390 1876 3430 «tundendo
1890 3401 1964 3429 re-

150 3451 322 3503 bantur,
367 3458 530 3493 cercare
557 3465 652 3493 cum
678 3453 897 3505 fuyacibus
923 3454 1024 3504 feris
1083 3456 1290 3505 moverit,
1325 3466 1428 3494 cum
1447 3456 1489 3494 vi
1510 3453 1796 3501 excusserit‚»
1819 3454 1867 3491 ut
1887 3453 1963 3490 Se-

147 3524 292 3564 cursu,
333 3526 428 3555 cum
458 3516 687 3556 audacibus
715 3515 881 3565 robore,
927 3527 1023 3555 cum
1083 3527 1193 3556 neca
1210 3517 1461 3568 Epistlw:
1494 3514 1960 3555 natura—-necessitali

292 3591 443 3628 Homr.
472 3602 562 3629 vor..
593 3593 637 3628 Π.
690 3602 754 3628 En.
783 3601 868 3629 sm.
897 3591 958 3627 111.

1601 3588 1645 3626 44
