2231 3787
838 256 934 294 ΜΒ.
971 256 999 293 l.

1062 255 1226 296 El’ls'r.
1261 257 1366 295 Vlll.

1924 255 2015 307 471

269 386 333 440 Ut
372 385 581 455 placeat
622 385 799 439 iuveni
840 395 1159 457 percontare
1200 395 1365 458 utque
1406 387 1627 440 cohorti.

267 487 322 540 Si
363 486 530 549 dicet,
573 489 762 549 Recte,
804 488 1037 558 primum
1077 488 1340 558 gaudere,
1384 488 1614 542 subinde

1960 489 2026 541 215

266 591 623 659 Praeceptum
662 588 917 642 auriculis
958 588 1062 643 hoc
1101 588 1357 643 instillare
1395 598 1690 644 memento:

270 691 330 744 Ut
367 698 424 742 tu
463 691 752 753 fortunam,
796 691 874 744 sic
912 709 1010 745 nos
1052 700 1130 754 te,
1175 690 1357 755 Celse,
1400 692 1651 746 feremus.

304 855 369 897 44.
405 860 681 907 perconctare
712 857 801 908 (sic)
834 859 881 907 S,
916 863 1197 907 percunctare
1228 858 1345 908 d‚Ct.
1382 881 1426 886 —
1461 862 1587 908 atque
1626 857 1766 899 codd.
1800 857 1969 910 aliquot

249 920 352 969 (non
381 919 549 969 nostri).

191 1059 263 1111 ris]
297 1062 573 1100 admissionis.
641 1060 779 1100 Huius
810 1062 947 1101 moris
984 1062 1078 1112 pri—

191 1134 315 1172 mus,
350 1125 399 1162 ut
417 1123 612 1170 videtur,
648 1123 803 1161 auctor
833 1122 912 1162 suit
931 1123 1075 1174 Scipio

190 1184 422 1226 Africanus
452 1185 610 1224 minor.
659 1183 745 1223 Csr.
778 1184 965 1234 Appian.
1000 1184 1077 1223 Hi—

192 1259 316 1300 span.
353 1247 433 1288 84:
477 1242 761 1296 Ἔθελοντσῖς
796 1258 928 1295 τινας
958 1244 1076 1299 ἐπη-

194 1308 370 1366 γάγετο
414 1310 496 1349 καὶ
539 1305 748 1359 πελάτας
793 1307 845 1348 ἐκ
889 1303 1076 1361 Ῥώμης

190 1375 273 1415 καὶ
302 1371 476 1423 φίλους
506 1372 858 1421 πεντακοσίους
893 1365 979 1421 οὓς
1010 1371 1074 1420 εἰς

190 1437 297 1491 nm)
318 1432 583 1487 καταλέξας
602 1432 762 1476 ἐκάλει
779 1433 933 1485 φίλων
948 1432 1072 1488 ἴλην.

191 1503 473 1551 Quamquam
504 1499 618 1538 haec
646 1499 792 1550 potius
816 1499 913 1538 erat
932 1499 1078 1538 cohors

182 1563 420 1614 praetoria,
455 1573 605 1612 quam,
633 1563 683 1600 ut
701 1562 788 1608 hic,
813 1559 1076 1600 sodalicium

189 1627 314 1678 quasi
347 1626 595 1665 amicorum
624 1624 837 1664 interioris
861 1625 1079 1664 admissio-

186 1691 270 1739 nis,
316 1688 438 1740 quod
480 1689 531 1728 iis
575 1687 843 1739 praesertim
887 1687 1075 1737 negotiis

188 1751 468 1802 fungeretur,
503 1761 617 1801 quae
650 1760 785 1800 supra
808 1749 1075 1798 significavi-

187 1825 302 1854 mus.
324 1814 534 1864 (Languet
554 1811 740 1851 aliorum
762 1810 892 1850 lectio
910 1810 1069 1861 atque.)

191 1899 235 1904 -—
269 1876 404 1925 Recte]
442 1874 552 1914 Adv.
586 1874 674 1913 hoc
705 1873 761 1913 ad
792 1874 875 1912 tria
904 1872 975 1912 illa
1005 1884 1072 1913 re-

189 1939 358 1987 fertur,
403 1937 572 1986 valere,
613 1947 757 1988 ,qcrere
788 1947 854 1986 se,
887 1937 1070 1986 placere.

190 2023 234 2028 —
265 2000 448 2052 subinde]
483 1999 681 2039 «deinde
711 1999 975 2051 protinus;»
1008 2001 1072 2039 sic

188 2064 306 2103 enim
338 2063 654 2114 exponendum
686 2064 778 2111 est,
813 2062 915 2113 quia
944 2072 1074 2113 prae-

188 2127 306 2166 cedit
328 2127 538 2175 primum,
572 2137 690 2164 non:
733 2124 957 2172 «crebro,
990 2135 1072 2175 per

186 2187 438 2235 intervalla,
466 2187 754 2227 identidem.»
782 2207 826 2214 —
851 2185 1069 2237 instillare]

189 2249 371 2290 «leniter
402 2251 533 2300 atque
565 2250 708 2288 amice
735 2249 913 2288 tradere
944 2259 1072 2299 prae-

187 2315 427 2365 ceptum,»
462 2313 523 2352 uti
554 2312 755 2363 guttatim
785 2312 827 2350 in
850 2321 982 2350 aures
1008 2311 1073 2350 in-

188 2375 405 2416 stillantur
448 2376 608 2415 harum
637 2375 983 2415 medicamenta.
1022 2396 1066 2401 ——

1143 1063 1191 1101 Ut
1235 1066 1279 1101 ιιι
1313 1063 1530 1112 fortunam
1568 1063 1670 1111 cet]
1736 1062 1935 1110 «Quodsi
1980 1063 2025 1101 tu

1139 1124 1342 1163 modeste
1383 1124 1500 1164 seres
1543 1124 1786 1172 fortunam,
1835 1135 1949 1175 quae
1982 1127 2023 1164 te

1139 1186 1350 1225 comitem
1397 1185 1498 1225 fecit
1542 1187 1753 1234 Neronis,
1803 1188 1928 1226 cuius
1967 1187 2026 1227 fa-

1137 1259 1244 1287 vore
1286 1247 1484 1298 gaudens
1525 1248 1718 1288 maiores
1751 1249 1884 1288 etiam
1915 1260 2024 1300 opes

1138 1312 1271 1362 atque
1319 1310 1513 1350 honores
1558 1309 1795 1362 aliquando
1841 1311 2025 1362 adipisci

1137 1373 1329 1425 poteris,
1377 1383 1458 1413 nos
1504 1384 1683 1424 quoque
1715 1383 1896 1419 omnes,
1948 1373 2024 1423 qui

1139 1439 1181 1476 te
1214 1436 1420 1476 novimus
1456 1436 1695 1486 (Neronem
1725 1434 1856 1475 simul
1887 1435 2024 1486 signi-

1139 1499 1280 1550 ficat),
1327 1496 1533 1538 benevoli
1563 1508 1616 1537 ac
1645 1508 1750 1537 vere
1782 1498 1914 1537 amici
1944 1496 2025 1537 tihi

1141 1562 1332 1610 erimus;
1368 1560 1482 1601 fastu
1514 1561 1668 1600 contra
1691 1562 1734 1600 et
1754 1559 1964 1612 superbia
1987 1561 2025 1600 si

1137 1626 1318 1676 praeter
1346 1623 1532 1663 modum
1564 1624 1605 1661 te
1640 1620 1873 1670 extuleris,
1917 1622 2025 1662 ami-

1139 1697 1214 1726 cos
1246 1698 1271 1725 a
1302 1687 1344 1725 te
1376 1683 1693 1724 abalienabis.»
1753 1684 1891 1723 Nimis
1923 1694 2024 1734 pro-

1137 1748 1252 1787 fecto
1298 1748 1444 1787 severi
1489 1758 1540 1785 ac
1580 1756 1721 1797 prope
1753 1745 1890 1796 iniqui
1920 1747 2024 1785 sunt

1136 1811 1178 1849 in
1208 1809 1381 1849 bonum
1410 1807 1758 1857 Albinovanum,
1803 1808 1877 1858 qui
1918 1818 2021 1846 eum

1135 1873 1363 1912 hominem
1386 1870 1634 1923 superbum
1657 1880 1708 1908 ac
1736 1880 1877 1921 prope
1898 1880 2023 1909 men-

1135 1938 1177 1975 te
1209 1937 1390 1986 captum
1420 1934 1555 1974 fuisse
1581 1932 1881 1980 contendunt,
1916 1942 2020 1972 cum

1134 2009 1321 2050 prorsus
1352 1995 1458 2036 nihil
1490 1996 1593 2035 insit
1622 1995 1665 2034 in
1696 1995 1853 2046 poetae
1885 2004 2019 2045 prae-

1135 2063 1288 2112 cepto,
1333 2058 1454 2111 quod
1482 2060 1668 2110 propter
1698 2056 1894 2096 offensae
1926 2066 2020 2096 me—

1134 2126 1229 2163 tum
1247 2122 1417 2162 amicus
1430 2122 1574 2161 aetate
1591 2120 1846 2172 provectior
1861 2119 2020 2158 iuniori

1134 2185 1283 2225 dicere
1323 2183 1612 2231 reformidet;
1659 2184 1793 2234 atque
1838 2182 2017 2221 omnino

1132 2247 1316 2289 liberius
1347 2258 1484 2298 quain
1515 2257 1596 2287 nos
1633 2256 1735 2286 cum
1766 2244 1919 2284 amicis
1950 2243 2018 2284 lo-

1133 2311 1207 2360 qui
1249 2308 1454 2350 solebant
1491 2309 1688 2360 antiqui,
1737 2307 1782 2347 id
1827 2308 1923 2355 est,
1970 2308 2017 2345 ut

1133 2371 1364 2420 dicebant,
1397 2373 1583 2411 Romano
1611 2381 1752 2419 more,
1783 2370 1946 2410 Latine.
