<?xml version="1.0" encoding="UTF-8"?>
<!DOCTYPE html PUBLIC "-//W3C//DTD XHTML 1.0 Transitional//EN"
    "http://www.w3.org/TR/xhtml1/DTD/xhtml1-transitional.dtd">
<html xmlns="http://www.w3.org/1999/xhtml" xml:lang="en" lang="en">
 <head>
  <title>
</title>
<meta http-equiv="Content-Type" content="text/html;charset=utf-8" />
  <meta name='ocr-system' content='tesseract 3.04.00' />
  <meta name='ocr-capabilities' content='ocr_page ocr_carea ocr_par ocr_line ocrx_word'/>
</head>
<body>
  <div class='ocr_page' id='page_1' title='image "./qhoratiusflaccus02horauoft_0235.png"; bbox 0 0 2231 3787; ppageno 0'>
   <div class='ocr_carea' id='block_1_1' title="bbox 0 3667 15 3784">
    <p class='ocr_par' dir='ltr' id='par_1_1' title="bbox 0 3667 15 3784">
     <span class='ocr_line' id='line_1_1' title="bbox 0 3667 15 3784; textangle 90"><span class='ocrx_word' id='word_1_1' title='bbox 11 3750 15 3784; x_wconf 79' lang='grc'>.-.</span> <span class='ocrx_word' id='word_1_2' title='bbox 0 3667 15 3741; x_wconf 33' lang='grc' dir='ltr'><em>’Ζ--ᾼ</em></span> 
     </span>
    </p>
   </div>
   <div class='ocr_carea' id='block_1_2' title="bbox 839 243 1277 282">
    <p class='ocr_par' dir='ltr' id='par_1_2' title="bbox 839 243 1277 282">
     <span class='ocr_line' id='line_1_2' title="bbox 839 243 1277 282; baseline -0.002 0"><span class='ocrx_word' id='word_1_3' title='bbox 839 243 936 282; x_wconf 91' lang='lat' dir='ltr'>LlB.</span> <span class='ocrx_word' id='word_1_4' title='bbox 971 243 1020 282; x_wconf 91' lang='lat'>11.</span> <span class='ocrx_word' id='word_1_5' title='bbox 1082 243 1194 282; x_wconf 74' lang='lat' dir='ltr'><strong>SAT.</strong></span> <span class='ocrx_word' id='word_1_6' title='bbox 1229 243 1277 282; x_wconf 88' lang='grc' dir='ltr'>ΙΙ.</span> 
     </span>
    </p>
   </div>
   <div class='ocr_carea' id='block_1_3' title="bbox 1874 238 1977 291">
    <p class='ocr_par' dir='ltr' id='par_1_3' title="bbox 1874 238 1977 291">
     <span class='ocr_line' id='line_1_3' title="bbox 1874 239 1915 290; textangle 90"><span class='ocrx_word' id='word_1_7' title='bbox 1874 239 1915 290; x_wconf 68' lang='lat'>10</span> 
     </span>
     <span class='ocr_line' id='line_1_4' title="bbox 1920 238 1977 291; textangle 90"><span class='ocrx_word' id='word_1_8' title='bbox 1920 238 1977 291; x_wconf 72' lang='lat'>:3</span> 
     </span>
    </p>
   </div>
   <div class='ocr_carea' id='block_1_4' title="bbox 229 371 1577 443">
    <p class='ocr_par' dir='ltr' id='par_1_4' title="bbox 229 371 1577 443">
     <span class='ocr_line' id='line_1_5' title="bbox 229 371 1577 443; baseline -0.002 -17"><span class='ocrx_word' id='word_1_9' title='bbox 229 371 486 426; x_wconf 84' lang='lat' dir='ltr'>Caulibus</span> <span class='ocrx_word' id='word_1_10' title='bbox 528 372 765 435; x_wconf 85' lang='lat' dir='ltr'>instillat,</span> <span class='ocrx_word' id='word_1_11' title='bbox 807 372 1005 425; x_wconf 81' lang='lat' dir='ltr'>vetoris</span> <span class='ocrx_word' id='word_1_12' title='bbox 1047 389 1148 425; x_wconf 91' lang='lat' dir='ltr'>non</span> <span class='ocrx_word' id='word_1_13' title='bbox 1190 390 1387 443; x_wconf 86' lang='lat' dir='ltr'>parcus</span> <span class='ocrx_word' id='word_1_14' title='bbox 1426 374 1577 427; x_wconf 83' lang='lat' dir='ltr'>aceti.</span> 
     </span>
    </p>
   </div>
   <div class='ocr_carea' id='block_1_5' title="bbox 223 473 1587 546">
    <p class='ocr_par' dir='ltr' id='par_1_5' title="bbox 223 473 1587 546">
     <span class='ocr_line' id='line_1_6' title="bbox 223 473 1587 546; baseline 0 -20"><span class='ocrx_word' id='word_1_15' title='bbox 223 473 377 538; x_wconf 86' lang='lat' dir='ltr'>Quali</span> <span class='ocrx_word' id='word_1_16' title='bbox 422 475 580 545; x_wconf 75' lang='lat' dir='ltr'>igitur</span> <span class='ocrx_word' id='word_1_17' title='bbox 617 476 759 529; x_wconf 85' lang='lat' dir='ltr'>victu</span> <span class='ocrx_word' id='word_1_18' title='bbox 801 475 1018 546; x_wconf 88' lang='lat' dir='ltr'>sapiens</span> <span class='ocrx_word' id='word_1_19' title='bbox 1059 484 1262 539; x_wconf 88' lang='lat' dir='ltr'>utetur,</span> <span class='ocrx_word' id='word_1_20' title='bbox 1306 484 1357 529; x_wconf 89' lang='lat' dir='ltr'>ct</span> <span class='ocrx_word' id='word_1_21' title='bbox 1395 475 1587 528; x_wconf 87' lang='lat' dir='ltr'>horum</span> 
     </span>
    </p>
   </div>
   <div class='ocr_carea' id='block_1_6' title="bbox 223 573 1856 648">
    <p class='ocr_par' dir='ltr' id='par_1_6' title="bbox 223 573 1856 648">
     <span class='ocr_line' id='line_1_7' title="bbox 223 573 1856 648; baseline -0.001 -19"><span class='ocrx_word' id='word_1_22' title='bbox 223 575 407 629; x_wconf 86' lang='lat' dir='ltr'>Utrum</span> <span class='ocrx_word' id='word_1_23' title='bbox 436 577 768 630; x_wconf 80' lang='lat' dir='ltr'>imitabitur?</span> <span class='ocrx_word' id='word_1_24' title='bbox 807 573 919 631; x_wconf 85' lang='lat' dir='ltr'>Hac</span> <span class='ocrx_word' id='word_1_25' title='bbox 946 586 1100 648; x_wconf 83' lang='lat' dir='ltr'>urget</span> <span class='ocrx_word' id='word_1_26' title='bbox 1126 577 1308 648; x_wconf 90' lang='lat' dir='ltr'>lupus,</span> <span class='ocrx_word' id='word_1_27' title='bbox 1350 576 1450 630; x_wconf 86' lang='lat' dir='ltr'>hac</span> <span class='ocrx_word' id='word_1_28' title='bbox 1478 575 1651 638; x_wconf 85' lang='lat' dir='ltr'>cauis,</span> <span class='ocrx_word' id='word_1_29' title='bbox 1695 576 1856 629; x_wconf 86' lang='lat' dir='ltr'>aiunt.</span> 
     </span>
    </p>
   </div>
   <div class='ocr_carea' id='block_1_7' title="bbox 223 677 1975 750">
    <p class='ocr_par' dir='ltr' id='par_1_7' title="bbox 223 677 1975 750">
     <span class='ocr_line' id='line_1_8' title="bbox 223 677 1975 750; baseline 0 -22"><span class='ocrx_word' id='word_1_30' title='bbox 223 677 452 731; x_wconf 88' lang='lat' dir='ltr'>Mundus</span> <span class='ocrx_word' id='word_1_31' title='bbox 493 679 619 741; x_wconf 88' lang='lat' dir='ltr'>erit,</span> <span class='ocrx_word' id='word_1_32' title='bbox 663 696 769 750; x_wconf 71' lang='lat' dir='ltr'>(sua</span> <span class='ocrx_word' id='word_1_33' title='bbox 810 696 915 732; x_wconf 92' lang='lat' dir='ltr'>non</span> <span class='ocrx_word' id='word_1_34' title='bbox 955 678 1192 733; x_wconf 86' lang='lat' dir='ltr'>offendat</span> <span class='ocrx_word' id='word_1_35' title='bbox 1230 678 1510 741; x_wconf 88' lang='lat' dir='ltr'>sordibus,</span> <span class='ocrx_word' id='word_1_36' title='bbox 1553 685 1714 749; x_wconf 84' lang='lat' dir='ltr'>atque</span> <span class='ocrx_word' id='word_1_37' title='bbox 1910 678 1975 729; x_wconf 71' lang='grc' dir='ltr'><em>ὃὸ</em></span> 
     </span>
    </p>
   </div>
   <div class='ocr_carea' id='block_1_8' title="bbox 223 778 1868 851">
    <p class='ocr_par' dir='ltr' id='par_1_8' title="bbox 223 778 1868 851">
     <span class='ocr_line' id='line_1_9' title="bbox 223 778 1868 851; baseline 0.001 -22"><span class='ocrx_word' id='word_1_38' title='bbox 223 779 279 830; x_wconf 88' lang='lat' dir='ltr'>ln</span> <span class='ocrx_word' id='word_1_39' title='bbox 320 788 563 833; x_wconf 79' lang='lat' dir='ltr'>neutram</span> <span class='ocrx_word' id='word_1_40' title='bbox 604 789 810 851; x_wconf 85' lang='lat' dir='ltr'>partem</span> <span class='ocrx_word' id='word_1_41' title='bbox 849 780 1022 834; x_wconf 86' lang='lat' dir='ltr'>cultus</span> <span class='ocrx_word' id='word_1_42' title='bbox 1060 781 1240 834; x_wconf 90' lang='lat' dir='ltr'>miser.</span> <span class='ocrx_word' id='word_1_43' title='bbox 1318 780 1416 834; x_wconf 89' lang='lat' dir='ltr'>Hic</span> <span class='ocrx_word' id='word_1_44' title='bbox 1453 796 1631 850; x_wconf 86' lang='lat' dir='ltr'>neque</span> <span class='ocrx_word' id='word_1_45' title='bbox 1672 778 1868 839; x_wconf 87' lang='lat' dir='ltr'>servis,</span> 
     </span>
    </p>
   </div>
   <div class='ocr_carea' id='block_1_9' title="bbox 202 959 1919 1261">
    <p class='ocr_par' dir='ltr' id='par_1_9' title="bbox 202 959 1919 1261">
     <span class='ocr_line' id='line_1_10' title="bbox 258 959 1918 1013; baseline -0.001 -13"><span class='ocrx_word' id='word_1_46' title='bbox 258 961 324 1001; x_wconf 69' lang='lat'>62.</span> <span class='ocrx_word' id='word_1_47' title='bbox 352 960 526 1013; x_wconf 76' lang='lat' dir='ltr'>parcus]</span> <span class='ocrx_word' id='word_1_48' title='bbox 557 962 704 1013; x_wconf 61' lang='lat' dir='ltr'>largus</span> <span class='ocrx_word' id='word_1_49' title='bbox 732 974 848 1003; x_wconf 90' lang='lat' dir='ltr'>unus</span> <span class='ocrx_word' id='word_1_50' title='bbox 878 963 991 1003; x_wconf 88' lang='lat' dir='ltr'>Feae</span> <span class='ocrx_word' id='word_1_51' title='bbox 1022 973 1046 1002; x_wconf 88' lang='lat' dir='ltr'>a</span> <span class='ocrx_word' id='word_1_52' title='bbox 1077 971 1170 1002; x_wconf 73' lang='lat' dir='ltr'>sec⁴</span> <span class='ocrx_word' id='word_1_53' title='bbox 1202 973 1289 1010; x_wconf 92' lang='lat' dir='ltr'>m.,</span> <span class='ocrx_word' id='word_1_54' title='bbox 1327 960 1407 1001; x_wconf 90' lang='lat' dir='ltr'>Ed.</span> <span class='ocrx_word' id='word_1_55' title='bbox 1441 961 1582 1000; x_wconf 87' lang='lat' dir='ltr'>Zaroti</span> <span class='ocrx_word' id='word_1_56' title='bbox 1615 959 1735 1000; x_wconf 68' lang='lat'><strong>4474.</strong></span> <span class='ocrx_word' id='word_1_57' title='bbox 1772 982 1817 988; x_wconf 96' lang='lat'><strong>—</strong></span> <span class='ocrx_word' id='word_1_58' title='bbox 1853 959 1918 1000; x_wconf 71' lang='lat'>64.</span> 
     </span>
     <span class='ocr_line' id='line_1_11' title="bbox 205 1022 1919 1076; baseline -0.001 -14"><span class='ocrx_word' id='word_1_59' title='bbox 205 1023 339 1075; x_wconf 76' lang='lat' dir='ltr'>aiunt]</span> <span class='ocrx_word' id='word_1_60' title='bbox 386 1025 503 1075; x_wconf 73' lang='lat' dir='ltr'>angye&#39;t</span> <span class='ocrx_word' id='word_1_61' title='bbox 549 1024 687 1063; x_wconf 76' lang='lat' dir='ltr'>Codd.</span> <span class='ocrx_word' id='word_1_62' title='bbox 732 1024 897 1076; x_wconf 82' lang='lat' dir='ltr'>aliquot</span> <span class='ocrx_word' id='word_1_63' title='bbox 928 1025 1146 1074; x_wconf 87' lang='lat' dir='ltr'>Pottierii,</span> <span class='ocrx_word' id='word_1_64' title='bbox 1195 1026 1256 1071; x_wconf 85' lang='lat' dir='ltr'>tF,</span> <span class='ocrx_word' id='word_1_65' title='bbox 1290 1023 1408 1073; x_wconf 73' lang='lat' dir='ltr'>atqui</span> <span class='ocrx_word' id='word_1_66' title='bbox 1438 1034 1481 1074; x_wconf 89' lang='lat' dir='ltr'>p.</span> <span class='ocrx_word' id='word_1_67' title='bbox 1517 1024 1580 1073; x_wconf 46' lang='lat' dir='ltr'>gUt</span> <span class='ocrx_word' id='word_1_68' title='bbox 1610 1033 1713 1071; x_wconf 88' lang='lat' dir='ltr'>uos,</span> <span class='ocrx_word' id='word_1_69' title='bbox 1757 1022 1845 1062; x_wconf 89' lang='lat' dir='ltr'>bSc</span> <span class='ocrx_word' id='word_1_70' title='bbox 1877 1024 1919 1062; x_wconf 91' lang='lat' dir='ltr'>et</span> 
     </span>
     <span class='ocr_line' id='line_1_12' title="bbox 202 1084 1919 1138; baseline -0.001 -14"><span class='ocrx_word' id='word_1_71' title='bbox 202 1087 396 1125; x_wconf 88' lang='lat' dir='ltr'>Pottierii</span> <span class='ocrx_word' id='word_1_72' title='bbox 428 1087 559 1136; x_wconf 80' lang='lat' dir='ltr'>octo.)</span> <span class='ocrx_word' id='word_1_73' title='bbox 586 1108 630 1114; x_wconf 94' lang='lat'>—</span> <span class='ocrx_word' id='word_1_74' title='bbox 657 1088 723 1127; x_wconf 78' lang='lat'>65.</span> <span class='ocrx_word' id='word_1_75' title='bbox 757 1088 827 1137; x_wconf 75' lang='lat' dir='ltr'>qui</span> <span class='ocrx_word' id='word_1_76' title='bbox 848 1087 981 1138; x_wconf 86' lang='lat' dir='ltr'>bScp,</span> <span class='ocrx_word' id='word_1_77' title='bbox 1016 1097 1173 1127; x_wconf 90' lang='lat' dir='ltr'>omnes</span> <span class='ocrx_word' id='word_1_78' title='bbox 1204 1084 1388 1125; x_wconf 83' lang='lat' dir='ltr'>Bentleii</span> <span class='ocrx_word' id='word_1_79' title='bbox 1420 1086 1464 1124; x_wconf 85' lang='lat' dir='ltr'>et</span> <span class='ocrx_word' id='word_1_80' title='bbox 1493 1085 1708 1133; x_wconf 88' lang='lat' dir='ltr'>Pottierii‚</span> <span class='ocrx_word' id='word_1_81' title='bbox 1744 1085 1844 1124; x_wconf 85' lang='lat' dir='ltr'>LCt.</span> <span class='ocrx_word' id='word_1_82' title='bbox 1875 1107 1919 1112; x_wconf 90' lang='lat'><em>-</em></span> 
     </span>
     <span class='ocr_line' id='line_1_13' title="bbox 206 1146 1919 1200; baseline -0.001 -14"><span class='ocrx_word' id='word_1_83' title='bbox 206 1149 374 1197; x_wconf 80' lang='lat' dir='ltr'>offendit</span> <span class='ocrx_word' id='word_1_84' title='bbox 396 1150 527 1197; x_wconf 87' lang='lat' dir='ltr'>S,LC,</span> <span class='ocrx_word' id='word_1_85' title='bbox 552 1150 726 1199; x_wconf 80' lang='lat' dir='ltr'>offendet</span> <span class='ocrx_word' id='word_1_86' title='bbox 745 1160 789 1200; x_wconf 91' lang='lat' dir='ltr'>p,</span> <span class='ocrx_word' id='word_1_87' title='bbox 814 1149 901 1188; x_wconf 92' lang='lat' dir='ltr'>duo</span> <span class='ocrx_word' id='word_1_88' title='bbox 923 1148 1132 1189; x_wconf 87' lang='lat' dir='ltr'>Pottierii.</span> <span class='ocrx_word' id='word_1_89' title='bbox 1172 1148 1235 1197; x_wconf 89' lang='lat' dir='ltr'>(Ut</span> <span class='ocrx_word' id='word_1_90' title='bbox 1256 1158 1352 1195; x_wconf 88' lang='lat' dir='ltr'>nos,</span> <span class='ocrx_word' id='word_1_91' title='bbox 1387 1146 1476 1196; x_wconf 85' lang='lat' dir='ltr'>bc.)</span> <span class='ocrx_word' id='word_1_92' title='bbox 1503 1169 1547 1174; x_wconf 94' lang='lat'><strong>—</strong></span> <span class='ocrx_word' id='word_1_93' title='bbox 1570 1147 1761 1186; x_wconf 76' lang='lat' dir='ltr'>sordidus</span> <span class='ocrx_word' id='word_1_94' title='bbox 1780 1146 1919 1186; x_wconf 89' lang='lat' dir='ltr'>Codd.</span> 
     </span>
     <span class='ocr_line' id='line_1_14' title="bbox 202 1208 1918 1261; baseline 0 -13"><span class='ocrx_word' id='word_1_95' title='bbox 202 1208 366 1261; x_wconf 83' lang='lat' dir='ltr'>aliquot</span> <span class='ocrx_word' id='word_1_96' title='bbox 397 1210 497 1260; x_wconf 90' lang='lat' dir='ltr'>(non</span> <span class='ocrx_word' id='word_1_97' title='bbox 518 1210 686 1260; x_wconf 85' lang='lat' dir='ltr'>nostri).</span> <span class='ocrx_word' id='word_1_98' title='bbox 725 1233 769 1238; x_wconf 90' lang='lat'><em>-</em></span> <span class='ocrx_word' id='word_1_99' title='bbox 802 1211 869 1251; x_wconf 85' lang='lat'>66.</span> <span class='ocrx_word' id='word_1_100' title='bbox 893 1211 1006 1250; x_wconf 76' lang='lat' dir='ltr'>cultu</span> <span class='ocrx_word' id='word_1_101' title='bbox 1033 1209 1129 1251; x_wconf 80' lang='lat' dir='ltr'>Ald.</span> <span class='ocrx_word' id='word_1_102' title='bbox 1165 1211 1287 1250; x_wconf 65' lang='lat'>4501.</span> <span class='ocrx_word' id='word_1_103' title='bbox 1324 1211 1426 1261; x_wconf 87' lang='lat' dir='ltr'>(non</span> <span class='ocrx_word' id='word_1_104' title='bbox 1458 1209 1579 1249; x_wconf 71' lang='lat'>4509.</span> <span class='ocrx_word' id='word_1_105' title='bbox 1601 1221 1747 1260; x_wconf 89' lang='lat' dir='ltr'>neque</span> <span class='ocrx_word' id='word_1_106' title='bbox 1782 1209 1918 1258; x_wconf 68' lang='lat'>⁴519.)</span> 
     </span>
    </p>
   </div>
   <div class='ocr_carea' id='block_1_10' title="bbox 144 1355 1026 1534">
    <p class='ocr_par' dir='ltr' id='par_1_10' title="bbox 144 1355 1026 1534">
     <span class='ocr_line' id='line_1_15' title="bbox 145 1355 1023 1408; baseline 0.002 -12"><span class='ocrx_word' id='word_1_107' title='bbox 145 1368 258 1408; x_wconf 90' lang='lat' dir='ltr'>quae</span> <span class='ocrx_word' id='word_1_108' title='bbox 276 1357 391 1397; x_wconf 90' lang='lat' dir='ltr'>hanc</span> <span class='ocrx_word' id='word_1_109' title='bbox 407 1355 490 1397; x_wconf 92' lang='lat' dir='ltr'>olei</span> <span class='ocrx_word' id='word_1_110' title='bbox 512 1359 665 1397; x_wconf 90' lang='lat' dir='ltr'>tenent</span> <span class='ocrx_word' id='word_1_111' title='bbox 688 1358 1023 1408; x_wconf 83' lang='lat' dir='ltr'>quantitatem.»</span> 
     </span>
     <span class='ocr_line' id='line_1_16' title="bbox 145 1419 1024 1471; baseline 0 -11"><span class='ocrx_word' id='word_1_112' title='bbox 145 1419 286 1460; x_wconf 73' lang='lat' dir='ltr'>Comi.</span> <span class='ocrx_word' id='word_1_113' title='bbox 320 1420 450 1465; x_wconf 76' lang='lat' dir='ltr'>CnUQ.</span> <span class='ocrx_word' id='word_1_114' title='bbox 516 1421 612 1459; x_wconf 90' lang='lat' dir='ltr'>Non</span> <span class='ocrx_word' id='word_1_115' title='bbox 657 1431 710 1460; x_wconf 80' lang='lat' dir='ltr'>ex</span> <span class='ocrx_word' id='word_1_116' title='bbox 755 1419 1024 1471; x_wconf 81' lang='lat' dir='ltr'>elegantiore</span> 
     </span>
     <span class='ocr_line' id='line_1_17' title="bbox 144 1481 1026 1534; baseline 0.002 -12"><span class='ocrx_word' id='word_1_117' title='bbox 144 1482 288 1534; x_wconf 87' lang='lat' dir='ltr'>aliqua</span> <span class='ocrx_word' id='word_1_118' title='bbox 318 1481 510 1534; x_wconf 82' lang='lat' dir='ltr'>ampulla</span> <span class='ocrx_word' id='word_1_119' title='bbox 541 1482 729 1532; x_wconf 87' lang='lat' dir='ltr'>olearia,</span> <span class='ocrx_word' id='word_1_120' title='bbox 764 1485 845 1524; x_wconf 91' lang='lat' dir='ltr'>sed</span> <span class='ocrx_word' id='word_1_121' title='bbox 876 1496 929 1524; x_wconf 81' lang='lat' dir='ltr'>ex</span> <span class='ocrx_word' id='word_1_122' title='bbox 953 1484 1026 1524; x_wconf 74' lang='lat' dir='ltr'>vili</span> 
     </span>
    </p>
   </div>
   <div class='ocr_carea' id='block_1_11' title="bbox 1091 1356 1976 1523">
    <p class='ocr_par' dir='ltr' id='par_1_11' title="bbox 1091 1356 1976 1523">
     <span class='ocr_line' id='line_1_18' title="bbox 1094 1356 1973 1410; baseline -0.001 -12"><span class='ocrx_word' id='word_1_123' title='bbox 1094 1380 1140 1387; x_wconf 97' lang='lat'>—</span> <span class='ocrx_word' id='word_1_124' title='bbox 1184 1357 1292 1410; x_wconf 77' lang='lat' dir='ltr'>qua]</span> <span class='ocrx_word' id='word_1_125' title='bbox 1334 1358 1455 1398; x_wconf 87' lang='lat' dir='ltr'>Haec</span> <span class='ocrx_word' id='word_1_126' title='bbox 1493 1356 1622 1398; x_wconf 89' lang='lat' dir='ltr'>lectio</span> <span class='ocrx_word' id='word_1_127' title='bbox 1667 1359 1711 1397; x_wconf 90' lang='lat' dir='ltr'>in</span> <span class='ocrx_word' id='word_1_128' title='bbox 1749 1356 1973 1409; x_wconf 86' lang='lat' dir='ltr'>plerisque</span> 
     </span>
     <span class='ocr_line' id='line_1_19' title="bbox 1093 1420 1975 1472; baseline -0.002 -11"><span class='ocrx_word' id='word_1_129' title='bbox 1093 1420 1233 1461; x_wconf 88' lang='lat' dir='ltr'>Codd.</span> <span class='ocrx_word' id='word_1_130' title='bbox 1258 1421 1500 1472; x_wconf 82' lang='lat' dir='ltr'>depravata</span> <span class='ocrx_word' id='word_1_131' title='bbox 1534 1421 1577 1460; x_wconf 91' lang='lat' dir='ltr'>in</span> <span class='ocrx_word' id='word_1_132' title='bbox 1598 1421 1669 1470; x_wconf 75' lang='lat' dir='ltr'>qui</span> <span class='ocrx_word' id='word_1_133' title='bbox 1689 1421 1794 1461; x_wconf 89' lang='lat' dir='ltr'>satis</span> <span class='ocrx_word' id='word_1_134' title='bbox 1822 1420 1975 1460; x_wconf 87' lang='lat' dir='ltr'>firma-</span> 
     </span>
     <span class='ocr_line' id='line_1_20' title="bbox 1091 1482 1976 1523; baseline -0.001 -1"><span class='ocrx_word' id='word_1_135' title='bbox 1091 1485 1163 1523; x_wconf 86' lang='lat' dir='ltr'>tur</span> <span class='ocrx_word' id='word_1_136' title='bbox 1183 1495 1207 1522; x_wconf 91' lang='lat' dir='ltr'>a</span> <span class='ocrx_word' id='word_1_137' title='bbox 1225 1483 1364 1523; x_wconf 84' lang='lat' dir='ltr'>Codd.</span> <span class='ocrx_word' id='word_1_138' title='bbox 1378 1482 1574 1522; x_wconf 89' lang='lat' dir='ltr'>Blandin.</span> <span class='ocrx_word' id='word_1_139' title='bbox 1590 1485 1633 1522; x_wconf 91' lang='lat' dir='ltr'>et</span> <span class='ocrx_word' id='word_1_140' title='bbox 1647 1483 1832 1523; x_wconf 87' lang='lat' dir='ltr'>Acronis</span> <span class='ocrx_word' id='word_1_141' title='bbox 1849 1483 1976 1523; x_wconf 88' lang='lat' dir='ltr'>scho—</span> 
     </span>
    </p>
   </div>
   <div class='ocr_carea' id='block_1_12' title="bbox 143 1545 1977 1659">
    <p class='ocr_par' dir='ltr' id='par_1_12' title="bbox 143 1545 1977 1659">
     <span class='ocr_line' id='line_1_21' title="bbox 144 1545 1975 1599; baseline 0 -14"><span class='ocrx_word' id='word_1_142' title='bbox 144 1556 282 1586; x_wconf 83' lang='lat' dir='ltr'>cornu</span> <span class='ocrx_word' id='word_1_143' title='bbox 311 1546 430 1597; x_wconf 91' lang='lat' dir='ltr'>ipse,</span> <span class='ocrx_word' id='word_1_144' title='bbox 465 1557 520 1585; x_wconf 89' lang='lat' dir='ltr'>ne</span> <span class='ocrx_word' id='word_1_145' title='bbox 551 1557 664 1597; x_wconf 89' lang='lat' dir='ltr'>puer</span> <span class='ocrx_word' id='word_1_146' title='bbox 686 1547 815 1587; x_wconf 89' lang='lat' dir='ltr'>nimis</span> <span class='ocrx_word' id='word_1_147' title='bbox 837 1548 1024 1588; x_wconf 87' lang='lat' dir='ltr'>fortasse</span> <span class='ocrx_word' id='word_1_148' title='bbox 1056 1554 1060 1599; x_wconf 66' lang='lat'>1</span> <span class='ocrx_word' id='word_1_149' title='bbox 1090 1545 1172 1586; x_wconf 90' lang='lat' dir='ltr'>lio:</span> <span class='ocrx_word' id='word_1_150' title='bbox 1211 1558 1343 1596; x_wconf 79' lang='lat' dir='ltr'>«qua,</span> <span class='ocrx_word' id='word_1_151' title='bbox 1369 1546 1495 1585; x_wconf 84' lang='lat' dir='ltr'>deest</span> <span class='ocrx_word' id='word_1_152' title='bbox 1517 1547 1712 1593; x_wconf 86' lang='lat' dir='ltr'>ratione,</span> <span class='ocrx_word' id='word_1_153' title='bbox 1747 1547 1773 1585; x_wconf 85' lang='lat' dir='ltr'>i.</span> <span class='ocrx_word' id='word_1_154' title='bbox 1798 1558 1836 1586; x_wconf 87' lang='lat' dir='ltr'>e.</span> <span class='ocrx_word' id='word_1_155' title='bbox 1863 1557 1975 1597; x_wconf 86' lang='lat' dir='ltr'>qua-</span> 
     </span>
     <span class='ocr_line' id='line_1_22' title="bbox 143 1604 1977 1659; baseline -0.001 -11"><span class='ocrx_word' id='word_1_156' title='bbox 143 1606 224 1648; x_wconf 85' lang='lat' dir='ltr'>olei</span> <span class='ocrx_word' id='word_1_157' title='bbox 262 1607 519 1659; x_wconf 80' lang='lat' dir='ltr'>profundat,</span> <span class='ocrx_word' id='word_1_158' title='bbox 567 1608 652 1648; x_wconf 88' lang='lat' dir='ltr'>hoc</span> <span class='ocrx_word' id='word_1_159' title='bbox 683 1610 887 1659; x_wconf 79' lang='lat' dir='ltr'>guttatim</span> <span class='ocrx_word' id='word_1_160' title='bbox 917 1608 1027 1648; x_wconf 91' lang='lat' dir='ltr'>oleri</span> <span class='ocrx_word' id='word_1_161' title='bbox 1057 1604 1059 1644; x_wconf 92' lang='grc' dir='ltr'>Ι</span> <span class='ocrx_word' id='word_1_162' title='bbox 1093 1610 1222 1648; x_wconf 89' lang='lat' dir='ltr'>tenus</span> <span class='ocrx_word' id='word_1_163' title='bbox 1254 1619 1341 1647; x_wconf 91' lang='lat' dir='ltr'>non</span> <span class='ocrx_word' id='word_1_164' title='bbox 1365 1609 1447 1648; x_wconf 90' lang='lat' dir='ltr'>erit</span> <span class='ocrx_word' id='word_1_165' title='bbox 1468 1608 1719 1648; x_wconf 86' lang='lat' dir='ltr'>sordidus.»</span> <span class='ocrx_word' id='word_1_166' title='bbox 1743 1631 1786 1636; x_wconf 91' lang='lat'>—</span> <span class='ocrx_word' id='word_1_167' title='bbox 1810 1610 1857 1648; x_wconf 82' lang='lat' dir='ltr'>In</span> <span class='ocrx_word' id='word_1_168' title='bbox 1879 1620 1977 1647; x_wconf 75' lang='lat' dir='ltr'>new-</span> 
     </span>
    </p>
   </div>
   <div class='ocr_carea' id='block_1_13' title="bbox 139 1670 1028 3528">
    <p class='ocr_par' dir='ltr' id='par_1_13' title="bbox 140 1670 1028 2530">
     <span class='ocr_line' id='line_1_23' title="bbox 142 1670 1026 1723; baseline 0.002 -13"><span class='ocrx_word' id='word_1_169' title='bbox 142 1670 343 1718; x_wconf 80' lang='lat' dir='ltr'>infundit,</span> <span class='ocrx_word' id='word_1_170' title='bbox 377 1672 530 1709; x_wconf 89' lang='lat' dir='ltr'>contra</span> <span class='ocrx_word' id='word_1_171' title='bbox 550 1672 713 1710; x_wconf 78' lang='lat' dir='ltr'>veteris</span> <span class='ocrx_word' id='word_1_172' title='bbox 736 1672 870 1720; x_wconf 89' lang='lat' dir='ltr'>aceti,</span> <span class='ocrx_word' id='word_1_173' title='bbox 906 1672 1026 1723; x_wconf 90' lang='lat' dir='ltr'>quod</span> 
     </span>
     <span class='ocr_line' id='line_1_24' title="bbox 142 1731 1027 1783; baseline 0.002 -11"><span class='ocrx_word' id='word_1_174' title='bbox 142 1732 301 1773; x_wconf 92' lang='lat' dir='ltr'>nullius</span> <span class='ocrx_word' id='word_1_175' title='bbox 334 1734 401 1771; x_wconf 85' lang='lat' dir='ltr'>est</span> <span class='ocrx_word' id='word_1_176' title='bbox 440 1732 589 1783; x_wconf 89' lang='lat' dir='ltr'>pretii,</span> <span class='ocrx_word' id='word_1_177' title='bbox 637 1731 787 1783; x_wconf 87' lang='lat' dir='ltr'>largus</span> <span class='ocrx_word' id='word_1_178' title='bbox 819 1745 919 1774; x_wconf 88' lang='lat' dir='ltr'>esse</span> <span class='ocrx_word' id='word_1_179' title='bbox 951 1745 1027 1774; x_wconf 90' lang='lat' dir='ltr'>so-</span> 
     </span>
     <span class='ocr_line' id='line_1_25' title="bbox 144 1793 1023 1846; baseline 0.001 -12"><span class='ocrx_word' id='word_1_180' title='bbox 144 1794 216 1835; x_wconf 92' lang='lat' dir='ltr'>let.</span> <span class='ocrx_word' id='word_1_181' title='bbox 246 1817 289 1824; x_wconf 76' lang='lat'>—</span> <span class='ocrx_word' id='word_1_182' title='bbox 316 1794 523 1846; x_wconf 67' lang='lat' dir='ltr'>Cautibus]</span> <span class='ocrx_word' id='word_1_183' title='bbox 555 1793 798 1835; x_wconf 80' lang='lat' dir='ltr'>brassicae.</span> <span class='ocrx_word' id='word_1_184' title='bbox 847 1797 954 1836; x_wconf 91' lang='lat' dir='ltr'>Cato</span> <span class='ocrx_word' id='word_1_185' title='bbox 976 1797 1023 1836; x_wconf 90' lang='lat' dir='ltr'>R.</span> 
     </span>
     <span class='ocr_line' id='line_1_26' title="bbox 144 1857 1028 1908; baseline 0 -11"><span class='ocrx_word' id='word_1_186' title='bbox 144 1857 191 1897; x_wconf 85' lang='lat' dir='ltr'>R.</span> <span class='ocrx_word' id='word_1_187' title='bbox 216 1868 254 1896; x_wconf 91' lang='lat' dir='ltr'>c.</span> <span class='ocrx_word' id='word_1_188' title='bbox 280 1857 381 1896; x_wconf 75' lang='lat'>456:</span> <span class='ocrx_word' id='word_1_189' title='bbox 414 1857 613 1896; x_wconf 80' lang='lat' dir='ltr'>Brassica</span> <span class='ocrx_word' id='word_1_190' title='bbox 642 1862 720 1907; x_wconf 76' lang='lat' dir='ltr'>est,</span> <span class='ocrx_word' id='word_1_191' title='bbox 754 1869 861 1908; x_wconf 80' lang='lat' dir='ltr'>quoe</span> <span class='ocrx_word' id='word_1_192' title='bbox 891 1859 1028 1898; x_wconf 80' lang='lat' dir='ltr'>omni-</span> 
     </span>
     <span class='ocr_line' id='line_1_27' title="bbox 143 1918 1028 1960; baseline 0.003 -3"><span class='ocrx_word' id='word_1_193' title='bbox 143 1918 216 1958; x_wconf 78' lang='lat' dir='ltr'>bus</span> <span class='ocrx_word' id='word_1_194' title='bbox 245 1918 423 1958; x_wconf 73' lang='lat' dir='ltr'>oleribus</span> <span class='ocrx_word' id='word_1_195' title='bbox 460 1919 647 1959; x_wconf 79' lang='lat' dir='ltr'>antistat.</span> <span class='ocrx_word' id='word_1_196' title='bbox 698 1921 807 1959; x_wconf 82' lang='lat' dir='ltr'>Eam</span> <span class='ocrx_word' id='word_1_197' title='bbox 849 1925 931 1960; x_wconf 78' lang='lat' dir='ltr'>esto</span> <span class='ocrx_word' id='word_1_198' title='bbox 963 1921 1028 1960; x_wconf 80' lang='lat' dir='ltr'>vel</span> 
     </span>
     <span class='ocr_line' id='line_1_28' title="bbox 142 1982 1024 2034; baseline 0.002 -13"><span class='ocrx_word' id='word_1_199' title='bbox 142 1986 302 2022; x_wconf 84' lang='lat' dir='ltr'>coctam</span> <span class='ocrx_word' id='word_1_200' title='bbox 320 1982 384 2021; x_wconf 77' lang='lat' dir='ltr'>vel</span> <span class='ocrx_word' id='word_1_201' title='bbox 412 1983 601 2021; x_wconf 81' lang='lat' dir='ltr'>crudam.</span> <span class='ocrx_word' id='word_1_202' title='bbox 656 1982 840 2022; x_wconf 76' lang='lat' dir='ltr'>Cruclczm</span> <span class='ocrx_word' id='word_1_203' title='bbox 860 1984 894 2022; x_wconf 80' lang='lat' dir='ltr'>si</span> <span class='ocrx_word' id='word_1_204' title='bbox 919 1985 1024 2034; x_wconf 63' lang='lat' dir='ltr'>ede-5,</span> 
     </span>
     <span class='ocr_line' id='line_1_29' title="bbox 140 2044 1028 2096; baseline 0.003 -13"><span class='ocrx_word' id='word_1_205' title='bbox 140 2044 186 2083; x_wconf 76' lang='lat' dir='ltr'>in</span> <span class='ocrx_word' id='word_1_206' title='bbox 216 2048 378 2083; x_wconf 78' lang='lat' dir='ltr'>acetum</span> <span class='ocrx_word' id='word_1_207' title='bbox 406 2045 642 2096; x_wconf 69' lang='lat' dir='ltr'>inlinyuico.</span> <span class='ocrx_word' id='word_1_208' title='bbox 669 2070 714 2074; x_wconf 84' lang='lat'>—</span> <span class='ocrx_word' id='word_1_209' title='bbox 732 2047 907 2096; x_wconf 77' lang='lat' dir='ltr'>parcus]</span> <span class='ocrx_word' id='word_1_210' title='bbox 939 2048 1028 2086; x_wconf 88' lang='lat' dir='ltr'>Iro-</span> 
     </span>
     <span class='ocr_line' id='line_1_30' title="bbox 142 2106 1025 2157; baseline 0.003 -11"><span class='ocrx_word' id='word_1_211' title='bbox 142 2107 262 2146; x_wconf 88' lang='lat' dir='ltr'>niam</span> <span class='ocrx_word' id='word_1_212' title='bbox 291 2106 411 2146; x_wconf 88' lang='lat' dir='ltr'>haud</span> <span class='ocrx_word' id='word_1_213' title='bbox 441 2108 618 2157; x_wconf 74' lang='lat' dir='ltr'>agnovit</span> <span class='ocrx_word' id='word_1_214' title='bbox 649 2110 872 2149; x_wconf 88' lang='lat' dir='ltr'>Gesnerus</span> <span class='ocrx_word' id='word_1_215' title='bbox 912 2109 1025 2149; x_wconf 88' lang='lat' dir='ltr'>haec</span> 
     </span>
     <span class='ocr_line' id='line_1_31' title="bbox 142 2168 1027 2211; baseline 0.003 -4"><span class='ocrx_word' id='word_1_216' title='bbox 142 2168 380 2208; x_wconf 88' lang='lat' dir='ltr'>adnotans:</span> <span class='ocrx_word' id='word_1_217' title='bbox 435 2168 686 2208; x_wconf 88' lang='lat' dir='ltr'>«Sordidior</span> <span class='ocrx_word' id='word_1_218' title='bbox 726 2170 808 2209; x_wconf 87' lang='lat' dir='ltr'>erit</span> <span class='ocrx_word' id='word_1_219' title='bbox 846 2171 1027 2211; x_wconf 65' lang='lat' dir='ltr'>Avidie-</span> 
     </span>
     <span class='ocr_line' id='line_1_32' title="bbox 141 2231 1026 2282; baseline 0.005 -13"><span class='ocrx_word' id='word_1_220' title='bbox 141 2242 247 2279; x_wconf 88' lang='lat' dir='ltr'>nus,</span> <span class='ocrx_word' id='word_1_221' title='bbox 295 2231 331 2270; x_wconf 89' lang='lat' dir='ltr'>si</span> <span class='ocrx_word' id='word_1_222' title='bbox 370 2241 473 2269; x_wconf 89' lang='lat' dir='ltr'>cum</span> <span class='ocrx_word' id='word_1_223' title='bbox 510 2231 653 2282; x_wconf 90' lang='lat' dir='ltr'>prima</span> <span class='ocrx_word' id='word_1_224' title='bbox 685 2233 886 2272; x_wconf 89' lang='lat' dir='ltr'>omnium</span> <span class='ocrx_word' id='word_1_225' title='bbox 920 2234 1026 2273; x_wconf 90' lang='lat' dir='ltr'>Edi-</span> 
     </span>
     <span class='ocr_line' id='line_1_33' title="bbox 141 2293 1026 2344; baseline 0.003 -12"><span class='ocrx_word' id='word_1_226' title='bbox 141 2294 296 2332; x_wconf 87' lang='lat' dir='ltr'>tione»</span> <span class='ocrx_word' id='word_1_227' title='bbox 331 2293 579 2343; x_wconf 88' lang='lat' dir='ltr'>(Zarotiana</span> <span class='ocrx_word' id='word_1_228' title='bbox 615 2295 794 2344; x_wconf 85' lang='lat' dir='ltr'>proprie</span> <span class='ocrx_word' id='word_1_229' title='bbox 833 2306 922 2334; x_wconf 91' lang='lat' dir='ltr'>non</span> <span class='ocrx_word' id='word_1_230' title='bbox 958 2297 1026 2335; x_wconf 88' lang='lat' dir='ltr'>est</span> 
     </span>
     <span class='ocr_line' id='line_1_34' title="bbox 140 2354 1023 2407; baseline 0.006 -15"><span class='ocrx_word' id='word_1_231' title='bbox 140 2355 306 2407; x_wconf 76' lang='lat' dir='ltr'>prima3</span> <span class='ocrx_word' id='word_1_232' title='bbox 339 2354 439 2393; x_wconf 63' lang='lat' dir='ltr'>vide</span> <span class='ocrx_word' id='word_1_233' title='bbox 470 2354 837 2407; x_wconf 88' lang='lat' dir='ltr'>Bibliographos.)</span> <span class='ocrx_word' id='word_1_234' title='bbox 871 2355 1023 2407; x_wconf 87' lang='lat' dir='ltr'>«legas</span> 
     </span>
     <span class='ocr_line' id='line_1_35' title="bbox 140 2417 1023 2468; baseline 0.005 -12"><span class='ocrx_word' id='word_1_235' title='bbox 140 2428 223 2456; x_wconf 74' lang='lat' dir='ltr'>non</span> <span class='ocrx_word' id='word_1_236' title='bbox 253 2417 398 2467; x_wconf 64' lang='lat' dir='ltr'>largus</span> <span class='ocrx_word' id='word_1_237' title='bbox 423 2418 552 2466; x_wconf 78' lang='lat' dir='ltr'>aceti,</span> <span class='ocrx_word' id='word_1_238' title='bbox 585 2418 628 2456; x_wconf 88' lang='lat' dir='ltr'>in</span> <span class='ocrx_word' id='word_1_239' title='bbox 660 2428 747 2468; x_wconf 91' lang='lat' dir='ltr'>quo</span> <span class='ocrx_word' id='word_1_240' title='bbox 769 2417 895 2458; x_wconf 88' lang='lat' dir='ltr'>facile</span> <span class='ocrx_word' id='word_1_241' title='bbox 917 2418 1023 2460; x_wconf 90' lang='lat' dir='ltr'>alias</span> 
     </span>
     <span class='ocr_line' id='line_1_36' title="bbox 142 2479 583 2530; baseline -0.002 -11"><span class='ocrx_word' id='word_1_242' title='bbox 142 2482 209 2520; x_wconf 86' lang='lat' dir='ltr'>est</span> <span class='ocrx_word' id='word_1_243' title='bbox 238 2479 410 2530; x_wconf 89' lang='lat' dir='ltr'>largum</span> <span class='ocrx_word' id='word_1_244' title='bbox 441 2490 583 2520; x_wconf 89' lang='lat' dir='ltr'>esse.»</span> 
     </span>
    </p>

    <p class='ocr_par' dir='ltr' id='par_1_14' title="bbox 139 2541 1024 3528">
     <span class='ocr_line' id='line_1_37' title="bbox 197 2541 1021 2594; baseline 0.004 -12"><span class='ocrx_word' id='word_1_245' title='bbox 197 2541 337 2582; x_wconf 81' lang='lat'>64-66.</span> <span class='ocrx_word' id='word_1_246' title='bbox 361 2542 512 2582; x_wconf 77' lang='lat' dir='ltr'>horum</span> <span class='ocrx_word' id='word_1_247' title='bbox 526 2542 687 2594; x_wconf 80' lang='lat' dir='ltr'>Utrum]</span> <span class='ocrx_word' id='word_1_248' title='bbox 709 2543 1021 2585; x_wconf 87' lang='lat' dir='ltr'>«hominemne</span> 
     </span>
     <span class='ocr_line' id='line_1_38' title="bbox 140 2603 1020 2660; baseline 0.005 -17"><span class='ocrx_word' id='word_1_249' title='bbox 140 2603 359 2656; x_wconf 88' lang='lat' dir='ltr'>gulosum,</span> <span class='ocrx_word' id='word_1_250' title='bbox 392 2616 448 2644; x_wconf 89' lang='lat' dir='ltr'>an</span> <span class='ocrx_word' id='word_1_251' title='bbox 479 2604 778 2645; x_wconf 80' lang='lat' dir='ltr'>sordidum‘?»</span> <span class='ocrx_word' id='word_1_252' title='bbox 816 2627 860 2633; x_wconf 95' lang='lat'><strong>—</strong></span> <span class='ocrx_word' id='word_1_253' title='bbox 887 2608 1020 2660; x_wconf 75' lang='lat' dir='ltr'>aiunt]</span> 
     </span>
     <span class='ocr_line' id='line_1_39' title="bbox 140 2665 1024 2720; baseline 0.003 -14"><span class='ocrx_word' id='word_1_254' title='bbox 140 2666 362 2718; x_wconf 85' lang='lat' dir='ltr'>Significat</span> <span class='ocrx_word' id='word_1_255' title='bbox 392 2678 492 2708; x_wconf 88' lang='lat' dir='ltr'>esse</span> <span class='ocrx_word' id='word_1_256' title='bbox 527 2665 800 2708; x_wconf 89' lang='lat' dir='ltr'>locutionem</span> <span class='ocrx_word' id='word_1_257' title='bbox 836 2679 1024 2720; x_wconf 83' lang='lat' dir='ltr'>prover-</span> 
     </span>
     <span class='ocr_line' id='line_1_40' title="bbox 139 2726 1019 2784; baseline 0.005 -16"><span class='ocrx_word' id='word_1_258' title='bbox 139 2728 317 2769; x_wconf 88' lang='lat' dir='ltr'>bialem.</span> <span class='ocrx_word' id='word_1_259' title='bbox 354 2729 437 2780; x_wconf 91' lang='lat' dir='ltr'>(Gr.</span> <span class='ocrx_word' id='word_1_260' title='bbox 460 2726 516 2769; x_wconf 87' lang='grc' dir='ltr'>τὸ</span> <span class='ocrx_word' id='word_1_261' title='bbox 551 2726 848 2783; x_wconf 75' lang='grc' dir='ltr'><em>λεγόμενον.)</em></span> <span class='ocrx_word' id='word_1_262' title='bbox 891 2731 1019 2784; x_wconf 84' lang='lat' dir='ltr'>Apul.</span> 
     </span>
     <span class='ocr_line' id='line_1_41' title="bbox 139 2791 1024 2844; baseline 0.002 -12"><span class='ocrx_word' id='word_1_263' title='bbox 139 2791 315 2832; x_wconf 86' lang='lat' dir='ltr'>Metam.</span> <span class='ocrx_word' id='word_1_264' title='bbox 340 2792 389 2841; x_wconf 74' lang='lat'>2,</span> <span class='ocrx_word' id='word_1_265' title='bbox 422 2792 465 2831; x_wconf 81' lang='lat'>7:</span> <span class='ocrx_word' id='word_1_266' title='bbox 502 2796 563 2842; x_wconf 81' lang='lat' dir='ltr'>et,</span> <span class='ocrx_word' id='word_1_267' title='bbox 597 2793 707 2842; x_wconf 85' lang='lat' dir='ltr'>quod</span> <span class='ocrx_word' id='word_1_268' title='bbox 736 2793 880 2843; x_wconf 75' lang='lat' dir='ltr'>aiunt,</span> <span class='ocrx_word' id='word_1_269' title='bbox 906 2795 1024 2844; x_wconf 82' lang='lat' dir='ltr'>pedi-</span> 
     </span>
     <span class='ocr_line' id='line_1_42' title="bbox 140 2853 1022 2897; baseline 0.006 -5"><span class='ocrx_word' id='word_1_270' title='bbox 140 2853 213 2892; x_wconf 83' lang='lat' dir='ltr'>bus</span> <span class='ocrx_word' id='word_1_271' title='bbox 239 2854 283 2893; x_wconf 79' lang='lat' dir='ltr'>in</span> <span class='ocrx_word' id='word_1_272' title='bbox 306 2855 552 2895; x_wconf 78' lang='lat' dir='ltr'>sententiam</span> <span class='ocrx_word' id='word_1_273' title='bbox 579 2866 717 2895; x_wconf 85' lang='lat' dir='ltr'>meam</span> <span class='ocrx_word' id='word_1_274' title='bbox 744 2857 867 2896; x_wconf 85' lang='lat' dir='ltr'>vado.</span> <span class='ocrx_word' id='word_1_275' title='bbox 910 2855 1022 2897; x_wconf 83' lang='lat' dir='ltr'>Alio-</span> 
     </span>
     <span class='ocr_line' id='line_1_43' title="bbox 139 2917 1020 2970; baseline 0.006 -16"><span class='ocrx_word' id='word_1_276' title='bbox 139 2926 241 2955; x_wconf 89' lang='lat' dir='ltr'>rum</span> <span class='ocrx_word' id='word_1_277' title='bbox 271 2917 390 2967; x_wconf 63' lang='lat' dir='ltr'>angit</span> <span class='ocrx_word' id='word_1_278' title='bbox 418 2919 486 2956; x_wconf 90' lang='lat' dir='ltr'>est</span> <span class='ocrx_word' id='word_1_279' title='bbox 515 2928 639 2957; x_wconf 86' lang='lat' dir='ltr'>mera</span> <span class='ocrx_word' id='word_1_280' title='bbox 669 2918 1020 2970; x_wconf 86' lang='lat' dir='ltr'>interpolatio.—</span> 
     </span>
     <span class='ocr_line' id='line_1_44' title="bbox 139 2977 1024 3032; baseline 0.003 -14"><span class='ocrx_word' id='word_1_281' title='bbox 139 2977 333 3029; x_wconf 73' lang='lat' dir='ltr'>Mundus]</span> <span class='ocrx_word' id='word_1_282' title='bbox 367 2979 534 3019; x_wconf 90' lang='lat' dir='ltr'>«Homo</span> <span class='ocrx_word' id='word_1_283' title='bbox 556 2981 734 3032; x_wconf 90' lang='lat' dir='ltr'>sapiens</span> <span class='ocrx_word' id='word_1_284' title='bbox 762 2983 943 3021; x_wconf 80' lang='lat' dir='ltr'>mundus</span> <span class='ocrx_word' id='word_1_285' title='bbox 961 2983 1024 3021; x_wconf 87' lang='lat' dir='ltr'>at-</span> 
     </span>
     <span class='ocr_line' id='line_1_45' title="bbox 141 3040 1020 3094; baseline 0.006 -15"><span class='ocrx_word' id='word_1_286' title='bbox 141 3050 227 3091; x_wconf 92' lang='lat' dir='ltr'>que</span> <span class='ocrx_word' id='word_1_287' title='bbox 241 3040 405 3091; x_wconf 67' lang='lat' dir='ltr'>elegans</span> <span class='ocrx_word' id='word_1_288' title='bbox 426 3041 554 3091; x_wconf 86' lang='lat' dir='ltr'>(quae</span> <span class='ocrx_word' id='word_1_289' title='bbox 575 3053 699 3082; x_wconf 86' lang='lat' dir='ltr'>vocc.</span> <span class='ocrx_word' id='word_1_290' title='bbox 715 3043 852 3094; x_wconf 84' lang='lat' dir='ltr'>iungit</span> <span class='ocrx_word' id='word_1_291' title='bbox 865 3044 1020 3084; x_wconf 88' lang='lat' dir='ltr'>Cicero</span> 
     </span>
     <span class='ocr_line' id='line_1_46' title="bbox 142 3102 1019 3155; baseline 0.007 -15"><span class='ocrx_word' id='word_1_292' title='bbox 142 3102 197 3141; x_wconf 90' lang='lat' dir='ltr'>de</span> <span class='ocrx_word' id='word_1_293' title='bbox 220 3102 339 3141; x_wconf 89' lang='lat' dir='ltr'>Finn.</span> <span class='ocrx_word' id='word_1_294' title='bbox 364 3103 410 3150; x_wconf 69' lang='lat'>⁶2,</span> <span class='ocrx_word' id='word_1_295' title='bbox 435 3102 483 3151; x_wconf 76' lang='lat'>8,</span> <span class='ocrx_word' id='word_1_296' title='bbox 507 3102 575 3142; x_wconf 62' lang='lat' dir='ltr'>b23.</span> <span class='ocrx_word' id='word_1_297' title='bbox 600 3103 656 3143; x_wconf 85' lang='lat' dir='ltr'>ad</span> <span class='ocrx_word' id='word_1_298' title='bbox 678 3105 796 3144; x_wconf 90' lang='lat' dir='ltr'>Fam.</span> <span class='ocrx_word' id='word_1_299' title='bbox 822 3106 861 3153; x_wconf 84' lang='lat'>9,</span> <span class='ocrx_word' id='word_1_300' title='bbox 885 3106 953 3155; x_wconf 70' lang='lat'>⁶20,</span> <span class='ocrx_word' id='word_1_301' title='bbox 977 3107 1019 3150; x_wconf 68' lang='lat'>2.</span> 
     </span>
     <span class='ocr_line' id='line_1_47' title="bbox 141 3163 1021 3219; baseline 0.007 -16"><span class='ocrx_word' id='word_1_302' title='bbox 141 3165 256 3204; x_wconf 88' lang='lat' dir='ltr'>Orat.</span> <span class='ocrx_word' id='word_1_303' title='bbox 294 3163 372 3213; x_wconf 75' lang='lat'>⁶23,</span> <span class='ocrx_word' id='word_1_304' title='bbox 425 3164 509 3216; x_wconf 84' lang='lat'><strong>79.)</strong></span> <span class='ocrx_word' id='word_1_305' title='bbox 556 3167 637 3205; x_wconf 89' lang='lat' dir='ltr'>erit</span> <span class='ocrx_word' id='word_1_306' title='bbox 672 3169 881 3216; x_wconf 88' lang='lat' dir='ltr'>eatenus,</span> <span class='ocrx_word' id='word_1_307' title='bbox 934 3179 1021 3219; x_wconf 90' lang='lat' dir='ltr'>qua</span> 
     </span>
     <span class='ocr_line' id='line_1_48' title="bbox 142 3227 1021 3278; baseline 0.006 -12"><span class='ocrx_word' id='word_1_308' title='bbox 142 3227 336 3266; x_wconf 67' lang='lat' dir='ltr'>convivis</span> <span class='ocrx_word' id='word_1_309' title='bbox 385 3237 614 3278; x_wconf 86' lang='lat' dir='ltr'>nunquam</span> <span class='ocrx_word' id='word_1_310' title='bbox 658 3229 865 3269; x_wconf 85' lang='lat' dir='ltr'>sordibus</span> <span class='ocrx_word' id='word_1_311' title='bbox 911 3242 1021 3271; x_wconf 84' lang='lat' dir='ltr'>nau-</span> 
     </span>
     <span class='ocr_line' id='line_1_49' title="bbox 141 3288 1019 3338; baseline 0.007 -11"><span class='ocrx_word' id='word_1_312' title='bbox 141 3298 263 3328; x_wconf 87' lang='lat' dir='ltr'>seam</span> <span class='ocrx_word' id='word_1_313' title='bbox 296 3288 446 3336; x_wconf 80' lang='lat' dir='ltr'>faciat3</span> <span class='ocrx_word' id='word_1_314' title='bbox 494 3289 579 3329; x_wconf 90' lang='lat' dir='ltr'>hoc</span> <span class='ocrx_word' id='word_1_315' title='bbox 610 3290 791 3338; x_wconf 80' lang='lat' dir='ltr'>sufficit3</span> <span class='ocrx_word' id='word_1_316' title='bbox 838 3292 1019 3334; x_wconf 86' lang='lat' dir='ltr'>nimiam</span> 
     </span>
     <span class='ocr_line' id='line_1_50' title="bbox 140 3349 1015 3404; baseline 0.005 -15"><span class='ocrx_word' id='word_1_317' title='bbox 140 3349 353 3390; x_wconf 87' lang='lat' dir='ltr'>lautitiam</span> <span class='ocrx_word' id='word_1_318' title='bbox 374 3350 570 3391; x_wconf 84' lang='lat' dir='ltr'>vitabit.»</span> <span class='ocrx_word' id='word_1_319' title='bbox 611 3352 749 3392; x_wconf 86' lang='lat' dir='ltr'>Varro</span> <span class='ocrx_word' id='word_1_320' title='bbox 772 3353 890 3404; x_wconf 88' lang='lat' dir='ltr'>apud</span> <span class='ocrx_word' id='word_1_321' title='bbox 911 3353 1015 3396; x_wconf 87' lang='lat' dir='ltr'>Gell.</span> 
     </span>
     <span class='ocr_line' id='line_1_51' title="bbox 143 3412 1020 3466; baseline 0.006 -15"><span class='ocrx_word' id='word_1_322' title='bbox 143 3412 208 3461; x_wconf 73' lang='lat'>⁴3,</span> <span class='ocrx_word' id='word_1_323' title='bbox 230 3413 272 3452; x_wconf 80' lang='grc' dir='ltr'>Μ</span> <span class='ocrx_word' id='word_1_324' title='bbox 296 3425 303 3451; x_wconf 90' lang='lat'>:</span> <span class='ocrx_word' id='word_1_325' title='bbox 326 3414 551 3453; x_wconf 75' lang='lat' dir='ltr'>Dominum</span> <span class='ocrx_word' id='word_1_326' title='bbox 567 3415 744 3454; x_wconf 78' lang='lat' dir='ltr'>convivii</span> <span class='ocrx_word' id='word_1_327' title='bbox 765 3426 847 3454; x_wconf 84' lang='lat' dir='ltr'>esse</span> <span class='ocrx_word' id='word_1_328' title='bbox 862 3421 1020 3466; x_wconf 76' lang='lat' dir='ltr'>oportet</span> 
     </span>
     <span class='ocr_line' id='line_1_52' title="bbox 141 3475 1016 3528; baseline 0.006 -16"><span class='ocrx_word' id='word_1_329' title='bbox 141 3485 222 3513; x_wconf 78' lang='lat' dir='ltr'>non</span> <span class='ocrx_word' id='word_1_330' title='bbox 261 3478 346 3515; x_wconf 78' lang='lat' dir='ltr'>tam</span> <span class='ocrx_word' id='word_1_331' title='bbox 376 3475 537 3517; x_wconf 80' lang='lat' dir='ltr'>lautum</span> <span class='ocrx_word' id='word_1_332' title='bbox 566 3487 692 3528; x_wconf 78' lang='lat' dir='ltr'>quam</span> <span class='ocrx_word' id='word_1_333' title='bbox 712 3477 799 3518; x_wconf 68' lang='lat' dir='ltr'>sine</span> <span class='ocrx_word' id='word_1_334' title='bbox 816 3477 1016 3517; x_wconf 81' lang='lat' dir='ltr'>sordibus.</span> 
     </span>
    </p>
   </div>
   <div class='ocr_carea' id='block_1_14' title="bbox 1085 1670 1976 3530">
    <p class='ocr_par' dir='ltr' id='par_1_15' title="bbox 1085 1670 1976 3530">
     <span class='ocr_line' id='line_1_53' title="bbox 1091 1670 1974 1722; baseline -0.001 -12"><span class='ocrx_word' id='word_1_335' title='bbox 1091 1675 1205 1710; x_wconf 76' lang='lat' dir='ltr'>tram</span> <span class='ocrx_word' id='word_1_336' title='bbox 1233 1670 1422 1722; x_wconf 78' lang='lat' dir='ltr'>partem]</span> <span class='ocrx_word' id='word_1_337' title='bbox 1465 1682 1645 1721; x_wconf 86' lang='lat' dir='ltr'>«neque</span> <span class='ocrx_word' id='word_1_338' title='bbox 1677 1672 1720 1710; x_wconf 91' lang='lat' dir='ltr'>in</span> <span class='ocrx_word' id='word_1_339' title='bbox 1755 1670 1974 1710; x_wconf 82' lang='lat' dir='ltr'>luxuriam</span> 
     </span>
     <span class='ocr_line' id='line_1_54' title="bbox 1092 1734 1973 1773; baseline -0.001 0"><span class='ocrx_word' id='word_1_340' title='bbox 1092 1745 1176 1773; x_wconf 90' lang='lat' dir='ltr'>nec</span> <span class='ocrx_word' id='word_1_341' title='bbox 1207 1734 1250 1772; x_wconf 90' lang='lat' dir='ltr'>in</span> <span class='ocrx_word' id='word_1_342' title='bbox 1281 1734 1511 1772; x_wconf 84' lang='lat' dir='ltr'>avaritiam</span> <span class='ocrx_word' id='word_1_343' title='bbox 1543 1734 1624 1772; x_wconf 88' lang='lat' dir='ltr'>erit</span> <span class='ocrx_word' id='word_1_344' title='bbox 1662 1734 1788 1773; x_wconf 80' lang='lat' dir='ltr'>miser</span> <span class='ocrx_word' id='word_1_345' title='bbox 1817 1734 1973 1772; x_wconf 75' lang='lat' dir='ltr'>cultus»</span> 
     </span>
     <span class='ocr_line' id='line_1_55' title="bbox 1094 1796 1974 1846; baseline 0 -11"><span class='ocrx_word' id='word_1_346' title='bbox 1094 1796 1317 1846; x_wconf 83' lang='lat' dir='ltr'>(genitiv.),</span> <span class='ocrx_word' id='word_1_347' title='bbox 1366 1796 1410 1834; x_wconf 91' lang='lat' dir='ltr'>id</span> <span class='ocrx_word' id='word_1_348' title='bbox 1442 1797 1530 1844; x_wconf 88' lang='lat' dir='ltr'>est,</span> <span class='ocrx_word' id='word_1_349' title='bbox 1573 1796 1719 1846; x_wconf 88' lang='lat' dir='ltr'>«quod</span> <span class='ocrx_word' id='word_1_350' title='bbox 1750 1796 1804 1836; x_wconf 87' lang='lat' dir='ltr'>ad</span> <span class='ocrx_word' id='word_1_351' title='bbox 1837 1798 1974 1836; x_wconf 86' lang='lat' dir='ltr'>totam</span> 
     </span>
     <span class='ocr_line' id='line_1_56' title="bbox 1091 1858 1972 1905; baseline 0.001 -9"><span class='ocrx_word' id='word_1_352' title='bbox 1091 1859 1206 1897; x_wconf 77' lang='lat' dir='ltr'>vitae</span> <span class='ocrx_word' id='word_1_353' title='bbox 1244 1860 1453 1897; x_wconf 77' lang='lat' dir='ltr'>externae</span> <span class='ocrx_word' id='word_1_354' title='bbox 1498 1858 1719 1898; x_wconf 88' lang='lat' dir='ltr'>rationem</span> <span class='ocrx_word' id='word_1_355' title='bbox 1763 1859 1972 1905; x_wconf 81' lang='lat' dir='ltr'>attinet3»</span> 
     </span>
     <span class='ocr_line' id='line_1_57' title="bbox 1092 1921 1974 1972; baseline 0.002 -13"><span class='ocrx_word' id='word_1_356' title='bbox 1092 1931 1206 1971; x_wconf 86' lang='lat' dir='ltr'>quae</span> <span class='ocrx_word' id='word_1_357' title='bbox 1239 1922 1404 1961; x_wconf 81' lang='lat' dir='ltr'>constr.</span> <span class='ocrx_word' id='word_1_358' title='bbox 1438 1932 1510 1959; x_wconf 81' lang='lat' dir='ltr'>vv.</span> <span class='ocrx_word' id='word_1_359' title='bbox 1540 1921 1646 1972; x_wconf 59' lang='lat' dir='ltr'>felix</span> <span class='ocrx_word' id='word_1_360' title='bbox 1677 1924 1721 1960; x_wconf 88' lang='lat' dir='ltr'>et</span> <span class='ocrx_word' id='word_1_361' title='bbox 1760 1922 1886 1961; x_wconf 75' lang='lat' dir='ltr'>miser</span> <span class='ocrx_word' id='word_1_362' title='bbox 1932 1923 1974 1961; x_wconf 91' lang='lat' dir='ltr'>in</span> 
     </span>
     <span class='ocr_line' id='line_1_58' title="bbox 1093 1981 1972 2035; baseline 0 -13"><span class='ocrx_word' id='word_1_363' title='bbox 1093 1981 1489 2023; x_wconf 78' lang='lat' dir='ltr'>exclamationibus</span> <span class='ocrx_word' id='word_1_364' title='bbox 1564 1985 1742 2035; x_wconf 91' lang='lat' dir='ltr'>proprie</span> <span class='ocrx_word' id='word_1_365' title='bbox 1815 1985 1972 2024; x_wconf 86' lang='lat' dir='ltr'>usitata</span> 
     </span>
     <span class='ocr_line' id='line_1_59' title="bbox 1094 2046 1970 2097; baseline 0.003 -13"><span class='ocrx_word' id='word_1_366' title='bbox 1094 2047 1195 2096; x_wconf 74' lang='lat' dir='ltr'>(Sat.</span> <span class='ocrx_word' id='word_1_367' title='bbox 1219 2047 1256 2095; x_wconf 77' lang='lat' dir='ltr'>l,</span> <span class='ocrx_word' id='word_1_368' title='bbox 1291 2046 1330 2094; x_wconf 88' lang='grc'>9,</span> <span class='ocrx_word' id='word_1_369' title='bbox 1368 2047 1410 2085; x_wconf 77' lang='grc' dir='ltr'><strong><em>Μ</em></strong></span> <span class='ocrx_word' id='word_1_370' title='bbox 1435 2058 1442 2084; x_wconf 90' lang='grc'>;</span> <span class='ocrx_word' id='word_1_371' title='bbox 1477 2047 1633 2086; x_wconf 75' lang='lat' dir='ltr'>cerebri</span> <span class='ocrx_word' id='word_1_372' title='bbox 1652 2047 1835 2097; x_wconf 70' lang='lat' dir='ltr'>felicem]</span> <span class='ocrx_word' id='word_1_373' title='bbox 1865 2049 1970 2087; x_wconf 88' lang='lat' dir='ltr'>Stat.</span> 
     </span>
     <span class='ocr_line' id='line_1_60' title="bbox 1091 2107 1974 2157; baseline 0.001 -11"><span class='ocrx_word' id='word_1_374' title='bbox 1091 2107 1229 2147; x_wconf 85' lang='lat' dir='ltr'>Theb.</span> <span class='ocrx_word' id='word_1_375' title='bbox 1254 2107 1299 2157; x_wconf 72' lang='lat'>4,</span> <span class='ocrx_word' id='word_1_376' title='bbox 1347 2107 1447 2148; x_wconf 73' lang='lat'>403:</span> <span class='ocrx_word' id='word_1_377' title='bbox 1500 2109 1560 2148; x_wconf 79' lang='lat' dir='ltr'>Ah</span> <span class='ocrx_word' id='word_1_378' title='bbox 1602 2110 1743 2148; x_wconf 76' lang='lat' dir='ltr'>miseri</span> <span class='ocrx_word' id='word_1_379' title='bbox 1784 2112 1974 2149; x_wconf 71' lang='lat' dir='ltr'>morum!</span> 
     </span>
     <span class='ocr_line' id='line_1_61' title="bbox 1090 2169 1975 2221; baseline 0.002 -12"><span class='ocrx_word' id='word_1_380' title='bbox 1090 2169 1196 2211; x_wconf 91' lang='lat' dir='ltr'>Plin.</span> <span class='ocrx_word' id='word_1_381' title='bbox 1222 2172 1382 2221; x_wconf 86' lang='lat' dir='ltr'>Paneg.</span> <span class='ocrx_word' id='word_1_382' title='bbox 1412 2171 1486 2220; x_wconf 81' lang='lat'>58,</span> <span class='ocrx_word' id='word_1_383' title='bbox 1533 2173 1580 2211; x_wconf 84' lang='lat'>5:</span> <span class='ocrx_word' id='word_1_384' title='bbox 1625 2172 1798 2212; x_wconf 80' lang='lat' dir='ltr'>miseros</span> <span class='ocrx_word' id='word_1_385' title='bbox 1836 2173 1975 2212; x_wconf 77' lang='lat' dir='ltr'>ambi-</span> 
     </span>
     <span class='ocr_line' id='line_1_62' title="bbox 1091 2232 1976 2284; baseline 0.003 -13"><span class='ocrx_word' id='word_1_386' title='bbox 1091 2232 1264 2284; x_wconf 73' lang='lat' dir='ltr'>tionisl)</span> <span class='ocrx_word' id='word_1_387' title='bbox 1313 2233 1416 2272; x_wconf 90' lang='lat' dir='ltr'>hinc</span> <span class='ocrx_word' id='word_1_388' title='bbox 1446 2234 1619 2274; x_wconf 86' lang='lat' dir='ltr'>transiit</span> <span class='ocrx_word' id='word_1_389' title='bbox 1655 2236 1787 2274; x_wconf 86' lang='lat' dir='ltr'>etiam</span> <span class='ocrx_word' id='word_1_390' title='bbox 1818 2236 1861 2274; x_wconf 91' lang='lat' dir='ltr'>in</span> <span class='ocrx_word' id='word_1_391' title='bbox 1901 2246 1976 2275; x_wconf 90' lang='lat' dir='ltr'>se—</span> 
     </span>
     <span class='ocr_line' id='line_1_63' title="bbox 1091 2294 1975 2336; baseline 0.003 -3"><span class='ocrx_word' id='word_1_392' title='bbox 1091 2294 1241 2334; x_wconf 88' lang='lat' dir='ltr'>datam</span> <span class='ocrx_word' id='word_1_393' title='bbox 1273 2297 1535 2336; x_wconf 89' lang='lat' dir='ltr'>orationem.</span> <span class='ocrx_word' id='word_1_394' title='bbox 1588 2297 1759 2336; x_wconf 90' lang='lat' dir='ltr'>Etenim</span> <span class='ocrx_word' id='word_1_395' title='bbox 1782 2308 1869 2336; x_wconf 89' lang='lat' dir='ltr'>non</span> <span class='ocrx_word' id='word_1_396' title='bbox 1889 2298 1975 2336; x_wconf 89' lang='lat' dir='ltr'>mi—</span> 
     </span>
     <span class='ocr_line' id='line_1_64' title="bbox 1091 2357 1975 2409; baseline 0.003 -14"><span class='ocrx_word' id='word_1_397' title='bbox 1091 2368 1173 2396; x_wconf 92' lang='lat' dir='ltr'>nus</span> <span class='ocrx_word' id='word_1_398' title='bbox 1204 2357 1342 2397; x_wconf 86' lang='lat' dir='ltr'>miser</span> <span class='ocrx_word' id='word_1_399' title='bbox 1372 2359 1460 2406; x_wconf 91' lang='lat' dir='ltr'>est,</span> <span class='ocrx_word' id='word_1_400' title='bbox 1508 2358 1581 2409; x_wconf 88' lang='lat' dir='ltr'>qui</span> <span class='ocrx_word' id='word_1_401' title='bbox 1616 2357 1814 2398; x_wconf 83' lang='lat' dir='ltr'>luxuriae</span> <span class='ocrx_word' id='word_1_402' title='bbox 1847 2359 1975 2398; x_wconf 90' lang='lat' dir='ltr'>dedi—</span> 
     </span>
     <span class='ocr_line' id='line_1_65' title="bbox 1090 2418 1975 2473; baseline 0.003 -16"><span class='ocrx_word' id='word_1_403' title='bbox 1090 2421 1160 2458; x_wconf 88' lang='lat' dir='ltr'>tus</span> <span class='ocrx_word' id='word_1_404' title='bbox 1200 2419 1243 2457; x_wconf 92' lang='lat' dir='ltr'>in</span> <span class='ocrx_word' id='word_1_405' title='bbox 1282 2418 1429 2459; x_wconf 85' lang='lat' dir='ltr'>multis</span> <span class='ocrx_word' id='word_1_406' title='bbox 1465 2421 1509 2459; x_wconf 89' lang='lat' dir='ltr'>et</span> <span class='ocrx_word' id='word_1_407' title='bbox 1552 2419 1751 2460; x_wconf 91' lang='lat' dir='ltr'>molestis</span> <span class='ocrx_word' id='word_1_408' title='bbox 1794 2431 1975 2473; x_wconf 89' lang='lat' dir='ltr'>semper</span> 
     </span>
     <span class='ocr_line' id='line_1_66' title="bbox 1088 2482 1944 2533; baseline 0.006 -14"><span class='ocrx_word' id='word_1_409' title='bbox 1088 2483 1292 2520; x_wconf 83' lang='lat' dir='ltr'>versatur</span> <span class='ocrx_word' id='word_1_410' title='bbox 1340 2482 1546 2532; x_wconf 87' lang='lat' dir='ltr'>negotiis,</span> <span class='ocrx_word' id='word_1_411' title='bbox 1599 2493 1733 2533; x_wconf 89' lang='lat' dir='ltr'>quam</span> <span class='ocrx_word' id='word_1_412' title='bbox 1783 2495 1944 2524; x_wconf 85' lang='lat' dir='ltr'>avarus</span> 
     </span>
     <span class='ocr_line' id='line_1_67' title="bbox 1091 2542 1975 2596; baseline 0.006 -15"><span class='ocrx_word' id='word_1_413' title='bbox 1091 2543 1165 2593; x_wconf 86' lang='lat' dir='ltr'>qui</span> <span class='ocrx_word' id='word_1_414' title='bbox 1196 2542 1375 2583; x_wconf 90' lang='lat' dir='ltr'>sibimet</span> <span class='ocrx_word' id='word_1_415' title='bbox 1406 2545 1489 2596; x_wconf 90' lang='lat' dir='ltr'>ipsi</span> <span class='ocrx_word' id='word_1_416' title='bbox 1520 2545 1668 2584; x_wconf 89' lang='lat' dir='ltr'>omnia</span> <span class='ocrx_word' id='word_1_417' title='bbox 1698 2546 1812 2585; x_wconf 66' lang='lat' dir='ltr'>vitae</span> <span class='ocrx_word' id='word_1_418' title='bbox 1846 2557 1975 2586; x_wconf 45' lang='lat' dir='ltr'>com*</span> 
     </span>
     <span class='ocr_line' id='line_1_68' title="bbox 1089 2605 1974 2658; baseline 0.003 -13"><span class='ocrx_word' id='word_1_419' title='bbox 1089 2605 1223 2645; x_wconf 87' lang='lat' dir='ltr'>moda</span> <span class='ocrx_word' id='word_1_420' title='bbox 1253 2606 1459 2657; x_wconf 80' lang='lat' dir='ltr'>denegat.</span> <span class='ocrx_word' id='word_1_421' title='bbox 1506 2606 1586 2646; x_wconf 82' lang='lat' dir='ltr'>Alii</span> <span class='ocrx_word' id='word_1_422' title='bbox 1610 2608 1793 2658; x_wconf 89' lang='lat' dir='ltr'>iungunt</span> <span class='ocrx_word' id='word_1_423' title='bbox 1814 2609 1856 2647; x_wconf 73' lang='lat' dir='ltr'>in</span> <span class='ocrx_word' id='word_1_424' title='bbox 1876 2620 1974 2648; x_wconf 75' lang='lat' dir='ltr'>neu—</span> 
     </span>
     <span class='ocr_line' id='line_1_69' title="bbox 1088 2669 1973 2721; baseline 0.002 -13"><span class='ocrx_word' id='word_1_425' title='bbox 1088 2672 1202 2708; x_wconf 78' lang='lat' dir='ltr'>tram</span> <span class='ocrx_word' id='word_1_426' title='bbox 1225 2673 1394 2719; x_wconf 81' lang='lat' dir='ltr'>partem</span> <span class='ocrx_word' id='word_1_427' title='bbox 1423 2669 1580 2719; x_wconf 61' lang='lat' dir='ltr'>cultim,</span> <span class='ocrx_word' id='word_1_428' title='bbox 1616 2672 1659 2709; x_wconf 90' lang='lat' dir='ltr'>et</span> <span class='ocrx_word' id='word_1_429' title='bbox 1686 2671 1813 2710; x_wconf 82' lang='lat' dir='ltr'>miser</span> <span class='ocrx_word' id='word_1_430' title='bbox 1834 2669 1973 2721; x_wconf 85' lang='lat' dir='ltr'>expli—</span> 
     </span>
     <span class='ocr_line' id='line_1_70' title="bbox 1089 2732 1974 2785; baseline 0.002 -15"><span class='ocrx_word' id='word_1_431' title='bbox 1089 2733 1192 2771; x_wconf 86' lang='lat' dir='ltr'>cant</span> <span class='ocrx_word' id='word_1_432' title='bbox 1223 2732 1461 2782; x_wconf 88' lang='lat' dir='ltr'>«nimius‚»</span> <span class='ocrx_word' id='word_1_433' title='bbox 1502 2733 1584 2773; x_wconf 88' lang='lat' dir='ltr'>sed</span> <span class='ocrx_word' id='word_1_434' title='bbox 1614 2733 1729 2773; x_wconf 88' lang='lat' dir='ltr'>hanc</span> <span class='ocrx_word' id='word_1_435' title='bbox 1759 2733 1974 2785; x_wconf 85' lang='lat' dir='ltr'>significa-</span> 
     </span>
     <span class='ocr_line' id='line_1_71' title="bbox 1088 2794 1975 2847; baseline 0.001 -14"><span class='ocrx_word' id='word_1_436' title='bbox 1088 2795 1280 2843; x_wconf 90' lang='lat' dir='ltr'>tionem,</span> <span class='ocrx_word' id='word_1_437' title='bbox 1332 2805 1468 2845; x_wconf 88' lang='lat' dir='ltr'>quam</span> <span class='ocrx_word' id='word_1_438' title='bbox 1518 2795 1763 2836; x_wconf 85' lang='lat' dir='ltr'>defendunt</span> <span class='ocrx_word' id='word_1_439' title='bbox 1809 2794 1975 2847; x_wconf 79' lang='lat' dir='ltr'>Virgilii</span> 
     </span>
     <span class='ocr_line' id='line_1_72' title="bbox 1091 2855 1963 2908; baseline 0.003 -13"><span class='ocrx_word' id='word_1_440' title='bbox 1091 2855 1212 2906; x_wconf 85' lang='lat' dir='ltr'>(Aen.</span> <span class='ocrx_word' id='word_1_441' title='bbox 1238 2857 1283 2905; x_wconf 83' lang='lat'>5,</span> <span class='ocrx_word' id='word_1_442' title='bbox 1308 2857 1418 2907; x_wconf 80' lang='lat'>655.)</span> <span class='ocrx_word' id='word_1_443' title='bbox 1441 2857 1593 2897; x_wconf 81' lang='lat' dir='ltr'>misero</span> <span class='ocrx_word' id='word_1_444' title='bbox 1614 2869 1777 2908; x_wconf 73' lang='lat' dir='ltr'>amore,</span> <span class='ocrx_word' id='word_1_445' title='bbox 1811 2859 1875 2898; x_wconf 89' lang='lat' dir='ltr'>sic</span> <span class='ocrx_word' id='word_1_446' title='bbox 1896 2858 1963 2898; x_wconf 90' lang='lat' dir='ltr'>ab·</span> 
     </span>
     <span class='ocr_line' id='line_1_73' title="bbox 1088 2917 1971 2972; baseline 0.002 -13"><span class='ocrx_word' id='word_1_447' title='bbox 1088 2917 1230 2959; x_wconf 90' lang='lat' dir='ltr'>solute</span> <span class='ocrx_word' id='word_1_448' title='bbox 1282 2920 1462 2959; x_wconf 88' lang='lat' dir='ltr'>Horatio</span> <span class='ocrx_word' id='word_1_449' title='bbox 1514 2919 1648 2960; x_wconf 85' lang='lat' dir='ltr'>tribui</span> <span class='ocrx_word' id='word_1_450' title='bbox 1700 2931 1834 2972; x_wconf 90' lang='lat' dir='ltr'>posse</span> <span class='ocrx_word' id='word_1_451' title='bbox 1884 2932 1971 2961; x_wconf 91' lang='lat' dir='ltr'>non</span> 
     </span>
     <span class='ocr_line' id='line_1_74' title="bbox 1089 2980 1972 3034; baseline 0.005 -15"><span class='ocrx_word' id='word_1_452' title='bbox 1089 2980 1295 3021; x_wconf 88' lang='lat' dir='ltr'>arbitror.</span> <span class='ocrx_word' id='word_1_453' title='bbox 1362 2984 1600 3022; x_wconf 86' lang='lat' dir='ltr'>Praeterea</span> <span class='ocrx_word' id='word_1_454' title='bbox 1646 2993 1831 3023; x_wconf 89' lang='lat' dir='ltr'>caesura</span> <span class='ocrx_word' id='word_1_455' title='bbox 1878 2984 1972 3034; x_wconf 88' lang='lat' dir='ltr'>ipsa</span> 
     </span>
     <span class='ocr_line' id='line_1_75' title="bbox 1089 3043 1973 3095; baseline 0.001 -12"><span class='ocrx_word' id='word_1_456' title='bbox 1089 3043 1368 3084; x_wconf 84' lang='lat' dir='ltr'>demonstrat</span> <span class='ocrx_word' id='word_1_457' title='bbox 1396 3045 1618 3095; x_wconf 87' lang='lat' dir='ltr'>iungenda</span> <span class='ocrx_word' id='word_1_458' title='bbox 1650 3056 1749 3086; x_wconf 89' lang='lat' dir='ltr'>esse</span> <span class='ocrx_word' id='word_1_459' title='bbox 1780 3057 1851 3085; x_wconf 88' lang='lat' dir='ltr'>vv.</span> <span class='ocrx_word' id='word_1_460' title='bbox 1882 3046 1973 3084; x_wconf 83' lang='lat' dir='ltr'>cul-</span> 
     </span>
     <span class='ocr_line' id='line_1_76' title="bbox 1087 3106 1968 3158; baseline 0 -13"><span class='ocrx_word' id='word_1_461' title='bbox 1087 3109 1152 3145; x_wconf 73' lang='lat' dir='ltr'>ms</span> <span class='ocrx_word' id='word_1_462' title='bbox 1171 3107 1309 3146; x_wconf 79' lang='lat' dir='ltr'>miser.</span> <span class='ocrx_word' id='word_1_463' title='bbox 1351 3106 1511 3158; x_wconf 77' lang='lat' dir='ltr'>(Cultus</span> <span class='ocrx_word' id='word_1_464' title='bbox 1533 3109 1601 3147; x_wconf 88' lang='lat' dir='ltr'>est</span> <span class='ocrx_word' id='word_1_465' title='bbox 1621 3119 1720 3147; x_wconf 84' lang='lat' dir='ltr'>voc.</span> <span class='ocrx_word' id='word_1_466' title='bbox 1745 3108 1943 3148; x_wconf 89' lang='lat' dir='ltr'>medium</span> <span class='ocrx_word' id='word_1_467' title='bbox 1962 3120 1968 3145; x_wconf 89' lang='lat'>:</span> 
     </span>
     <span class='ocr_line' id='line_1_77' title="bbox 1088 3169 1968 3222; baseline 0.003 -17"><span class='ocrx_word' id='word_1_468' title='bbox 1088 3169 1204 3208; x_wconf 86' lang='lat' dir='ltr'>«tota</span> <span class='ocrx_word' id='word_1_469' title='bbox 1242 3169 1419 3209; x_wconf 88' lang='lat' dir='ltr'>vivendi</span> <span class='ocrx_word' id='word_1_470' title='bbox 1457 3170 1591 3219; x_wconf 87' lang='lat' dir='ltr'>ratio,</span> <span class='ocrx_word' id='word_1_471' title='bbox 1635 3170 1727 3210; x_wconf 90' lang='lat' dir='ltr'>sive</span> <span class='ocrx_word' id='word_1_472' title='bbox 1768 3170 1968 3222; x_wconf 86' lang='lat' dir='ltr'>parcior,</span> 
     </span>
     <span class='ocr_line' id='line_1_78' title="bbox 1086 3230 1972 3283; baseline -0.002 -12"><span class='ocrx_word' id='word_1_473' title='bbox 1086 3231 1178 3271; x_wconf 75' lang='lat' dir='ltr'>sive</span> <span class='ocrx_word' id='word_1_474' title='bbox 1209 3230 1328 3271; x_wconf 81' lang='lat' dir='ltr'>luxui</span> <span class='ocrx_word' id='word_1_475' title='bbox 1358 3232 1541 3283; x_wconf 90' lang='lat' dir='ltr'>propior</span> <span class='ocrx_word' id='word_1_476' title='bbox 1571 3233 1681 3272; x_wconf 88' lang='lat' dir='ltr'>est.»</span> <span class='ocrx_word' id='word_1_477' title='bbox 1728 3231 1850 3271; x_wconf 90' lang='lat' dir='ltr'>Illam</span> <span class='ocrx_word' id='word_1_478' title='bbox 1869 3242 1972 3282; x_wconf 91' lang='lat' dir='ltr'>par-</span> 
     </span>
     <span class='ocr_line' id='line_1_79' title="bbox 1087 3293 1971 3334; baseline -0.001 -2"><span class='ocrx_word' id='word_1_479' title='bbox 1087 3293 1257 3333; x_wconf 88' lang='lat' dir='ltr'>ciorem</span> <span class='ocrx_word' id='word_1_480' title='bbox 1313 3296 1465 3334; x_wconf 87' lang='lat' dir='ltr'>autem</span> <span class='ocrx_word' id='word_1_481' title='bbox 1512 3296 1644 3334; x_wconf 83' lang='lat' dir='ltr'>vocat</span> <span class='ocrx_word' id='word_1_482' title='bbox 1691 3294 1971 3334; x_wconf 73' lang='lat' dir='ltr'>neeessariam</span> 
     </span>
     <span class='ocr_line' id='line_1_80' title="bbox 1085 3353 1969 3408; baseline -0.002 -14"><span class='ocrx_word' id='word_1_483' title='bbox 1085 3355 1241 3395; x_wconf 77' lang='lat' dir='ltr'>cultum</span> <span class='ocrx_word' id='word_1_484' title='bbox 1271 3354 1452 3396; x_wconf 86' lang='lat' dir='ltr'>Rutilius</span> <span class='ocrx_word' id='word_1_485' title='bbox 1494 3357 1643 3408; x_wconf 89' lang='lat' dir='ltr'>Lupus</span> <span class='ocrx_word' id='word_1_486' title='bbox 1674 3357 1721 3405; x_wconf 71' lang='lat'>2,</span> <span class='ocrx_word' id='word_1_487' title='bbox 1765 3356 1850 3404; x_wconf 59' lang='lat'>46„</span> <span class='ocrx_word' id='word_1_488' title='bbox 1893 3353 1969 3393; x_wconf 92' lang='lat' dir='ltr'>ubi</span> 
     </span>
     <span class='ocr_line' id='line_1_81' title="bbox 1086 3417 1971 3467; baseline -0.002 -11"><span class='ocrx_word' id='word_1_489' title='bbox 1086 3427 1195 3457; x_wconf 87' lang='lat' dir='ltr'>cave</span> <span class='ocrx_word' id='word_1_490' title='bbox 1227 3428 1329 3458; x_wconf 87' lang='lat' dir='ltr'>cum</span> <span class='ocrx_word' id='word_1_491' title='bbox 1360 3417 1538 3458; x_wconf 81' lang='lat' dir='ltr'>Iacobio</span> <span class='ocrx_word' id='word_1_492' title='bbox 1571 3418 1625 3457; x_wconf 86' lang='lat' dir='ltr'>de</span> <span class='ocrx_word' id='word_1_493' title='bbox 1657 3427 1870 3467; x_wconf 71' lang='lat' dir='ltr'>oxymoro</span> <span class='ocrx_word' id='word_1_494' title='bbox 1894 3426 1971 3455; x_wconf 92' lang='lat' dir='ltr'>co-</span> 
     </span>
     <span class='ocr_line' id='line_1_82' title="bbox 1085 3479 1226 3530; baseline 0.014 -13"><span class='ocrx_word' id='word_1_495' title='bbox 1085 3479 1226 3530; x_wconf 76' lang='lat' dir='ltr'>gites.)</span> 
     </span>
    </p>
   </div>
  </div>
 </body>
</html>
