2231 3787
258 237 358 288 768

327 369 471 419 Ilaec
509 364 706 436 placuit
745 362 939 425 semel,
980 362 1114 416 haec
1154 363 1336 415 decies
1377 360 1601 430 repetita
1639 358 1883 430 placebit.

1054 235 1265 275 HORATll

1966 359 2067 411 365

328 469 374 522 Ο
415 467 584 520 maior
623 467 898 523 iuvenum,
946 463 1191 533 quamvis
1230 471 1283 514 et
1320 478 1453 514 voce
1493 470 1716 531 paterna

330 572 365 622 F
372 568 566 639 ingeris
605 566 670 619 ad
711 574 916 619 rectum
955 572 1008 616 et
1045 579 1143 632 per
1182 569 1230 615 te
1271 562 1440 633 sapiS,
1483 561 1585 615 hoc
1624 560 1716 613 tihi
1756 560 1956 614 dictum

330 669 473 723 Tolle
514 684 740 726 memor,
782 665 942 719 certis
981 662 1217 716 medium
1258 671 1311 716 et
1348 661 1625 716 tolerabile
1665 661 1830 715 rebus

332 773 492 825 Recte
532 767 772 821 concedi.

851 763 1136 818 Consultus
1175 763 1306 816 iuris
1347 772 1398 816 et
1436 772 1582 817 actor

333 873 626 925 Causarum
666 866 954 921 mediocris
994 865 1146 918 abest
1183 865 1375 917 virtute
1413 864 1596 917 diserti
1974 865 2076 917 370

331 970 607 1026 Messallae
646 986 746 1023 nec
786 968 885 1022 scit
922 975 1178 1038 quantum
1220 964 1512 1020 Cascellius
1551 964 1742 1027 AuluS,

370 1162 465 1201 365.
498 1160 655 1200 deciens
684 1160 730 1198 B.
769 1180 812 1185 —
845 1157 939 1197 369.
972 1156 1149 1196 concedi.
1182 1156 1235 1194 Et
1263 1155 1471 1195 consultus
1499 1155 1650 1195 Lamb.
1689 1179 1732 1184 -
1766 1159 1914 1194 auctor
1942 1156 2020 1206 Bp.

322 1249 363 1253 -
397 1225 490 1264 370.
524 1222 671 1262 deserti
700 1222 746 1260 B.
775 1242 818 1247 —
852 1219 945 1259 374.
978 1229 1050 1258 nec
1079 1218 1166 1268 scit]
1197 1219 1323 1257 nescit
1351 1217 1520 1269 BTcdp⁷
1546 1219 1590 1257 L.
1629 1241 1671 1246 —
1705 1218 1951 1266 qaascellias
1980 1230 2018 1267 c,

317 1287 529 1328 Cascellius
556 1286 613 1333 B,
648 1283 863 1324 Cassellius
893 1281 944 1330 d,
982 1282 1028 1321 C.
1067 1302 1109 1308 —
1145 1291 1272 1320 ausas
1301 1281 1347 1319 B.

317 1466 550 1507 366-373.
597 1466 628 1505 O
666 1463 817 1515 maior]
870 1464 947 1502 «L.
985 1462 1136 1502 Piso.»

262 1533 391 1569 Aeno.
438 1529 567 1568 Facta
599 1527 823 1567 mentione
854 1525 1002 1576 poesis
1026 1525 1135 1571 eius,

263 1602 376 1642 quae
421 1593 602 1642 propter
649 1588 967 1640 perfectionem
1012 1586 1141 1625 decies

262 1654 436 1703 repetita
453 1652 650 1702 placebit,
684 1650 910 1701 aptissime
932 1650 1139 1688 iuvenem

263 1717 457 1755 amicum
487 1725 539 1754 ac
570 1711 723 1760 simul,
756 1714 805 1751 ut
834 1710 882 1750 fit
911 1709 1071 1750 talibus
1097 1711 1140 1749 in

263 1776 622 1823 allocutionibus,
668 1783 1038 1824 unumquemque
1076 1771 1141 1812 le-

263 1840 438 1874 ctorum
468 1835 674 1872 obsecrat
700 1835 1053 1880 obtestaturque,
1086 1845 1141 1872 ne

265 1900 309 1936 et.
353 1896 436 1935 hac
481 1896 573 1946 ipsa
623 1893 810 1933 fortasse
860 1893 1142 1931 excusatione

264 1960 364 2007 erit,
409 1969 518 2007 qaae
546 1979 567 1985 -
589 1978 611 1984 -
637 1978 660 1984 -
690 1956 908 1995 obscuram
948 1954 1144 1994 abutenti

266 2021 322 2061 ad
352 2020 708 2061 mediocritatem
736 2017 959 2068 quandam
991 2028 1146 2068 perve—

266 2086 360 2124 nire
391 2082 604 2127 sufficiam
647 2078 751 2119 nihil
782 2080 898 2119 enim
931 2079 1146 2118 mediocri

265 2148 398 2198 poeta
428 2155 527 2184 esse
559 2140 879 2183 detestabilius.
920 2142 1031 2180 Hinc
1064 2152 1145 2192 po-

266 2209 489 2249 tissimum
519 2204 729 2257 epistolae
763 2201 1049 2261 χαρακτῆρα
1078 2215 1147 2242 re-

267 2271 414 2311 sumit.
457 2292 501 2296 —
533 2266 751 2318 iuvenum]
783 2266 826 2306 id
858 2268 946 2314 est,
995 2281 1014 2301 «
1034 2264 1146 2305 filio-

266 2344 409 2372 rum.»
458 2332 551 2378 Quo
582 2331 625 2369 in
651 2328 869 2369 vocabulo
891 2328 1051 2369 frustra
1073 2340 1145 2367 ar-

267 2397 442 2446 gutatur
463 2394 512 2432 H.
538 2392 593 2432 de
614 2392 758 2432 Bosch
779 2390 952 2431 Anthol.
978 2392 1048 2430 Gr.
1071 2391 1141 2430 IV.

266 2469 309 2509 p.
336 2456 428 2497 447.
461 2457 523 2495 Tu
554 2454 608 2494 cf.
632 2466 672 2493 v.
698 2453 773 2494 ⁶24:
810 2458 936 2503 pater
964 2457 1001 2492 et
1029 2453 1145 2492 iure-

267 2531 338 2559 nes
362 2523 486 2568 patre
516 2517 645 2568 digni.
673 2538 719 2544 —
748 2516 852 2556 Tolle
870 2515 1041 2566 memor]
1065 2516 1143 2554 Ex—

269 2580 420 2621 cidunt
463 2578 659 2629 loquenti
698 2577 865 2626 verba,
914 2578 989 2629 qui
1020 2588 1071 2617 ea
1102 2578 1144 2617 In

267 2644 467 2682 mentem
498 2651 623 2681 suam
658 2640 838 2691 recipit,
878 2639 1014 2679 veluti
1044 2640 1148 2678 tollit

270 2706 630 2758 (aufnehmen,
664 2703 978 2754 aufheben).
1019 2702 1142 2743 Conf.

270 2767 387 2807 Wolf
413 2767 697 2806 Analecten
726 2766 757 2804 1.
784 2776 881 2816 pag.
910 2765 1001 2804 491.
1025 2765 1142 2815 Virg.

271 2834 377 2869 Aen.
403 2829 442 2875 6,
468 2828 568 2867 377:
604 2838 705 2877 cape
725 2828 835 2866 dicta
854 2838 1024 2866 memor.
1059 2825 1142 2866 Sal.

272 2894 360 2941 lug.
389 2892 484 2928 1102:
518 2890 592 2928 hoc
612 2890 653 2928 in
671 2894 813 2939 pectus
833 2893 948 2928 tau-m
968 2889 1143 2928 demitte.

275 2976 319 2981 —-
352 2951 486 3000 certis]
521 2951 864 3001 «quibusdam,»
897 2962 1005 2990 non:
1041 2950 1147 2990 «de-

272 3014 427 3060 finitis,
453 3013 870 3063 abyeqranzte.»
905 3014 996 3053 Hoc
1018 3013 1143 3052 dicit:

273 3078 345 3115 «In
379 3074 616 3126 disciplinis
648 3077 690 3115 et
720 3074 886 3114 artibus
914 3075 1010 3115 usui
1031 3076 1146 3114 vitae

273 3137 553 3189 quotidianae
599 3135 826 3175 destinatis
863 3135 1148 3176 mediocritas

273 3197 513 3239 tolerabilis
545 3201 632 3245 est,
679 3199 941 3249 praesertim
971 3197 1048 3237 ubi
1077 3209 1150 3237 ar-

275 3263 556 3311 gumentum,
591 3260 710 3310 quod
745 3261 935 3300 tractare
967 3259 1145 3307 debent,

274 3323 418 3373 ipsum
450 3321 624 3361 tenuius
664 3324 753 3361 est:
801 3321 864 3361 sic
895 3321 935 3360 in
967 3322 1150 3361 minoris

274 3384 487 3423 momenti
517 3381 664 3422 litibus
703 3386 746 3423 et
775 3384 902 3423 ICtus
933 3385 976 3423 et
1006 3384 1151 3423 causi-

276 3445 399 3485 dicus
446 3444 682 3486 mediocris
723 3448 766 3486 et
794 3446 968 3501 petitori
999 3447 1043 3486 et
1072 3456 1149 3486 reo

1203 1460 1405 1501 sufficiet.
1453 1459 1588 1500 Aliter
1624 1471 1732 1500 vero
1762 1471 1834 1501 res
1865 1471 1914 1501 se
1944 1459 2082 1501 habet

1203 1525 1246 1564 in
1278 1523 1470 1571 artibus,
1513 1534 1627 1574 quae
1658 1522 1894 1574 pulchrum
1921 1534 2004 1574 per
2032 1533 2080 1564 se

1204 1588 1350 1638 ipsum
1392 1586 1549 1625 imitari
1583 1585 1764 1625 student
1793 1587 1838 1624 et
1865 1586 1909 1624 in
1938 1583 2084 1635 quibus

1204 1660 1287 1688 non
1315 1648 1474 1687 utilitas
1502 1648 1724 1697 quaeritur
1743 1648 1992 1697 necessaria,
2014 1648 2084 1687 sed

1205 1711 1336 1750 animi
1357 1710 1488 1749 libera
1509 1710 1716 1759 quaedam
1736 1709 1949 1749 oblectatio
1973 1710 2079 1761 (Cic.

1207 1773 1261 1812 de
1294 1773 1364 1811 Or.
1401 1773 1446 1821 4,
1479 1772 1554 1820 26,
1590 1772 1724 1822 ⁴⁴8),
1774 1772 1817 1811 in
1851 1773 2001 1823 poesi,
2040 1773 2084 1812 in

1206 1834 1468 1874 histrionum
1500 1836 1616 1882 arte,
1649 1834 1692 1873 in
1715 1834 1884 1885 pictura
1906 1837 1950 1874 et
1970 1832 2086 1874 scul-

1207 1896 1357 1944 ptura,
1404 1895 1480 1932 ubi
1509 1906 1738 1945 nunquam
1773 1897 1815 1935 in
1846 1886 2088 1936 mediocri-⁴

1207 1956 1295 1994 tate
1327 1956 1680 2006 adquiescimus,
1714 1948 1794 1997 se'd
1818 1959 1969 1998 nostro
1989 1959 2084 1998 iure

1207 2017 1526 2068 perfectionem
1557 2019 1826 2070 poscimus.»
1852 2043 1897 2048 —-
1918 2021 2088 2062 Messal-

1207 2080 1285 2132 lae]
1317 2079 1500 2120 Duabus
1520 2082 1551 2120 L
1573 2082 1658 2121 hoc
1689 2092 1853 2122 nomen
1878 2082 2087 2123 scribitur

1208 2144 1251 2183 in
1289 2144 1426 2183 Fastis
1463 2142 1716 2194 Capitolinis
1757 2144 1874 2185 Cons.
1911 2156 1950 2185 a.
1988 2145 2083 2186 490.

1209 2206 1302 2246 501.
1328 2206 1421 2244 527.
1446 2206 1540 2245 565.
1564 2206 1657 2246 592.
1679 2207 1772 2246 599.
1809 2208 2019 2258 Triumph.
2043 2219 2083 2249 a.

1210 2267 1304 2308 490.
1343 2268 1466 2315 726.;
1511 2279 1597 2307 una
1640 2269 1680 2307 in
1711 2267 1834 2308 titulo
1863 2271 2087 2312 Bonnensi

1210 2330 1311 2370 anni
1341 2332 1442 2381 post
1473 2330 1574 2370 Chr.
1598 2329 1693 2370 244.
1714 2331 1756 2370 in
1786 2333 1953 2372 Lersch
1982 2333 2087 2374 Cen-

1209 2393 1479 2432 tralmuseum
1505 2394 1536 2432 I.
1567 2404 1611 2444 p.
1640 2392 1679 2433 4.
1738 2394 1813 2434 Est
1849 2396 1979 2436 notus
2016 2395 2086 2436 ille

1210 2456 1263 2495 M.
1290 2453 1486 2495 Valerius
1517 2454 1719 2495 Messalla
1750 2457 1992 2507 Corvinus,
2023 2459 2089 2498 Ti-

1209 2516 1314 2557 bulli
1346 2517 1502 2557 fautor.
1543 2517 1639 2557 Vid.
1663 2521 1975 2569 argumentum
2005 2520 2086 2560 Od.

1210 2580 1249 2626 3,
1273 2580 1340 2619 24.
1388 2581 1556 2619 Seneca
1589 2580 1795 2620 Controv.
1818 2581 1865 2630 2,
1890 2582 1961 2621 42:
1992 2582 2089 2622 Fuit

1208 2642 1406 2683 Messalla
1433 2642 1686 2681 exactissimi
1714 2643 1869 2694 inqenii
1888 2644 1932 2682 in
1951 2655 2090 2685 omnes

1211 2705 1375 2754 quidem
1393 2703 1628 2743 studiorum
1648 2707 1818 2753 partes,
1849 2705 1990 2744 Latini
2008 2707 2090 2746 uti-

1211 2776 1289 2816 que
1316 2765 1517 2806 sermonis
1554 2764 1794 2805 observator
1823 2766 2089 2818 diliyentissi-

1208 2839 1315 2868 mus.
1346 2849 1366 2856 -
1378 2848 1397 2856 —
1414 2828 1544 2867 Latro
1562 2849 1581 2855 -
1598 2849 1617 2855 -
1629 2838 1712 2877 pro
1731 2828 1962 2876 Pythodoro
1983 2831 2089 2870 Mes-

1209 2890 1339 2930 sallae
1354 2889 1584 2929 orationem
1604 2889 2003 2931 disertissimam
2022 2903 2088 2932 re-

1210 2951 1366 2991 citavit.
1395 2971 1438 2978 —
1462 2951 1511 2991 A.
1537 2951 1778 3001 Cascellius,
1816 2951 2087 2994 clarissimus

1213 3013 1361 3062 lCtus,
1393 3012 1528 3052 homo
1560 3012 1687 3052 dicax
1717 3023 1770 3052 ac
1799 3013 1968 3055 facetus
1989 3016 2090 3063 (Ma-

1213 3074 1336 3115 crob.
1371 3075 1544 3114 Saturn.
1568 3075 1617 3124 2,
1648 3074 1704 3125 6.)
1736 3076 1779 3115 et
1808 3075 1952 3116 clarus
1980 3077 2091 3116 Bene

1213 3139 1418 3177 dictorum
1445 3136 1581 3185 libro,
1619 3147 1726 3177 sane
1757 3137 2090 3189 distinguendus

1213 3199 1268 3239 ab
1301 3210 1376 3248 e0,
1424 3200 1496 3250 qui
1536 3210 1559 3238 a
1591 3199 1804 3239 Cicerone
1844 3210 1926 3251 pro
1953 3197 2089 3239 Balbo

1213 3263 1287 3309 ⁶20,
1320 3260 1386 3301 45.
1422 3263 1466 3300 et
1495 3259 1585 3300 Val.
1619 3261 1731 3301 Max.
1755 3261 1801 3310 8,
1835 3261 1903 3310 42,
1929 3262 1967 3300 4.
1992 3271 2091 3300 me-

1214 3324 1434 3370 moratur,
1468 3333 1604 3372 quem
1634 3333 1673 3361 a.
1697 3333 1741 3362 u.
1765 3333 1804 3362 c.
1829 3321 1923 3362 634.
1948 3332 2090 3372 quae-

1215 3387 1381 3425 storem
1432 3383 1566 3424 fuisse
1612 3384 1814 3436 opinatus
1858 3384 1926 3423 est
1966 3383 2087 3434 Pigh.

1213 3448 1323 3486 Ann.
1349 3445 1388 3486 3.
1412 3456 1455 3497 p.
1479 3446 1544 3485 77.
1579 3445 1743 3486 Horatii
1764 3443 2003 3486 Cascellius
2024 3444 2092 3484 vir
