2231 3787
770 275 866 313 ΗΒ.
902 266 935 313 1.·

993 274 1154 313 El'ls'l'.
1191 274 1275 312 Vll.

1859 269 1961 320 4553

199 408 307 459 Nec
345 413 521 459 tamen
564 406 790 476 ignorat,
835 403 966 476 quid
1006 403 1203 457 distent
1241 419 1368 455 aera
1408 402 1628 473 lupinis:

200 509 427 578 Dignum
467 507 753 579 praestabo
794 524 878 560 me
920 506 1079 560 etiam
1119 522 1216 576 pro
1257 503 1415 558 laude
1463 504 1731 558 merentis.

187 718 307 753 ratus
336 712 383 761 β,
419 713 645 752 Charisius

677 711 720 760 Ji,
756 713 795 759 ⁶2,
833 713 867 751 l.
903 712 1080 751 Servius
1112 710 1167 750 ad
1199 710 1315 761 Virg.
1347 711 1455 749 Aen.
1480 710 1519 756 ¹2,
1553 708 1663 758 377.)
1701 732 1740 736 u
1768 720 1907 759 para-

187 775 284 816 tas?
303 797 323 804 -
349 797 371 803 -
391 774 575 824 lupinis?
606 773 844 814 Bentleius.
885 797 928 801 —
961 773 1028 814 24..
1059 785 1146 824 me,
1179 774 1308 814 eliam
1338 772 1533 813 distinxit
1563 770 1801 812 Bentleius.

130 967 244 1007 quae
267 955 380 995 dona
403 965 560 994 verum
587 953 779 993 habeant
804 955 1011 1006 pretium,

130 1029 243 1069 quae
290 1019 496 1069 exiguum
541 1020 616 1057 aut
659 1015 851 1064 nullum3
899 1028 1012 1068 quae

131 1080 423 1121 conducibilia
454 1082 497 1120 et
525 1081 646 1130 grata
678 1080 764 1119 sint
802 1081 1015 1130 acceptu—

130 1153 195 1192 ro,
229 1153 342 1194 quae
366 1152 699 1194 supervacanea
722 1143 854 1193 atque
883 1142 1014 1181 inuti-

131 1205 205 1255 lia,
240 1204 445 1256 qualibus
467 1204 731 1256 plerumque
754 1205 923 1244 amicos
947 1206 1014 1243 te-

130 1269 309 1308 nuiores
332 1266 529 1308 cumulat
551 1266 754 1307 stultus.»
797 1267 883 1307 Sed
907 1267 1013 1318 quid

130 1331 171 1370 in
203 1330 286 1370 hae
318 1331 486 1369 ratione
518 1329 600 1369 sibi
632 1328 735 1368 velit
764 1329 848 1368 Nee
875 1334 1012 1368 tamen

130 1403 210 1443 pro
240 1392 324 1431 Nec
353 1403 450 1431 vero
478 1390 548 1430 vel
580 1390 765 1442 simplici
795 1391 900 1440 Nee,
935 1390 1014 1430 dif-

129 1452 242 1493 ficile
285 1452 506 1494 intellectu
547 1455 627 1492 est.
688 1451 891 1492 Nonnulli
932 1464 1012 1492 au—

130 1518 244 1564 tem,
293 1518 367 1567 qui
411 1516 496 1555 hoc
542 1516 736 1556 sensisse
777 1515 1008 1565 videntur,

129 1577 323 1630 putidius
373 1579 506 1618 etiam
555 1578 834 1630 interpretati
883 1580 1009 1619 sunt:

132 1642 251 1680 «Non
284 1643 432 1681 tamen
466 1641 521 1680 ita
553 1640 759 1692 profusus
782 1642 849 1680 est
879 1641 921 1680 in
943 1641 1013 1681 di-

131 1701 354 1753 largienda
385 1704 574 1754 pecunia
597 1704 730 1743 etiam
761 1703 923 1754 dignis,
959 1716 1011 1745 ac

123 1765 166 1804 si
189 1766 360 1805 nummi
382 1767 533 1806 essent
552 1764 805 1816 lupinorum
827 1768 1010 1814 iustam»

130 1839 215 1879 qua
232 1828 400 1868 ratione
418 1827 649 1868 beneficus
672 1827 740 1868 ille
758 1828 904 1868 subito
922 1840 1014 1869 sor-

130 1889 259 1931 didus
288 1892 514 1930 veterator
545 1890 705 1930 evadit.
743 1912 785 1918 —
822 1902 925 1930 aera
952 1891 1014 1930 la·-

124 1952 248 2004 pinis]
270 1953 561 1993 Proverbium
582 1956 730 1993 ortum
753 1965 805 1993 ex
827 1964 1012 2005 compa-

128 2015 297 2055 ratione
319 2016 535 2068 pecuniae
554 2018 597 2055 et
617 2014 892 2067 lupinorum,
919 2016 1013 2067 qui-

129 2077 214 2117 bus
237 2079 363 2128 quasi
387 2077 535 2118 fictitia
559 2079 747 2130 pecunia
771 2077 1012 2118 utebantur

131 2141 175 2180 et
204 2138 420 2179 aleatores
450 2141 493 2179 et
523 2140 760 2180 histriones
791 2140 833 2179 in
857 2150 1006 2179 scena.

131 2201 268 2242 Plaut.
292 2204 425 2242 Poen.
460 2202 508 2251 3,
542 2203 588 2251 2,
622 2204 697 2242 20:
745 2203 822 2242 Ac.
869 2203 1007 2254 Agite,

130 2266 340 2315 *inspieilffl
362 2276 516 2304 aarum
535 2270 606 2304 esc.
647 2266 773 2304 Corn
807 2266 1007 2316 ProfeCCO,

129 2331 397 2378 spectatores,
431 2328 656 2366 comicum:
696 2328 915 2367 Macer-ato
937 2327 1010 2366 hoe

125 2391 301 2441 pinques
326 2391 432 2440 fiunt
459 2401 565 2428 auro
587 2390 630 2427 in
650 2388 854 2427 barbaria
875 2389 1005 2428 boves.

132 2452 239 2492 Cod.
264 2450 290 2491 l.
318 2453 354 2491 ¹l.
378 2452 424 2491 C.
447 2451 501 2491 de
526 2450 818 2491 aleatoribus:
853 2452 899 2490 Si
920 2451 1011 2501 qais

129 2513 202 2554 sub
231 2514 362 2563 specie
391 2514 583 2553 alearum
610 2514 743 2552 vietus
771 2514 821 2553 sil
857 2514 1010 2564 lupinis

129 2577 193 2616 vel
221 2577 309 2616 alia
339 2577 485 2626 quavis
507 2577 708 2626 materia,
741 2581 865 2616 cesset
883 2577 1009 2616 etiam

107 2655 110 2658 “
130 2641 328 2679 adversus
347 2650 440 2679 eum
461 2640 590 2679 omnis
611 2640 791 2679 eraclio.
815 2662 858 2667 —-
881 2640 1007 2688 Quod

131 2703 280 2742 autem
310 2700 532 2742 Bentleius
562 2703 665 2753 post
683 2713 754 2741 vv.
780 2702 847 2741 22.
872 2704 916 2742 et
936 2702 1003 2741 23.

129 2764 276 2815 posuit
314 2764 667 2815 interrogationis
708 2764 855 2815 signa,
904 2775 1005 2804 cum

129 2825 256 2877 volgo
298 2825 461 2877 virgula
500 2828 600 2878 post
639 2838 679 2865 v.
715 2827 802 2876 ⁶22„
839 2828 1005 2878 puncto

130 2890 231 2940 post
259 2899 301 2927 v.
323 2888 390 2927 23.
424 2889 737 2939 distinguatur,
779 2888 880 2928 feeit
906 2890 1005 2940 qui-

132 2950 234 2989 dem
267 2952 417 2989 contra
448 2953 649 2990 nostrum
680 2962 876 3000 morem,
924 2951 1003 2992 sed

132 3013 239 3053 scite
271 3012 530 3062 significavit
557 3025 625 3052 vv.
658 3014 724 3053 ⁵2⁶2.
749 3016 793 3054 et
812 3014 878 3054 ⁸23.
904 3025 1003 3054 esse

133 3076 259 3127 quasi
301 3075 519 3126 protasin,
570 3087 611 3115 v.
649 3076 715 3117 ⁶24.
762 3078 1001 3129 apodosin:

133 3137 324 3187 «Quodsi
365 3137 431 3176 vir
469 3137 614 3177 bonus
652 3140 695 3178 et
735 3141 911 3192 sapiens
942 3142 1005 3181 sic

132 3210 180 3240 se
211 3200 338 3251 gerit,
372 3209 523 3238 meum
554 3199 748 3240 officium
779 3203 859 3241 erit
890 3205 1003 3243 eet.»

185 3261 253 3302 024.
285 3262 472 3312 Diqnvum
501 3260 604 3312 cet]
638 3262 915 3303 Constructio
945 3266 1006 3304 vi-

133 3323 262 3364 detur
291 3322 566 3375 expedienda
598 3323 653 3362 ad
684 3334 888 3365 normam
922 3325 1003 3366 loci

133 3386 379 3426 Lucretiani
410 3386 459 3434 5,
495 3386 537 3425 l:
572 3386 789 3437 diarium
818 3409 841 3414 -
860 3409 882 3416 -
902 3399 1004 3427 ear-

133 3459 225 3488 men
253 3449 434 3490 Condere
472 3461 566 3500 pro
611 3460 752 3489 reram
796 3450 1007 3490 maiestate

132 3510 271 3560 hisque
290 3512 487 3562 repertis;
519 3513 563 3552 ut
586 3511 639 3552 sit
667 3515 873 3564 ye-riiass
902 3513 1004 3552 dem

1084 953 1302 1002 IVerthe,
1349 954 1454 992 dem
1489 952 1799 991 Verdiensle.
1855 952 1959 1002 (Cic.

1082 1017 1220 1055 Dixin.
1246 1016 1286 1055 in
1321 1015 1481 1055 Caecil.
1510 1015 1584 1062 43,
1619 1014 1695 1055 42:
1741 1015 1826 1054 iam
1855 1026 1965 1054 nunc

1080 1079 1223 1128 timec,
1267 1079 1470 1128 quidnam
1493 1089 1602 1126 pro
1634 1077 1854 1127 offensione
1888 1077 1963 1116 ho-

1078 1142 1236 1180 minum
1257 1164 1279 1170 -
1308 1164 1329 1169 -
1352 1146 1387 1180 et
1432 1141 1735 1190 e.1;spec·lc1!ione
1779 1141 1964 1179 omnium

1079 1206 1116 1241 ec
1136 1204 1425 1254 1φηααηι’ίιιάὶηο
1442 1214 1585 1241 rerum
1606 1203 1652 1240 di
1660 1214 1759 1253 ,qna
1769 1213 1808 1240 m
1829 1202 1964 1252 eloqui
2005 1249 2008 1251 Α

1073 1265 1264 1317 possim.)
1336 1266 1473 1315 «Ergo
1525 1265 1656 1303 etiam
1707 1276 1777 1304 me
1830 1264 1962 1304 talem

1078 1326 1344 1379 praestabo,
1405 1326 1584 1378 qualem
1634 1327 1819 1377 requirit
1867 1325 1962 1367 laus

1079 1388 1197 1428 bene
1222 1389 1276 1430 de
1300 1400 1372 1428 me
1396 1390 1634 1438 merentis,
1668 1388 1710 1427 id
1744 1390 1835 1437 est,
1868 1387 1963 1428 laus

1079 1446 1122 1491 'et
1153 1453 1293 1492 virtus
1325 1453 1420 1499 tua3
1461 1452 1504 1490 in
1537 1462 1589 1490 eo
1622 1449 1776 1490 sedulo
1809 1449 1964 1490 elabo-

1079 1514 1211 1565 rabo,
1261 1517 1308 1554 ut
1351 1518 1425 1554 tua
1465 1512 1777 1553 benevolentia
1810 1513 1963 1553 donis—

1079 1588 1192 1628 que,
1241 1577 1403 1628 quibus
1445 1587 1516 1616 me
1556 1576 1761 1625 affecisti,
1806 1576 1963 1627 dignus

1079 1650 1261 1691 semper
1283 1649 1532 1678 maneam.»
1559 1662 1600 1666 —
1625 1637 1834 1689 merentis]
1861 1637 1963 1677 «be-

1079 1713 1133 1742 ne
1158 1702 1420 1749 merentis,»
1445 1702 1490 1739 ut
1512 1701 1629 1750 Virg.
1655 1701 1762 1740 Aen.
1789 1701 1827 1748 6,
1854 1700 1956 1740 664:

1080 1765 1239 1814 Quique
1269 1764 1332 1802 sui
1362 1774 1562 1802 memores
1592 1763 1697 1802 alios
1724 1763 1856 1813 fecere
1876 1773 1959 1800 me-

1077 1827 1218 1866 rendo.
1263 1828 1392 1877 Prop.
1417 1827 1460 1874 5,
1487 1826 1529 1864 Μ
1552 1857 1559 1874 ,
1587 1826 1656 1864 101
1681 1836 1689 1863 :
1721 1825 1810 1864 Sim
1832 1825 1960 1876 diana

1079 1890 1283 1928 merendo.
1318 1886 1443 1927 Rutil.
1469 1888 1616 1938 Lupus
1639 1888 1653 1926 l
1675 1919 1682 1935 ,
1719 1887 1733 1926 l
1756 1899 1763 1925 2
1797 1888 1961 1926 Deme—

1077 1951 1169 1990 trii
1212 1951 1482 1991 Phalerei:
1526 1951 1639 1989 Nam
1670 1950 1779 1999 quod
1809 1949 1959 2001 benefi-

1076 2014 1187 2053 ciam
1216 2019 1397 2064 tempore
1418 2016 1454 2052 et
1473 2012 1655 2062 cupienti
1677 2013 1827 2061 datur,
1860 2023 1960 2063 yra—

1076 2081 1164 2116 tum
1201 2081 1270 2116 esc.
1328 2076 1491 2115 Utilitas
1533 2075 1642 2114 enim
1679 2085 1729 2113 ae
1766 2074 1961 2113 voluntas

1076 2140 1306 2188 accipiendi
1338 2139 1535 2178 honorem
1565 2137 1703 2176 dantis
1731 2136 1834 2187 facit
1863 2148 1957 2175 am-

1070 2203 1262 2252 pliorem.
1292 2225 1335 2230 —
1370 2200 1461 2241 Alia
1493 2200 1736 2240 distinctio:
1771 2199 1958 2250 Diqnum

1070 2265 1293 2315 praestabo
1323 2276 1411 2314 me,
1445 2265 1570 2304 eliam
1594 2274 1675 2313 pro
1706 2263 1829 2301 laude
1866 2274 1955 2302 me-

1076 2329 1203 2367 rentis
1234 2326 1325 2378 (Ed.
1350 2325 1524 2376 Bentl.)‚
1560 2326 1718 2365 «etiam
1751 2326 1958 2375 propter-

1076 2401 1152 2438 ea,
1177 2392 1225 2429 ut
1245 2388 1520 2430 collaudetur
1536 2388 1591 2427 ab
1610 2386 1703 2426 aliis
1726 2387 1785 2435 is,
1820 2397 1954 2437 quem

1075 2451 1216 2503 dignis
1247 2452 1394 2491 favere
1416 2451 1618 2498 vident‚»
1653 2450 1745 2500 (pro
1775 2459 1858 2499 qua
1883 2460 1956 2488 ex-

1073 2514 1307 2566 plicatione
1340 2514 1487 2553 afferri
1518 2524 1625 2553 sane
1667 2513 1812 2564 potest
1842 2512 1951 2562 Epp.

1074 2579 1123 2627 2,
1172 2579 1186 2617 l
1212 2610 1218 2627 ,
1266 2576 1368 2618 246:
1419 2578 1624 2624 Munera,
1672 2586 1778 2624 quae
1822 2574 1954 2613 multa

1073 2641 1212 2680 dantis
1229 2651 1324 2680 eum
1353 2640 1476 2678 laude
1506 2639 1687 2678 tulerant
1707 2659 1729 2664 —
1755 2636 1951 2687 Vir-quius

1077 2702 1352 2754 Variusque‚·)
1384 2701 1623 2742 reiicienda
1655 2702 1723 2740 est
1751 2697 1818 2738 vel
1846 2710 1952 2750 pro-

1072 2768 1172 2817 pter
1201 2776 1458 2814 caesuram,
1499 2775 1612 2815 quac
1652 2774 1732 2802 nos
1770 2762 1952 2812 iungere

1072 2827 1217 2868 iubet:
1253 2829 1424 2879 dignum
1439 2826 1663 2877 praestabo
1684 2820 1699 2875 ΙΙ
1719 2835 1780 2863 me
1796 2825 1922 2864 etiam
1940 2824 1946 2875 Ι

1065 2902 1147 2941 pro
1194 2891 1316 2930 laude
1362 2890 1568 2929 merentis.
1638 2888 1767 2928 Peius
1817 2888 1951 2927 etiam

1072 2952 1295 3004 Gargallus
1334 2953 1527 2992 merentis
1563 2963 1643 3001 pro
1687 2951 1836 2989 laude:
1883 2950 1951 2988 Di

1071 3016 1146 3054 chi
1194 3015 1331 3055 desia
1368 3016 1584 3054 meritar
1623 3014 1734 3053 lode
1762 3012 1948 3051 anch'io

1072 3080 1248 3129 Degyno
1277 3079 1341 3116 mi
1373 3077 1633 3128 pres-terr).
1686 3077 1838 3125 Neque
1869 3085 1949 3114 ve-

1072 3152 1120 3180 ro
1137 3140 1409 3181 admittenda
1427 3142 1494 3180 est
1514 3137 1689 3192 τμῆσις
1709 3139 1832 3178 laude
1850 3150 1949 3187 pro-

1070 3204 1263 3243 merentis
1304 3203 1531 3254 (adignum
1569 3214 1640 3242 me
1680 3200 1944 3253 praestabo,

1072 3278 1207 3317 quem
1239 3265 1388 3306 laudet
1418 3268 1476 3315 is,
1511 3267 1583 3317 qui
1628 3265 1856 3304 beneficiis
1888 3263 1942 3302 de

1072 3340 1143 3369 me
1161 3330 1431 3380 promeritus
1454 3329 1561 3378 est»)
1589 3328 1746 3379 partim
1766 3326 1949 3376 propter

1071 3391 1251 3430 nimiam
1275 3389 1623 3441 ambiguitatem,
1649 3388 1821 3439 partim,
1847 3387 1947 3436 quia

1072 3453 1275 3492 Horatius
1324 3449 1499 3504 τμήσει
1542 3459 1769 3500 nunquam
1815 3448 1950 3487 utitur

1071 3514 1150 3554 nisi
1180 3513 1250 3554 vel
1282 3515 1321 3553 in
1354 3512 1597 3566 particulis,
1633 3521 1745 3561 quae
1768 3509 1948 3551 absolu-
