2231 3787
784 283 880 323 LlB.
916 285 944 322 l.
1009 284 1169 324 El‘lST.
1205 284 1290 323 XV.

1854 281 1955 334 519

207 415 364 480 Quod
405 433 488 468 me
530 416 777 468 Lucanae
819 415 1067 467 iuvenem
1107 412 1450 467 commendet
1487 413 1798 468 amicae.—

207 519 426 570 'l'ractus
469 526 586 569 uter
626 516 809 587 plures
847 515 1089 586 lepores,
1136 523 1255 568 uter
1292 514 1489 569 educet
1527 533 1714 585 apros,

204 618 328 673 Utra
370 619 537 688 magis
577 618 756 688 pisces
797 626 849 670 et
887 616 1109 671 echinos
1150 634 1389 687 aequora
1431 615 1633 677 celent,

210 720 425 790 Pinguis
466 728 522 771 ut
560 719 682 772 inde
723 719 940 772 domum
980 718 1183 789 possim
1223 717 1549 788 Phaeaxque
1590 718 1810 772 reverti.

208 820 458 874 Scribere
499 829 548 873 te
590 819 769 880 nobiS,
814 820 903 872 tibi
949 838 1045 872 nos
1085 819 1377 873 accredere
1417 837 1514 890 par
1553 827 1647 872 est.
1891 820 1958 870 225

206 922 471 983 Maenius,
514 930 570 973 ut
610 920 772 974 rebus
812 922 1067 973 maternis
1107 929 1268 992 atque
1308 920 1545 992 paternis

210 1024 436 1077 Fortiter
474 1023 772 1093 absumptis
811 1022 1050 1075 urbanus
1090 1023 1269 1093 coepit
1312 1022 1526 1080 haberi,

206 1126 402 1179 Scurra
441 1141 631 1195 vaguS,
676 1141 780 1177 non
819 1124 911 1194 qui
953 1132 1157 1177 certum
1198 1141 1464 1195 praesepe
1505 1133 1737 1181 teneret,

187 1269 298 1318 serre
327 1267 466 1308 Codd.
491 1266 690 1307 Lambini
714 1269 760 1306 et
781 1277 895 1306 unus
927 1267 1053 1306 Feae.
1083 1288 1126 1293 —
1165 1266 1230 1305 48.
1256 1267 1374 1305 renio
1405 1267 1445 1305 S.
1475 1289 1518 1294 —
1553 1268 1621 1306 ³24.
1645 1268 1902 1306 commendat

188 1330 282 1370 SEd
314 1330 408 1381 (sed
440 1329 573 1369 iidem
605 1328 1068 1378 manet--ministret).
1107 1351 1150 1355 —
1184 1328 1251 1367 ⁶22.
1279 1328 1418 1377 pluris
1450 1329 1494 1367 Ε.
1525 1351 1567 1357 -
1601 1330 1749 1367 educat
1780 1329 1822 1368 d.
1856 1351 1899 1356 —

189 1393 256 1433 ⁶26.
290 1390 398 1433 Male
431 1392 486 1432 ab
509 1392 592 1431 hoc
614 1403 745 1432 versu
767 1402 927 1431 novam
948 1390 1186 1443 Epistolam
1218 1392 1431 1442 incipiunt
1453 1390 1591 1431 Codd.
1615 1390 1735 1441 aliq.,
1770 1391 1902 1430 eliam

192 1456 244 1503 E,
277 1454 354 1494 Ed.
398 1455 566 1494 Veneta
604 1453 723 1494 4481.
758 1455 801 1493 et
839 1452 948 1493 aliae
980 1456 1171 1494 veteres.
1210 1478 1252 1482 —
1286 1454 1457 1494 Mallius
1486 1454 1523 1493 J.
1558 1454 1727 1493 Becker
1762 1454 1900 1493 Rhein.

187 1519 294 1557 Mus.
327 1518 379 1557 N.
412 1518 459 1557 F.
495 1518 542 1556 V.
577 1527 619 1568 p.
653 1516 747 1556 375.

136 1643 206 1693 (ab
238 1645 380 1683 aetate
413 1644 457 1682 et
488 1653 673 1694 sapore,
706 1644 753 1682 ut
783 1642 893 1682 lenia
913 1642 1016 1682 Sur-

133 1707 301 1746 rentina
324 1705 457 1746 Persii
479 1704 524 1754 3,
549 1705 632 1755 93.)
655 1705 834 1756 requiro
851 1737 860 1753 ,
893 1704 1014 1755 quod

134 1767 202 1809 vel
234 1778 413 1808 mecum
445 1767 693 1819 apportabo
726 1766 795 1807 vel
827 1766 884 1806 ibi
908 1778 1016 1818 quo-

135 1842 220 1882 que
260 1831 483 1883 reperiam
521 1830 566 1868 in
607 1828 688 1868 alia
721 1830 899 1880 regione
934 1840 1014 1868 na-

135 1895 253 1940 tum,
287 1904 310 1931 a
343 1890 526 1944 propola
548 1894 822 1943 empturus.»
849 1913 895 1919 —
919 1902 1014 1930 cum

133 1967 202 2006 spe
231 1954 367 2006 divite]
402 1956 450 1996 Ut
479 1953 624 1994 solent
653 1953 770 1994 bene
800 1955 891 2005 poti
921 1953 1014 1995 lae—

136 2018 328 2057 tissimas
368 2027 570 2067 quasque
613 2027 716 2067 spes
755 2017 1009 2068 concipere.

136 2079 318 2119 Divitem
347 2089 476 2129 spem
505 2081 633 2117 vocat
665 2079 870 2119 Horatius
891 2076 1012 2119 ἑλπί-

137 2139 198 2180 ὂα
217 2137 432 2179 δάπανον
452 2135 600 2188 φύσει
621 2139 819 2190 Thucyd.
845 2141 890 2189 5,
916 2140 1009 2181 403.

136 2203 260 2245 Cous.
280 2202 365 2243 Silii
396 2203 445 2251 3,
477 2203 579 2242 512:
608 2203 826 2252 promissis
845 2203 1008 2242 ditibus.

140 2289 183 2295 —
218 2266 335 2316 Quod
375 2276 438 2304 me
479 2265 675 2304 Lucanae
713 2265 815 2314 cet]
859 2263 1012 2312 «Quod

134 2329 252 2368 vires
282 2329 481 2379 praestet
511 2327 552 2366 In
583 2337 796 2366 venerem
829 2328 871 2364 et
905 2337 1012 2377 pro-

134 2393 233 2443 pter
255 2390 338 2430 hoc
359 2392 532 2441 gratum
553 2400 625 2428 me
650 2388 808 2429 reddat
828 2387 1007 2445 ἑταίρᾳ,

135 2455 183 2493 ut
224 2453 260 2493 si
304 2453 475 2492 iuvenis
521 2452 773 2491 etiamnunc
817 2461 1010 2491 essem.»

134 2516 268 2555 Recte
297 2516 492 2555 Diintzer
521 2516 665 2563 notat,
712 2514 889 2565 proprie
924 2514 1013 2553 Ve-

136 2576 239 2618 liam
282 2576 508 2617 dumtaxat
554 2577 832 2616 Lucanorum
877 2575 1009 2615 tuisse

136 2639 370 2693 oppidum,
403 2637 635 2678 Salernum
665 2639 1006 2678 Picentinorum.

139 2725 182 2731 ——
216 2702 356 2754 apros]
388 2702 451 2742 Cf.
477 2702 563 2741 Sat.
590 2702 639 2749 2,
673 2701 719 2749 8,
753 2701 791 2740 6.
829 2724 873 2729 —
907 2701 1012 2740 echi-

136 2765 230 2817 nos]
264 2766 472 2806 marinos.
534 2764 655 2804 Conf.
695 2763 833 2816 Epod.
858 2765 908 2813 5,
940 2764 1007 2803 27.

137 2827 293 2867 Athen.
317 2826 364 2875 3,
397 2825 473 2867 44:
518 2821 698 2874 Ἑχῐνοι
734 2822 856 2879 μετὰ
896 2820 1010 2878 ὀξυ-

135 2887 328 2940 μέλιτος
363 2887 724 2941 λαμβανόμενοι
764 2890 846 2929 καὶ
882 2887 1010 2929 σελί-

138 2962 223 2990 νου
259 2951 341 2990 καὶ
377 2945 630 3003 ἡδυόσμου
663 2951 1010 3003 (Garienmimze)

137 3011 325 3066 γλυκεῖς
343 3025 392 3052 τε
412 3013 495 3053 καὶ
515 3007 725 3062 εὔχυλοι.
751 3037 796 3042 -—
824 3014 1009 3065 Phaean]

138 3075 247 3126 Epp.
272 3075 311 3123 4,
333 3075 379 3123 2,
402 3075 478 3114 28:
507 3075 746 3126 Alcinoique
766 3077 813 3115 In
832 3081 924 3116 cute
943 3087 1013 3116 cu-

138 3137 277 3176 randa
308 3137 402 3186 plus
430 3147 562 3186 aequo
591 3143 767 3187 operata
804 3139 1008 3178 iuventus.

142 3222 185 3228 -
224 3198 455 3248 accredere]
497 3199 710 3240 «credere
748 3203 932 3253 propter
968 3201 1012 3241 id

139 3262 307 3313 ipsum,
351 3260 472 3312 quod
509 3262 557 3300 tu
586 3262 759 3301 sincere
796 3263 903 3302 mihi
934 3274 1013 3303 ex-

137 3334 278 3374 pones
299 3333 452 3362 rerum
475 3321 648 3362 illarum
668 3324 876 3364 statum.»
907 3325 1015 3364 Ver-

138 3383 248 3425 bum
278 3386 347 3426 est
384 3385 469 3424 iam
510 3383 757 3424 Plautinum
797 3385 929 3435 (Asin.
963 3386 1009 3436 3,

140 3445 164 3486 3
180 3477 189 3495 ,
220 3447 321 3497 37.),
343 3447 657 3487 Lucretianum
679 3445 742 3496 (3,
766 3446 896 3497 869.),
918 3445 1015 3487 Tul-

94 3546 99 3552 .
140 3505 302 3549 lianum
335 3509 405 3560 (ad
434 3511 518 3549 Att.
544 3508 591 3557 6,
624 3509 671 3557 2,
704 3507 777 3556 3.).

1134 1641 1280 1681 26-32.
1316 1642 1525 1691 Maenius]
1558 1642 1669 1681 Cum
1700 1652 1748 1680 se
1781 1651 1861 1692 per
1892 1643 1957 1680 io—

1080 1715 1182 1744 cum
1222 1707 1267 1744 ut
1306 1703 1565 1743 deliciarum
1605 1703 1848 1742 admodum
1880 1714 1958 1742 cu-

1077 1766 1231 1818 pidum
1277 1778 1328 1806 ac
1374 1777 1514 1818 prope
1560 1765 1834 1806 luxuriosum
1877 1764 1960 1804 de-

1077 1829 1352 1880 scripsisset,
1413 1827 1591 1868 subiicit
1648 1827 1844 1879 lepidam
1901 1826 1956 1866 de

1076 1891 1247 1930 Maenio
1281 1889 1680 1938 narratiunculam,
1716 1900 1802 1940 qua
1834 1887 1958 1928 dele—

1077 1956 1165 1993 ctet
1203 1955 1495 1994 Numenium:
1552 1953 1842 1999 «Nimirum,»
1890 1952 1958 1990 in-

1077 2017 1192 2068 quit,
1229 2027 1335 2066 «ego
1367 2027 1466 2056 sum
1497 2026 1636 2067 prope
1668 2013 1821 2055 similis
1843 2015 1958 2053 Mae-

1076 2079 1134 2119 nii
1164 2077 1391 2118 Pantolabi
1422 2076 1586 2125 illius‚n
1635 2076 1688 2116 de
1726 2088 1814 2127 quo
1855 2075 1956 2115 vide

1075 2142 1160 2180 Sat.
1188 2142 1232 2189 sl,
1269 2141 1313 2187 i,
1349 2141 1441 2179 401.
1476 2141 1520 2178 et
1551 2140 1596 2187 4,
1622 2138 1666 2187 3,
1694 2139 1758 2178 21.
1788 2161 1830 2166 —
1857 2138 1959 2177 For-

1073 2202 1183 2250 titer]
1219 2204 1447 2249 «strenue,
1487 2201 1717 2251 impigre»,
1751 2200 1852 2238 κατ’
1890 2200 1956 2238 εἰ-

1074 2263 1287 2320 ρωνείαν.
1341 2263 1518 2302 Aristot.
1545 2263 1638 2301 lith.
1664 2263 1712 2310 3,
1748 2263 1791 2302 9:
1836 2257 1952 2302 ἔνιοι

1073 2348 1095 2354 -
1116 2349 1139 2355 -
1161 2321 1280 2382 πρὸς
1301 2321 1563 2381 χρημάτων
1585 2319 1840 2376 ἀποβολὴν
1871 2337 1892 2364 ε
1907 2319 1953 2364 ἰ·-

1076 2385 1303 2444 θαρσῶς
1346 2380 1560 2434 ἔχουσιν.
1623 2389 1743 2427 Pers.
1780 2387 1826 2435 6,
1874 2387 1951 2426 ⁴221:

1072 2452 1135 2490 hic
1165 2451 1273 2490 bona
1302 2451 1417 2489 dente
1439 2449 1631 2489 Grandia
1660 2449 1955 2499 magnanimus

1067 2513 1236 2564 peragit
1259 2523 1380 2562 puer.
1424 2533 1468 2539 -—-
1500 2510 1699 2560 urbanus]
1731 2504 1951 2560 ἀστεῖος,

1074 2570 1382 2632 εὐτράπελος,
1418 2573 1593 2621 «dicax,
1628 2573 1702 2623 qui
1733 2573 1822 2612 risu
1854 2584 1953 2613 mo-

1073 2637 1219 2678 vendo
1251 2636 1332 2677 sibi
1364 2636 1421 2676 ad
1451 2636 1636 2675 divitum
1658 2646 1837 2675 mensas
1859 2634 1955 2674 adi-

1075 2703 1168 2740 tum
1198 2701 1418 2751 pararet.»
1473 2696 1648 2738 Plautus
1680 2697 1796 2736 Trin.
1824 2697 1870 2744 t,
1904 2696 1950 2744 2,

1076 2762 1174 2802 462:
1213 2761 1328 2801 Nihil
1357 2765 1412 2801 est
1436 2760 1623 2811 profecto
1644 2759 1806 2798 stultius
1827 2769 1955 2808 neque

1073 2825 1260 2864 stolidius
1285 2847 1307 2852 -
1331 2846 1353 2852 -
1385 2824 1521 2873 Quam
1565 2821 1755 2861 urbani
1797 2821 1954 2860 assidui

1073 2889 1200 2937 cives,
1247 2899 1348 2937 quos
1376 2897 1547 2926 scurras
1575 2889 1740 2925 vocant.
1794 2882 1953 2923 Simili-

1076 2951 1143 2989 ter
1173 2947 1328 2989 Catull.
1354 2949 1428 2998 22,
1452 2949 1500 2988 2:
1534 2949 1666 2987 Homo
1686 2969 1708 2974 -
1724 2969 1746 2974 -
1768 2946 1897 2984 dicem
1918 2949 1955 2984 et

1073 3011 1260 3052 urbanus
1279 3035 1302 3041 -
1324 3033 1346 3040 -
1368 3011 1439 3060 qui
1476 3011 1596 3050 modo
1635 3020 1784 3049 scurra
1804 3029 1827 3036 -
1847 3029 1869 3035 -
1888 3007 1955 3046 vi-

1076 3075 1263 3115 debatur.
1318 3074 1381 3115 Cf.
1408 3074 1515 3125 Epp.
1542 3074 1587 3122 4,
1621 3072 1667 3121 9,
1704 3073 1769 3111 «11.
1799 3091 1843 3097 -
1868 3081 1955 3109 cer-

1074 3142 1162 3177 tum
1185 3135 1403 3187 praesepe]
1447 3135 1618 3175 comice
1660 3144 1740 3185 pro
1771 3143 1950 3177 mensa,

1077 3211 1190 3240 «non
1238 3201 1285 3238 ut
1330 3196 1525 3238 Volteius
1574 3197 1698 3236 Mena
1745 3193 1951 3244 Philippi,

1076 3262 1139 3302 sic
1169 3260 1278 3301 alius
1300 3260 1381 3299 viri
1409 3258 1621 3311 principis
1642 3257 1838 3297 Maenius
1860 3256 1954 3293 erat

1074 3328 1210 3364 certus
1229 3323 1405 3363 conviva
1427 3322 1548 3373 (Epp.
1575 3321 1590 3358 1
1612 3351 1618 3367 ,
1655 3319 1702 3366 7,
1737 3316 1838 3365 7522),
1871 3315 1952 3355 sed

1073 3396 1208 3436 vaqus
1227 3384 1361 3424 modo
1383 3382 1500 3434 apud
1523 3382 1654 3427 hunc,
1679 3377 1813 3418 modo
1835 3375 1952 3428 apud

1076 3446 1197 3487 illum
1218 3444 1480 3487 coenabat.»
1517 3443 1585 3481 Sic
1617 3441 1749 3480 etiam
1780 3439 1948 3478 Graeci.

1076 3509 1223 3560 Eurip.
1243 3506 1478 3558 Eurysthei
1510 3505 1576 3544 Fr.
1602 3503 1648 3542 6:
1693 3495 1751 3554 ἦν
1781 3513 1849 3551 τις
1880 3498 1952 3541 οἷ’-
