2231 3787
295 270 395 324 61⁶2

893 272 1108 312 HORATII
1137 273 1505 314 EPISTOLARUM

366 402 656 473 Suspendit
692 402 833 473 picta
870 401 1069 455 voltum
1110 411 1452 472 mentemque
1493 401 1710 459 tabella,

370 506 522 557 Nunc
560 504 893 565 tibicinibus,
935 521 1076 557 nunc
1115 512 1195 556 est
1233 507 1415 573 gavisa
1455 502 1747 573 tragoedis3

368 605 480 659 Sub
518 606 724 659 nutrice
763 605 942 676 puella
978 604 1123 658 velut
1161 603 1203 656 si
1243 603 1453 657 luderet
1490 603 1680 665 infanS,

366 707 524 772 Quod
564 707 759 779 cupide
798 707 970 778 petiit,
1013 713 1219 759 mature
1259 704 1417 776 plena
1457 704 1686 776 reliquit.

2012 704 2115 758 400

366 809 509 874 Quid
547 809 722 880 placet
761 816 850 860 aut
888 807 1012 860 odio
1055 815 1160 869 est,
1203 806 1350 878 quod
1388 824 1495 859 non
1534 806 1788 860 mutabile
1827 806 2059 861 credas?

403 951 496 990 400.
529 950 726 999 relinquit
747 950 793 989 C.
831 949 894 1000 (Et
915 950 978 989 sic
1000 949 1087 988 duo
1113 950 1236 988 Feae.
1271 951 1322 991 Ut
1345 961 1445 999 nos⁷
1480 951 1631 996 nostri,
1664 950 1870 998 Pottierii‚
1895 950 2062 990 Schmi-

347 1013 404 1052 dii
435 1013 623 1061 omnes.)
660 1035 705 1041 -—
740 1013 833 1051 404.
869 1013 986 1062 Quod
1008 1012 1190 1061 placet-
1210 1033 1233 1040 -
1254 1013 1351 1062 quid
1382 1024 1463 1051 non
1494 1024 1532 1053 c.
1575 1036 1614 1041 —-
1649 1013 1741 1052 405.
1775 1013 1945 1062 Gaulos]
1978 1014 2061 1053 Ca-

339 1080 434 1125 ptos
463 1074 574 1115 alter
593 1087 645 1125 φ,
680 1075 864 1124 Scriptos
885 1086 907 1115 e
932 1074 1094 1115 Codice
1118 1075 1165 1125 (⁶3)
1188 1075 1352 1114 Barthii
1386 1075 1582 1125 (Advers.
1612 1075 1678 1124 37,
1704 1075 1785 1125 48.)
1818 1074 2056 1123 Bentleius3

289 1192 508 1242 Suspendit
539 1193 640 1242 cet]
684 1191 904 1232 «Tabulas
935 1193 1074 1243 pictas
1105 1193 1173 1231 at-

289 1254 536 1294 tentissime
568 1255 808 1305 spectavit,
855 1255 912 1293 ita
944 1255 991 1293 ut
1021 1253 1172 1294 oculos

290 1316 694 1367 cogitationemque
733 1316 788 1356 ab
829 1317 879 1356 iis
918 1318 990 1356 vix
1021 1328 1172 1357 remo-

286 1389 392 1417 vere
425 1380 598 1429 posset,
648 1389 752 1418 cum
794 1378 965 1430 pulchri
996 1381 1170 1431 species

290 1442 423 1490 atque
477 1438 704 1490 exemplar
758 1441 801 1479 in
852 1442 1030 1481 intimos
1076 1443 1170 1482 eius

290 1501 476 1541 affectus
506 1504 828 1553 penetrasset.»
865 1501 1039 1554 (Hellas)
1072 1505 1171 1555 Hef-

289 1568 365 1603 tete
392 1565 758 1604 wonneberauscht
779 1576 848 1604 am
869 1565 1065 1605 Gemc‘ilcle
1094 1567 1171 1606 den

288 1626 404 1665 Bliok
432 1627 517 1665 und
546 1628 610 1666 die
638 1627 762 1667 Seele.
796 1629 986 1667 MERKEL.
1016 1651 1060 1656 ——
1086 1629 1171 1668 vol-

287 1692 375 1727 tum
411 1689 690 1739 mentemque]
735 1690 834 1729 Tac.
870 1691 975 1730 Hist.
1008 1691 1054 1739 4,
1090 1691 1165 1730 85:

288 1751 477 1789 animum
504 1751 741 1801 voltumque
761 1753 978 1792 conversis.
1008 1777 1052 1781 —
1081 1753 1171 1792 tibi-

289 1813 461 1862 cinibus]
493 1825 605 1852 non:
643 1814 946 1863 «comoedis‚»
979 1817 1027 1854 ut
1057 1827 1170 1854 non-

288 1873 391 1914 nulli
422 1875 699 1926 interpretati
727 1877 852 1923 sunt,
887 1876 988 1915 sed:
1024 1888 1171 1926 «sym-

288 1936 540 1987 phoniacis,
558 1952 576 1972 »
611 1948 664 1976 ex
687 1937 847 1988 quibus
868 1949 1008 1977 unum
1029 1949 1168 1989 genus

289 1998 502 2037 nominat.
554 1999 684 2038 Corn.
708 2000 817 2050 Nep.
842 2000 1042 2050 Epamin.
1066 2002 1105 2049 ⁵2,
1127 2001 1165 2039 4;

289 2061 476 2100 eruditus
503 2061 583 2108 sic,
621 2066 667 2100 ut
695 2072 813 2100 nemo
846 2062 1056 2101 Thebanus
1076 2074 1169 2102 ma-

287 2125 363 2174 gis.
415 2124 526 2162 Nam
570 2127 607 2162 et
642 2124 898 2163 citharizare
927 2129 964 2163 el
998 2129 1171 2165 cantare

288 2187 343 2225 ad
386 2186 639 2224 chordarum
682 2197 828 2225 sonum
871 2188 1025 2226 doctus(
1047 2192 1104 2227 est
1143 2200 1170 2227 α

287 2249 490 2297 Dionysio
511 2270 533 2276 -
549 2270 596 2296 —‚
634 2252 809 2288 cantare
827 2249 936 2287 tibiis
957 2248 1008 2288 ab
1025 2250 1170 2300 Olym-

282 2310 485 2359 piodoro,
532 2309 688 2348 saltare
733 2321 760 2348 α
806 2311 1083 2361 Calliphrone.
1122 2336 1166 2341 —

289 2371 513 2422 tragoedis]
547 2370 799 2411 «actoribus
821 2373 998 2423 tragicis
1022 2372 1171 2413 simul-

289 2444 376 2484 que
400 2432 557 2472 fabulis
581 2433 708 2484 ipsis,
734 2445 844 2485 quas
866 2435 1099 2486 agebant.»
1121 2458 1164 2465 —-

288 2496 372 2535 Sub
403 2495 576 2547 nutrice]
618 2497 911 2537 «moderante
943 2492 1187 2547 nutricem

291 2561 337 2598 ut
367 2559 475 2610 Epp.
504 2559 518 2597 4
542 2591 548 2606 ,
582 2560 646 2606 46,
671 2560 743 2598 77:
778 2571 899 2600 saevo
930 2565 967 2600 te
994 2561 1067 2600 sub
1096 2574 1172 2601 cu·-

291 2621 403 2659 stode
433 2620 585 2660 tenebo.
637 2622 839 2662 Nutrices
871 2625 1021 2663 autem
1052 2624 1171 2675 apud

290 2682 495 2732 antiquos
539 2682 733 2733 primum
778 2683 869 2723 fere
910 2696 992 2736 per
1034 2686 1172 2725 trien-

290 2745 414 2783 nium
458 2744 644 2784 infantes
689 2744 968 2793 educabant3
1014 2750 1171 2799 postea

291 2807 341 2846 iis
362 2807 607 2857 paedagogi
628 2807 863 2856 dabantur,
895 2810 1025 2848 etiam
1049 2810 1172 2848 femi-

294 2868 385 2915 nis,
433 2870 479 2907 ut
521 2870 640 2908 certe
672 2870 912 2920 Antigonae
944 2872 985 2910 in
1018 2872 1166 2922 Eurip.

294 2929 459 2968 Phoen.
487 2953 533 2960 »ι-
562 2931 693 2982 petiit]
728 2933 775 2970 In
806 2943 938 2983 prosa
968 2943 1032 2972 or.
1065 2943 1171 2984 pro-

295 2988 364 3029 cul
413 2989 547 3029 dubio
592 2993 843 3042 scripsisset
879 2994 1070 3043 petierat.
1122 3015 1166 3021 —-

294 3055 461 3090 mature
486 3051 623 3102 plena]
667 3054 735 3092 Sic
765 3054 920 3105 iungo,
961 3066 1046 3094 non
1075 3066 1171 3093 ma-

293 3118 385 3152 ture
413 3113 595 3162 reliquit,
630 3115 749 3164 quod
779 3117 993 3166 ingratam
1025 3115 1172 3155 effice-

294 3178 362 3214 ret
392 3170 635 3214 ἆντίθεσιν
663 3187 733 3215 vv,
757 3179 904 3227 cupide
916 3179 1049 3227 petiit.
1096 3178 1171 3218 Est

294 3239 457 3277 autem:
489 3231 772 3295 «ἁψίκορος
793 3239 998 3279 celeriter
1016 3241 1169 3279 satiata

296 3300 526 3349 Graecia,»
561 3311 670 3348 non,
711 3303 757 3340 ut
788 3299 854 3339 alii
886 3300 1056 3349 volunt,
1084 3313 1170 3351 pu-

293 3361 386 3400 ella.
439 3363 620 3412 Egregie
665 3362 731 3402 his
769 3373 838 3401 vv,
870 3363 1073 3413 exprimit
1103 3364 1170 3403 in-

296 3421 511 3471 fantilem,
545 3425 593 3462 ut
612 3424 670 3462 ita
692 3423 858 3471 dicam,
892 3426 937 3463 et
955 3423 1167 3465 mobilem

295 3495 346 3523 ac
375 3495 514 3536 prope
535 3484 830 3526 ludibundum
852 3496 1031 3526 sensum
1055 3488 1165 3536 eius,

1238 1191 1356 1242 quod
1397 1192 1439 1231 in
1480 1192 1635 1243 quovis
1676 1203 1839 1242 genere
1879 1191 2115 1243 pulchrum

1238 1255 1304 1294 est
1335 1256 1379 1293 et
1408 1253 1683 1305 perfect-um,
1719 1256 1990 1294 Graecorum
2019 1258 2116 1294 ani-

1236 1317 1319 1357 mis
1366 1317 1546 1356 insitum
1584 1318 1716 1367 atque
1758 1317 1980 1366 innatum,
2027 1328 2114 1368 quo

1236 1378 1348 1418 duce
1396 1380 1538 1418 totum
1583 1379 1743 1418 artium
1787 1376 1964 1419 κύκλον
2002 1380 2114 1419 intra

1234 1452 1400 1492 paucas
1431 1442 1599 1481 aetates
1629 1442 1687 1480 ita
1719 1440 2030 1490 excoluerunt,
2067 1444 2116 1482 ut

1233 1504 1277 1542 in
1308 1515 1484 1555 quaque
1514 1506 1607 1543 arte
1629 1515 1856 1544 summum
1877 1504 2115 1556 perfectio-

1235 1566 1301 1605 nis
1323 1566 1497 1617 apicem
1530 1568 1747 1605 tenerent.
1776 1589 1820 1594 —
1847 1567 1954 1615 Quid
1979 1567 2116 1616 placet

1236 1627 1338 1678 cet]
1374 1643 1392 1662 «
1407 1628 1467 1667 Ex
1497 1628 1720 1667 humanae
1751 1630 1934 1668 naturae
1967 1628 2117 1668 condi-

1236 1690 1363 1729 cione
1410 1689 1514 1729 nihil
1544 1691 1586 1729 in
1617 1693 1887 1742 perpetuum
1917 1693 1993 1730 aut
2018 1690 2116 1742 pla-—

1236 1755 1304 1792 cet
1336 1755 1411 1792 aut
1441 1753 1690 1804 spernitur:
1723 1753 1843 1793 haud
1873 1754 2003 1804 igitur
2029 1754 2116 1793 mi-

1234 1826 1333 1854 rum
1365 1817 1451 1863 est,
1486 1816 1522 1854 si
1554 1816 1710 1855 Graeci
1741 1827 1918 1867 quoque
1950 1815 2006 1855 ab
2027 1827 2115 1856 una

1234 1877 1290 1915 ad
1320 1875 1451 1915 aliam
1467 1878 1609 1916 artem
1626 1879 1864 1929 praecipue
1881 1877 2115 1919 colendam

1234 1939 1544 1978 transierunt.»
1577 1940 1669 1978 Hoc
1697 1951 1851 1987 versu,
1886 1941 1921 1983 si
1944 1940 2050 1992 quid
2071 1942 2114 1981 in

1235 2003 1506 2040 Graecorum
1538 2001 1694 2041 studiis
1734 2003 1881 2042 inesse
1911 2003 2114 2043 videatur

1232 2061 1421 2102 levitatis
1453 2064 1585 2113 atque
1618 2064 1961 2114 inconstantiae,
2000 2076 2114 2115 quo-

1235 2124 1475 2163 dammodo
1522 2127 1716 2164 excusat.
1777 2126 1980 2166 Schiitzio
2023 2126 2050 2166 l.
2082 2126 2110 2167 l.

1234 2186 1496 2227 subditicius
1526 2187 1785 2237 videbatur,
1834 2190 1959 2240 quia,
2000 2201 2114 2241 quo-

1234 2249 1368 2289 modo
1400 2261 1503 2290 cum
1540 2250 1914 2301 praecedentibus
1945 2263 2115 2293 conne-

1235 2315 1444 2362 cteretur,
1469 2324 1629 2364 parum
1645 2314 1958 2365 perspiciebat.
1992 2314 2112 2356 Alius

1232 2375 1470 2415 lectionem
1509 2376 1598 2415 mei
1629 2375 1804 2416 Codicis
1834 2388 1872 2427 c,
1907 2378 2039 2417 etiam
2068 2378 2112 2418 in

1235 2438 1504 2489 Langeriano
1524 2440 1765 2489 repertam,
1790 2439 2112 2481 commendans

1234 2501 1296 2541 sic
1329 2499 1582 2551 explicavit:
1620 2500 1758 2548 «Quid
1781 2511 1962 2550 eorum,
1996 2513 2111 2553 quae

1233 2561 1302 2601 vel
1323 2561 1500 2613 placent
1520 2560 1588 2601 vel
1610 2562 1862 2614 displicent,
1894 2566 2111 2616 perpetuo

1234 2623 1410 2675 placere
1452 2623 1742 2675 displicereve
1772 2628 1962 2677 putes‘?»
2007 2627 2112 2667 Sen-

1234 2687 1368 2726 tentia
1398 2697 1538 2737 prope
1571 2687 1729 2726 eadem
1757 2690 1847 2735 est,
1881 2688 1960 2727 sed
1981 2687 2109 2740 longe

1235 2746 1476 2798 elegantior
1540 2748 1636 2798 ipsa
1703 2749 1866 2787 Horatii
1934 2761 2107 2792 manus.

1235 2809 1483 2849 Schmidius
1515 2812 1743 2860 comparat
1773 2810 1912 2850 Publii
1936 2813 2032 2863 Syri
2062 2825 2105 2854 v.

1234 2872 1328 2912 386.
1361 2871 1525 2910 Bothe:
1557 2872 1787 2912 Iucundum
1807 2874 1910 2913 nihil
1927 2879 2000 2924 est,
2030 2877 2110 2916 nisi

1233 2934 1342 2981 quod
1370 2933 1502 2983 reficit
1526 2934 1724 2972 varietas.
1752 2958 1795 2962 -—
1828 2935 1927 2987 Hoc]
1955 2937 2107 2978 «Hunc

1233 2994 1431 3033 omnium
1447 2995 1607 3034 artium
1624 3005 1824 3036 amorem
1837 2999 1882 3036 et
1896 2996 2074 3038 cultum.
2085 3013 2106 3034 ιι

1238 3078 1280 3083 -
1309 3055 1450 3106 paces]
1482 3057 1602 3095 Non:
1637 3056 1837 3098 «diversa
1866 3060 1988 3110 pacis
2019 3059 2109 3100 foe-

1235 3117 1338 3156 dera
1357 3134 1392 3165 ‚n
1425 3117 1527 3157 sed:
1564 3118 1697 3158 «bona
1728 3118 1883 3169 (dulcia
1905 3123 1950 3160 et
1969 3121 2105 3172 grat-a)

1234 3180 1355 3229 pacis
1394 3181 1595 3231 tempora
1636 3182 1679 3220 et
1719 3181 1888 3222 artibus
1919 3184 1963 3222 et
1990 3183 2107 3223 vitae

1235 3241 1481 3280 commodis
1525 3242 1740 3293 imprimis
1785 3238 2015 3283 faventia.»
2058 3268 2103 3273 -

1230 3303 1421 3350 ventique
1447 3303 1628 3354 secundi]
1661 3305 1903 3354 «Prospera
1932 3303 2104 3344 fortuna

1232 3364 1317 3403 hoc
1347 3364 1513 3411 effecit,
1554 3367 1602 3404 ut
1629 3363 1702 3404 tali
1732 3364 1864 3404 modo
1895 3366 2105 3417 tantoque

1233 3437 1332 3465 cum
1352 3437 1565 3467 successu
1582 3427 1734 3466 Graeci
1756 3425 2012 3466 liberalibus
2032 3438 2106 3467 ar-

1232 3487 1347 3526 tibus
1388 3498 1570 3539 operam
1601 3487 1813 3534 darent3»
1859 3488 2049 3537 imagine
2080 3499 2104 3528 a
