2231 3787
205 230 305 280 798
1014 232 1228 273 HORATn

719 412 764 456 E
799 411 855 456 X
891 411 932 456 C
967 411 1016 456 U
1051 410 1100 455 R
1136 410 1172 453 S
1209 409 1258 454 U
1293 408 1330 452 S
1398 407 1501 452 IX.

517 527 894 568 DOEDERLEINII
926 524 1347 565 INTERPRETATIO
1378 535 1449 564 vv.
1482 524 1554 564 254
1578 524 1710 564 -260,

482 639 499 657 «
513 621 689 670 Syllaba
718 621 844 671 lonya
873 619 985 658 brevi
1014 617 1197 658 subiecta
1223 622 1399 657 vocatur
1427 617 1590 657 iambus
1605 629 1618 665 ‚·

422 694 494 731 Pes
521 692 625 730 citus
648 712 691 718 —
716 691 825 729 unde
853 689 980 729 etiam
1010 689 1209 728 trimetris
1238 698 1470 727 accrescere
1499 688 1616 727 iussit

423 762 581 800 Nomen
613 760 804 809 tambeis,
836 771 931 798 cum
959 769 1076 797 senos
1106 759 1295 797 redderet
1324 759 1453 807 ictus,

421 832 586 870 Primus
615 831 671 869 ad
699 834 932 869 &Blremum
961 829 1106 867 similis
1134 828 1223 867 sibi.
1250 851 1297 856 —
1328 829 1442 867 Non
1470 829 1552 866 iia
1575 828 1799 878 pridem.

427 902 456 940 T
456 902 604 940 ordior
633 905 678 940 ut
702 900 833 950 paulo
862 900 1118 950 yrafviorque
1145 900 1305 938 veniret
1333 900 1389 937 ad
1417 909 1562 947 aures,

423 972 633 1021 Spondeos
662 970 824 1009 stabiles
852 970 895 1008 in
925 971 1023 1008 iiii-a
1046 973 1231 1019 paterna
1260 969 1413 1018 recepit

423 1042 666 1081 Commodus
695 1044 733 1080 et
759 1041 946 1089 patiens,
978 1051 1061 1078 *non
1091 1043 1136 1078 ut
1165 1040 1213 1078 cle
1241 1040 1333 1078 sede
1361 1039 1541 1078 secunda

425 1112 591 1151 Cederet
620 1115 694 1150 aut
723 1115 879 1160 quarta
908 1110 1117 1149 socialiter
1129 1120 1141 1156 ;
1172 1109 1236 1148 hic
1267 1113 1304 1149 et
1333 1110 1376 1148 in
1403 1109 1500 1149 Acci

422 1181 635 1221 Nobilibus
664 1180 863 1220 trimetris
894 1184 1072 1230 apparet
1100 1191 1230 1219 rarus
1259 1184 1298 1219 et
1325 1180 1469 1219 Enni.

420 1253 467 1291 In
497 1263 662 1291 scenam
691 1252 882 1290 missus
910 1262 1065 1302 magno
1096 1261 1190 1290 cum
1214 1251 1399 1300 pondere
1426 1261 1614 1289 versus

422 1322 503 1361 Aut
533 1333 683 1371 operae
713 1321 855 1361 celeris
883 1321 1061 1360 nimium
1091 1331 1277 1370 curaque
1306 1321 1508 1368 careum,

419 1392 499 1431 Aut
530 1392 750 1442 iynoratae
773 1391 930 1441 premit
965 1392 1071 1430 artis
1099 1391 1273 1430 crimine
1303 1391 1429 1440 turpi.

313 1465 373 1502 lta
406 1463 441 1502 si
472 1461 746 1510 distinxeris,
796 1472 882 1500 non
914 1461 1047 1501 modo
1079 1461 1213 1501 stabit
1242 1461 1306 1500 rei
1336 1462 1500 1502 veritas
1531 1459 1734 1510 indubia,
1781 1460 1861 1500 sed
1894 1461 2027 1500 etiam

204 1534 353 1573 mirari
384 1532 587 1578 desines,
635 1543 714 1571 cur
755 1532 960 1571 Horatius
990 1534 1080 1571 tam
1110 1530 1327 1572 trivialem
1358 1531 1486 1583 pedis
1516 1531 1695 1571 iambici
1725 1530 2028 1570 definitionem

204 1604 509 1656 praemiserit3
545 1614 661 1642 nunc
690 1603 879 1642 ironiam
909 1603 1056 1642 inesse
1088 1601 1318 1653 intelliges.
1381 1603 1512 1651 «Quis
1545 1602 1728 1642 demum
1760 1602 1930 1652 ignorat
1956 1600 2027 1640 vel

205 1674 488 1722 addubitat,»
523 1675 687 1724 inquit,
738 1672 876 1724 «quid
914 1674 969 1713 sit
1008 1672 1220 1713 iambus?
1279 1671 1457 1723 Syllaba
1493 1671 1699 1712 videlicet
1735 1670 1864 1722 longa
1901 1671 2029 1711 brevi

203 1745 424 1793 subiecta,
473 1755 560 1795 quo
593 1743 780 1783 efficitur
808 1754 889 1794 pes
920 1744 1046 1783 citus.
1107 1743 1156 1782 Id
1187 1744 1223 1783 si
1253 1743 1384 1783 hodie
1417 1745 1461 1782 et
1488 1741 1663 1794 pueruli
1693 1742 1837 1781 sciunt
1866 1743 1910 1781 et
1936 1742 2029 1781 tra-

205 1815 462 1866 goediarum
509 1814 750 1865 scriptores
795 1813 1056 1861 observant,
1103 1815 1253 1853 tamen
1295 1813 1399 1852 olim
1439 1812 1555 1864 apud
1599 1823 1678 1852 nos
1718 1823 1805 1852 non
1835 1812 1892 1852 ita
1924 1811 2023 1858 fuit3

204 1897 307 1926 nam
346 1886 478 1938 prisci
515 1886 673 1936 poetae
717 1884 900 1923 Romani
929 1884 1173 1935 proavique
1206 1884 1344 1923 nostri
1374 1883 1577 1923 fecerunt
1607 1882 1928 1933 laudaruntque
1958 1880 2027 1921 vel

206 1967 283 1995 eos
315 1957 542 1995 trimetros
572 1953 810 2002 iambicos,
843 1954 887 1993 in
919 1953 1081 2005 quibus
1112 1956 1291 2005 praeter
1321 1964 1484 1993 nomen
1514 1952 1620 1992 nihil
1640 1953 1732 1993 fere
1753 1953 1895 1993 inerat
1914 1953 2028 1992 iam-

204 2027 293 2065 bici
330 2024 402 2064 vel
441 2024 699 2073 celeritatis,
746 2023 949 2063 libertate
985 2025 1191 2064 nimirum
1223 2023 1485 2064 admittendi
1515 2023 1702 2075 spondei
1733 2024 1775 2063 in
1805 2022 2029 2063 licentiam

207 2106 436 2136 conversa.
497 2096 543 2133 In
589 2095 769 2134 Graecia
817 2095 980 2145 quippe
1023 2093 1242 2145 paulum
1289 2094 1503 2134 tarditatis
1535 2097 1579 2134 et
1607 2095 1830 2145 gravitatis
1860 2093 2027 2133 addere

206 2165 437 2205 voluerant
465 2168 623 2216 poetae
656 2165 841 2204 senariis
873 2164 1176 2216 spondeorum
1208 2164 1472 2212 stabilitate3
1505 2165 1605 2204 heic
1635 2166 1810 2212 autem,
1844 2166 2025 2211 Romae,

204 2235 274 2275 vel
320 2234 697 2275 nobilissimorum
736 2237 968 2286 poetarum
1007 2235 1195 2274 trimetri
1236 2236 1400 2275 nimio
1437 2234 1562 2286 plus
1601 2235 1816 2275 tarditatis
1849 2236 1893 2274 et
1920 2245 2028 2274 me-

206 2318 315 2346 ram
346 2307 606 2356 gravitatem
638 2304 884 2353 habebant,
920 2316 972 2344 ex
1004 2305 1249 2353 celeritate,
1283 2316 1397 2356 quae
1429 2307 1606 2357 propria
1638 2307 1706 2346 est
1734 2304 1926 2344 iambico
1955 2315 2029 2355 ge-

206 2377 325 2421 neri,
359 2375 418 2415 nil
449 2375 541 2415 fere
572 2376 840 2422 retinentes3
874 2378 964 2414 tam
996 2374 1111 2426 pleni
1143 2375 1384 2426 refertique
1417 2378 1542 2415 erant
1571 2376 1804 2427 spondeis,
1839 2377 1884 2415 et
1912 2375 2028 2414 iam-

206 2447 275 2487 bis
305 2447 434 2485 rari.»
492 2447 644 2496 Itaque
674 2457 758 2484 non
786 2446 847 2484 iia
870 2446 1038 2495 pridem
1069 2447 1249 2486 minime
1281 2447 1344 2485 sic
1375 2446 1541 2485 dictum
1574 2449 1665 2495 est,
1705 2447 1755 2485 ut
1783 2446 1869 2486 Sat.
1901 2447 1949 2495 2,
1982 2446 2023 2494 2,

206 2516 273 2556 46.
301 2517 414 2556 haud
442 2517 503 2555 ita
528 2516 714 2566 pridem,
749 2516 827 2556 sed
856 2510 1098 2567 praedicati
1121 2515 1268 2556 locum
1299 2515 1469 2556 obtinet
1497 2518 1582 2566 ita,
1615 2519 1664 2556 ut
1692 2517 1736 2556 in
1765 2515 1836 2557 illo
1860 2527 1944 2556 non
1970 2519 2027 2556 est

207 2588 287 2635 ila,
322 2587 488 2627 omisso
519 2585 658 2626 verbo
690 2585 987 2635 substantivo,
1019 2585 1150 2638 plane
1182 2588 1229 2626 ut
1260 2587 1405 2627 Carm.
1439 2588 1489 2635 ⁶2,
1522 2588 1592 2636 45,
1627 2586 1709 2627 40:

486 2657 585 2696 Tum
614 2656 747 2706 spissa
774 2657 908 2695 ramis
936 2656 1084 2696 laurea
1110 2657 1292 2708 fervidos

481 2727 686 2766 Eaecludet
714 2727 831 2766 ictus.
893 2728 987 2766 Non
1018 2728 1075 2766 ita
1106 2728 1270 2767 Romuli

590 2797 919 2848 Praescriptum
949 2801 986 2836 ec
1018 2798 1171 2837 intonsi
1201 2798 1368 2837 Catonis

701 2867 906 2916 Auspiciis
931 2871 1197 2917 veterumque
1224 2879 1389 2906 norma.

208 2938 429 2989 Aristoph.
462 2935 608 2976 Nubb.
642 2937 693 2975 5:
742 2935 800 2975 Οἱ
833 2934 870 2974 δ’
914 2937 1096 2977 οἰκέται
1131 2934 1412 2994 ῥέγκουσιν·
1459 2932 1556 2977 ἀλλ’
1587 2932 1676 2979 οὐκ
1705 2933 1768 2978 ἄν
1797 2935 1890 2996 πρὸ
1920 2936 2020 2980 τοῦ.

209 3009 371 3048 Pridem
399 3017 532 3054 vero,
565 3016 667 3044 cum
696 3008 875 3057 proprie
908 3008 1177 3047 contrarium
1208 3009 1263 3047 sit
1292 3008 1504 3048 adverbio
1533 3021 1688 3059 nuper,
1730 3021 1818 3049 non
1848 3010 1903 3050 ita
1935 3010 2026 3051 fre-

211 3080 400 3129 quenter
445 3086 523 3128 pro
562 3075 659 3114 olim
689 3087 843 3127 oppos.
876 3089 986 3116 nunc
1014 3079 1218 3130 usurpari
1249 3080 1473 3127 concedo;
1521 3079 1602 3120 sed
1631 3079 1681 3120 fit
1708 3081 1858 3121 tamen
1889 3081 2027 3124 inter-

211 3149 340 3197 dum,
374 3148 423 3187 ut
441 3146 592 3186 lustin.
616 3145 682 3193 3⁴,
707 3145 753 3184 3:
786 3146 955 3186 Italiam
983 3149 1186 3189 notiorem
1209 3150 1284 3189 sibi
1313 3161 1445 3189 nunc
1475 3161 1602 3200 quam
1626 3151 1830 3200 pridem
1855 3151 2024 3202 fuisse.»

863 3252 891 3276 f
1156 3284 1159 3285 ⁷
1359 3253 1389 3278 ef

1110 3292 1138 3318 4,Ϊέ

321 3375 606 3415 Memoranda
638 3386 754 3416 nunc
785 3378 852 3416 est
882 3375 1014 3414 etiam
1046 3375 1181 3414 Iahnii
1212 3376 1452 3416 novissima
1479 3376 1640 3416 horum
1661 3385 1874 3416 versuum
1894 3376 2026 3415 inter-

210 3445 418 3496 pretatio,
453 3456 586 3496 quam
616 3444 796 3499 protulit
815 3446 857 3484 in
879 3443 1119 3486 Annalibus
1141 3446 1231 3485 suis
1261 3444 1367 3495 (Vol.
1391 3445 1460 3486 47.
1484 3457 1524 3497 p.
1549 3445 1629 3486 474
1650 3445 1735 3496 sq.)
1757 3445 1824 3486 his
1845 3446 2021 3486 verbis:

2129 3186 2158 3215 .,‚
