2231 3787
802 257 897 296 ΜΒ.
933 258 981 296 11.
1044 259 1154 297 SAT.
1192 259 1276 298 Vll.

1858 262 1958 312 :335

213 389 527 458 {guingentis
568 396 746 458 empto
788 387 1055 441 drachmis
1097 388 1488 459 deprenderis?
1527 393 1687 444 Auser

214 492 294 543 Me
335 490 477 543 voltu
519 500 746 555 terrere;
788 507 1004 543 manum
1043 489 1487 562 stomachumque
1530 500 1728 546 teneto.

212 593 374 653 Dum,
421 610 561 663 quae
604 592 831 664 Crispini
872 591 1054 646 docuit
1091 610 1177 646 me
1216 593 1430 654 ianitor,
1480 593 1599 648 edo,

211 696 280 747 Te
320 694 512 747 coniux
553 693 726 748 aliena
765 695 932 765 capit,
975 694 1314 748 meretricula
1352 696 1585 748 Davum:

212 798 403 849 Peccat
439 805 557 849 uter
596 806 837 849 nostrum
876 813 1037 850 cruce
1077 795 1327 867 dignius?
1373 797 1523 851 Acris
1562 798 1652 851 ubi
1693 817 1777 852 mc

207 898 404 950 Natura
443 897 687 960 intendit,
731 897 831 951 sub
871 897 1015 952 clara
1053 898 1198 952 nuda
1236 897 1456 953 lucerna

245 1046 311 1087 43.
345 1048 657 1097 deprehenderis
686 1047 780 1095 b‚F.
819 1070 861 1076 —
908 1047 972 1088 45.
1016 1049 1234 1099 Chrysippi
1274 1061 1310 1089 c.
1357 1073 1398 1077 —
1443 1048 1507 1090 4-8.
1550 1050 1725 1091 incendit
1766 1054 1897 1103 p,1,(:t

190 1112 231 1150 et
262 1110 497 1151 Bentleius.
534 1134 580 1139 —
614 1112 784 1152 lacerna
814 1113 880 1151 Sc.

132 1242 304 1283 occulta
337 1247 429 1283 arte
461 1243 583 1283 vafer
620 1255 776 1284 servus
813 1244 854 1282 in
896 1244 1007 1283 haec

131 1305 366 1346 delabitur.
402 1328 446 1333 ——
482 1306 1007 1360 Quitzyentis—drachmis]

130 1369 307 1409 circiter
327 1368 420 1409 450.
448 1369 512 1407 Fr.
539 1367 661 1417 Gali„
685 1378 884 1417 summa,
919 1380 1006 1420 qua

129 1431 279 1472 viliora
319 1433 489 1471 tantum
529 1431 748 1482 mancipia
789 1430 1006 1471 emeban-

130 1498 214 1535 tur.
251 1517 295 1523 —
326 1494 467 1545 Aufer]
502 1493 730 1543 «Abstine,
775 1493 912 1542 noli;»
952 1505 1005 1534 ex

129 1568 210 1597 usu
242 1556 512 1608 quotidiano.
573 1555 710 1596 Plaut.
747 1555 921 1596 Curcul.
954 1557 1000 1605 2,

129 1621 173 1668 4,
221 1619 295 1659 30:
346 1619 496 1670 Aufer,
538 1629 711 1669 quaeso,
758 1620 838 1658 isla
881 1623 1006 1668 atque

125 1682 199 1721 hoo
226 1683 449 1732 responde,
482 1683 591 1732 quod
619 1694 735 1734 roqo.
762 1705 806 1710 —
832 1693 1004 1721 manum

124 1745 459 1795 stomachumque
500 1745 649 1796 teneto]
699 1746 833 1785 «iram
878 1756 1003 1785 com-

124 1817 302 1858 pesce.»
355 1808 526 1847 Etenim
557 1808 628 1848 hic
667 1807 845 1858 fingitur
881 1808 1003 1847 fron-

126 1871 217 1909 tem
249 1870 512 1910 contrahere
545 1882 597 1910 ac
628 1873 753 1910 torvo
775 1869 894 1910 voltu
925 1871 1005 1910 mi-

124 1942 281 1972 nacem
318 1943 501 1973 manum
543 1932 751 1973 extollere
782 1934 998 1973 Horatius.

129 2017 171 2023 —
195 1995 387 2047 Crispini]
411 1995 532 2035 Conf.
557 1997 644 2035 sat.
671 1996 715 2045 4,
751 1995 794 2044 4,
831 1996 923 2035 ⁴20.
952 2019 996 2024 —

122 2057 291 2108 ianitor]
336 2059 397 2097 Ex
438 2060 579 2098 servis
617 2057 844 2098 vilioribus
876 2060 999 2098 erant

123 2120 352 2169 ianitores,
377 2122 561 2170 ostiarii,
586 2122 818 2170 atrienses,
843 2123 998 2161 catena

123 2182 345 2222 interdum
376 2182 547 2233 alligati.
610 2185 687 2223 Hic
717 2185 848 2235 igitur
884 2195 997 2235 quo-

122 2244 225 2285 tidie
249 2256 350 2284 cum
372 2245 544 2285 audiret
574 2246 739 2286 domini
770 2245 996 2287 declama-

121 2306 359 2354 tiunculas,
404 2309 499 2359 ipse
531 2319 708 2358 quoque
739 2309 997 2360 semiphilo-

121 2369 287 2420 sophus
307 2369 446 2409 factus
468 2373 560 2409 erat
591 2369 813 2421 talemque
840 2372 997 2411 effece-

121 2433 189 2470 rat
210 2432 341 2471 etiam
364 2433 534 2471 Davum
556 2431 778 2481 sodalem,
813 2435 882 2472 cui
906 2434 996 2473 Cri-

120 2493 296 2544 spinum
340 2494 485 2544 ipsum
529 2493 682 2534 audire
726 2494 995 2546 denegatum

120 2558 229 2594 erat.
289 2556 381 2595 Iam
411 2556 589 2607 sapiens
626 2555 694 2596 ille
726 2558 883 2598 ianitor
913 2558 995 2598 ob-

118 2617 259 2668 iurgat
290 2618 430 2658 virum
463 2619 753 2671 conspicuum
792 2623 834 2660 et
870 2619 995 2661 locu-

118 2678 282 2731 pletem
313 2680 368 2720 de
391 2679 563 2721 illorum
585 2693 792 2732 numero,
827 2684 897 2733 qui
918 2683 995 2724 Cu—

117 2742 203 2781 rios
238 2743 435 2782 simulant
463 2748 500 2784 et
537 2744 824 2784 Bacchanalia
850 2747 995 2786 vivunt

120 2804 282 2854 (iuven.
315 2805 364 2854 2,
411 2805 466 2856 3.)
499 2817 605 2855 non,
652 2809 699 2847 ut
735 2807 840 2848 olim
868 2808 993 2849 vole-

119 2864 246 2913 bant,
280 2867 507 2907 Horatium
536 2869 703 2920 ipsum‚
737 2871 808 2910 cui
837 2870 992 2912 anulus

118 2929 339 2976 equestris
371 2930 414 2968 et
453 2930 669 2972 iudicatus
707 2933 759 2984 (v.
790 2933 874 2983 53.)
907 2934 992 2973 mi-

119 2987 236 3027 nime
259 2991 550 3038 conveniunt3
584 3004 856 3046 quamquam
885 3007 994 3036 non-

119 3049 233 3090 nulla
254 3051 406 3092 vernili
438 3054 630 3103 quadam
660 3057 822 3098 malitia
851 3059 894 3099 in
915 3059 992 3099 he-

118 3123 218 3152 rum
249 3124 406 3154 servus
445 3114 695 3167 detorquet.
748 3120 874 3168 Quod
910 3133 991 3162 au-

117 3175 208 3214 tem
228 3185 270 3214 v,
295 3174 359 3215 46.
401 3176 572 3218 Davum
602 3177 806 3230 luparum
844 3185 991 3224 secta-

117 3237 260 3275 torem
305 3238 487 3289 opponit
534 3241 723 3280 moecho
772 3243 986 3294 ingenu0‚

117 3295 188 3336 vel
217 3297 338 3349 fingit
367 3299 451 3339 hoc
481 3302 660 3342 nomine
690 3303 825 3344 fuisse
856 3307 988 3347 etiam

118 3358 305 3411 Crispini
346 3362 580 3403 ianitorem
621 3363 690 3404 vel
735 3366 870 3405 utitur
909 3379 990 3407 no-

117 3420 236 3460 mine
273 3432 507 3464 servorum
543 3425 670 3466 valde
711 3428 869 3468 usitato
909 3440 988 3481 pro

117 3480 376 3532 appellativo
404 3487 525 3526 servi.

1128 1242 1274 1283 47-52.
1334 1244 1477 1296 cruce]
1525 1245 1741 1297 supplicio
1786 1247 1947 1287 servili.

1074 1304 1136 1344 Cf.
1162 1306 1248 1345 Sat.
1276 1306 1325 1355 4,
1358 1306 1404 1355 3,
1439 1307 1505 1347 82.
1558 1308 1666 1360 Epp.
1693 1310 1738 1357 4,
1774 1311 1845 1358 46,
1881 1310 1947 1350 48.

1075 1389 1119 1395 —
1151 1369 1322 1408 Natura
1361 1370 1548 1422 intendit]
1593 1373 1828 1423 «tentigine
1869 1384 1950 1412 ve-

1068 1431 1185 1469 xat.»
1236 1431 1304 1470 Sic
1334 1433 1456 1472 recte
1490 1433 1573 1473 Fea
1597 1444 1650 1473 ex
1671 1433 1835 1485 aliquot
1856 1436 1947 1475 suis

1071 1492 1210 1532 Codd.
1230 1495 1273 1532 et
1294 1494 1400 1533 Edd.
1417 1496 1541 1544 vett„
1561 1495 1829 1546 quibuscum
1849 1509 1951 1537 con—

1069 1556 1264 1596 sentiunt
1284 1556 1434 1608 plures
1458 1559 1649 1598 Pottierii
1671 1561 1713 1599 et
1736 1561 1838 1609 mei,
1867 1572 1947 1611 pro

1069 1618 1216 1660 minus
1254 1620 1408 1660 vei-nili
1448 1621 1640 1661 incendit.
1697 1624 1820 1663 Conf.
1856 1625 1942 1663 Sat.

1070 1681 1116 1728 4,
1150 1681 1197 1729 2,
1233 1682 1248 1721 4
1262 1682 1336 1722 48;
1386 1683 1511 1722 malis
1541 1685 1736 1736 tentiqine
1770 1685 1947 1735 rumpi?

1069 1743 1218 1782 Iuven.
1244 1744 1316 1792 44,
1352 1745 1452 1784 2167:
1495 1747 1632 1797 massis
1659 1747 1726 1786 ille
1754 1749 1946 1788 extendi-

1067 1809 1159 1854 tur,
1195 1805 1276 1845 «ad
1297 1817 1511 1847 venerem
1533 1809 1780 1850 incitatur.»
1833 1812 1945 1851 Cum

1067 1869 1157 1907 toto
1181 1866 1279 1907 loco
1297 1880 1506 1921 compara
1524 1870 1790 1913 Philemonis
1808 1872 1944 1913 verba

1066 1930 1108 1968 in
1138 1931 1325 1970 Meinek.
1351 1933 1523 1983 Fiagm.
1550 1934 1673 1974 Com.
1708 1934 1754 1984 4,
1789 1934 1834 1975 4;
1882 1934 1944 1975 Σὲ

1064 1988 1159 2061 ῆζὰρ
1187 1992 1421 2045 (Solonem)
1435 1960 1648 2065 ῗλέγοισι
1668 2020 1731 2026 --
1751 1993 1943 2050 Μεστὴν

1065 2049 1252 2111 ὁρῶντα
1280 2052 1368 2108 τὴν
1389 2053 1527 2097 πόλιν
1548 2059 1801 2115 νεωτέρων,
1827 2057 1944 2100 Τού-

1062 2130 1177 2169 τους
1214 2121 1252 2158 τ
1296 2114 1497 2172 ε’χοντας
1542 2118 1629 2175 τὴν
1674 2118 1941 2177 ἀναγκαίαν

1062 2178 1236 2230 φύσιν,
1264 2177 1701 2253 Ἇμαρτάνονταςτ’
1725 2187 1792 2237 εἰς
1822 2182 1850 2226 ὃ
1869 2184 1940 2240 μὴ

1062 2240 1310 2300 προσῆκον
1341 2259 1424 2298 ην,
1461 2245 1646 2300 Στῆσαι
1675 2246 1940 2306 πριαιιειόν

1060 2318 1136 2345 τοι
1178 2311 1408 2376 χύναῐκας
1438 2322 1562 2349 κατα
1600 2307 1780 2361 τόπους
1823 2312 1940 2351 Κοι-

1059 2364 1145 2418 νὰς
1174 2362 1328 2409 ἅπασι
1357 2371 1437 2410 καὶ
1466 2384 1827 2424 κατεσκευασιιε
1822 2374 1934 2423 ἶνας.

1055 2425 1293 2471 Εστᾶσι
1281 2435 1480 2485 γυαναί
1511 2433 1580 2486 ιιὴ
1611 2431 1934 2504 §azar-⁷785?

1060 2490 1200 2532 πάνθ’
1234 2490 1339 2551 ὅρα.
1374 2491 1472 2536 Οὐκ
1504 2497 1554 2537 εὐ
1588 2496 1794 2538 σεαυτοῦ
1826 2510 1937 2552 τυγ-

1059 2553 1223 2607 χάνεις
1273 2553 1425 2605 &mom
1476 2554 1601 2610 χέεις
1640 2556 1937 2611 Εστυκότως

1060 2631 1185 2670 πως;
1217 2615 1247 2673 ἦ
1270 2617 1395 2679 θίρα
1412 2616 1500 2662 ”στ
1522 2635 1734 2677 ανεωγμε
1716 2637 1813 2697 ενη..
1853 2618 1936 2674 Εἷς

1059 2677 1250 2733 ὀβολός·
1271 2681 1583 2738 εἰσπήδησον·
1603 2682 1692 2727 οὐκ
1715 2682 1808 2727 ε’στ
1824 2681 1935 2727 οὐδὲ

1058 2741 1125 2796 εἷς
1163 2741 1416 2799 Ἀκκισιιὸς
1460 2743 1572 2789 οὐδὲ
1613 2746 1787 2819 λῆρος,
1834 2744 1932 2790 οὐδ

1057 2803 1366 2866 ὑφήρπασεν,
1394 2805 1506 2850 Ἀλλ
1539 2806 1704 2862 εὐθύς,
1737 2807 1802 2862 ὠς
1821 2808 1936 2860 βού-

1056 2869 1125 2912 λει
1144 2869 1222 2923 σύ,
1245 2868 1347 2921 χῶν
1365 2871 1532 2922 βούλει
1553 2873 1747 2933 τρόπον.
1778 2871 1935 2929 Ἐξῆλ-

1054 2935 1154 2985 θες·
1187 2933 1408 2988 οἰμώζειν
1438 2935 1549 2991 λέγ’,
1582 2933 1811 2996 ἀλλοτρία
1835 2933 1932 2979 ’στί

1055 3009 1150 3037 σοι.
1187 3021 1230 3026 —-
1263 2999 1337 3038 sub
1367 2999 1487 3039 clara
1515 3002 1632 3040 nuda
1662 3001 1848 3053 lacerna]
1888 3002 1931 3041 in

1052 3058 1276 3111 lupanaris
1307 3060 1430 3101 cella.
1468 3063 1616 3102 iuven.
1654 3062 1702 3110 6,
1747 3063 1839 3102 424.
1874 3062 1929 3103 de

1052 3121 1316 3162 Messalina:
1362 3124 1543 3164 Intravit
1585 3125 1769 3164 calidum
1803 3127 1931 3165 veteri

1052 3188 1219 3224 centone
1261 3186 1446 3235 lupanar
1487 3187 1540 3226 Et
1576 3187 1724 3227 cellam
1750 3199 1930 3227 vacuam

1053 3251 1177 3297 atque
1203 3259 1350 3287 suam:
1382 3253 1469 3288 tum
1497 3251 1612 3288 nuda
1635 3250 1809 3300 papillis
1827 3250 1928 3289 Con-

1051 3309 1152 3349 stitit
1172 3311 1349 3350 auratis.
1373 3312 1616 3362 Utrumque
1637 3314 1786 3351 autem
1807 3311 1928 3350 clara

1051 3370 1224 3411 lacerna
1240 3374 1284 3412 et
1303 3374 1418 3412 nuda
1433 3373 1645 3424 significat
1663 3371 1925 3412 vilissimum

1052 3433 1369 3483 prostibulum,
1403 3434 1523 3484 quod
1561 3443 1740 3474 omnem
1779 3432 1925 3484 pudo-

1052 3505 1168 3543 rem,
1193 3506 1327 3545 quem
1349 3494 1508 3535 saltem
1528 3493 1703 3535 simulat
1723 3497 1923 3536 matrona
