2231 3787
324 252 414 304 180

942 255 1154 294 ltoRATn
1186 255 1484 297 SATIRARUM

381 385 658 437 Detereret
700 383 798 435 sibi
839 384 1024 442 inulta,
1067 385 1332 438 recideret
1370 401 1526 437 oinne
1566 384 1712 455 quod
1754 385 1888 438 ultra

382 485 677 537 Perfectum
717 484 1040 543 traheretur,
1083 495 1133 537 et
1172 486 1222 536 in
1261 502 1419 537 versu
1463 484 1703 538 faciendo

2045 487 2113 538 70

378 585 551 656 Saepe
590 596 749 656 eaput
790 585 1057 645 scaberet,
1099 586 1249 638 vivos
1288 594 1340 638 ct
1378 585 1595 639 roderet
1632 603 1856 656 ungues.

378 686 551 756 Saepe
592 685 767 738 stiluin
808 695 1012 739 vertas,
1059 687 1248 739 iteruin
1289 703 1430 756 quae
1470 685 1630 756 digna
1670 686 1771 757 legi
1813 687 1936 751 sint,

376 787 706 857 Scripturus‚
750 804 950 857 neque,
995 796 1045 839 te
1087 795 1143 839 ut
1181 786 1402 839 miretur
1440 786 1619 847 turba,
1661 786 1898 851 laboreS,

374 888 662 942 Contentus
701 888 885 957 paucis
925 887 1232 940 lectoribus,

1306 888 1384 940 An
1423 896 1513 940 tua
1552 887 1777 942 demens

373 987 573 1041 vilibus
614 988 663 1039 in
702 987 841 1040 ludis
880 987 1067 1041 dictari
1107 988 1343 1042 carmina
1380 987 1574 1041 malis?
2042 988 2109 1042 75

374 1091 798 1159 Nonego;na1n
826 1089 994 1142 satis
1020 1097 1123 1142 est
1154 1088 1448 1158 equitem
1477 1088 1634 1142 mihi
1674 1089 2040 1161 plaudere,

1150 1198 1205 1242 ut
1242 1189 1444 1247 audax.

411 1380 476 1418 76.
511 1378 621 1430 nam]
655 1390 731 1418 non
766 1379 955 1418 Pottierii
987 1389 1099 1418 unus
1132 1377 1198 1429 (4).

300 1536 472 1585 differtis
513 1535 672 1573 anum?
720 1557 762 1562 —
813 1536 1022 1573 Detereret
1065 1531 1170 1582 eet.]

300 1599 433 1636 “Tum
464 1596 590 1646 longe
621 1595 746 1635 aliter
775 1595 1013 1642 seriberet;
1060 1594 1173 1646 poli-

299 1660 454 1705 tiores,
512 1659 656 1697 minus
701 1657 845 1708 asperi
891 1659 1042 1697 essent
1079 1657 1172 1697 eius

296 1731 481 1766 versus,
528 1722 692 1759 Graeca
739 1730 825 1758 non
870 1720 1141 1758 immisceret
1164 1750 1172 1767 ,

298 1783 442 1821 omnia
464 1782 635 1828 vitaret,
659 1792 771 1831 quae
794 1792 910 1820 nunc
930 1780 1047 1831 apud
1069 1790 1172 1819 eum

298 1842 366 1883 vel
388 1842 655 1882 verbositate
678 1841 746 1881 vel
769 1842 1065 1892 qualicunque
1089 1841 1171 1881 alio

296 1905 399 1944 vit-io
419 1903 678 1954 perfectioni
701 1904 899 1953 poeticae
930 1903 1170 1942 officiunt.»

303 1990 346 1995 —
379 1965 628 2016 traheretur]
674 1965 719 2003 In
759 1965 842 2004 hoe
881 1964 1022 2004 verbo
1057 1965 1171 2005 inest

296 2028 477 2067 inertiae
516 2029 649 2076 atque
687 2025 914 2066 molestiae
951 2026 1171 2076 significa-

296 2090 368 2129 tio.
407 2111 451 2117 —-
473 2092 597 2137 caput
626 2087 809 2126 scaberet
839 2087 939 2138 eet.]
972 2088 1079 2126 Sunt
1100 2098 1171 2137 ge-

297 2154 389 2191 stus
420 2150 671 2190 meditantis
699 2152 830 2199 atque
853 2149 1169 2189 stomachantis

296 2224 371 2260 eo,
396 2212 514 2263 quod
539 2214 579 2250 et
602 2211 888 2261 cogitationes
910 2213 950 2250 et
973 2211 1108 2250 verba
1129 2213 1171 2250 et

293 2286 451 2315 versus
474 2274 617 2312 minus
637 2273 895 2324 procedant.
942 2273 1078 2311 Varro
1100 2274 1165 2311 Fr.

295 2349 338 2389 p.
354 2338 424 2376 26⁴¹
445 2348 452 2374 :
475 2335 652 2375 Scabens
666 2338 791 2384 caput
806 2345 910 2373 novo
924 2338 1057 2383 partu
1072 2337 1171 2383 poe*-

292 2400 385 2438 tico.
420 2395 593 2445 Quintil.
614 2397 680 2443 44,
703 2396 747 2442 3,
773 2396 874 2434 458;
906 2396 953 2434 In
973 2396 1050 2434 hac
1071 2407 1170 2434 cun-

291 2461 469 2501 ctatione
486 2463 580 2498 sunt
607 2460 814 2507 quaedam
835 2469 916 2496 non
943 2458 1170 2497 indecentes

291 2523 354 2574 (ut
392 2522 602 2572 appellant
638 2520 801 2571 scenici)
830 2531 996 2569 morae,
1042 2524 1169 2570 capul

292 2586 489 2632 mulcere,
530 2594 703 2621 manum
732 2582 904 2629 intueri,
941 2582 1169 2632 infringere

293 2647 506 2686 articulos.
543 2645 717 2684 Persius
741 2644 779 2691 4,
805 2644 904 2681 406;
937 2643 1021 2682 Nec
1034 2644 1168 2692 plute-

289 2719 361 2747 um
380 2708 513 2746 caedit
534 2717 603 2745 nec
626 2706 832 2744 demorsos
855 2705 965 2753 sapit
992 2715 1162 2755 unques.

298 2793 341 2799 —-
361 2769 486 2819 rivos]
511 2778 678 2818 «usque
700 2766 755 2806 ad
778 2767 917 2817 ipsam
940 2777 1164 2805 carnem.»

293 2830 428 2871 Plaut.
446 2830 601 2869 Bacch.
618 2830 656 2875 Ξ,
676 2828 714 2875 3,
739 2829 783 2868 8:
809 2828 1027 2866 detondebo
1045 2828 1168 2877 (arie-

292 2893 395 2941 tem)
415 2903 520 2930 auro
541 2901 667 2938 usque
681 2891 737 2928 ad
756 2890 895 2928 vivam
914 2893 1060 2928 cutem.
1087 2891 1168 2928 Lu-

291 2953 590 2998 cian.D.D.22‚
614 2952 647 2990 l:
671 2953 714 2990 τί
729 2947 886 2989 δακών
903 2947 985 2989 τὸν
1000 2947 1167 2990 δάκτυ-

292 3015 375 3056 λον
405 3017 556 3066 ζητεῖς
586 3014 667 3052 καὶ
696 3012 772 3052 ἐστὶ
803 3009 922 3052 πολὺ
942 3007 1165 3068 (laomim

346 3078 491 3117 72-77.
538 3078 667 3124 Saepe
697 3075 798 3124 eet.]
839 3076 900 3114 De
939 3076 1165 3125 postrema

291 3140 420 3180 huius
450 3150 490 3176 ν.
524 3137 691 3187 syllaba
723 3138 822 3176 ante
854 3135 1075 3187 duplicem
1102 3134 1166 3174 lit-

292 3206 431 3243 teram
461 3205 496 3239 st
526 3211 611 3238 non
644 3199 854 3249 producta
888 3198 974 3236 vid.
999 3198 1085 3236 Sat.
1116 3199 1160 3245 4,

292 3266 338 3310 ’2,
371 3264 437 3303 30.
473 3284 518 3290 -
559 3262 696 3300 stilum
732 3261 882 3310 vertas]
929 3259 1163 3309 Superiore

291 3329 416 3378 parte
448 3323 529 3365 stili
562 3323 642 3363 lata
675 3320 1013 3368 oblitterabant,
1050 3331 1162 3370 quae

292 3390 335 3427 in
373 3397 474 3426 cera
514 3386 745 3425 exararant
783 3383 984 3422 inferiore
1019 3383 1160 3421 acuta.

294 3449 382 3487 Cic.
417 3451 518 3487 Aee.
544 3448 588 3493 Ξ,
622 3445 698 3493 44,
738 3446 829 3484 404;
874 3444 997 3483 Vertit
1027 3444 1165 3482 stilum

1236 1533 1281 1571 in
1325 1531 1475 1571 tabulis
1516 1532 1620 1580 suis,
1667 1543 1747 1582 quo
1786 1533 1899 1583 facto
1939 1544 2112 1573 causam

1236 1605 1397 1634 omnem
1426 1595 1569 1634 evertit
1597 1604 1732 1633 suam.
1769 1615 1813 1621 —
1845 1606 1975 1645 neque
2005 1597 2109 1645 eet.]

1237 1657 1311 1695 His
1342 1666 1519 1706 quoque
1552 1655 1742 1696 Lucilius
1771 1657 1887 1707 tangi
1920 1657 2108 1698 videtur.

1237 1718 1324 1757 Cic.
1360 1717 1416 1756 (le
1438 1718 1554 1756 Orat.
1579 1718 1624 1766 2,
1658 1718 1703 1765 6,
1736 1719 1808 1757 25:
1844 1718 1886 1758 C.
1908 1719 2108 1768 Lucilius,

1233 1779 1351 1818 homo
1392 1780 1534 1817 doctus
1572 1783 1609 1818 et
1646 1779 1933 1828 perurbanus,
1978 1781 2112 1822 dicere

1232 1840 1384 1880 solebat
1418 1851 1548 1889 neque
1575 1850 1616 1879 se
1645 1840 1696 1879 ab
1725 1842 2011 1881 indoctissimis
2036 1853 2111 1882 ne-

1234 1913 1311 1951 que
1331 1913 1359 1940 a
1379 1903 1621 1941 doctissimis
1650 1903 1728 1954 leqi
1755 1904 1880 1952 velle,
1913 1905 2023 1953 quod
2042 1905 2110 1944 al-

1233 1965 1311 2002 teri
1351 1964 1452 2002 nihil
1499 1964 1796 2015 intelligerent,
1848 1966 1972 2005 alteri
2012 1966 2111 2015 plus

1231 2026 1406 2075 fortasse
1435 2035 1563 2073 quam
1592 2026 1698 2075 ipse,·
1740 2038 1820 2075 quo
1849 2028 1975 2067 etiam
2003 2028 2110 2067 scri-

1227 2088 1310 2136 psit
1327 2099 1339 2125 .·
1382 2088 1606 2126 Persium
1643 2099 1740 2126 non
1770 2100 1895 2128 curo
1937 2090 2110 2141 legere

1233 2150 1313 2200 (hic
1340 2150 1420 2199 fuit
1439 2151 1566 2198 enim,
1598 2154 1644 2189 ut
1668 2162 1892 2200 noramus,
1925 2152 2110 2192 omnium

1229 2212 1316 2261 fere
1362 2215 1599 2250 nostrorum
1655 2212 1868 2252 hominum
1922 2213 2110 2254 doctissi-

1232 2273 1364 2324 mus).·
1395 2273 1628 2312 Laelium
1667 2275 1941 2314 Decumum
1966 2276 2106 2325 volo,

1231 2345 1352 2383 quem
1393 2335 1657 2385 coynovimus
1697 2336 1837 2375 virum
1879 2336 2030 2376 bonum
2070 2340 2109 2376 et

1230 2409 1313 2435 non
1341 2396 1600 2435 illitteratum
1618 2398 1686 2436 sed
1706 2398 1809 2436 nihil
1827 2399 1886 2438 ad
1903 2399 2102 2438 Persiwm.

1232 2459 1354 2500 Conf.
1388 2458 1443 2497 de
1476 2459 1592 2497 Finn.
1627 2459 1675 2507 4,
1721 2459 1768 2507 3,
1815 2460 1853 2498 7.
1911 2457 2017 2499 Plin.
2051 2460 2103 2499 H.

1231 2522 1279 2559 N.
1312 2519 1451 2559 Praef.
1485 2518 1523 2569 g.
1558 2520 1597 2558 7.
1635 2541 1679 2547 —·
1716 2520 1869 2560 Vilibus
1904 2521 1948 2560 in
1983 2521 2104 2571 ludis]

1230 2581 1450 2621 Abhorret
1481 2583 1523 2620 et
1552 2581 1622 2620 hic
1643 2583 1687 2620 et
1717 2582 1824 2633 Epp.
1850 2583 1895 2631 4,
1927 2583 2002 2631 20,
2037 2583 2102 2622 47.

1230 2653 1253 2681 a
1285 2643 1571 2692 cogitatione,
1618 2639 1733 2691 fore,
1780 2646 1827 2682 ut
1870 2642 2105 2694 aliquando

1229 2715 1254 2742 a
1282 2702 1533 2754 volgaribus
1570 2703 1933 2754 praeceptoribus
1965 2704 2105 2757 expli-

1229 2768 1368 2805 cetur.
1392 2787 1436 2792 —
1455 2765 1620 2817 dictari]
1643 2767 1690 2804 ut
1710 2767 1921 2816 magister
1940 2766 2103 2807 deinde

1228 2828 1613 2877 interpretaretur,
1644 2826 1845 2878 discipuli
1867 2829 2105 2869 recitarent

1228 2899 1279 2930 ac
1318 2889 1560 2928 memoriae
1602 2888 1875 2929 mandarent.
1926 2891 2102 2932 Persius

1229 2951 1275 2997 4,
1308 2950 1384 2988 29:
1435 2949 1513 2988 Ten
1548 2950 1805 2990 cirratorum
1844 2954 2007 2991 cent-mm
2035 2951 2102 2991 di-

1226 3015 1340 3050 ctata
1366 3011 1490 3061 fuisse
1507 3012 1588 3050 Pro
1607 3011 1732 3051 nihilo
1747 3011 1939 3062 pendas?
1976 3013 2100 3054 Conf.

1228 3074 1333 3124 Epp.
1368 3073 1416 3120 ⁶2,
1451 3074 1496 3122 4,
1529 3073 1595 3112 74.
1632 3096 1677 3102 -
1709 3074 1898 3126 equitem]
1935 3074 1979 3114 id
2008 3077 2099 3124 est,

1229 3135 1457 3175 “homines
1495 3134 1635 3175 cultos
1665 3137 1798 3187 atque
1835 3137 1942 3176 artis
1982 3137 2103 3188 peri-

1227 3200 1315 3245 tos,
1350 3196 1502 3247 quales
1534 3197 1704 3248 equites
1733 3199 1953 3238 Romanos
1978 3209 2095 3239 -esse

1227 3260 1398 3299 decet.»
1450 3259 1571 3299 Conf.
1605 3260 1714 3310 Epp.
1746 3260 1793 3308 2,
1827 3260 1873 3308 4,
1908 3260 2000 3300 485.
2047 3262 2096 3300 Α.

1229 3323 1271 3360 P.
1304 3319 1382 3360 '248
1413 3331 1480 3370 sq.
1532 3343 1574 3348 —
1623 3319 1782 3370 audaoe]
1831 3319 1902 3359 hic
1950 3321 2099 3371 potius

1227 3381 1368 3423 laudis
1399 3385 1479 3422 est.
1507 3404 1551 3410 —
1575 3380 1816 3432 Arbuscula]
1848 3382 1983 3421 mima
2004 3382 2098 3421 exi-

1227 3444 1327 3482 mia.
1381 3443 1470 3483 Cic.
1504 3443 1559 3482 ad
1590 3443 1672 3482 Att.
1695 3441 1742 3491 4,
1776 3443 1847 3491 45,
1880 3443 1925 3482 6:
1959 3443 2098 3494 Quae-
