2231 3787
247 254 350 305 2⁶20

888 254 1101 294 HORATII
1133 252 1433 295 SATIRARUM

318 384 415 437 Hic
452 391 628 437 tamen
666 383 733 437 ad
772 383 961 437 melius
1000 383 1193 454 poterit
1229 391 1597 436 transcurrere
1636 380 1930 452 quondam,

319 484 441 538 Sive
482 484 624 538 diem
665 484 855 538 sestuin
896 483 1109 538 rediens
1149 483 1424 537 advexerit
1462 499 1657 544 annus,

319 587 425 640 Seu
466 603 714 640 recreare
754 585 896 639 volet
934 593 1207 639 tenuatum
1245 601 1470 654 corpus,
1513 583 1715 654 ubique

316 686 586 741 Accedent
624 687 745 739 anni
785 695 836 739 et
875 686 1085 739 tractari
1126 683 1337 738 mollius
1377 692 1524 738 aetas

1989 683 2057 734 85

327 788 600 842 linbeeilla
638 787 806 851 volet3
848 787 939 840 tibi
978 785 1236 857 quidnam
1275 785 1499 839 accedet
1536 784 1604 838 ad
1643 785 1823 847 istam,

319 892 491 954 Quam
529 906 666 960 puer
703 896 755 941 et
793 887 1000 941 validus
1038 886 1366 958 praesumis,
1408 885 1709 950 mollitiem,
1751 903 1849 939 seu

316 991 460 1043 Dura
497 989 747 1044 valetudo
794 988 1040 1042 inciderit
1076 1005 1173 1042 seu
1211 988 1364 1042 tarda
1401 987 1692 1041 senectus?

356 1155 424 1195 83.
457 1154 674 1194 advexerit
702 1163 928 1204 superscr.
963 1153 1058 1193 «vel
1086 1152 1336 1192 adduoeerit»
1370 1153 1411 1191 S.
1461 1153 1525 1202 (Ut
1554 1162 1655 1201 nos,
1688 1150 1790 1204 bcp,
1824 1151 1907 1191 sed
1932 1152 2007 1191 ad-

301 1216 468 1255 daverit
495 1216 665 1255 Veneta
697 1213 832 1264 4484.)
859 1237 904 1243 —
934 1214 1002 1255 84.
1033 1214 1151 1254 ubive
1170 1213 1355 1254 Bentleii
1385 1214 1578 1266 suspicio
1598 1215 1781 1265 recepta
1802 1212 1858 1253 ab
1880 1213 2009 1254 Hein-

302 1278 459 1319 dorfio.
497 1300 541 1306 —
574 1277 640 1317 85.
673 1281 710 1317 et
740 1288 828 1316 om.
861 1275 948 1329 bcp
980 1279 1022 1317 et
1051 1276 1292 1318 Bentleiani
1323 1287 1479 1316 omnes
1507 1277 1686 1328 praeter
1714 1276 2008 1327 Reginensem

302 1340 373 1391 (κ).
409 1362 453 1369 -
489 1339 554 1380 86.
589 1339 759 1380 accedat
786 1339 955 1379 Veneta
987 1339 1130 1388 448¹„

302 1403 381 1443 mis
411 1413 635 1454 superscr.
668 1406 683 1441 t
712 1412 757 1451 c,
784 1401 1018 1452 praesumit
1046 1400 1091 1440 b.

301 1542 447 1583 82-87.
485 1541 707 1594 quondam]
732 1543 879 1582 «certo
901 1543 1118 1593 tempore,

246 1616 326 1645 suo
358 1607 604 1655 tempore.»
661 1604 779 1654 Virg.
802 1606 910 1644 Aen.
935 1604 981 1652 2,
1015 1603 1118 1643 367:

249 1667 466 1717 Quondam
495 1667 621 1705 eliam
647 1666 766 1710 victis
795 1667 900 1705 redit
928 1666 971 1705 in
990 1677 1123 1715 prae-

244 1729 390 1768 cordia
426 1727 571 1767 virtus.
636 1729 797 1767 Statius
837 1726 938 1767 Silv.
978 1729 1027 1777 4,
1060 1729 1119 1778 2,

245 1790 318 1830 67:
351 1791 413 1830 Aa
442 1790 651 1839 quondam
680 1790 866 1829 lacrimis
886 1794 923 1829 et
941 1790 1124 1839 supplice

246 1853 395 1892 dextra
416 1873 435 1880 -
451 1874 470 1880 -
488 1853 625 1890 viram
645 1853 817 1891 concede
836 1853 1005 1892 moveri.
1042 1851 1122 1892 Alii

245 1916 390 1955 minus
407 1916 609 1952 accurate
632 1915 998 1965 interpretantur:
1025 1912 1123 1953 «ali-

246 1976 446 2027 quando,
493 1975 760 2015 interdum.»
805 1998 850 2004 —
891 1975 1120 2026 advexerit]

246 2038 367 2079 Falsa
404 2037 532 2077 lectio
570 2038 795 2077 adduaeerit
831 2040 926 2077 orta
966 2040 1033 2076 est
1070 2049 1123 2076 ex

246 2102 462 2152 scriptura
496 2101 730 2139 aduexerit.
785 2123 828 2128 —
882 2099 1120 2151 tenuatum]

246 2163 321 2204 Est
365 2163 454 2202 sere
498 2165 730 2214 poetarum
779 2173 858 2213 pro
902 2161 1122 2213 pedestris

246 2235 310 2264 or.
337 2226 662 2273 «attenuatum,
697 2225 1024 2264 extenuatum.»
1053 2224 1122 2263 Sic

246 2288 394 2326 tamen
426 2287 557 2326 etiam
579 2287 678 2325 Tac.
703 2287 814 2325 Ann.
839 2287 913 2334 45,
948 2286 1019 2325 63:
1065 2296 1125 2324 se-

245 2349 326 2387 nile
354 2360 504 2399 corpus
532 2352 569 2388 et
593 2359 730 2398 parvo
748 2348 861 2387 victu
891 2352 1118 2388 tenuatum.

249 2431 294 2439 —
327 2410 495 2462 ubique]
544 2413 621 2450 «et
663 2409 783 2449 ubi.»
833 2432 879 2437 —
924 2410 1124 2450 Accedent

245 2474 346 2512 anni
375 2478 412 2513 et
441 2473 631 2524 tractari]
664 2474 851 2523 Propter
879 2472 1025 2523 ipsum
1054 2475 1124 2512 to-

245 2536 330 2575 tius
355 2536 598 2576 sententiae
618 2532 965 2584 tranquilliorem
996 2535 1124 2574 teno-

245 2608 342 2637 rem
383 2597 541 2648 copula
584 2597 764 2636 retineri
810 2595 966 2644 debet,
1019 2607 1123 2636 cum

245 2654 508 2699 ἀσύνδετον
530 2660 680 2698 neseio
703 2669 838 2710 quam
859 2657 1015 2698 falsam
1036 2656 1125 2698 δει-

244 2718 423 2773 νότητα
453 2724 518 2766 et.
559 2724 606 2760 ut
633 2722 691 2760 ita
728 2720 897 2770 dicam,
941 2720 1121 2760 festina—

245 2784 411 2824 tionem
441 2783 634 2823 inferret.
686 2784 746 2823 Ex
783 2781 970 2822 naturali
1007 2783 1120 2822 vitae

246 2844 440 2885 decursu
476 2846 623 2884 variae
663 2845 960 2884 desumuntur
989 2845 1124 2885 ratio-

246 2918 347 2955 nes,
381 2918 459 2946 cur
489 2907 807 2957 temperantiae
839 2906 1019 2946 studere
1048 2906 1124 2945 de-

246 2967 459 3014 heamus;
510 2969 724 3019 primum,
778 2971 823 3007 ut
868 2979 1028 3019 corpus
1072 2979 1120 3008 re

245 3041 349 3069 vera
381 3041 585 3069 recreare
617 3031 858 3081 possimus,
900 3031 934 3070 si
967 3041 1122 3069 recur-

246 3092 353 3131 rerit
391 3091 603 3131 sollemne
635 3092 1006 3138 anniversarium,
1053 3090 1122 3130 vel

246 3155 281 3194 si
311 3152 538 3193 laboribus
569 3154 789 3193 extenuati
822 3153 980 3198 simus;
1006 3164 1120 3203 quae

247 3216 427 3267 quidem
467 3217 604 3267 magis
641 3216 813 3255 fortuita
846 3215 993 3255 dicere
1017 3227 1122 3267 pos-

247 3288 423 3325 sumus,
447 3288 549 3317 cum
571 3278 701 3317 etiam
724 3277 793 3316 die
817 3277 927 3317 festo
949 3278 1121 3329 parcio-

245 3350 341 3379 rem
372 3340 538 3380 xie-tum
567 3350 745 3380 servare
778 3338 906 3379 liccat
936 3342 977 3379 et
1017 3338 1121 3380 soli-

247 3401 301 3441 tis
331 3400 462 3450 cibis,
495 3412 582 3442 non
612 3400 890 3450 melioribus,
931 3401 1118 3442 reficere

246 3462 384 3502 sires:
424 3462 584 3504 deinde
617 3462 768 3504 transit
800 3461 853 3503 ad
885 3463 1122 3504 necessit-a—

1178 1341 1380 1378 aecrescet
1409 1338 1437 1377 F
1468 1338 1614 1377 tacite.
1653 1360 1697 1366 -
1736 1337 1804 1378 87.
1833 1347 2009 1388 praesu-

1185 1542 1297 1589 tem,
1340 1551 1454 1591 quae
1485 1540 1528 1579 in
1559 1541 1788 1580 senectute
1820 1551 1900 1581 nos
1935 1551 2061 1580 eom-

1187 1601 1362 1642 modius
1406 1600 1657 1651 lautiusque
1698 1612 1854 1642 curare
1899 1612 2062 1654 corpus

1187 1664 1313 1714 cogit.
1342 1686 1386 1691 —
1411 1662 1482 1702 tibi
1503 1663 1716 1713 quidnam]
1745 1665 1837 1714 «tu,
1871 1665 1945 1715 qui
1973 1665 2062 1704 iam

1185 1738 1267 1778 per
1294 1727 1500 1776 vegetam
1521 1726 1795 1766 iuventutem
1816 1728 1916 1767 ante
1946 1729 2063 1766 tem-

1184 1799 1267 1839 pus
1298 1786 1493 1827 mollitiei
1529 1789 1572 1827 te
1603 1787 1758 1837 dedis,
1801 1788 1907 1839 quid
1940 1790 2064 1840 post-

1185 1861 1237 1890 ea
1276 1850 1379 1889 huic
1417 1848 1610 1889 adiicere
1650 1850 1842 1900 poteris,
1885 1850 2062 1902 quando

1184 1915 1333 1952 tamen
1363 1912 1579 1951 maiorem
1617 1912 1868 1963 requietem
1906 1911 2063 1952 melio-

1184 1983 1348 2024 resque
1381 1972 1504 2013 cibos
1534 1973 1724 2024 vinaque
1762 1974 1960 2025 requiret
1992 1972 2062 2014 vel

1185 2036 1373 2076 adversa
1418 2034 1624 2074 valetudo
1667 2034 1737 2074 vel
1787 2037 2061 2076 senectusv»

1189 2119 1233 2126 —
1261 2109 1370 2147 puer
1398 2101 1436 2136 et
1465 2097 1639 2149 validas]
1685 2098 1760 2138 His
1803 2109 1886 2150 per
1915 2098 2063 2138 chias-

1186 2171 1309 2200 mum
1350 2160 1393 2198 in
1433 2160 1634 2211 proximo
1665 2170 1800 2200 versu
1829 2171 2063 2212 opponun-

1186 2224 1257 2261 tur
1285 2222 1409 2261 Dara
1435 2222 1627 2261 valetudo
1649 2223 1692 2261 et
1717 2223 1846 2261 tarda
1864 2227 2058 2263 senectus.

1188 2306 1235 2312 -
1262 2283 1512 2335 praesumis]
1537 2285 1662 2323 «ante
1695 2286 1872 2336 tempus
1903 2285 2058 2335 sumis,

1186 2342 1588 2403 προλαμβάνεις».
1652 2346 1721 2385 Sic
1744 2347 1991 2396 praecipere
2020 2348 2064 2387 et

1179 2420 1447 2460 praesumere
1490 2408 1745 2458 voluptatem
1791 2409 2064 2459 homonyma

1186 2472 1302 2524 apud
1334 2472 1552 2511 Senecam
1582 2471 1637 2511 de
1659 2473 1786 2511 Brev.
1807 2472 1923 2511 vitae
1945 2473 1985 2512 5.
2013 2494 2058 2500 —

1185 2535 1311 2573 tarda
1338 2533 1532 2585 senectus]
1571 2533 1668 2573 Vid.
1705 2533 1762 2573 ad
1800 2534 1888 2573 Sat.
1925 2534 1973 2582 4,
2014 2533 2058 2584 9,

1185 2596 1251 2636 32.
1283 2597 1401 2647 Virg.
1425 2597 1531 2635 Aen.
1557 2595 1601 2643 9,
1627 2596 1727 2634 640:
1750 2607 1823 2635 nec
1853 2596 1980 2636 tarda
1997 2606 2063 2636 se-

1184 2663 1323 2698 nectus
1350 2657 1549 2698 Debilitat
1568 2657 1678 2697 vires
1697 2658 1829 2697 animi
1846 2661 2063 2708 mutatque

1183 2730 1382 2772 vagorem.

1239 2844 1385 2886 89-93.
1419 2844 1649 2883 Rancidum
1669 2843 1771 2895 cet]
1804 2843 1971 2883 Eadem
1993 2843 2062 2884 fu-

1185 2907 1268 2946 turi
1312 2906 1524 2957 temporis
1571 2916 1701 2954 cura,
1758 2916 1871 2956 quae
1914 2905 2057 2953 vetat,

1184 2980 1238 3008 ne
1281 2968 1378 3018 quis
1417 2966 1679 3009 adolescens
1720 2967 1868 3008 senilis
1907 2967 2059 3008 aetatis

1183 3029 1334 3070 solatia
1364 3031 1628 3082 praecipiat,
1676 3030 1880 3080 antiquos
1914 3029 2060 3069 homi-

1184 3103 1262 3132 nes
1292 3091 1604 3144 permovebat,
1639 3093 1757 3140 ut,in
1787 3091 1897 3132 cibis
1927 3092 2060 3131 etiam

1184 3155 1327 3195 minus
1378 3154 1542 3206 sapidis
1591 3155 1950 3205 acquiescerent,
2002 3164 2058 3193 ne

1183 3216 1362 3257 deesset
1405 3217 1445 3255 in
1477 3227 1618 3268 penu,
1653 3216 1770 3266 quod
1801 3215 1960 3266 hospiti
1991 3215 2060 3254 in-

1183 3279 1439 3330 exspectato
1475 3279 1786 3330 apponeretur.
1850 3276 2060 3316 Rancidus

1183 3340 1223 3380 h.
1249 3339 1275 3379 l.
1302 3342 1369 3380 est
1399 3339 1519 3392 quod
1540 3337 1642 3379 Galli
1665 3340 1825 3378 vocant
1847 3338 2055 3389 faisande',

1182 3402 1374 3441 Britanni
1410 3402 1505 3453 hiqh
1539 3401 1768 3453 flavoured.
1806 3423 1849 3428 —-
1887 3400 2061 3439 Tardius

1181 3462 1414 3515 adveniens]
1468 3462 1815 3514 «inexspectatus
1855 3472 1906 3502 ea
1949 3461 2057 3501 hora
