2231 3787
826 266 920 304 Lm.
957 267 984 304 1.

1049 266 1159 304 ΕΔΤ.
1195 265 1299 303 wit.

1881 258 1982 310 11:57

779 605 1128 655 SAmA
1179 603 1376 652 'vm-

239 701 377 753 Olim
419 710 636 754 truncus
677 717 824 753 cram
864 699 1117 755 ficulnus,
1165 697 1347 751 inutile
1388 696 1613 768 lignum,

239 804 369 856 Cum
409 802 582 860 saber,
626 802 859 855 incertus
899 818 1174 854 scamnum
1213 800 1482 853 faceretne
1523 799 1802 869 Priapum,

240 903 419 957 Maluit
458 921 580 957 esse
621 902 798 956 deum.

220 1070 327 1109 vm.
380 1067 511 1108 Multa
551 1079 651 1108 cun]
691 1068 909 1108 ex'identia
940 1078 1044 1106 nar-

166 1133 257 1179 rat,
307 1143 395 1182 quo
427 1130 609 1170 ridiculo
641 1130 773 1170 modo
812 1132 1045 1169 Maecena-

166 1195 218 1233 tis
259 1195 440 1244 Priapus
479 1191 727 1244 Esquilinus
773 1192 1043 1243 perterrefe-

166 1257 275 1296 cerit
295 1255 541 1302 veneficas,
576 1254 803 1294 Canidiam
827 1255 917 1293 sive
941 1254 1045 1292 Gra-

169 1318 340 1366 tidiam,
375 1329 532 1369 quam,
567 1317 749 1356 sortasse
783 1317 903 1367 prius
930 1317 1043 1355 ami-

165 1392 286 1429 cam,
335 1383 516 1432 propter
552 1378 787 1430 perfidiam
819 1390 869 1417 ac
901 1377 1041 1418 malas

166 1445 308 1491 artes,
356 1442 517 1494 quibus
556 1441 790 1490 utebatur,
837 1440 1043 1491 singulari

165 1505 265 1545 odio
287 1504 645 1557 persequebatur
664 1506 816 1556 poeta,
853 1506 895 1543 et
917 1504 1047 1554 Saga-

165 1579 290 1616 nam,
324 1569 418 1608 eius
448 1568 639 1608 sociam:
675 1567 783 1606 scite
816 1564 1047 1606 511111111111-

165 1631 409 1671 miscentur
439 1630 568 1670 amici
600 1630 864 1669 Maecenatis
890 1627 1044 1668 laudes

165 1693 222 1734 ob
240 1693 489 1733 restitutam
506 1691 709 1743 Esquiliis
723 1690 1042 1731 salubritatem.

167 1757 397 1808 (scriptam
435 1757 591 1807 putant
629 1755 743 1794 hanc
781 1754 961 1795 satiram
1001 1764 1040 1792 a.

165 1817 379 1858 110714.
404 1817 654 1865 Grotesend,
681 1829 718 1857 a.
743 1817 836 1857 7¹8.
858 1816 1041 1863 Franke,

165 1880 234 1921 alii
284 1880 376 1920 aliis
420 1881 561 1919 annis.
627 1880 819 1930 Tempus
864 1878 1044 1918 omnino

165 1944 384 1984 incertum
425 1946 506 1983 est.
568 1942 826 1993 Composuit
865 1941 1041 1991 utique,

165 2008 402 2059 postquam
437 2006 479 2045 in
516 2005 781 2045 Maecenatis
820 2002 1046 2044 familiari-

166 2071 302 2109 tatem
341 2068 566 2120 pervenit,
614 2069 662 2106 ut
704 2065 842 2117 liquet
882 2077 936 2105 ex
967 2076 1047 2105 oc-

167 2131 282 2172 culta
326 2130 393 2171 illa
435 2133 501 2179 et,
549 2131 597 2169 ut.
640 2130 697 2168 ita
741 2128 906 2177 dicam,
958 2126 1045 2167 leni

167 2194 294 2234 amici
324 2192 454 2232 laude
485 2204 527 2232 v,
564 2191 646 2242 44.)
691 2193 819 2230 Artes
850 2191 1045 2241 magicas

169 2255 429 2297 describunt
457 2255 643 2294 Theocr.
677 2255 717 2293 2.
750 2253 866 2303 Virg.
892 2252 979 2292 Ecl.
1003 2253 1042 2293 8.

169 2316 322 2358 Tibull.
357 2318 401 2364 l,
438 2317 474 2355 2.
522 2318 720 2366 Propert.
755 2314 799 2361 4,
843 2316 882 2353 5.
920 2313 1043 2353 Ovid.

172 2381 272 2420 ller.
315 2380 361 2426 6,
404 2378 455 2418 83
496 2388 621 2428 seqq.
670 2379 830 2416 Lucan.
873 2376 922 2424 6,
968 2375 1047 2415 430

169 2453 268 2493 sqq.
302 2439 394 2480 Val.
430 2439 568 2480 Flacc.
602 2439 649 2488 6,
690 2438 769 2479 439
800 2449 898 2489 sqq.
962 2439 1049 2477 Lu-

171 2506 284 2545 cian.
319 2501 424 2543 Dial.
453 2513 563 2542 mer.
598 2500 636 2541 4.
691 2501 812 2541 Cons.
844 2498 981 2551 Epod.
1007 2500 1045 2538 5.

174 2568 237 2606 17.
287 2566 557 2616 Praecipuus
588 2565 737 2603 autem
767 2562 893 2614 lepor
918 2573 969 2601 ac
992 2561 1050 2601 se-

171 2629 338 2668 51111105
360 2628 489 2666 11111115
511 2627 676 2665 Satirae
709 2626 749 2664 in
774 2637 827 2664 eo
850 2624 1050 2664 contine-

172 2694 262 2739 tur,
306 2689 442 2742 quod,
476 2700 579 2728 cun]
606 2687 733 2739 plebs
763 2687 922 2726 artium
954 2697 1051 2726 ma-

172 2755 370 2805 gicarum
391 2752 527 2802 vigori
559 2752 800 2790 etiamtunc
822 2749 958 2789 fidem
979 2749 1052 2788 tri-

173 2815 354 2860 bueret,
400 2814 605 2853 homines
637 2811 739 2852 culti
772 2823 846 2851 eas
878 2811 1052 2851 iamdu-

174 2879 280 2918 dum
312 2877 494 2916 irridere
518 2875 736 2916 solebant.
788 2876 954 2915 Horum
979 2875 1053 2925 igi-

177 2943 245 2980 tur
290 2941 438 2990 partes
483 2949 641 2988 magua
686 2948 789 2976 cum
835 2935 1050 2976 hilaritate

176 3001 377 3051 suscipit,
425 2998 554 3039 simul
595 3000 688 3038 sine
727 2997 812 3038 ulla
849 3000 1052 3038 assenta-

177 3064 293 3102 tione
327 3061 566 3101 Maecenati
598 3072 678 3100 suo
710 3059 1048 3111 gratificaturus.

233 3125 322 3164 4-7.
371 3122 799 3173 truncus—ficulnus]
845 3118 1054 3162 Σύκινον

178 3184 354 3239 ξόανον
386 3185 526 3236 Priapi
567 3184 702 3224 habet
739 3185 870 3224 etiam
908 3185 1053 3224 Theo-

179 3251 314 3289 critus
344 3249 422 3300 Ep.
444 3247 482 3295 4,
504 3249 540 3286 2.
565 3270 608 3275 -
639 3247 781 3285 «Sicut
799 3258 821 3285 a
840 3247 979 3296 corylo
1003 3247 1051 3296 (s.

179 3311 337 3362 cortilo)
368 3311 582 3350 colurnus.
630 3310 685 3348 ita
719 3320 740 3347 a
770 3310 852 3359 ficu
879 3309 1055 3359 ficulnus

181 3376 447 3416 derivatur.»
481 3375 624 3414 Comi.
643 3373 773 3418 Caro.
802 3372 932 3411 Addit
954 3374 1056 3411 Por-

183 3438 362 3488 phyrio:
399 3447 510 3476 «non
532 3437 578 3475 ut
601 3433 726 3485 volgo
743 3434 984 3485 ficulneas.»
1007 3457 1049 3462 —

186 3499 326 3539 §maile
367 3497 547 3550 liquam]
598 3513 615 3532 n
632 3495 686 3536 ad
731 3494 834 3535 1111111
878 3497 1052 3546 aptum3

875 904 1021 955 Deus
1069 901 1188 955 inde
1229 918 1357 971 ch,
1400 900 1572 953 surum
1614 900 1902 970 aviumque

1110 1078 1210 1107 nam
1252 1067 1435 1107 materia
1467 1068 1562 1106 eius
1593 1066 1764 1106 arboris
1804 1067 1986 1117 propter

1109 1128 1384 1179 fragilitatem
1426 1128 1552 1169 nullis
1585 1129 1761 1169 fabricis
1793 1131 1860 1168 cst
1890 1128 1987 1167 ido-

1109 1202 1235 1230 nea.»
1287 1192 1425 1230 (101111.
1462 1193 1591 1237 (liufo.
1645 1193 1738 1230 Est:
1775 1202 1889 1241 «quo
1912 1202 1987 1230 ne-

1108 1265 1181 1293 mo
1220 1253 1325 1304 quid
1369 1253 1535 1293 faceret
1572 1253 1742 1293 sciebat
1781 1257 1880 1292 ante.
1923 1253 1987 1292 sa-

1108 1316 1261 1364 brum,
1296 1317 1388 1364 cui,
1421 1317 1469 1355 ut
1499 1317 1682 1366 Priapus
1705 1315 1884 1355 tandem
1906 1314 1987 1354 tie-

1108 1389 1223 1425 rem,
1268 1380 1397 1429 aptus
1435 1388 1532 1417 sum
1566 1378 1729 1417 visus.»
1791 1379 1900 1417 Nam
1932 1389 1986 1416 ne

1107 1440 1163 1480 ad
1194 1439 1551 1479 comburendum
1582 1439 1763 1490 quidem
1801 1440 1841 1478 111
1880 1439 1987 1478 focis

1108 1505 1151 1542 et
1182 1502 1364 1541 caminis
1397 1500 1557 1541 ficulno
1589 1500 1702 1551 ligno
1735 1502 1987 1541 etiamnunc

1108 1567 1292 1604 utuntur
1331 1563 1446 1612 Itali,
1498 1566 1648 1615 utpote
1695 1564 1813 1615 quod
1859 1565 1988 1604 nimis

1110 1626 1239 1667 molle
1271 1628 1402 1677 atque
1435 1627 1720 1677 spongiosum
1751 1626 1819 1665 sit.
1880 1627 1988 1666 Hinc

1111 1689 1262 1728 Graeci
1286 1685 1485 1737 σύκινος
1506 1682 1645 1744 ἀνήρ,
1680 1688 1853 1740 συκίνη
1874 1684 1968 1740 ymb

1108 1764 1203 1803 μη,
1250 1751 1423 1802 συκίνη
1468 1748 1731 1806 ἐπικουρία.
1770 1773 1812 1778 -
1855 1750 1986 1802 faber]

1108 1812 1340 1864 lignarius,
1391 1813 1479 1851 der
1520 1813 1726 1852 Meister
1769 1812 1895 1852 Voss.
1940 1836 1983 1840 —

1107 1874 1298 1926 Priapus]
1340 1874 1451 1914 deus
1489 1875 1675 1924 agrestis
1719 1875 1989 1925 Lampsace-

1110 1948 1292 1984 norum,
1341 1936 1441 1976 inde
1487 1936 1561 1975 diu
1606 1939 1702 1987 post
1747 1937 1989 1976 Homerum

1111 2001 1244 2050 atque
1278 1998 1520 2039 Hesiodum
1559 1999 1599 2037 in
1632 1999 1861 2038 Graeciam
1897 1999 1991 2050 pri-

1111 2072 1259 2108 mum,
1302 2063 1456 2112 postea
1489 2061 1530 2100 111
1564 2061 1734 2100 Latium
1766 2062 1987 2107 invectus.

1112 2125 1341 2174 tamquam
1364 2125 1518 2162 auctor
1547 2122 1802 2171 fertilitatis,
1837 2123 1992 2174 impri-

1112 2187 1195 2226 mis
1234 2185 1478 2224 hortorum.
1540 2185 1763 2224 Poematia
1809 2183 1990 2224 ridicula

1113 2250 1156 2288 et
1186 2247 1411 2287 obscoena
1442 2248 1483 2286 in
1513 2248 1608 2286 eius
1640 2246 1842 2295 laudem,
1877 2257 1991 2297 quae

1113 2310 1167 2349 ad
1206 2320 1288 2348 nos
1333 2310 1655 2360 pervenerunt,
1703 2320 1756 2348 ex
1786 2310 1994 2358 antiquo-

1113 2381 1212 2410 rum
1263 2380 1420 2417 sensu,
1468 2381 1553 2408 non
1595 2380 1646 2408 ex
1686 2371 1836 2409 nostro
1878 2368 1993 2407 iudi-

1114 2431 1255 2472 canda
1291 2433 1405 2471 sunt.
1459 2431 1559 2481 (Csr.
1595 2431 1784 2481 Scioppii
1821 2430 1994 2481 opinio-

1115 2505 1219 2534 nem
1240 2494 1295 2533 de
1314 2493 1586 2534 carminibus
1610 2494 1802 2544 Priapeis
1825 2493 1867 2532 in
1888 2493 1994 2533 Bur-

1115 2557 1262 2596 manni
1295 2555 1465 2596 Anthol.
1500 2557 1590 2595 Lat.
1622 2557 1671 2595 ΙΙ.
1703 2567 1743 2607 p.
1767 2554 1878 2604 477.)
1926 2555 1995 2594 In-

1116 2619 1295 2670 scriptio
1340 2618 1458 2669 apud
1503 2619 1606 2657 lahn
1655 2618 1902 2669 (specimen
1948 2628 1989 2668 p.

1114 2682 1221 2731 27.):
1258 2681 1400 2721 Custos
1428 2681 1633 2731 sepulchri
1657 2691 1763 2730 pene
1801 2679 1993 2719 destricto

1114 2745 1212 2784 deus
1239 2745 1419 2793 Priapus
1449 2755 1522 2794 eqo
1550 2754 1662 2791 sum,
1692 2742 1839 2782 mortis
1866 2745 1903 2780 et
1927 2741 1994 2780 vi-

1114 2808 1172 2846 tai
1202 2808 1327 2846 locus.
1379 2805 1506 2857 Apud
1527 2805 1734 2845 Archiam
1755 2805 1797 2844 in
1818 2801 1990 2843 Anthol.

1113 2868 1202 2910 Pal.
1236 2870 1286 2908 11.
1326 2880 1370 2920 p.
1411 2868 1505 2908 ⁶282.
1547 2868 1750 2918 Priapus,
1800 2866 1995 2917 piscato-

1112 2943 1212 2972 rum
1253 2933 1389 2979 tutor,
1431 2930 1486 2970 de
1527 2932 1671 2970 semet
1715 2930 1837 2980 ipso:
1897 2926 1995 2967 Φο-

1115 2991 1221 3045 ξός,
1253 2987 1435 3042 ἄπους,
1469 2986 1576 3031 οἷόν
1605 3004 1686 3031 κεν
1706 2990 1995 3048 ἐρημαίῃσιν

1117 3057 1187 3097 ἐπ’
1247 3052 1418 3106 ἀκταῖς
1482 3055 1721 3095 Ξεσσειαν
1777 3049 1996 3110 μογερῶν

1118 3119 1242 3169 υἷε-ἐς
1292 3114 1582 3166 ἰχθυβόλων.
1657 3113 1767 3156 Ἀλλ’
1818 3111 1879 3168 ἦν
1926 3127 1997 3164 τις

1117 3178 1308 3239 γριπεύς
1336 3192 1397 3232 με
1438 3176 1662 3233 βοηθόον
1692 3173 1725 3231 ἢ
1754 3176 1995 3229 καλαμευ-

1118 3242 1203 3297 τὴς
1233 3240 1464 3300 Φωνήσῃ,
1512 3239 1684 3294 πνοιῆς
1714 3239 1843 3293 ἵεμαι
1883 3235 1995 3290 ὀξύ-

1119 3320 1267 3365 τερος.
1305 3327 1348 3334 -
1383 3306 1534 3345 Maluit.
1573 3316 1654 3345 esse
1684 3303 1817 3353 deum]
1863 3303 1993 3349 «Cur,

1120 3371 1213 3422 ipse
1256 3368 1528 3409 nesciebat.»
1578 3367 1807 3417 Egi-ogiam
1848 3364 1888 3402 in
1928 3362 1995 3402 his

1120 3434 1257 3484 ipsius
1287 3432 1359 3472 dei
1389 3430 1537 3471 verbis
1578 3431 1723 3469 inesse
1755 3426 1995 3481 εἰρωνεῖαι·

1122 3495 1263 3545 quivis
1287 3494 1431 3534 sentit.
1477 3492 1619 3542 Priap.
1645 3490 1691 3529 9:
1725 3488 1994 3529 Insulsissima
