2231 3787
207 267 307 319 404,
804 261 1017 303 ΗΟΒᾹΤΙΙ
1048 259 1416 301 EPISTOLARUM

278 401 508 469 Aegroto
549 394 749 448 domini
790 392 1011 446 deduxit
1050 407 1278 461 corpore
1320 387 1524 449 sobreS,

276 501 392 553 Non
432 498 608 552 animo
648 512 821 551 curas.

898 492 1079 547 Valeat
1116 507 1405 562 possessor
1443 494 1676 560 oportet,

280 602 332 656 Si
373 598 718 671 comportatis
758 596 922 650 rebus
960 595 1099 648 bene
1139 592 1335 663 cogitat
1371 590 1462 643 uti.
1961 587 2032 639 50

280 704 382 769 Qui
422 702 568 773 cupit
605 707 696 753 aut
731 697 939 759 metuit,
982 695 1127 748 iuvat
1164 693 1311 746 illum
1349 692 1427 746 sic
1468 691 1662 745 domus
1700 699 1753 744 et
1790 706 1900 752 reS,

282 807 344 862 Ut
383 805 586 876 lippum
625 801 799 873 pictae
838 796 1076 860 tabulae,
1118 796 1352 849 fomenta
1389 792 1711 865 podagram,

320 1003 386 1043 48.
409 1000 570 1041 deducit
587 997 725 1039 Codd.
746 995 870 1048 aliq.,
904 995 1109 1035 deducunt
1130 993 1270 1034 Codd.
1291 992 1391 1044 aliq.
1427 992 1529 1044 (non
1545 990 1716 1042 nostri).
1746 1013 1790 1019 —
1822 990 1978 1042 febrem

266 1067 292 1105 S
314 1067 357 1105 et
376 1065 570 1114 quinque
593 1060 799 1101 Pottierii.
824 1081 869 1086 —
888 1058 954 1098 50.
973 1058 1121 1109 coqitet
1143 1067 1256 1096 corr.
1277 1056 1318 1096 d.
1341 1078 1386 1084 —
1405 1056 1472 1095 54.
1493 1066 1543 1094 ac
1562 1054 1706 1095 metuit
1726 1064 1749 1093 e
1770 1051 1910 1094 Codd.
1929 1053 1974 1092 F.

270 1150 313 1155 -
333 1130 406 1166 aut
429 1136 492 1165 res
511 1124 605 1173 d,L.
630 1147 673 1151 —
699 1123 765 1162 52.
786 1124 969 1161 tomenta
982 1120 1189 1160 Bouhier.
1218 1143 1261 1147 —
1282 1119 1521 1170 podagrum
1542 1129 1565 1158 e
1589 1116 1728 1158 Codd.
1751 1114 1975 1157 Bentleius

214 1317 331 1356 enim
362 1313 607 1366 respondet
635 1311 761 1352 uxori
793 1320 894 1350 cum
924 1307 1090 1357 liberis,

210 1380 363 1430 fundus
392 1376 510 1417 silvis
542 1374 813 1425 exstirpatis,
848 1372 960 1411 aeris
979 1381 1094 1410 acer—

209 1454 286 1482 vus
315 1445 351 1481 et
381 1440 479 1479 auri
509 1438 705 1489 argento,
733 1458 778 1464 —
802 1433 987 1485 deduscit]
1010 1427 1093 1471 ἆο-

215 1505 388 1561 ρίστως
409 1501 464 1542 (le
481 1502 682 1551 tempore
704 1499 938 1550 perpetuo.
962 1497 1013 1537 Ut
1027 1496 1094 1534 de-

213 1568 361 1607 cedunt
390 1574 565 1614 corpore
593 1561 724 1613 febres
746 1560 933 1611 (Lucret.
957 1558 998 1607 2,
1023 1556 1089 1597 34.

216 1628 329 1669 Cels.
356 1627 403 1675 3,
437 1626 510 1675 5.),
551 1624 614 1664 sic
645 1624 779 1663 etiam
810 1621 953 1661 deduci
985 1630 1094 1672 pos-

217 1692 338 1738 sunt3
387 1688 489 1728 alibi
520 1687 727 1727 dicuntur
756 1683 892 1735 abiyi,
925 1681 1091 1732 depelli,

215 1754 315 1793 tolli.
332 1775 375 1780 —
392 1750 548 1802 Valeat]
569 1750 708 1788 «Sana
726 1747 778 1787 sit
794 1756 923 1786 mens
939 1745 983 1784 in
1001 1754 1094 1783 cor-

215 1826 324 1868 pore
348 1825 498 1854 sano»
528 1833 571 1840 -
592 1821 802 1861 possessor
820 1831 843 1837 -
862 1831 886 1837 -
904 1806 980 1858 uti]
1003 1806 1096 1847 Ari-

218 1879 319 1918 stot.
342 1877 468 1916 Rhet.
495 1875 509 1913 4
531 1906 538 1922 ,
564 1875 609 1913 5:
641 1868 698 1912 τὸ
720 1869 942 1911 πλουτεῖν
963 1868 1093 1909 ἐστὶν

216 1940 266 1982 ἐν
296 1939 359 1993 τῷ
392 1934 650 1993 χρῆσθαι
678 1931 864 1987 μᾶλλον
896 1926 929 1984 ἢ
958 1930 1008 1971 ἐν
1028 1927 1093 1984 τῷ

217 1998 560 2053 κεκτῆσθαι.
603 2018 650 2026 -
693 1996 807 2045 cupit
835 1998 911 2034 aut
937 1992 1094 2044 metuit]

218 2065 333 2105 Scite
390 2063 631 2109 utrumque
691 2057 902 2096 affectum
950 2055 1097 2095 seiun-

216 2128 296 2175 xit,
344 2124 445 2175 quia
477 2121 637 2161 eodem
676 2119 891 2170 temporis
929 2118 1096 2169 puncto

218 2191 262 2229 in
284 2187 446 2228 eodem
467 2194 600 2225 avaro
631 2182 780 2222 locum
801 2191 889 2220 non
910 2179 1093 2228 habent,

219 2251 300 2292 sed
343 2248 476 2290 modo
522 2246 642 2298 cupit
683 2244 881 2293 divitias,
933 2241 1094 2290 modo,

218 2326 273 2356 ne
304 2314 430 2365 parta
452 2310 642 2358 amittat,
674 2307 851 2354 metuit3
886 2305 1097 2357 quocirca

219 2374 510 2417 reficiendum
541 2373 608 2412 est
637 2372 749 2411 Feae
782 2380 832 2409 ac
860 2368 1017 2408 metuit.
1050 2390 1093 2396 —-

218 2440 335 2480 iuvat
363 2438 481 2477 iilum
510 2435 568 2474 sic
589 2432 692 2484 cet.]
726 2431 984 2471 «dominum
1004 2440 1100 2469 mo-

220 2502 277 2542 do
308 2499 542 2552 pecuniam
571 2494 836 2536 corradendi
867 2492 1095 2544 cupidum,

220 2563 354 2604 modo
376 2563 567 2601 iacturas
587 2558 882 2605 metuentem,
907 2557 1002 2608 ipsa
1025 2555 1101 2594 do-

220 2636 321 2667 mus
359 2626 402 2664 et
438 2634 511 2663 res
550 2622 613 2661 sic
641 2621 772 2660 vexat
801 2620 934 2670 atque
965 2617 1097 2668 angit,

222 2690 269 2727 ut
298 2685 474 2727 tabulae
498 2685 642 2736 pictae
664 2681 856 2734 lippum,
891 2680 986 2731 qui,
1011 2689 1099 2730 quo

222 2751 362 2800 magis
393 2759 469 2789 eas
498 2747 657 2787 intueri
688 2746 896 2793 conatur,
930 2755 983 2783 eo
1005 2753 1102 2794 gra-

221 2811 418 2851 vioribus
449 2808 676 2850 doloribus
707 2807 916 2853 afficitur3
953 2807 1002 2845 ut
1034 2804 1102 2845 fo—

223 2875 399 2921 menta,
444 2870 655 2911 medendi
699 2880 834 2910 causa
879 2867 1098 2915 adhibita,

223 2934 345 2976 haud
383 2944 483 2973 raro
521 2932 745 2985 podagrae
783 2929 959 2971 dolores
997 2939 1103 2969 exa-

226 2998 382 3043 cuunt,
426 2997 474 3034 ut
504 2994 797 3045 symphoniae
827 3001 991 3031 nervos
1022 3001 1103 3030 au-

226 3060 378 3100 ditoris
422 3058 716 3096 vehementer
751 3056 943 3103 irritant,
999 3063 1103 3093 cum

228 3123 326 3175 quis
355 3122 539 3172 propter
559 3117 759 3158 sordium
782 3117 948 3156 coitum
971 3112 1099 3166 (Cels.

227 3186 274 3234 6,
308 3184 364 3233 7.)
397 3180 577 3221 auribus
597 3179 812 3219 laborat.»
839 3201 883 3206 -
905 3177 1101 3229 fomenta]

227 3249 274 3287 In
314 3245 446 3285 variis
480 3242 703 3295 podagrae
740 3238 977 3291 generibus
1017 3239 1105 3278 uti-

230 3321 315 3361 que
337 3305 610 3348 adhibebant
631 3301 771 3343 calida
792 3302 987 3341 fomenta
1010 3300 1100 3352 (cfr.

231 3370 411 3412 Celsum
441 3368 487 3417 4,
521 3366 589 3407 24.
641 3364 748 3406 Plin.
774 3365 823 3403 H.
849 3364 897 3403 N.
921 3364 999 3412 22,
1033 3364 1100 3412 ⁶22,

230 3433 330 3483 34.);
370 3433 441 3472 hic
470 3431 620 3470 autem
655 3428 783 3480 poeta
824 3425 1018 3477 loquitur
1049 3425 1103 3465 de

1156 1306 1380 1347 interdum
1403 1305 1584 1355 accidit,
1626 1308 1673 1345 ut
1699 1304 1803 1344 nihil
1829 1303 2035 1354 superim-

1150 1370 1253 1420 poni
1273 1369 1390 1409 dolor
1416 1369 1629 1419 patiatur,
1663 1368 1800 1407 immo
1829 1366 2036 1407 fomentis

1157 1433 1386 1484 augeatur.
1447 1432 1499 1471 Et
1543 1431 1629 1470 hoc
1674 1429 1858 1481 quidem
1900 1428 2036 1469 modo

1155 1495 1356 1548 plerique
1387 1492 1631 1545 explicant,
1676 1502 1835 1532 verum
1871 1492 2038 1532 rectior

1155 1557 1332 1597 videtur
1359 1556 1570 1596 Diintzeri
1600 1553 1927 1606 interpretatio:
1963 1553 2039 1594 «Ut

1157 1630 1290 1660 sanos
1321 1617 1472 1658 oculos
1504 1616 1728 1657 delectant
1755 1614 1935 1656 tabulae
1968 1615 2039 1666 pi-

1158 1684 1276 1730 ctae,
1309 1680 1501 1732 lippum,
1535 1680 1610 1731 qui
1639 1690 1716 1719 eas
1747 1676 2039 1729 contemplari

1157 1744 1336 1795 nequit,
1369 1741 1427 1782 nil
1458 1742 1634 1790 iuvant3
1667 1741 1717 1780 ut
1745 1740 1941 1781 fomenta
1961 1739 2040 1779 ho-

1158 1807 1266 1847 mini
1295 1804 1507 1854 molliori⁷
1552 1803 1797 1844 dummodo
1835 1802 1954 1842 bona
1984 1801 2040 1842 sit

1157 1868 1433 1917 valetudine,
1457 1868 1580 1918 grata
1602 1868 1729 1915 sunt,
1762 1865 1944 1905 minime
1964 1875 2041 1904 ve-

1158 1942 1206 1970 ro
1240 1930 1434 1982 podagra
1465 1929 1624 1969 affecto
1657 1929 1794 1980 (cuius
1833 1926 2035 1976 dolores,

1159 1993 1300 2042 addo,
1340 1991 1565 2032 interdum
1596 1990 1788 2041 augent),
1829 1992 1880 2030 ut
1908 1999 2040 2029 aures

1158 2056 1350 2096 hominis
1381 2056 1476 2095 sani
1507 2053 1784 2106 symphoniis
1816 2051 2041 2092 oblectan-

1160 2120 1254 2168 tur,
1288 2129 1377 2157 non
1406 2118 1514 2157 item
1544 2117 1660 2166 eius,
1695 2116 1766 2155 cui
1787 2113 1956 2164 dolent,
1980 2114 2040 2154 ita

1160 2181 1388 2221 hominem
1426 2179 1581 2232 paucis
1621 2178 1879 2218 contentum
1920 2177 2043 2216 iuvat

1162 2243 1321 2283 domus
1359 2243 1403 2282 et
1436 2252 1512 2281 res
1545 2241 1692 2292 (etiam
1729 2239 1936 2292 modica),
1968 2239 2042 2280 in-

1161 2304 1409 2346 satiabilem
1447 2315 1779 2355 nequaquam.»
1828 2303 2041 2343 Fomenta

1161 2369 1311 2408 autem
1341 2367 1475 2407 etiam
1504 2377 1528 2406 a
1559 2366 1678 2406 sanis
1708 2365 1912 2405 adhiberi
1941 2363 2043 2406 soli-

1162 2433 1203 2471 ta
1236 2440 1357 2480 esse,
1402 2440 1489 2481 qua
1527 2427 1583 2468 de
1612 2439 1662 2468 re
1693 2427 1840 2468 adhuc
1869 2426 2043 2468 dubita-

1160 2493 1312 2542 batur,
1345 2493 1455 2532 scite
1478 2491 1758 2531 demonstrat
1781 2489 1880 2530 loco
1901 2491 2042 2530 Sene-

1162 2567 1241 2596 cae
1273 2555 1329 2595 de
1358 2553 1529 2606 provid.
1553 2553 1600 2602 4,
1634 2553 1682 2593 9:
1730 2554 1859 2603 Quem
1892 2563 2042 2603 specu-

1161 2618 1275 2658 laria
1292 2627 1452 2667 semper
1467 2616 1519 2656 ab
1536 2615 1689 2668 afflatu
1706 2615 2040 2664 vindicaverunt,

1160 2681 1278 2721 cuius
1300 2681 1426 2730 pedes
1443 2680 1552 2718 inter
1567 2679 1753 2730 fomenta
1766 2677 1935 2717 subinde
1952 2688 2043 2716 mu-

1162 2746 1253 2782 tata
1271 2744 1506 2791 tepuerunt,
1538 2740 1656 2779 cuius
1674 2739 1932 2779 coenationes
1950 2738 2044 2778 sub-

1163 2805 1272 2844 ditus
1300 2807 1337 2843 et
1358 2802 1592 2853 parietibus
1620 2801 1897 2852 circumfusus
1925 2801 2044 2841 calo-r

1163 2865 1430 2916 temperavit,
1461 2865 1569 2903 hunc
1597 2863 1696 2903 levis
1715 2874 1828 2903 aura
1854 2874 1938 2903 non
1956 2863 2044 2903 sine

1157 2928 1346 2978 periculo
1374 2927 1562 2978 stringet.
1606 2926 1732 2966 Idem
1752 2925 1808 2965 de
1828 2926 1918 2966 vita
1936 2924 2044 2965 bea-

1165 2993 1208 3030 ta
1240 2990 1309 3039 Μ,
1343 2989 1387 3029 3:
1426 2989 1522 3029 Vide
1550 2989 1621 3028 hos
1649 2989 1808 3029 eosdem
1839 2988 2045 3039 (Nomen-

1165 3054 1317 3093 tanum
1349 3052 1393 3091 et
1421 3050 1637 3102 Apicium)
1670 3062 1690 3090 e
1708 3053 1902 3102 suqyestu
1919 3058 2042 3089 rosae

1164 3118 1389 3165 spectantes
1415 3113 1618 3164 popinam
1647 3123 1791 3162 suam,
1824 3122 1950 3152 aures
1966 3123 2044 3152 vo-

1165 3187 1259 3216 cum
1287 3187 1410 3225 sono,
1447 3175 1690 3225 spectaculis
1718 3174 1878 3223 ocul08,
1916 3183 2045 3223 sapo-

1164 3239 1280 3279 ribus
1302 3239 1498 3290 palatum
1517 3248 1638 3278 suum
1653 3236 1908 3277 delectantes.
1939 3236 2046 3276 Mob-

1166 3302 1270 3342 libus
1307 3301 1543 3349 lenibusque
1579 3299 1770 3351 fomentis
1806 3302 1938 3338 totum
1977 3298 2044 3338 la-

1166 3364 1336 3404 cessitur
1364 3373 1508 3403 eorum
1544 3371 1694 3412 corpus
1728 3364 1787 3410 et,
1833 3370 1884 3400 ne
1920 3370 2046 3401 nares

1166 3425 1334 3466 interim
1362 3427 1539 3474 cessent,
1571 3422 1765 3463 odoribus
1791 3421 1925 3462 variis
1954 3422 2044 3474 infi-

233 3506 307 3544 eo,
341 3492 461 3545 quod
491 3493 673 3533 auctore
697 3488 858 3530 eodem
880 3486 1007 3528 Celso
1027 3487 1055 3527 l.
1076 3487 1102 3527 l.
1169 3488 1278 3528 citur
1307 3488 1418 3527 locus
1446 3487 1530 3538 ipse
1559 3487 1603 3526 in
1632 3497 1712 3536 quo
1741 3485 1942 3526 luxuriae
1956 3495 2044 3535 pa·-
