2231 3787
294 243 394 295 57¹2
893 241 1105 281 HORATII
1155 239 1521 280 EPISTOLARUM

366 374 662 444 Adscripsit
699 373 859 428 Liber
899 373 1104 446 Satyris
1144 370 1450 439 Faunisque
1489 372 1703 437 poetas,

365 477 494 529 Vina
532 475 642 529 fere
683 474 868 533 dulces
908 475 1156 527 oluerunt
1192 487 1348 523 mane
1392 470 1674 523 Camenae.
2083 465 2113 514 5

366 577 639 631 Laudibus
686 578 924 645 arguitur
962 575 1067 626 vini
1107 573 1328 625 vinosus
1366 572 1661 632 Homerus3

370 679 567 731 Ennius
607 678 722 748 ipse
764 685 916 747 pater
956 691 1230 745 nunquam
1268 673 1367 725 nisi
1408 681 1565 743 potus
1606 669 1673 723 ad
1713 686 1860 722 arina

366 779 616 833 Prosiluit
655 776 899 830 dicenda.

981 778 1175 829 Forum
1212 773 1504 845 putealque
1542 771 1760 825 Libonis

407 953 443 993 4..
490 951 694 991 Auscrtbu
739 950 877 990 Codd.
913 948 1013 1000 aliq.
1063 950 1128 1000 (Ut
1166 959 1268 995 nos,
1308 948 1446 987 nostri
1486 948 1530 986 et
1569 945 1762 984 Pottierii
1792 944 1979 993 omnes.)
2015 934 2058 970 -ἓ

347 1018 505 1065 poetas.
546 1015 650 1053 Vina
681 1013 873 1053 distinxit
903 1011 1140 1051 Bentleius.
1180 1031 1223 1038 -
1266 1010 1329 1049 »ΙΟ.
1372 1009 1503 1048 edixit
1533 1019 1557 1047 c
1588 1018 1689 1047 cum
1720 1006 1852 1057 gloss.
1885 1005 2060 1053 Ennius,

353 1079 457 1117 item
489 1076 531 1124 d,
566 1087 679 1116 corr.
712 1075 757 1123 b,
791 1089 838 1122 κ,
873 1075 1064 1114 Pottierii
1095 1072 1320 1124 plerique,
1353 1074 1446 1111 tum
1478 1072 1585 1119 LCt,
1619 1070 1748 1109 ediaeli
1775 1070 1826 1108 D.
1860 1068 2064 1108 Heinsius

299 1234 366 1272 llI.
391 1244 433 1283 p.
458 1231 552 1271 584.
581 1255 625 1261 -—
648 1229 887 1281 Adscripsit]
922 1232 1177 1279 «tamquam

299 1297 341 1334 in
372 1293 594 1345 legionem
631 1304 783 1340 suam;
823 1303 926 1332 nam
967 1292 1052 1331 hoc
1072 1301 1179 1330 ver-

300 1357 409 1396 bum
439 1355 625 1396 militare
658 1357 767 1395 est.»
818 1357 973 1394 Ponpn.
1009 1353 1072 1394 Cf.
1097 1353 1175 1393 Od.

301 1419 347 1466 3,
373 1418 419 1467 3,
454 1417 520 1457 35.
556 1418 667 1457 Cum
689 1415 912 1456 Bentleius
933 1427 975 1454 V.
999 1415 1039 1455 4.
1064 1425 1180 1466 pun-

300 1482 371 1520 cto
416 1481 519 1530 post
562 1491 602 1518 v,
642 1481 794 1529 poetas
835 1479 978 1529 posito
1022 1488 1092 1516 vv,
1136 1479 1182 1515 ut

303 1543 409 1581 male
456 1553 580 1580 sanos
629 1540 870 1592 explicaret
920 1541 1182 1588 «tamquam

304 1604 419 1644 male
465 1615 654 1650 sanos,»
706 1603 870 1643 Horatii
915 1601 1182 1642 sententiam

303 1668 451 1707 minus
483 1669 604 1706 recte
636 1664 862 1705 intellexit.

356 1729 446 1767 6-9.
486 1728 684 1779 arquitur
705 1727 927 1776 -vinosusJ
959 1723 1181 1775 φίλοινος

302 1785 389 1837 ὧν,
436 1801 509 1830 «se
541 1792 635 1841 ipse
666 1789 837 1841 prodit,
885 1789 1104 1828 monstrat
1133 1797 1180 1826 se

304 1853 454 1891 vinum
490 1862 664 1891 amasse
708 1850 936 1899 laudibus,
985 1860 1096 1900 quas
1142 1848 1182 1887 ei

302 1914 548 1964 impertit,»
572 1915 620 1952 ut
641 1913 861 1952 Homerus
882 1910 1001 1950 Iliad.
1022 1907 1062 1961 ξ,
1082 1910 1177 1950 261ῑ

300 1973 445 2032 Ἁνόρὶ
489 1973 539 2015 δὲ
584 1972 825 2027 κεκμηῶτι
867 1974 1014 2025 μένος
1057 1973 1182 2025 μέγα

305 2035 437 2087 οἶνος
466 2033 609 2088 ἀέξει,
646 2040 689 2077 et
717 2036 886 2088 passim
917 2036 956 2074 ei
985 2035 1183 2076 ἐπίθετα

306 2099 502 2140 tribuens
534 2095 758 2155 εὐήνορα,
788 2096 1080 2154 μελίφρονα.
1104 2109 1183 2149 με·

306 2163 508 2201 νοεικέα.
538 2183 582 2189 -
616 2162 703 2201 vini
730 2161 910 2209 vinosus]
946 2160 1178 2199 «Eiina'effin

305 2226 431 2266 verbi
476 2226 674 2265 diversas
720 2224 884 2264 formas
917 2225 960 2262 et
1000 2226 1053 2274 pr!
1101 2224 1184 2262 „sir

306 2290 395 2328 x-im
427 2290 470 2328 et
503 2290 686 2339 propter
724 2297 884 2327 sonum
921 2285 1185 2325 adamarunt

305 2350 424 2389 latini
455 2351 695 2400 scriptores
726 2350 769 2388 in
792 2349 975 2399 eiusque
998 2348 1062 2387 rei
1083 2358 1184 2398 gra-

306 2414 411 2452 tiam
449 2412 693 2452 verborum
732 2411 933 2450 ordinem
964 2421 1053 2449 non
1082 2421 1203 2450 raro·

308 2476 547 2514 mutarunt.
600 2473 654 2514 cf.
680 2474 766 2512 Sat.
790 2475 836 2520 ⁶2,
870 2473 917 2520 2,
951 2473 1018 2512 39.
1062 2475 1109 2512 A.
1134 2475 1180 2512 P.

309 2537 401 2576 ⁴33.
435 2537 543 2587 Epp.
579 2537 626 2583 11,
662 2536 733 2582 48,
766 2536 805 2574 ὃ.
839 2535 935 2574 89.»
982 2536 1180 2573 DILLENB.

311 2623 354 2626 —
388 2598 560 2649 Ennius]
604 2598 768 2648 quippe
806 2598 879 2647 qui
921 2597 1015 2647 ipse
1048 2596 1103 2635 de
1136 2606 1183 2635 se

309 2662 484 2700 dixerit:
517 2662 745 2709 Nunquam
768 2661 919 2708 poelor
946 2659 1027 2698 nisi
1050 2659 1185 2708 podu—

307 2735 393 2774 qer.
451 2724 643 2762 Serenus
675 2722 933 2761 Samonicus
955 2721 1184 2761 Horatium

310 2786 502 2825 imitatus
533 2796 573 2823 v.
600 2784 703 2823 7213:
735 2785 896 2822 Ennius
924 2784 1009 2833 ipse
1042 2787 1182 2833 pater,

311 2849 407 2885 (lum
431 2847 587 2896 pocula
615 2847 741 2885 siccat
770 2847 936 2896 iniqua,
968 2846 1053 2885 Hoc
1084 2845 1185 2884 vitio

310 2909 412 2948 tales
439 2910 574 2959 fertur
602 2909 797 2948 meruisse
827 2909 999 2961 dolores,
1041 2931 1085 2936 —
1110 2919 1188 2956 paf-

311 2971 384 3022 ter]
409 2972 605 3021 Propert.
632 2970 675 3018 4,
699 2971 746 3018 02,
779 2972 827 3009 5:
861 2972 1079 3019 Parvaque
1100 2973 1187 3008 tam

310 3033 475 3083 >magnis
495 3032 715 3070 admoram
742 3031 920 3081 fontibus
940 3043 1041 3080 ora,
1078 3031 1188 3069 Unde

304 3098 430 3144 pater
458 3093 595 3131 sitiens
620 3093 781 3131 Ennius
800 3098 894 3132 ante
916 3093 1026 3131 bibit.
1060 3093 1188 3132 Utro-

310 3156 446 3207 bique
471 3159 597 3205 pater
616 3155 867 3193 nominatur
888 3157 932 3193 et
952 3155 1053 3204 quia
1076 3153 1188 3192 duo-

312 3219 396 3258 bus
427 3219 527 3257 ante
559 3214 720 3257 seculis
756 3216 967 3255 floruerat
1005 3217 1048 3255 et
1085 3217 1187 3266 quia

314 3291 414 3320 cuni
468 3279 584 3319 Livio
633 3277 883 3317 Andronico
934 3279 1186 3329 Naevioque

313 3344 466 3381 auctor
504 3341 651 3392 poesis
697 3341 874 3379 Latinae
920 3339 1183 3380 habebatur.

315 3403 536 3455 Gargalloz
588 3404 619 3442 il
658 3407 798 3443 nostro
845 3403 990 3442 Omero
1037 3403 1183 3442 Ennio.

316 3468 377 3507 cs.
403 3467 480 3506 oei.
506 3466 551 3515 4,
585 3465 631 3515 8,
655 3466 720 3505 20.
769 3467 875 3518 Epp.
902 3466 946 3515 2,
973 3466 1108 3515 i,.50.
1137 3488 1182 3494 -

1243 1228 1298 1266 ad
1327 1237 1453 1265 arma
1483 1248 1504 1254 —
1534 1225 1727 1277 dicenda]
1770 1225 2038 1264 Praesertim
2076 1224 2120 1262 in

1242 1287 1499 1337 Annalibus,
1519 1298 1711 1338 quorum
1728 1287 1922 1338 primum
1938 1295 2120 1325 versum

1243 1352 1346 1391 fecit
1397 1349 1590 1391 Merula:
1649 1350 1836 1389 Horrida
1880 1348 2122 1388 Romuleum

1243 1413 1474 1452 certamina
1503 1423 1645 1463 panyo
1674 1411 1866 1450 duellum.
1904 1433 1948 1438 —
1980 1410 2122 1450 Prosi-

1244 1475 1333 1524 luit]
1355 1475 1546 1513 sturmt'
1578 1485 1624 1513 er
1642 1474 1843 1521 herv0r3
1878 1473 2004 1524 quasi
2024 1472 2120 1523 ipse

1244 1547 1439 1587 pugnam
1470 1537 1670 1576 initurus.
1699 1557 1744 1564 —
1762 1535 1988 1585 pateatque
2004 1534 2124 1574 Libo-

1244 1597 1321 1648 nis]
1356 1598 1418 1637 Cf.
1443 1599 1530 1637 Sat.
1556 1599 1605 1646 2,
1640 1598 1687 1646 6,
1720 1598 1786 1638 35.
1840 1596 2016 1637 «Puteal
2043 1608 2124 1636 au-

1246 1662 1338 1700 tem
1382 1659 1560 1700 Libonis
1599 1660 1732 1700 sedes
1782 1660 1999 1712 praetoris
2047 1658 2126 1698 fuit

1245 1733 1385 1774 prope
1435 1733 1590 1761 arcum
1638 1722 1903 1770 Fabianum,
1957 1721 2125 1761 dictum

1247 1784 1368 1836 quod
1398 1795 1422 1823 a
1454 1784 1620 1824 Libone
1650 1783 1735 1824 illic
1763 1785 1956 1836 primum
1987 1783 2126 1824 tribu-

1247 1846 1318 1886 nal
1368 1849 1412 1886 et
1467 1846 1677 1886 subsellia
1726 1846 1940 1886 collocata
1988 1847 2123 1886 sint.»

1248 1911 1400 1948 Ponpn.
1450 1908 1511 1948 Cf.
1557 1908 1678 1948 Ovid.
1721 1911 1844 1949 Rem.
1882 1910 1980 1949 Am.
2019 1908 2122 1947 56⁴:

1249 1971 1327 2019 Qui
1356 1971 1498 2009 Puteal
1516 1971 1747 2019 Ianumque
1766 1971 1879 2010 timet
1898 1970 2126 2020 celeresque

1245 2033 1470 2081 Kalendas,
1497 2033 1701 2082 Torqueat
1721 2034 1827 2072 hunc
1849 2033 1961 2071 aeris
1977 2036 2128 2072 mutua

1214 2148 1217 2160 Ι
1245 2106 1409 2134 summa
1427 2095 1505 2134 sui.
1545 2096 1607 2134 Ex
1630 2096 1835 2134 veterum
1862 2094 1917 2133 de
1958 2093 2127 2134 Puteali

1246 2157 1353 2197 loeis
1384 2159 1591 2197 accurate
1622 2158 1736 2197 inter
1755 2167 1803 2196 se
1827 2155 1993 2196 collatis
2013 2157 2126 2196 haec

1249 2218 1421 2269 collegit
1466 2220 1513 2259 C.
1557 2220 1599 2259 F.
1643 2220 1924 2260 Hermannus
1966 2219 2009 2258 in
2052 2220 2126 2259 ln—

1249 2282 1346 2321 dice
1371 2281 1490 2321 lectt.
1515 2281 1737 2331 Marburg.
1770 2280 1890 2321 ⁴840.
1918 2292 1960 2332 p.
1990 2281 2122 2320 VIII.:

1251 2345 1417 2384 «Unum
1449 2344 1622 2383 tantum
1654 2344 1756 2392 (non
1787 2343 1897 2391 duo,
1931 2345 1979 2382 ut
1997 2341 2125 2394 volgo

1248 2406 1515 2456 statuebant)
1548 2406 1591 2445 in
1622 2405 1716 2445 foro
1749 2406 2017 2455 comitioque
2046 2407 2128 2446 Ro-

1249 2479 1380 2507 mano
1419 2467 1553 2507 fuisse
1592 2467 1765 2516 Puteal,
1814 2467 1935 2518 quod
1979 2468 2125 2518 prisca

1249 2532 1392 2569 aetate
1416 2531 1508 2569 sive
1541 2529 1597 2569 ob
1629 2530 1749 2569 Navii
1780 2530 1957 2580 auguris
1988 2540 2128 2569 nova-

1249 2592 1395 2632 culam
1425 2593 1517 2632 sive
1549 2592 1605 2631 ob
1637 2591 1805 2643 fulgura
1849 2591 1909 2631 ibi
1950 2591 2126 2631 condita

1249 2657 1562 2695 consecratum
1591 2654 1829 2706 postmodo
1851 2665 1875 2693 a
1897 2653 2125 2694 Scribonio

1249 2717 1437 2764 Libone,
1471 2717 1542 2756 cui
1572 2716 1797 2765 negotium
1826 2714 2002 2767 publice
2025 2726 2128 2755 con-

1249 2778 1569 2830 quirendorum
1589 2776 1855 2816 sacellorum
1878 2777 2127 2817 demanda—

1249 2843 1343 2880 tum
1374 2841 1513 2888 esset,
1561 2840 1853 2879 instauratum
1890 2842 2023 2891 atque
2067 2840 2124 2878 ita

1251 2904 1513 2942 exornatum
1557 2902 1632 2950 sit,
1685 2904 1734 2941 ut
1781 2901 1940 2941 eadem
1989 2912 2125 2953 opera

1249 2965 1463 3016 praetori,
1498 2965 1570 3015 qui
1602 2965 1646 3004 in
1677 2963 1746 3004 illo
1777 2963 1873 3004 loco
1893 2975 2033 3016 prope
2053 2975 2127 3003 ar-

1252 3038 1353 3067 cum
1385 3027 1625 3067 Fabianum
1658 3028 1724 3067 ius
1755 3027 1906 3067 dicere
1937 3025 2122 3073 soleret,

1251 3089 1438 3129 tribunal
1470 3092 1605 3140 atque
1628 3088 1838 3130 subsellia
1860 3089 2123 3136 exstrueret,

1252 3164 1338 3203 quo
1377 3152 1490 3192 facto
1528 3155 1571 3191 et
1609 3152 1882 3192 feneratores
1913 3152 1958 3190 et
1991 3149 2120 3199 alios,

1251 3216 1326 3266 qui
1355 3214 1451 3255 lites
1490 3215 1685 3266 privatas
1721 3213 2124 3265 persequerentur,

1251 3278 1509 3328 frequenter
1547 3288 1600 3316 eo
1640 3285 1893 3316 commeare
1936 3284 2127 3313 consen-

1251 3343 1432 3380 taneum
1462 3341 1598 3379 erat.»
1651 3337 1798 3389 <«Libo
1819 3337 1890 3376 hic
1911 3336 2008 3386 quis
2030 3335 2128 3375 fue-

1251 3404 1305 3442 rit
1327 3404 1371 3442 et
1391 3401 1569 3452 quando
1590 3401 1769 3449 vixerit,
1802 3397 2030 3449 ambigunt
2050 3397 2127 3437 do-

1252 3465 1328 3511 cti,
1362 3462 1549 3515 plurima
1580 3464 1729 3502 tamen
1760 3460 1970 3510 suadent,
2003 3461 2052 3498 ut
2075 3459 2120 3498 L.
