2231 3787
810 285 906 324 LIB.
942 285 970 323 1.
1035 284 1196 324 EPIST.
1231 286 1260 323 Ι.

1850 283 1952 335 3δῦ

203 416 406 471 Crustis
446 424 497 469 et
535 415 709 487 pomis
748 414 938 468 viduas
976 422 1242 468 venentur
1280 431 1470 468 avaras

202 517 587 589 Excipiamque
629 534 811 580 senes,
854 534 992 588 quos
1032 517 1084 569 in
1121 516 1326 571 vivaria
1364 517 1595 581 mittant3

201 618 374 673 Multis
414 618 623 673 occulto
664 619 858 673 crescit
897 636 984 673 res
1023 618 1223 673 fenore.

1300 620 1496 673 Verum
1887 622 1953 671 80

200 722 325 775 Esto
366 721 482 775 aliis
524 720 656 774 alios
699 721 863 775 rebus
904 720 1206 793 studiisque
1245 721 1439 776 teneri:

203 823 352 878 Idem
390 822 582 878 eadem
621 831 850 895 possunt
887 822 1074 877 horam
1115 823 1312 878 durare
1352 823 1681 895 probantes?

201 925 385 981 Nullus
427 910 477 979 i'n
516 926 648 980 orbe
689 927 838 980 sinus
877 926 1018 980 Baiis
1059 925 1336 998 praelucet
1374 926 1638 988 amoenis,

239 1109 306 1149 78.
356 1110 516 1149 Frustis
559 1108 601 1158 d,
648 1109 839 1149 Pottierii
885 1119 1039 1148 omnes
1083 1109 1125 1147 et
1174 1109 1249 1155 Lt,
1298 1109 1461 1148 Frzcclis
1505 1110 1553 1149 C.
1600 1132 1643 1136 —
1687 1110 1752 1149 82.
1795 1122 1896 1159 pos-

186 1176 332 1212 suntne
363 1173 443 1212 LC.

99 1342 102 1344 ’
128 1341 192 1376 sta
212 1336 405 1376 cadaver.
441 1338 606 1376 Seneca
630 1337 765 1388 Epist.
792 1337 862 1376 404
884 1348 891 1375 :
923 1336 1009 1385 Ille,

128 1400 200 1448 qui
229 1403 266 1439 et
294 1399 406 1438 mari
437 1402 474 1438 et
511 1402 629 1438 terra
660 1399 887 1449 pecuniam
916 1399 1012 1450 ayt-

127 1461 263 1511 tabat,
297 1462 369 1510 qui
398 1462 454 1500 ad
478 1461 648 1511 publica
669 1473 833 1512 quoque
851 1461 1013 1501 mallum

125 1524 362 1574 relinquens
381 1525 649 1574 inexpertam
668 1535 798 1576 qenus
818 1528 1013 1573 quaestus

127 1591 376 1636 accesserat,
417 1587 461 1627 in
490 1587 578 1636 ipso
608 1591 705 1626 actu
739 1586 835 1626 bene
864 1587 1011 1626 ceden-

126 1651 229 1690 tium
247 1661 412 1699 rerum,
446 1650 598 1700 inipso
623 1650 914 1699 procurrentis
936 1661 1013 1699 pe—

126 1714 274 1753 cuniae
293 1713 448 1763 impetu
466 1717 616 1763 raptus
636 1711 728 1764 est.)
754 1736 798 1740 —-
823 1716 917 1751 sunt
939 1713 1010 1761 qut

127 1775 229 1827 cet.]
277 1776 387 1816 Satis
418 1786 569 1814 amare
602 1786 705 1814 cum
735 1773 1005 1826 publicanis,

127 1839 348 1889 equestris
389 1838 555 1878 ordinis
596 1838 724 1886 viris,
773 1838 1009 1877 committit

125 1899 233 1941 viles
264 1902 514 1952 captatores
548 1900 885 1952 (heredipetas),
934 1901 1008 1952 qui

126 1974 236 2004 anus
272 1963 429 2003 viduas
466 1974 688 2014 senesque
729 1962 924 2004 caelibes
965 1965 1009 2003 et

126 2025 260 2066 orbos
283 2026 409 2065 donis
431 2026 554 2077 parvi
575 2026 724 2077 pretii,
758 2026 839 2066 sed
860 2025 1006 2078 palato

126 2088 282 2138 gratis,
326 2090 374 2126 ut
403 2088 598 2127 crustulis
628 2089 732 2139 (Sat.
758 2089 772 2128 4
796 2120 803 2137 ,
839 2089 883 2137 4,
917 2090 1003 2138 “25.,

126 2160 262 2201 opere
285 2148 518 2198 dulciario‚
547 2151 766 2190 mustaceis
786 2152 938 2191 iuven.
964 2152 1003 2200 6,

124 2213 237 2263 202.)
280 2215 324 2252 et
360 2212 497 2262 pomis
538 2213 750 2263 (omnium
793 2213 1006 2255 arborum

125 2275 362 2323 fructibus,
397 2275 471 2325 qui
501 2274 681 2326 pulpam
703 2275 884 2325 habent,
916 2278 1002 2317 Sat.

125 2339 172 2387 2,
212 2339 258 2386 5,
302 2337 383 2387 422.)
424 2336 687 2376 alliciebant.
740 2337 922 2378 Martial.
956 2341 1002 2388 5,

126 2400 199 2448 39,
227 2401 241 2439 4
265 2411 274 2438 t
307 2400 535 2449 Supremas
564 2400 636 2438 tibi
665 2400 802 2440 tricies
832 2401 873 2439 in
895 2413 1005 2440 aimo

125 2463 320 2513 Siqnanti
349 2462 535 2512 tabulas,
579 2462 752 2511 Carine,
794 2463 888 2501 misi
924 2464 1006 2512 Hy-

126 2525 251 2564 blacis
281 2526 472 2564 madidas
511 2525 659 2574 thymis
682 2524 914 2574 placentas.
956 2549 1001 2554 —

122 2588 366 2639 Excipiant]
386 2587 576 2628 verbum
593 2589 886 2627 venatoriam.
922 2587 1000 2628 Od.

125 2649 171 2699 3,
205 2651 276 2699 42,
312 2651 383 2689 42ῑ
437 2651 629 2700 eoecipere
658 2661 832 2700 aprum,
873 2648 1003 2690 ἐκδεί-

125 2712 319 2761 χεσθαι,
354 2712 574 2764 abfanqen.
611 2737 656 2741 —
690 2725 792 2763 quos
820 2714 1002 2753 invitia—

123 2775 193 2814 ria
219 2775 400 2825 mittant]
443 2776 616 2815 Vivarta
656 2778 759 2816 sunt
796 2778 1003 2827 recepta-

126 2835 222 2875 cula
250 2836 318 2876 vel
357 2839 531 2888 saepta,
579 2837 655 2877 ubi
695 2839 930 2878 servantur
961 2840 1002 2878 et

126 2898 379 2948 saginantur
408 2901 551 2939 omnis
591 2902 766 2951 generis
797 2899 1001 2940 animalia

124 2960 248 3007 viva,
285 2959 481 3011 lepores,
524 2964 636 3013 apri,
680 2962 836 3014 glires,
871 2974 998 3013 aves,

124 3021 295 3072 pisces,
328 3024 490 3062 ostrea.
552 3023 638 3063 Cfr.
663 3026 750 3064 Sat.
774 3026 820 3075 2,
852 3026 898 3074 ὅ,
932 3025 998 3066 44.

125 3082 246 3122 haud
288 3081 426 3122 multo
467 3083 688 3126 diversam
732 3088 998 3138 imaginem:

125 3145 286 3185 cetaria
300 3149 492 3184 crescent.
516 3146 592 3185 Est
611 3147 757 3197 igitur:
785 3160 1002 3200 «quorum

125 3207 397 3248 hereditates
414 3206 650 3258 aliquando
668 3209 926 3250 devorent.»
954 3235 998 3240 -

125 3270 282 3310 occulto
299 3292 319 3298 -
335 3291 355 3298 -
371 3270 526 3321 fenore]
558 3270 691 3310 «dum
719 3273 838 3312 viros
858 3272 1001 3313 bonos

126 3342 174 3372 se
197 3343 297 3373 esse
321 3331 546 3381 simulant,
580 3331 853 3383 illegitimum
874 3334 1000 3374 fenus

127 3393 241 3435 clam
261 3397 492 3444 exercent,
520 3396 682 3446 partim
702 3396 844 3435 maius
865 3407 1000 3446 quam

126 3457 375 3508 unciarium
398 3458 462 3509 (42
482 3457 720 3509 Procent),
744 3458 905 3509 partim
927 3458 1001 3497 ad-

127 3529 283 3559 versus
329 3519 475 3571 legem
522 3519 785 3560 Plaetoriam
835 3520 999 3560 credita

269 3595 421 3633 HORAT.
447 3606 537 3633 vm..
567 3597 609 3632 ΙΙ.
662 3606 724 3633 ED.
753 3606 837 3633 ΜΑι.
865 3596 923 3632 ΙΙΙ.

1074 1337 1262 1389 pecunia
1294 1335 1654 1378 adolescentibus
1683 1337 1809 1378 XXV.
1833 1339 1958 1379 annis

1075 1398 1368 1440 minoribus.»
1422 1398 1523 1451 (Cfr.
1557 1400 1647 1440 Cic.
1679 1410 1761 1452 pro
1802 1400 1956 1441 Flacco

1075 1463 1151 1511 ⁶22¹,
1186 1463 1253 1502 54.
1287 1463 1373 1502 Sat.
1402 1463 1446 1511 4,
1481 1462 1530 1513 2,
1566 1461 1616 1503 44
1645 1462 1763 1514 sqq.)

1130 1556 1196 1596 84.
1221 1556 1286 1596 82.
1334 1556 1446 1607 Esto]
1479 1554 1691 1607 Exempla
1722 1557 1959 1597 Horatiana

1075 1617 1247 1668 collegit
1268 1618 1510 1658 Lambinus
1533 1619 1587 1658 ad
1606 1620 1713 1670 Epp.
1735 1620 1772 1669 4,
1799 1619 1865 1669 46,
1889 1620 1956 1659 56.

1075 1680 1246 1720 addens
1270 1692 1323 1720 ex
1341 1682 1555 1721 Cicerone
1576 1681 1701 1720 Verr.
1724 1682 1885 1722 Accus.
1910 1684 1955 1731 2,

1075 1744 1146 1792 64,
1186 1744 1284 1783 45οῑ
1338 1745 1487 1784 Verum
1520 1748 1623 1783 esto:
1671 1744 1755 1783 alio
1793 1745 1880 1784 loco
1911 1745 1959 1786 de

1074 1810 1296 1845 aratorum
1336 1807 1477 1846 animo
1517 1810 1555 1846 et
1593 1807 1762 1846 iniuriis
1797 1807 1955 1847 videro.

1071 1869 1197 1908 Verr.
1219 1870 1378 1909 Aecus.
1399 1868 1437 1918 3,
1463 1869 1506 1908 44
1528 1901 1535 1915 ,
1559 1869 1625 1908 28.
1663 1870 1711 1910 Ut
1732 1869 1822 1909 fere
1846 1865 1955 1918 εἷεν,

1072 1931 1309 1982 significat,
1353 1932 1457 1972 satis
1499 1931 1555 1971 de
1596 1930 1740 1983 aliqua
1771 1943 1820 1972 re
1853 1944 1956 1973 cum

1072 1995 1158 2034 iam
1200 1995 1370 2034 dictum
1409 1995 1484 2043 sit,
1532 1994 1588 2033 ad
1624 1993 1754 2035 aliam
1793 2006 1957 2036 novam

1071 2057 1395 2097 transeundum
1409 2068 1524 2097 esse.
1547 2058 1755 2106 «Verum,
1776 2060 1824 2098 ut
1840 2058 1956 2099 hanc

1070 2121 1212 2172 ipsam
1231 2120 1480 2160 studiorum
1498 2120 1643 2160 minus
1664 2120 1957 2161 honestorum

1069 2185 1332 2223 varietatem
1371 2181 1639 2222 multitudini
1678 2183 1953 2232 condonem,

1070 2246 1154 2285 hac
1184 2247 1477 2297 perversitate
1505 2256 1645 2297 prope
1673 2246 1811 2296 magis
1843 2246 1957 2286 indi-

1070 2319 1202 2358 gnor,
1245 2307 1366 2358 quod
1395 2309 1438 2347 in
1472 2306 1553 2348 illis
1584 2309 1690 2359 ipsis
1729 2319 1953 2349 summam

1069 2370 1409 2409 inconstantiam
1440 2370 1690 2420 mentisque
1727 2369 1953 2409 mutabili-

1071 2435 1206 2472 tatem
1238 2433 1531 2471 monstrant.»
1567 2454 1611 2459 —
1640 2432 1826 2483 possunt]
1857 2434 1953 2472 Me-

1068 2494 1149 2534 lius
1181 2505 1287 2534 sane
1320 2493 1447 2534 abest
1484 2493 1698 2545 particula
1728 2505 1800 2541 ne,
1847 2506 1950 2535 cum

1067 2558 1374 2608 requireretur
1395 2567 1515 2602 ηιιηις
1551 2558 1593 2595 et
1623 2558 1745 2596 recte
1770 2557 1863 2596 sine
1888 2557 1952 2597 in-

1068 2618 1319 2669 terrogandi
1351 2616 1562 2669 particula
1591 2628 1722 2657 omne
1745 2618 1947 2668 dubium,

1068 2682 1181 2729 sore,
1207 2683 1253 2720 ut
1276 2680 1431 2732 aliquis
1455 2680 1745 2732 respondeat:
1781 2683 1948 2722 «Immo

1068 2746 1315 2795 possunt3»
1364 2742 1625 2782 excluditur.
1676 2763 1720 2770 —
1765 2743 1946 2793 durare]

1069 2807 1378 2853 «sustinere‚»
1426 2816 1480 2845 ex
1523 2817 1606 2845 usu
1652 2805 1770 2845 haud
1815 2807 1945 2846 nimis

1066 2879 1181 2907 raro.
1235 2869 1409 2907 Terent.
1442 2867 1523 2907 Ad.
1558 2867 1606 2917 4,
1649 2868 1696 2917 2,
1730 2869 1806 2908 45:
1851 2869 1947 2908 Νοη

1065 2931 1198 2971 hercle
1225 2931 1290 2970 hic
1320 2931 1483 2979 quidem
1520 2931 1677 2970 durare
1705 2932 1941 2981 quisquam,

1065 2994 1098 3032 si
1132 2994 1189 3032 sic
1215 2995 1283 3044 fit,
1315 2997 1462 3043 potest.
1512 2995 1711 3045 Propert.
1738 2994 1776 3042 4,
1801 2994 1839 3042 6,
1866 2994 1937 3033 44;

1063 3056 1137 3095 His
1165 3067 1239 3107 eqo
1276 3068 1360 3095 non
1397 3057 1546 3096 horam
1577 3067 1748 3106 posswm
1787 3056 1944 3096 durare

1065 3118 1254 3167 querelis.

1120 3211 1267 3251 83-87.
1313 3212 1443 3263 Baiis]
1476 3212 1745 3264 Campaniae
1777 3211 1939 3264 oppido

1062 3274 1178 3313 inter
1197 3274 1413 3314 Misenum
1437 3275 1480 3314 et
1500 3274 1721 3314 Puteolos.
1770 3275 1832 3315 Cf.
1859 3273 1937 3314 Od.

1062 3336 1102 3382 Ξ,
1129 3336 1200 3382 48,
1224 3336 1292 3375 20.
1316 3358 1360 3364 —
1383 3336 1510 3386 sinus]
1533 3337 1689 3385 maris,
1724 3334 1941 3386 significa-

1062 3397 1181 3436 tione
1200 3398 1401 3449 propria,
1427 3399 1551 3449 quasi
1581 3398 1782 3437 dixisset:
1820 3396 1941 3437 «nul-

1062 3457 1130 3498 lus
1162 3461 1229 3498 est
1258 3460 1380 3499 sinus
1413 3460 1533 3510 prior
1570 3459 1782 3507 Baiano;»
1825 3470 1935 3509 non,

1062 3522 1109 3559 ut
1146 3519 1236 3559 alii:
1286 3520 1519 3571 «angulus,
1557 3519 1936 3572 receptaculum.»

1607 3597 1653 3633 95
