2231 3787
885 249 983 289 ΜΒ.
1017 250 1066 288 11.
1127 251 1239 290 SAT.
1273 251 1339 289 lV.

287 379 550 439 Oblitum,
593 389 790 450 quanto
831 396 1014 434 curam
1054 389 1434 451 sumptumque.
1475 383 1733 435 minorem
1960 386 2026 435 85

287 482 429 534 llaec
470 481 722 542 habeant,
764 491 906 535 tanto
947 481 1268 553 reprehendi
1312 483 1500 535 iustius
1543 483 1667 544 illis,

285 583 435 647 Quae
477 584 573 636 nisi
614 583 865 636 divitibus
905 593 1175 655 nequeant
1212 585 1522 655 contingere
1568 586 1805 637 mensis?

285 684 451 738 Docte
493 684 627 745 Cati,
672 702 768 755 per
807 686 1091 739 amicitiam
1132 685 1397 756 divosque
1439 696 1684 757 rogatus,

286 788 495 840 Ducere
536 804 620 839 mc
659 786 924 845 auditum,
967 804 1161 858 perges
1200 804 1551 859 quocunque,
1595 798 1878 841 memento.

286 890 415 942 Nam
454 889 699 959 quamvis
738 889 961 941 memori
1001 888 1201 942 referas
1242 889 1367 942 mihi
1409 899 1628 960 pectore
1673 900 1885 950 cuncta,

286 992 400 1043 Non
439 998 615 1044 tamen
655 990 918 1061 interpres
957 990 1267 1044 tantundem
1309 992 1521 1045 iuveris.

1963 892 2031 942 90

1597 991 1747 1045 Alide

289 1091 493 1144 Voltum
534 1090 883 1162 habitumque
923 1091 1178 1152 hominis,
1226 1110 1388 1163 quem
1428 1101 1480 1144 tu
1530 1092 1728 1146 vidisse
1770 1093 1958 1147 beatus

285 1193 399 1245 Non
438 1193 613 1263 magni
654 1192 870 1263 pendiS‚
912 1194 1037 1263 quia
1077 1194 1316 1265 contigit3
1357 1203 1408 1246 at
1447 1193 1570 1246 mihi
1612 1211 1739 1247 cura

275 1413 318 1418 —
365 1390 432 1429 86.
467 1390 659 1440 reprendi
689 1390 840 1438 S,1.Ct.
884 1413 928 1417 —
978 1389 1045 1429 87.
1079 1395 1284 1439 nequeunt
1313 1392 1398 1443 Sep
1430 1402 1532 1431 eum
1578 1392 1770 1431 Pottierii
1816 1390 1975 1443 pleris—

272 1463 380 1502 que,
415 1452 520 1491 item
551 1454 579 1491 t.
623 1453 688 1502 (Ut
717 1462 822 1500 nos,
856 1451 901 1500 l),
932 1465 960 1490 κ
994 1463 1123 1492 «cum
1155 1455 1363 1503 quattuor
1393 1452 1511 1493 aliis»
1546 1455 1589 1492 et
1618 1454 1810 1493 Pottierii
1842 1455 1972 1504 quin-

269 1516 387 1566 que.)
423 1537 465 1544 —
502 1515 568 1555 90.
603 1515 760 1566 referas
795 1515 968 1554 memori
998 1515 1097 1554 LCt.

271 1578 492 1628 Pottierii.)

215 1736 477 1776 «Maximum
517 1735 714 1776 dedecus
744 1735 854 1775 haec
885 1736 927 1774 in
957 1734 1092 1775 rebus

214 1797 433 1838 vilissimis
472 1797 730 1849 negligentia
769 1797 847 1838 tibi
891 1797 1089 1837 afferet.»

268 1860 413 1901 83-87.
460 1861 616 1911 lapides
643 1861 797 1913 varios]
832 1861 1091 1912 «pavimen—

215 1925 308 1962 tum
374 1920 722 1981 λιθόστρωτον,
791 1922 1086 1972 tessellatum,

213 1984 570 2034 vermiculatum,
616 1985 813 2026 sectile.»
875 1986 938 2025 Cf.
975 1986 1084 2036 Epp.

216 2048 260 2096 i,
287 2048 362 2097 ⁴0,
387 2048 451 2087 49.
486 2050 658 2089 Petron.
685 2049 785 2089 420:
829 2049 926 2088 dum
945 2049 1090 2088 varius

213 2109 319 2159 lapis
346 2111 501 2149 invenit
527 2123 661 2151 usum.
696 2134 743 2140 —
770 2111 932 2162 palma]
968 2121 1089 2152 «sco—

215 2173 282 2222 pis
323 2183 346 2211 e
387 2171 634 2223 palmarum
678 2173 787 2214 foliis
831 2173 1086 2214 consectis.»

214 2235 365 2273 Senot.
417 2234 597 2274 Martial.
632 2235 704 2283 44,
742 2236 820 2275 82:
867 2237 915 2276 In
950 2236 1088 2285 pretio

212 2307 358 2345 scopas
398 2301 572 2336 testatur
610 2298 758 2347 palma
796 2299 940 2348 fuisse,
994 2298 1089 2337 Otia

213 2360 282 2398 secl
301 2359 432 2408 scopis
451 2371 559 2398 nwzc
580 2360 772 2399 analecta
788 2355 1085 2412 (ἀναλὲκτης)

213 2420 340 2460 dabit.
390 2444 434 2448 —
482 2421 631 2471 inluta]
676 2422 744 2461 Sic
792 2423 899 2471 (non
945 2422 1084 2472 illota)

215 2483 354 2523 Codd.
380 2485 488 2530 mei,
521 2487 568 2523 ut
598 2484 733 2524 edunt
764 2485 895 2525 etiam
926 2486 1010 2524 Sat.
1036 2485 1082 2533 2,

214 2546 262 2593 8,
286 2547 352 2585 52.
389 2548 431 2585 et
463 2544 600 2585 Plaut.
626 2548 738 2586 Men.
766 2547 883 2593 i,2‚
908 2548 973 2586 57.
1001 2549 1081 2587 est:

213 2609 337 2648 odore
358 2608 562 2647 intacibili.
590 2632 634 2637 —
657 2608 825 2660 toralia]
849 2610 1080 2651 Construe:

213 2671 315 2710 dare
359 2671 488 2709 inluta
532 2671 688 2710 toralia
729 2671 887 2710 circum
942 2671 1087 2720 Tyrias

213 2737 337 2772 vestes
365 2733 653 2784 (purpureum
680 2735 857 2783 torum).
909 2735 1083 2784 Longae

214 2797 544 2846 perpetuaeque
580 2806 768 2847 mappae
799 2799 901 2836 sunt
930 2797 1086 2836 toralia

214 2857 380 2896 Isidoro
410 2858 552 2908 Origg.
588 2858 659 2905 49,
700 2859 767 2898 26.
819 2860 959 2898 Locus
994 2859 1085 2910 pri-

215 2918 379 2957 marius
409 2920 476 2957 est
507 2920 678 2959 Petron.
703 2919 777 2960 40:
812 2922 938 2960 donec
957 2923 1085 2961 adve—

215 2983 364 3018 nerunt
391 2980 571 3019 ministri
598 2992 648 3020 ac
686 2983 841 3021 toralia
872 2994 1084 3032 proposu-

214 3044 333 3079 erunt
361 3041 462 3079 toris
481 3043 564 3080 cet.
612 3042 750 3083 Varro
771 3045 816 3083 L.
842 3045 888 3084 L.
912 3045 951 3093 5,
977 3045 1078 3084 467:

214 3103 259 3141 In
301 3103 362 3141 his
402 3103 535 3141 multa
569 3106 826 3155 percpi-inm·
853 3127 908 3134 --
935 3111 1083 3146 contra

214 3165 409 3203 Latinum
452 3163 590 3213 toral,
640 3168 749 3215 quod
789 3172 886 3208 ante
927 3173 1077 3209 torum.

215 3227 450 3277 «Behc'inye,
482 3227 557 3266 mit
586 3227 713 3267 denen
742 3229 815 3268 der
842 3229 982 3271 lectus
1001 3243 1081 3271 von

213 3289 303 3327 dem
351 3290 470 3329 torus
513 3300 569 3328 an
616 3289 675 3328 bis
718 3301 816 3329 zum
853 3291 1082 3333 Fussboden

213 3349 403 3390 bekleidet
434 3351 587 3390 wit-d.»
643 3352 812 3391 Becker
848 3353 993 3393 Gallus
1026 3356 1076 3394 11.

213 3421 256 3462 p.
289 3411 384 3452 248.
449 3413 598 3462 Tyriae
634 3415 784 3453 autem
818 3418 944 3453 vestes
978 3418 1082 3455 sunt

214 3481 427 3525 purpura,
483 3485 571 3526 qua
625 3473 852 3516 cervicalia
904 3477 1077 3527 torique

1148 1516 1212 1564 (Ut
1242 1526 1343 1562 nos,
1378 1525 1534 1555 omnes
1566 1516 1726 1564 nostri,
1762 1515 1966 1561 Bentleii,

1156 1735 1364 1774 tomentis
1397 1734 1491 1774 farti
1523 1737 1650 1774 erant
1680 1737 1892 1786 cooperti.
1941 1737 2029 1775 Sat.

1155 1797 1202 1845 2,
1235 1798 1280 1846 6,
1316 1797 1423 1836 402:
1475 1797 1602 1836 rubro
1633 1797 1702 1836 ubi
1739 1809 1857 1837 cocco
1891 1798 2031 1838 Tincta

1152 1871 1276 1910 super
1311 1860 1433 1898 lectos
1461 1861 1655 1899 canderet
1689 1861 1810 1899 vestis
1839 1860 2027 1901 eburnos.

1151 1923 1339 1974 --Eryo
1368 1921 1438 1961 ubi
1473 1933 1693 1972 purpurea
1717 1927 1959 1972 porrectum
1991 1926 2031 1963 in

1149 1989 1256 2024 *veste
1291 1985 1442 2024 locavit
1482 1986 1567 2024 cet.
1637 1985 1840 2024 Convixis
1881 1988 2028 2026 autem

1150 2048 1369 2098 ingratum
1409 2057 1509 2086 esse
1550 2045 1766 2095 debebat,
1814 2047 1849 2085 si
1887 2048 2031 2087 anim-

1150 2109 1444 2150 advertebant
1495 2112 1616 2149 toros
1676 2110 1794 2160 ipsos
1849 2109 2030 2160 quidem

1150 2171 1382 2223 splendida
1414 2183 1609 2223 purpura
1642 2183 1741 2212 esse
1775 2175 2027 2223 coopertos,

1151 2234 1362 2274 toralibus
1408 2246 1514 2274 vero
1565 2234 1756 2274 sordidis
1804 2235 2026 2275 instratos.

1150 2297 1258 2348 Epp.
1283 2298 1329 2345 i,
1363 2299 1412 2344 5,
1446 2298 1520 2336 22:
1568 2309 1618 2336 ne
1646 2301 1766 2346 turpe
1802 2298 1934 2345 toral,
1982 2308 2031 2337 ne

1148 2359 1321 2397 sordida
1364 2370 1519 2408 mappa
1564 2359 1763 2409 Corrugyet
1807 2370 1942 2398 nares.
1981 2381 2024 2388 —-

1149 2425 1264 2460 tanto
1294 2421 1535 2470 reprehendi
1566 2420 1667 2471 eet]
1704 2422 1902 2459 «Sensus
1934 2424 2023 2460 est:

1151 2483 1304 2522 iustius
1335 2482 1704 2533 reprehenderis,
1754 2483 1788 2521 si
1830 2494 1915 2522 non
1948 2483 2028 2521 lia—

1150 2546 1300 2586 bueris
1331 2545 1450 2584 domi
1491 2546 1635 2584 omnia
1676 2545 1864 2592 munda,
1913 2556 2027 2595 quae

1150 2609 1334 2648 minoris
1377 2608 1602 2654 constant,
1650 2618 1784 2657 quam
1824 2607 1859 2646 si
1900 2606 2028 2647 desu-

1149 2671 1261 2710 erint
1291 2669 1367 2709 tibi
1398 2669 1578 2721 pretiosi
1610 2670 1755 2720 pisces
1788 2672 1831 2708 et
1861 2670 2026 2720 optima

1147 2734 1269 2780 vina,
1303 2743 1416 2783 quae
1450 2743 1535 2771 non
1567 2731 1709 2772 solent
1739 2731 1906 2771 habere
1944 2733 2024 2773 uisi

1149 2806 1332 2835 mensae
1391 2794 1620 2833 divitum.»
1704 2794 1842 2833 Comi.
1892 2795 2022 2840 Cimo.

1149 2857 1426 2897 Constructio
1448 2858 1596 2895 autem
1620 2858 1710 2895 est:
1744 2860 1859 2894 tanto
1882 2856 2028 2895 iustius

1146 2920 1387 2970 reprehendi
1415 2919 1514 2958 haec
1544 2917 1742 2969 neglecta
1775 2918 1852 2957 illis
1873 2916 2024 2968 negle-

1147 2984 1249 3030 ctis,
1283 2993 1389 3032 quae
1419 2984 1502 3021 cet.

1201 3045 1340 3084 90-95.
1381 3041 1812 3093 memori--pectore]
1847 3044 2020 3082 Lueret.

1144 3108 1191 3155 2,
1237 3107 1343 3147 583:
1393 3107 1568 3146 memori
1608 3106 1856 3144 mandatum
1890 3108 2023 3144 mente

1143 3173 1292 3208 tenere.
1338 3168 1387 3216 3,
1434 3169 1536 3208 8721:
1595 3169 1679 3207 Nec
1731 3167 1903 3206 memori
1953 3170 2020 3204 ta-

1141 3242 1235 3270 men
1278 3231 1320 3269 id
1366 3231 1532 3278 quimus
1579 3229 1829 3278 deprendere
1871 3231 2015 3266 mente.

1146 3316 1191 3321 —
1224 3292 1437 3344 interpres]
1479 3292 1604 3343 quasi
1645 3286 1901 3341 ὑποφήτης
1940 3289 2019 3327 Sa—

1141 3356 1300 3406 pientis
1331 3354 1442 3395 illius
1473 3355 1620 3405 ignoti.
1650 3355 1702 3403 (v.
1739 3354 1822 3403 110.)
1853 3374 1897 3379 -
1928 3356 2019 3390 tan-

1140 3417 1318 3469 tundem]
1352 3419 1594 3468 «quantum
1626 3417 1718 3466 ipse
1754 3416 2019 3465 praeceptor

1142 3480 1285 3519 tuus.»
1327 3501 1370 3506 —
1410 3476 1686 3527 habitumque]
1734 3476 2017 3528 «pronuntia-
