2231 3787
835 311 932 350 Lm.
966 311 1015 349 11.
1077 310 1188 350 sAT.
1223 311 1308 349 vii.
1886 308 1987 360 347

182 441 263 482 τὸν
293 443 506 495 οἰκέτην,
541 453 642 482 cum
675 443 880 493 mancipii
912 442 1102 493 asperis,
1137 441 1215 481 sed
1247 440 1479 480 veracibus
1510 442 1685 480 monitis
1711 445 1988 493 opponantur

183 514 278 552 heri
311 512 409 552 talia
441 512 523 553 sibi
555 512 683 552 obiici
715 512 923 562 indignati
953 510 1100 550 rabies
1131 513 1262 561 atque
1295 521 1450 561 graves
1482 510 1639 549 minae.

287 581 600 629 Nihilominus,
634 581 741 621 dum
772 583 813 621 in
845 583 990 621 semet
1021 582 1164 631 ipsum
1196 580 1432 631 opprobria
1474 579 1591 630 larga
1623 591 1755 619 manu
1786 582 1986 631 ingerere

178 651 371 701 videtur,
395 651 623 690 hominum
645 650 772 701 volgo
794 654 925 702 atquo
949 651 1164 702 imprimis
1187 649 1452 690 adversariis
1473 651 1564 690 suis
1585 651 1813 699 signifieat,
1838 649 1987 690 talium

178 722 231 762 de
253 733 301 762 se
324 721 480 760 iudicia
502 721 662 771 partim
686 722 914 771 iniquiora,
941 721 1099 772 partim
1120 730 1302 771 prorsus
1325 718 1428 759 salsa
1453 720 1632 758 minime
1656 718 1818 759 distare
1842 720 1896 758 ab
1921 721 1985 767 iis,

177 802 291 842 quae
322 802 346 830 a
377 791 534 842 quovis
564 790 741 831 servulo
773 792 867 831 lieri
899 793 941 830 et
970 790 1138 842 possint
1169 791 1212 829 et
1241 788 1433 835 soleant3
1482 788 1682 839 indignos
1724 790 1851 839 igitur
1888 801 1987 830 esse

176 871 279 901 suos
311 859 658 907 obtrectatores,
707 860 868 911 quibus
910 861 1078 899 directo
1115 859 1405 911 respondeat,
1453 860 1662 910 omnique
1694 860 1987 900 confutatione

180 941 291 981 ongo
335 931 564 982 praestare
606 929 798 981 lepidam
839 929 1071 969 stultorum
1113 929 1397 969 derisionem.
1459 931 1521 969 De
1563 928 1722 970 talibus
1761 931 1877 969 enim
1908 940 1989 970 suo

177 1011 256 1040 ure
288 1000 439 1040 dicere
471 1001 673 1051 poterat:
706 994 998 1055 'Ardpdnoda
1028 997 1179 1039 ταῦτα
1211 993 1300 1039 οὐκ
1332 996 1457 1038 οἶδεν
1479 994 1590 1039 οῦδὲ
1620 1001 1691 1049 τίς
1721 1000 1843 1051 εἰμι,
1878 993 1990 1040 οὐδὲ

177 1070 273 1110 ποῦ
303 1082 399 1122 μου
431 1065 487 1108 τὸ
517 1065 707 1122 ἀγαθὸν
738 1070 814 1108 καὶ
850 1066 903 1109 τὸ
935 1066 1108 1114 κακόν,
1142 1063 1215 1108 ὅτι
1238 1064 1293 1108 οὐ
1317 1066 1556 1125 πρόσοδος
1587 1064 1753 1120 αὐτοῖς
1782 1067 1901 1127 πρὸς
1931 1067 1988 1109 τὰ

174 1137 283 1193 ἐμά.
347 1140 530 1190 (Arrian.
555 1140 692 1191 Epic-t.
716 1132 762 1186 4,
796 1141 841 1187 5,
874 1139 958 1189 ⁶24.)
1010 1138 1134 1179 Haud
1157 1140 1307 1179 inscita
1331 1141 1395 1178 est
1419 1139 1624 1179 Diintzeri
1645 1140 1814 1190 opinio,
1847 1141 1989 1191 prima

177 1209 245 1251 illa
276 1209 410 1250 veluti
441 1221 464 1249 a
496 1210 764 1261 Damasippo
796 1207 1102 1249 Saturnalibus
1134 1208 1318 1248 diatriba
1350 1208 1499 1247 habita
1531 1209 1631 1258 (Sat.
1656 1210 1705 1258 2,
1739 1210 1795 1259 3.)
1828 1210 1989 1250 adver-

175 1281 314 1320 sarios
345 1278 508 1330 aliquot
539 1280 753 1319 excitatos
785 1289 905 1327 esse,
954 1278 1114 1329 quibus
1154 1289 1239 1318 non
1270 1279 1363 1318 sine
1397 1277 1564 1318 urbana
1595 1279 1785 1329 quadam
1825 1279 1986 1320 malitia

175 1350 380 1390 Horatius
418 1349 487 1390 hic
526 1347 710 1389 alteram
746 1351 942 1389 strenam
982 1346 1258 1388 Saturnalem
1295 1348 1464 1388 offerat.
1533 1349 1700 1400 Scripta
1740 1348 1915 1389 videtur
1945 1361 1983 1389 a.

175 1431 216 1459 u.
251 1431 288 1460 c.
323 1418 416 1460 724.
