2231 3787
851 244 949 283 LlB.
985 244 1015 282 1.
1076 243 1240 283 Erisr.
1273 244 1380 283 xiii.
1933 242 2034 295 503

280 373 344 427 Ut
382 389 504 425 cum
544 372 742 443 pileolo
782 373 960 426 soleas
999 374 1224 427 conviva
1263 373 1485 426 tribulis.
1969 375 2035 426 1¹15

276 474 353 527 Ne
392 473 549 544 volgo
590 492 777 528 narres
816 484 866 528 te
906 474 1190 528 sudavisse
1228 474 1451 528 ferendo

279 575 554 636 Carmina,
598 593 738 646 quae
778 576 985 647 possint
1023 574 1210 629 oculos
1250 593 1522 647 auresque
1563 577 1760 630 morari

315 772 380 810 45.
422 772 496 810 Est
539 782 633 810 cum
677 782 902 822 superscr.
955 773 1003 811 Ut
1040 771 1084 811 b.
1123 792 1166 799 —
1204 772 1268 811 46.
1301 773 1363 811 Ne
1392 771 1592 823 bSEcdp,
1626 772 1798 812 Veneta
1831 772 1978 821 4484.,

261 833 370 873 LCt:
417 834 509 872 Neu
539 845 562 872 e
610 833 717 873 Cod.
763 833 851 873 Gal.
894 831 957 885 (ξ)
999 833 1223 875 Bentleius
1256 836 1300 874 et
1330 846 1373 883 s,
1407 835 1490 873 Nec
1521 832 1548 873 δ
1579 836 1649 873 «et
1687 833 1846 883 alius,»
1897 835 1984 875 duo

259 895 453 935 Pottierii
486 895 646 947 aliique
677 897 806 947 pauci
839 898 975 946 Feae,
1009 897 1131 937 FMO.
1170 919 1213 924 -
1250 897 1314 935 47.
1359 901 1533 946 possunt
1563 907 1675 936 unus
1708 897 1902 936 Pottierii
1932 898 1980 936 N.

261 958 326 998 46.
363 960 408 997 et
442 959 508 998 ct.

202 1105 388 1146 furtivae
434 1105 561 1146 lanae
594 1104 767 1157 glomus
802 1105 884 1145 sub
916 1104 982 1145 ala
1013 1116 1088 1144 re-

202 1168 406 1208 condat.»
452 1169 516 1208 De
547 1170 709 1220 prioris
731 1167 928 1219 syllabae
952 1178 1091 1219 quan-

202 1231 323 1270 titate
362 1230 414 1270 cf.
450 1231 708 1271 Lachmann
750 1230 805 1269 ad
836 1232 1010 1270 Lucret.
1050 1230 1084 1278 1,

201 1293 296 1332 360.
346 1315 393 1321 -
438 1292 634 1344 Pyrrhia]
692 1293 897 1342 «Pyrrhia
940 1302 1086 1341 neque

202 1357 396 1396 Graecae
442 1366 590 1406 neque
631 1357 857 1395 Romanae
896 1354 1086 1394 feminae

201 1428 366 1456 nomen
388 1419 469 1465 est,
495 1428 577 1456 nec
597 1418 745 1468 potest
765 1417 957 1456 dubitari
981 1417 1086 1466 quin

201 1477 307 1518 illud
337 1491 361 1518 a
390 1478 581 1519 librariis
612 1480 670 1518 ita
693 1481 956 1531 corruptum
986 1480 1084 1518 sit.»

199 1542 381 1582 Lachm.
429 1541 486 1581 ad
530 1543 706 1581 Lucret.
754 1553 797 1593 p.
829 1541 923 1582 408.
962 1565 1005 1569 —
1047 1541 1083 1592 3)

199 1603 374 1656 tribulis]
407 1604 618 1644 Homines
650 1603 895 1653 ambitiosi,
929 1613 1086 1643 auram

199 1665 462 1718 popularem
480 1668 728 1718 captantes,
748 1665 934 1706 tribules
951 1666 1085 1705 etiam

197 1729 489 1780 pauperiores
518 1729 612 1768 ruri
648 1728 864 1779 degentes
895 1728 950 1767 ad
983 1739 1087 1767 con-

198 1790 313 1829 vivia
343 1790 569 1830 interdum
590 1790 847 1830 invitabant.
889 1791 1084 1842 (Proprio

198 1863 335 1892 sensu
365 1852 579 1903 equidem
608 1853 652 1893 h.
686 1852 714 1892 l.
747 1865 789 1893 v.
823 1853 985 1893 tribulis
1015 1864 1087 1893 ac-

199 1915 333 1966 cipio,
368 1926 457 1954 non
487 1926 592 1955 cum
612 1915 882 1965 Forcellino,
916 1916 1086 1955 Freun-

199 1976 294 2026 dio,
342 1976 436 2018 aliis
481 1979 728 2028 generatim
771 1989 853 2029 pro
902 1978 1083 2017 homine

197 2050 412 2091 paupere,
437 2041 485 2078 ut
506 2038 649 2080 solent
669 2040 951 2090 interpretari
967 2040 1085 2080 Mar-

199 2099 287 2140 tial.
313 2101 358 2149 9,
392 2101 466 2149 50,
498 2102 551 2140 7:
602 2101 730 2151 (toga)
761 2102 883 2140 Nunc
913 2112 1021 2140 anus
1049 2105 1086 2140 et

198 2163 374 2202 tremulo
402 2163 478 2201 via:
510 2163 757 2212 accipienda
776 2162 918 2201 tribuli
931 2174 945 2210 ,·
977 2163 1084 2202 item

198 2224 306 2264 ibid.
331 2224 398 2273 58,
423 2225 472 2264 8:
505 2225 590 2263 Nec
612 2224 779 2274 pallens
808 2228 907 2275 coya
930 2225 1085 2264 mortui

197 2286 375 2328 tribulis.
434 2288 619 2337 Propria
664 2288 785 2327 certe
824 2287 1083 2338 significatio

198 2351 448 2390 Horatianis
479 2350 760 2401 temporibus
792 2350 935 2401 aptior
963 2350 1085 2391 vide-

197 2414 291 2462 tur,
338 2414 388 2452 ut
424 2412 728 2453 concedamus
767 2411 974 2453 Martialis
1006 2424 1083 2452 ae—

197 2477 286 2515 tate
317 2475 510 2515 tribulem
541 2475 735 2515 eundem
767 2474 859 2514 fere
892 2474 977 2514 dici
1006 2486 1085 2527 po-

199 2537 357 2586 tuisse,
392 2538 467 2588 qui
487 2538 636 2577 Persio
660 2539 730 2577 est
753 2538 1080 2588 semipayanus.)

199 2600 423 2651 Principes
471 2602 623 2640 autem
671 2601 790 2640 cives
844 2601 887 2639 in
932 2601 1077 2639 XXXI.

197 2663 384 2703 rusticas
431 2662 595 2711 tribus,
646 2663 851 2703 homines
900 2663 1079 2703 infimae

198 2725 329 2764 sortis
359 2725 403 2764 in
432 2726 503 2765 IV.
526 2724 722 2765 urbanas
752 2727 982 2765 memento
1012 2737 1082 2765 re-

197 2784 307 2826 latos
329 2785 479 2826 fuisse.
526 2788 732 2827 Rusticus
762 2788 894 2838 igitur
922 2788 1082 2827 Roma-

198 2860 280 2889 nus
309 2850 516 2891 invitatus
539 2861 562 2890 a
585 2850 735 2890 tribuli
755 2863 835 2891 suo
857 2850 1078 2903 locuplete

199 2912 331 2961 atque
362 2910 516 2952 illustri
546 2924 636 2952 non
666 2913 760 2953 sine
783 2913 978 2964 quadam
998 2925 1079 2953 ve-

200 2972 414 3011 recundia
457 2984 509 3012 ac
548 2975 709 3015 timore
741 2986 764 3014 e
795 2975 893 3014 vieo
924 2986 1005 3016 suo
1035 2977 1079 3015 in

200 3033 363 3075 Urbem
407 3035 548 3085 pergit
588 3035 810 3076 calceatus
839 3036 911 3077 vel
941 3048 1079 3089 pero-

199 3097 357 3142 natus;
410 3096 511 3145 quia
558 3107 739 3137 servum
786 3109 875 3138 non
917 3098 1075 3149 habet,

199 3159 320 3197 certe
367 3157 443 3207 qui
480 3167 591 3207 opus
620 3160 836 3200 rusticum
867 3160 1077 3201 deserere

198 3220 359 3271 possit,
399 3219 493 3269 ipse
523 3219 674 3268 soleas,
708 3220 869 3270 quibus
898 3222 1078 3263 indutus

199 3283 243 3321 in
290 3279 526 3320 triclinium
570 3280 734 3319 intrare
779 3281 938 3332 debet,
988 3295 1076 3324 una

200 3352 303 3381 cum
341 3340 478 3393 pileo,
526 3351 614 3390 quo
653 3341 735 3380 sub
777 3345 956 3382 noctem
994 3345 1079 3384 do-

1155 1105 1291 1145 homo
1350 1117 1402 1145 co
1457 1107 1648 1146 maxime
1705 1105 1916 1146 ridiculus
1964 1106 2035 1154 fit,

1156 1167 1276 1218 quod
1326 1167 1433 1207 dum
1489 1170 1835 1219 quantocunque
1892 1170 2040 1219 potest

1155 1240 1258 1269 cum
1299 1229 1464 1269 decore
1503 1228 1634 1270 sole1s
1673 1232 1794 1282 puris
1827 1241 1909 1270 nec
1938 1229 2039 1281 pul-

1154 1302 1259 1330 vere
1286 1291 1512 1343 adspersis
1536 1291 1577 1330 in
1599 1291 1836 1331 triclinium
1858 1293 2038 1332 introire

1151 1355 1280 1405 parat
1310 1353 1576 1404 calceosque
1619 1353 1678 1393 ibi
1712 1357 1867 1394 exutos
1899 1356 1943 1394 et
1969 1355 2040 1406 pi-

1152 1415 1273 1455 leum
1304 1417 1482 1456 atriensi
1523 1415 1680 1466 tradit,
1723 1418 1773 1457 iis
1815 1415 2036 1466 omnibus,

1153 1479 1227 1529 qui
1260 1490 1363 1518 cum
1393 1479 1585 1518 maxime
1618 1479 1661 1517 in
1691 1479 1801 1517 atrio
1835 1480 1961 1527 sunt,
1996 1483 2041 1518 et

1151 1541 1354 1591 ingenuis
1387 1542 1430 1580 et
1460 1539 1630 1580 libertis
1663 1542 1706 1580 et
1736 1541 1877 1580 servis
1908 1541 2038 1580 nimis

1152 1602 1376 1643 demissus
1408 1614 1460 1642 ac
1491 1602 1672 1642 timidus
1703 1603 1893 1642 videtur.
1930 1603 2039 1652 (Non

1151 1667 1257 1706 satis
1288 1665 1332 1705 h.
1356 1664 1382 1704 l.
1408 1663 1554 1704 soleas
1587 1665 1889 1713 coenatorias,
1925 1675 2036 1714 quas

1151 1726 1539 1767 discumbentibus
1571 1727 1770 1767 convivis
1796 1725 2039 1766 demebant

1151 1790 1292 1838 servi,
1335 1800 1360 1828 a
1397 1787 1557 1828 calceis
1598 1788 1847 1828 distinxisse
1878 1787 2038 1827 viden-

1150 1853 1222 1891 tur
1250 1853 1538 1903 Interpretes.
1589 1850 1675 1890 Csr.
1700 1851 1787 1889 sat.
1812 1851 1856 1898 2,
1882 1850 1922 1899 8,
1952 1850 2035 1898 77.)

1207 1915 1273 1953 46.
1299 1914 1364 1952 47.
1400 1914 1464 1952 Ne
1491 1913 1612 1963 volgo
1644 1912 1747 1962 cet.]
1783 1913 1871 1951 «Ne
1903 1911 2037 1951 arde-

1149 1974 1319 2014 lionum
1364 1973 1538 2014 circulis
1580 1975 1623 2013 et
1661 1973 1818 2013 turbae
1849 1972 2035 2013 liberto-

1149 2048 1250 2077 rum
1280 2038 1323 2076 in
1346 2035 1550 2076 Palatinis
1580 2035 1767 2076 aedibus
1798 2046 1954 2075 narres
1986 2038 2028 2076 te

1149 2102 1193 2140 in
1232 2101 1387 2139 itinere
1433 2111 1486 2138 ex
1516 2110 1621 2150 agro
1654 2098 1816 2138 Sabino
1848 2100 2035 2138 Romam

1150 2163 1264 2202 facto
1297 2162 1553 2210 sudavisse,
1594 2172 1698 2201 cum
1729 2161 1913 2201 afferres
1943 2162 2035 2200 Au-

1149 2227 1276 2276 gusto
1322 2225 1499 2275 egregia
1539 2223 1709 2264 scilicet
1739 2223 1905 2262 Horatii
1935 2234 2035 2262 car-

1149 2288 1266 2327 mina
1291 2299 1298 2335 ;
1345 2286 1451 2326 nihil
1488 2286 1607 2326 enim
1638 2286 1793 2325 attinet
1822 2285 1917 2325 illos
1947 2286 2034 2325 hoc

1148 2350 1396 2390 resciscere
1446 2360 1530 2388 nec
1578 2349 1621 2387 te
1671 2347 1882 2387 mandato
1928 2358 2032 2387 meo

1149 2410 1325 2462 gloriari
1369 2421 1516 2461 neque
1548 2420 1620 2448 me
1651 2409 1771 2460 apud
1801 2419 1914 2459 quos
1945 2409 2032 2448 mi-

1147 2475 1265 2514 nime
1312 2473 1519 2513 convenit
1561 2472 1874 2522 intempestive
1919 2482 1943 2510 a
1987 2473 2030 2511 te

1147 2536 1360 2576 laudari.»
1411 2534 1673 2585 Asyndeton
1704 2535 1856 2572 autem
1887 2533 2028 2574 Codd.

1147 2609 1354 2639 meorum
1381 2608 1432 2637 ne
1460 2607 1611 2636 narres
1638 2597 1741 2647 post
1769 2595 1915 2635 futura
1944 2600 2031 2637 ute-

1144 2662 1222 2710 ris,
1269 2660 1452 2700 servabis
1490 2658 1634 2710 aptius
1673 2657 1850 2696 videtur
1892 2667 2028 2708 quam

1144 2722 1216 2763 vel
1245 2735 1325 2762 nea
1346 2721 1416 2761 vel
1445 2733 1518 2761 nec
1539 2731 1703 2760 narres.
1732 2743 1776 2747 —
1803 2717 2028 2770 sudavisse]

1144 2784 1257 2825 Nihil
1295 2784 1431 2824 habet
1467 2782 1622 2833 ingrati
1654 2783 1729 2821 aut
1757 2781 1934 2830 rustici,
1980 2783 2029 2820 ut

1143 2848 1291 2887 visum
1322 2848 1391 2886 est
1420 2843 1667 2892 nonnullis;
1706 2843 1929 2894 siquidem
1958 2844 2027 2883 ni-

1144 2909 1203 2949 hil
1244 2908 1363 2948 aliud
1391 2909 1474 2949 nisi
1515 2907 1682 2947 itineris
1712 2909 1844 2958 atque
1876 2907 2026 2946 oneris

1144 2970 1397 3011 molestiam
1441 2970 1671 3020 significat.
1733 2969 1802 3008 Sic
1844 2969 1934 3008 Cic.
1969 2968 2027 3007 ad

1144 3035 1264 3074 Fam.
1303 3033 1348 3081 3,
1387 3034 1458 3080 42,
1496 3032 1542 3071 3:
1611 3032 1728 3071 Vides
1767 3032 1921 3070 sudare
1961 3042 2027 3070 me

1142 3097 1389 3136 iamdudum
1418 3094 1701 3143 laborante-m,
1744 3093 1947 3143 quomodo
1976 3103 2027 3132 ea

1143 3163 1285 3208 tuear,
1319 3169 1425 3208 quae
1448 3157 1549 3197 mihi
1569 3157 1723 3196 tuenda
1742 3159 1850 3195 sunt.
1885 3155 2023 3202 Quin-

1142 3220 1203 3261 til.
1227 3222 1266 3270 5,
1291 3221 1330 3269 7,
1356 3221 1372 3259 ¹1
1395 3232 1402 3258 :
1444 3219 1662 3259 Max-tonus
1685 3217 1878 3267 patronis
1906 3216 2023 3254 circa
2090 3249 2105 3260 ,

1142 3282 1376 3322 testimonia
1404 3282 1532 3320 sudor
1562 3284 1633 3320 est.
1684 3302 1728 3308 -
1774 3278 1911 3318 oculos
1939 3287 2021 3314 au-

1141 3343 1302 3394 resque]
1355 3343 1492 3382 oculos
1534 3342 1741 3392 legentis,
1796 3349 1920 3377 aures
1963 3336 2018 3376 ab

199 3414 324 3443 mum
354 3405 587 3442 revertens
619 3406 751 3454 caput
772 3406 970 3444 tecturus
992 3408 1075 3455 est,
1142 3408 1384 3456 anagnosta
1420 3406 1602 3445 recitata
1646 3401 1891 3446 audientis;
1938 3399 2021 3439 nisi

200 3465 281 3504 sub
331 3465 396 3506 ala
445 3466 603 3517 portat.

680 3466 879 3516 Optimus
929 3468 1078 3507 autem
1143 3479 1247 3507 vero
1280 3469 1373 3508 sine
1407 3468 1489 3507 hoc
1520 3465 1774 3506 discrimine
1806 3473 1886 3513 per
1915 3471 2020 3512 pro-
