2231 3787
205 285 304 338 27⁴2

844 281 1056 321 HORATII
1087 279 1386 320 SATIRARUM

275 420 562 486 Aegrotare
601 421 756 483 putes
795 410 953 463 animi
994 408 1154 461 vitio?
1199 408 1417 478 Accipe:
1460 406 1688 476 primum

275 516 560 576 AedificaS,
604 514 704 567 hoc
742 521 848 566 est.
890 510 1078 580 longos
1120 508 1366 568 imitaris,
1410 505 1476 559 ab
1517 507 1622 558 imo

275 618 352 671 Ad
392 634 658 671 summum
697 622 836 667 totus
875 610 1076 664 moduli
1116 607 1405 680 bipedalis,
1447 616 1499 661 et
1537 607 1680 660 idem

278 720 514 790 Corpore
555 716 813 768 maiorem
853 711 997 765 rides
1038 709 1299 763 Turbonis
1340 709 1391 760 in
1431 708 1592 761 armis

1911 705 2013 758 340

275 820 528 891 Spiritum
567 826 618 870 et
655 816 949 868 incessum:
992 814 1083 882 qui
1124 808 1381 864 ridiculus
1420 809 1594 861 minus
1636 807 1766 861 illo?

275 925 352 975 An
378 919 740 992 quodcunque
769 915 890 968 facit
916 915 1226 974 MaecenaS,
1271 920 1321 964 te
1349 926 1569 982 quoque
1596 926 1786 962 verum
1812 916 1894 962 est

274 1026 493 1076 Tantum
532 1016 846 1073 dissimilem
884 1023 937 1069 et
974 1021 1117 1068 tanto
1158 1020 1365 1067 certare
1404 1010 1703 1065 minorem?

314 1187 406 1227 3¹0.
443 1185 632 1225 Trebonis
660 1181 707 1232 ὁ,
745 1180 967 1220 Tuberonis
996 1181 1045 1219 N.
1080 1178 1296 1218 Heinsius.
1347 1177 1433 1217 Sed
1454 1177 1542 1216 vid.
1567 1177 1774 1217 Priscian.
1809 1175 1903 1215 Vol.
1928 1178 1959 1215 l.

258 1263 301 1303 p.
335 1249 428 1289 2029.
461 1249 533 1287 Kr.
568 1246 746 1287 Senius
778 1243 835 1283 ad
864 1243 981 1293 Virg.
1014 1242 1123 1281 Aen.
1158 1241 1197 1287 7,
1231 1240 1323 1279 378.
1368 1262 1412 1267 —
1453 1239 1546 1278 344.
1579 1239 1667 1288 ipso
1701 1249 1739 1278 c.
1776 1260 1820 1266 —
1863 1237 1957 1277 343.

263 1312 389 1351 Tanto
426 1308 661 1349 dissimilem
698 1305 830 1356 bScp‚
864 1303 1057 1344 Pottierii
1088 1313 1263 1351 omnes,
1311 1302 1443 1341 LCtF.
1504 1300 1699 1351 (Tantum
1728 1299 1984 1339 dissimilem·

260 1373 482 1415 Bentleius
514 1384 536 1412 e
569 1370 676 1411 Cod.
709 1367 908 1409 Blandin.
944 1365 1250 1416 antiquissimo
1281 1366 1324 1404 et
1352 1365 1552 1403 Tonsano
1585 1361 1679 1402 coll.
1713 1364 1801 1402 Sat.
1823 1363 1873 1411 2,
1911 1363 1960 1410 5,

260 1438 326 1477 92.
373 1436 481 1487 Epp.
517 1434 561 1482 4,
598 1433 668 1481 40,
704 1431 766 1479 3.,
809 1430 941 1480 atque
974 1429 1058 1467 Fea
1089 1429 1199 1467 teste
1232 1427 1295 1467 sic
1327 1427 1462 1466 etiam
1489 1425 1659 1465 Veneta
1691 1425 1749 1475 (⁶3)
1783 1425 1962 1476 Gryphii

263 1499 403 1547 4552.)

205 1641 292 1680 Sat.
316 1639 361 1687 Ξ,
396 1637 441 1685 8,
474 1636 548 1676 83:
585 1635 691 1687 fictis
719 1644 873 1673 rerum.
911 1654 954 1659 -
987 1631 1080 1670 lon—

203 1703 301 1754 qos]
351 1697 700 1749 mimici-bisse.
774 1695 901 1733 Voss.
971 1692 1081 1732 «Di-

204 1766 314 1803 vites
354 1759 599 1801 aemulatus
634 1760 677 1797 in
714 1755 858 1796 villula
888 1757 962 1795 tua
999 1754 1080 1793 do-

205 1835 328 1866 mum
357 1823 427 1863 vel
460 1822 655 1873 porticus
683 1830 800 1858 nunc
828 1819 971 1869 ipsum
1003 1827 1081 1855 ex-

206 1888 359 1934 struis,
413 1885 456 1924 id
507 1883 625 1934 quod
673 1883 821 1921 curtae
868 1881 968 1918 tuae
1017 1878 1081 1917 rei

206 1960 364 2002 parum
396 1946 625 1992 convenit,
671 1954 753 1982 nec
792 1943 937 1981 minus
974 1940 1082 1979 ridi—

207 2011 356 2052 culum
387 2011 473 2054 est,
508 2018 641 2058 quam
673 2007 707 2044 si
737 2007 805 2052 tu,
838 2013 977 2054 prope
998 2013 1083 2053 pu-

209 2073 348 2120 milio,
394 2071 545 2120 longos
586 2070 701 2109 statu
732 2068 863 2116 atque
906 2065 1082 2103 incessu

208 2135 367 2176 imitari
408 2132 560 2172 velis.»
596 2151 639 2158 —
675 2129 828 2168 moduli
872 2126 1081 2177 bipedalis]

209 2209 289 2250 per
317 2198 478 2235 iocum.
522 2193 716 2243 Corporis
744 2190 886 2241 miqui
916 2200 963 2229 se
1002 2199 1084 2227 vo-

209 2269 280 2307 cat
310 2267 417 2316 Epp.
443 2265 486 2312 4,
520 2264 596 2311 20,
630 2261 696 2301 24.
735 2284 778 2288 —
816 2259 975 2298 «Turbo
997 2257 1084 2308 gla-

208 2329 351 2369 diator
375 2327 453 2366 fuit
474 2326 629 2376 exiguo
651 2332 857 2373 corpore,
892 2320 970 2360 sed
993 2320 1083 2359 ani-

208 2400 360 2430 mosus
388 2398 577 2440 pugna.»
611 2387 765 2425 Pomm.
794 2407 838 2410 —
863 2381 1080 2432 Spiritum]

208 2454 372 2492 Feuer
417 2450 482 2488 im
521 2447 728 2488 Antlitz
772 2445 915 2495 potius
948 2454 1082 2494 quam

207 2514 375 2554 Atliem
411 2511 538 2550 Voss.
575 2531 620 2537 —
656 2508 837 2556 Corpore
863 2505 1079 2556 maiorem]

210 2575 451 2614 umaiorem
482 2581 616 2622 quam
645 2568 882 2609 convenire
907 2566 1084 2605 videtur

209 2636 376 2675 homini
405 2636 495 2673 tam
523 2630 722 2684 pusillo.»

263 2695 456 2736 3112-316.
486 2705 630 2733 verum
649 2692 720 2743 est]
744 2692 959 2732 Construe
982 2700 1084 2729 cum

212 2756 431 2797 Bentleio:
481 2757 686 2794 «rectum
727 2755 770 2792 et
812 2754 977 2792 iustum
1018 2753 1085 2790 est

211 2818 357 2858 facere
397 2820 438 2857 te
480 2827 656 2867 quoque
696 2817 785 2854 tam
823 2811 1083 2853 dissimilem

214 2883 256 2919 et
281 2882 399 2918 tanto
422 2880 640 2918 minorem
659 2889 700 2915 v.
724 2876 978 2915 inferiorem
998 2885 1085 2913 cer-

212 2945 302 2980 tare
331 2942 356 2979 i.
390 2952 428 2979 e.
461 2941 504 2978 in
535 2938 746 2978 certando
777 2947 878 2976 cum
913 2936 1085 2975 Maece-

213 3003 368 3041 nateff'»
420 3002 487 3040 Sic
510 2999 580 3039 Sil.
604 2998 695 3039 Ital.
715 3000 761 3047 5,
786 2999 858 3037 77:
892 2997 969 3036 heu
986 2997 1086 3046 salis

211 3064 349 3113 superi
378 3066 553 3102 certasse
580 3062 784 3100 minores!
832 3057 912 3098 Alii
937 3058 1083 3097 minus

213 3124 439 3176 apposite:
491 3124 678 3161 «iustum
714 3123 782 3160 est
824 3122 865 3159 te
905 3129 1083 3169 quoque

211 3190 372 3226 certare
416 3183 654 3234 (aemulari)
696 3186 786 3222 tam
825 3179 1085 3220 dissimilem

214 3250 258 3287 et
288 3248 407 3286 tanto
428 3247 709 3285 minorem‘?»
735 3266 779 3272 -
806 3244 981 3282 Tantum
1000 3242 1086 3280 clis-

212 3308 397 3359 similem]
446 3305 624 3357 Volgata
669 3304 797 3344 lectio
842 3307 956 3343 tanco
999 3304 1084 3342 dis-

212 3371 383 3410 similem
413 3371 507 3408 orta
548 3379 600 3408 ex
638 3377 733 3417 seq.
775 3370 890 3404 tanto
928 3365 1084 3404 Latini-

216 3432 291 3471 tati
319 3431 545 3482 repugnat.
584 3452 627 3457 —
659 3438 794 3467 ranae
822 3427 958 3477 pullis]
993 3425 1078 3466 Csr.

214 3492 359 3532 Babrii
389 3492 474 3533 sab.
512 3492 577 3532 28.
625 3490 809 3531 Phaedr.
848 3491 892 3537 4,
926 3488 992 3528 2'.
1034 3509 1077 3516 —

1141 1628 1358 1677 denarrat]
1392 1627 1569 1667 «ordine
1593 1628 1636 1666 et
1663 1625 1793 1678 plene
1824 1628 2016 1667 narrat.»

1144 1690 1289 1731 Habet
1331 1692 1418 1730 iam
1459 1691 1632 1730 Terent.
1669 1689 1845 1729 Phorm.
1883 1690 1929 1737 5,
1966 1690 2015 1738 7,

1144 1754 1188 1793 54
1208 1765 1215 1791 :
1239 1754 1350 1793 Haec
1371 1755 1473 1793 adeo
1489 1764 1562 1804 690
1583 1752 1642 1791 illi
1662 1753 1749 1792 iam
1765 1751 2015 1791 denarrabo.

1200 1877 1401 1917 317-3019.
1450 1876 1720 1928 QuantaneP]
1761 1875 1857 1916 Vid.
1890 1875 1944 1917 ad
1975 1887 2016 1915 v.

1144 1940 1239 1978 295.
1277 1963 1321 1968 —
1353 1944 1516 1979 lanium
1543 1961 1592 1968 --
1618 1939 1791 1991 mayna]
1822 1950 1874 1979 so
1903 1940 2020 1979 sehr

1145 2012 1313 2052 gyross,
1361 2002 1481 2041 idem
1524 2001 1615 2040 fere
1656 2012 1708 2041 ac
1747 2005 1834 2040 tam
1860 2013 2019 2053 magna

1147 2063 1215 2114 (so
1245 2063 1423 2114 qross),
1455 2065 1503 2102 ut
1532 2075 1573 2102 v.
1599 2063 1699 2103 343:
1736 2063 1910 2103 Tantum
1941 2064 2022 2104 dis-

1144 2126 1329 2164 similem.
1371 2126 1519 2165 Lectio
1541 2127 1692 2165 autem
1710 2137 1810 2164 num
1835 2126 2018 2175 tandem,

1144 2199 1185 2227 se
1214 2188 1386 2239 inflans,
1419 2188 1476 2225 sic
1495 2198 1653 2237 mayna
1678 2187 1819 2236 fuisset
1849 2187 1892 2226 in
1913 2198 2020 2238 pau-

1145 2249 1332 2289 cissimis
1365 2248 1502 2288 Codd.
1529 2249 1696 2298 integra
1727 2249 1888 2297 exstat3
1922 2247 2021 2300 ple-

1144 2312 1270 2361 rique
1303 2312 1444 2359 enim,
1477 2311 1524 2349 ut
1554 2311 1663 2360 mei,
1704 2321 1806 2350 cum
1836 2321 1917 2361 per
1947 2321 2021 2350 er·-

1144 2383 1294 2411 rorem
1326 2372 1608 2411 manifestum
1632 2371 1902 2423 praeberent
1920 2383 2020 2411 num

1144 2436 1311 2474 tandem
1330 2435 1503 2485 sufflans
1521 2445 1561 2473 se
1580 2445 1740 2484 maqna
1753 2431 1922 2484 fuisset,
1949 2432 2019 2473 alii

1146 2497 1420 2548 scripserunt
1447 2507 1548 2535 num
1577 2497 1742 2535 tandem
1768 2497 1945 2548 sufflans
1962 2496 2020 2535 sic

1145 2571 1200 2598 m.
1235 2559 1265 2609 f.
1299 2558 1489 2610 (sufflans
1517 2559 1552 2597 si
1594 2558 1673 2598 Ed.
1715 2559 1825 2599 Ven.
1864 2558 2016 2608 4484.),

1146 2620 1215 2660 alii
1245 2621 1329 2660 hoc
1359 2631 1513 2659 rursus
1553 2621 1843 2659 correxerunt
1874 2631 1914 2659 se
1950 2620 2019 2659 in-

1143 2685 1264 2734 flans.
1298 2682 1383 2722 Sed
1404 2682 1594 2721 verbum
1610 2682 1781 2733 sufflare
1800 2682 1883 2720 hac
1905 2682 1946 2721 in
1968 2692 2017 2721 re

1146 2745 1478 2785 usitatissimum
1522 2745 1629 2782 erat.
1704 2742 1839 2782 Plaut.
1882 2743 2014 2783 Stich.

1145 2809 1193 2856 5,
1226 2806 1272 2855 4,
1306 2806 1383 2846 42:
1431 2806 1567 2857 Suffla
1594 2805 1781 2844 celeriter
1808 2805 1880 2844 libi
1918 2804 2019 2845 buc-

1145 2880 1231 2908 cas.
1269 2891 1313 2896 —
1345 2867 1488 2906 Maior
1531 2867 1714 2906 dimidio.
1774 2867 1886 2906 Num
1918 2871 2017 2906 tan-

1145 2929 1274 2980 tum?]
1309 2930 1605 2969 Controverso
1634 2928 1736 2968 huic
1766 2926 1862 2967 loco
1883 2938 2016 2979 prae-

1145 2994 1370 3033 mittamus
1419 3001 1604 3031 necesse
1648 2992 1716 3030 est
1744 2989 2018 3042 responden-

1147 3057 1237 3094 tem
1278 3053 1464 3093 Phaedri
1496 3054 1540 3100 4,
1585 3052 1660 3102 24,
1706 3051 1758 3092 4:
1811 3053 2019 3103 Ruqosam

1150 3116 1281 3167 (rana)
1304 3116 1468 3167 inflavit
1480 3115 1650 3165 pellem:
1682 3118 1769 3153 tum
1786 3117 1907 3153 natos
1925 3124 2019 3153 suos

1145 3179 1446 3229 Interrogavit,
1498 3188 1554 3216 an
1596 3176 1694 3215 bove
1734 3179 1834 3215 esset
1874 3175 2014 3214 latior.

1146 3242 1207 3280 Illi
1235 3243 1456 3291 neqarunl.
1513 3240 1669 3278 Rursus
1695 3236 1867 3275 intendit
1885 3239 2019 3275 cutem

1145 3303 1307 3343 Maiore
1335 3302 1429 3340 nisu
1458 3304 1496 3340 el
1524 3299 1648 3338 simili
1687 3296 1888 3347 quaesivit
1923 3308 2018 3337 mo-

1145 3366 1216 3412 do,
1251 3364 1350 3414 Quis
1376 3363 1514 3402 maior
1542 3364 1653 3400 esset.
1711 3358 1775 3397 Illi
1802 3358 2014 3407 dixerunt,

1144 3426 1297 3466 bovem.
1357 3426 1448 3463 Iam
1479 3424 1625 3463 nostra
1656 3421 1700 3460 in
1729 3420 1916 3460 lectione
1942 3430 2017 3458 ra-

1145 3485 1361 3528 nunculus
1383 3486 1510 3526 matri
1540 3481 1800 3535 respondet:
1851 3481 2016 3522 «Maior
