2231 3787
13 2598 31 3163 „AE

849 324 945 364 ΜΒ.
983 326 1010 364 l.

261 457 495 528 Solaque
517 502 523 509 .

1065 325 1226 364 EPIST.
1262 325 1328 364 Vl.

569 474 708 528 quae
751 456 919 528 possit
957 456 1133 509 facere
1174 464 1226 509 et
1265 473 1484 509 servare
1524 455 1756 509 beatum.

259 561 409 613 Hunc
450 559 620 612 solem
662 567 713 611 et
754 557 934 612 stellas
973 567 1026 612 et
1064 557 1384 612 decedentia
1423 558 1583 611 certis

258 665 521 733 Tempora
573 661 856 714 momentis
896 669 1016 713 sunt
1057 660 1148 731 qni
1190 659 1475 714 formidine
1516 659 1655 712 nulla

187 885 392 935 Sapientis
450 889 507 923 est
558 883 808 934 proprium,
846 907 863 912 -
892 907 908 912 —
940 876 1064 932 nihil,

186 959 280 987 cum
309 948 528 995 acciderit,
558 947 788 995 admirari,
812 951 857 986 ul
876 947 1069 996 inopina-

188 1015 274 1049 tum
322 1021 371 1049 ac
421 1021 574 1048 novum
623 1010 820 1049 accidisse
857 1010 1064 1049 videatur.

187 1074 332 1123 Longe
377 1074 527 1111 autem
568 1071 771 1112 diversus
814 1074 881 1111 est
921 1083 1067 1122 neque

185 1136 349 1186 opponi
381 1134 517 1175 debet
555 1133 650 1183 ille,
694 1136 768 1186 qui
808 1146 887 1174 nos
919 1135 1070 1174 incitat

186 1197 242 1238 1d
296 1209 450 1238 rerum
502 1208 660 1238 causas
715 1197 1065 1248 investigandas,

186 1257 484 1314 θαυιιασιιὸς
509 1258 790 1311 φιλόσοφος
807 1293 815 1310 ,
850 1262 893 1300 et
924 1260 1070 1300 Plato-

187 1325 253 1365 nis
283 1325 465 1365 Theaet.
494 1336 536 1376 p.
577 1326 670 1364 1155.
708 1325 783 1363 D.:
815 1320 950 1375 μά2α
980 1319 1070 1380 γὰρ

185 1384 466 1436 φιλοσόφου
508 1383 653 1426 τοῦτο
704 1382 759 1425 τὸ
805 1382 963 1436 πάθος
1006 1382 1070 1425 τὸ

186 1445 584 1502 θαυμάζειν·
619 1443 675 1488 οὗ
707 1443 797 1505 γάρ
831 1442 953 1501 ἄλλη
984 1443 1071 1505 ἀρ-

185 1510 248 1566 χὴ
286 1511 608 1614 φιλοσοφίας4
626 1506 686 1603 lyr.)
699 1505 849 1565 αὕτη·
898 1515 943 1552 et
971 1513 1071 1551 Ari-

185 1574 352 1647 stotelis
374 1575 608 1627 Metapli.4
704 1606 710 1614 .
752 1571 828 1614 διὰ
860 1569 915 1614 τὸ
938 1574 1072 1614 θαυ-

184 1634 418 1691 μάζειν
471 1637 522 1677 οἱ
569 1631 819 1706 ἄνθρωποι
862 1638 945 1677 καὶ
985 1635 1071 1678 νῦν

186 1701 267 1741 καὶ
300 1696 355 1741 τὸ
393 1712 581 1758 πρωτον
617 1694 826 1757 ἤρξαντο
856 1698 1067 1749 φιλοσο-

185 1767 311 1814 (psit).
351 1787 394 1791 —
421 1762 568 1814 prope]
604 1759 832 1812 «σχεδόν,
873 1775 917 1803 so
945 1764 1073 1803 ziem-

185 1827 314 1874 lichp)
363 1837 450 1876 quo
489 1825 639 1865 addito
677 1826 946 1866 sententiam
979 1838 1071 1865 πα-

185 1885 390 1947 ράδοξοι)
412 1887 636 1940 aliquanto
658 1889 851 1939 mitigat,
884 1899 1070 1940 prorsus

186 1954 233 1991 ut
255 1953 341 1991 Sat.
369 1952 383 1990 tl
407 1983 415 2000 ‚
441 1950 489 2000 3,
524 1950 598 1990 98:
632 1951 794 1990 utilitas
827 1951 1072 2001 izi-stipmpe

185 2019 320 2054 mater
349 2018 386 2054 et
423 2014 560 2063 aequi.
613 2013 706 2053 Noli
747 2014 929 2065 iungere
968 2026 1070 2055 cum

186 2076 442 2117 Sanadono:
489 2076 560 2115 Nil
592 2088 728 2126 prope
759 2077 985 2117 admirari.
1024 2100 1068 2106 —

187 2139 373 2190 Numici]
423 2141 568 2178 «Nota
620 2150 729 2189 gens
773 2140 998 2189 Numicia⁷
1048 2152 1071 2180 e

189 2213 276 2252 qua
293 2200 445 2241 consul
467 2202 512 2240 T.
529 2202 757 2241 Numicius
775 2202 950 2242 Priscus
969 2213 1073 2242 cum

188 2267 235 2303 Α.
271 2263 475 2314 Verginio
513 2264 710 2304 Tricosto
742 2275 781 2303 a.
811 2275 853 2303 u.
887 2275 924 2304 c.
956 2263 1069 2313 284„

189 2326 305 2366 dicta
343 2337 366 2365 a
397 2326 581 2365 Numico
623 2337 658 2366 s.
697 2327 922 2375 Numicio,
967 2327 1074 2365 Latii

188 2389 415 2428 flumine.»
448 2389 655 2427 ToniffixT.
690 2412 734 2416 —
758 2399 846 2427 una
875 2387 1070 2439 Solaque]

192 2450 343 2502 «Apud
403 2451 667 2490 Ciceronem
725 2449 956 2502 aliquoties
1007 2452 1075 2490 est

188 2524 295 2552 unus
323 2513 432 2552 solus
462 2513 555 2552 sine
589 2512 771 2564 copula:
819 2525 926 2553 unus
964 2512 1073 2554 alios

189 2587 276 2615 non
322 2574 539 2623 excludit,
591 2576 671 2616 sed
717 2587 856 2616 unum
902 2577 1072 2616 tantum

190 2638 312 2690 ponit
372 2637 691 2689 praecipunm3
752 2638 862 2678 solus
920 2640 1072 2678 contra

191 2711 347 2740 omnes
392 2699 499 2740 alios
545 2699 753 2740 excludit.
821 2700 997 2749 Quintil.
1031 2702 1068 2750 l,

190 2763 238 2810 5,
271 2763 346 2803 38:
396 2763 668 2802 Soloecismus
693 2765 742 2815 fic
770 2764 999 2814 aliquando
1029 2764 1073 2803 in

189 2836 272 2865 imo
299 2825 445 2874 verbo,
477 2836 698 2874 uunquam
727 2827 770 2866 in
800 2827 884 2867 solo
904 2826 1070 2867 verbo.»

192 2889 364 2928 Konxio.

249 3012 288 3052 3.
330 3013 368 3053 4.
428 3015 546 3054 Hunc
600 3016 746 3068 solem]
802 3012 1070 3067 δεικτικῶς,

195 3085 354 3125 «quem
395 3086 551 3116 omnes
592 3077 915 3129 admiramur‚»
957 3091 1072 3131 quo-

194 3138 338 3185 niam,
381 3138 427 3176 ut
459 3138 622 3178 Dantes
655 3139 862 3181 divinitus
893 3142 970 3190 ait,
1005 3143 1075 3182 est

193 3200 249 3238 Lo
288 3199 478 3238 ministro
518 3201 713 3251 ¹mayssior
752 3202 859 3241 della
897 3208 1070 3243 natura.

198 3285 240 3289 —
264 3262 386 3301 certis
407 3283 429 3289 -
448 3263 676 3313 momentis]
709 3264 929 3305 «motibus
951 3276 1073 3306 sem-

194 3333 276 3373 per
307 3323 592 3374 aequalibus,
627 3324 811 3364 circuitu
842 3325 927 3365 fixo
949 3326 1075 3377 (nach

195 3384 444 3425 bestimmten
460 3386 934 3439 Bewequnqsqesetzen).
945 3405 962 3423 n
981 3389 1070 3428 Cic.

197 3446 250 3485 de
281 3449 330 3487 N.
355 3449 405 3488 D.
429 3449 477 3497 2,
511 3449 584 3497 62,
620 3449 721 3488 1155:
770 3449 976 3488 Circuitus
1005 3462 1073 3490 so-

196 3509 245 3547 lis
264 3514 300 3549 et
320 3511 443 3550 lunae
461 3511 801 3561 reliquorumque
820 3512 1001 3551 siderum
1021 3535 1036 3540 -
1055 3535 1074 3541 -

197 3573 471 3620 spectaculum
491 3573 721 3613 hominibus
733 3573 935 3624 praebent
949 3587 960 3613 .·
983 3575 1074 3614 nul-

342 3649 492 3684 HORAT.
526 3659 615 3685 voi..
648 3650 689 3685 Π.
744 3660 807 3685 En.
839 3659 922 3686 MAI.
956 3650 1013 3686 lll.

1124 945 1356 996 pulchrior.

1129 884 1172 922 la
1193 887 1249 923 esi
1270 884 1379 922 enim
1410 882 1688 922 insatiabilior
1707 884 1873 933 species,
1897 880 2014 923 nulla

1409 943 1519 985 Solis
1550 944 1772 997 lunaeque
1795 946 2012 993 defectus,

1131 1007 1324 1057 fulgura,
1351 1009 1561 1057 tonitrua,
1587 1007 1758 1059 aliaque
1780 1009 2012 1066 μετέωρα,

1132 1081 1246 1121 quae
1279 1069 1488 1110 mortales
1521 1070 1907 1121 perterrefaciant,
1944 1072 2013 1110 hic

1131 1132 1366 1183 significari
1389 1133 1610 1173 videntur.
1660 1134 1747 1173 (Isr.
1773 1136 2013 1175 Democriti

1131 1195 1281 1235 locum
1310 1195 1428 1247 apud
1460 1197 1641 1235 Sextum
1682 1197 1808 1248 Emp.
1843 1198 1891 1247 9,
1926 1198 2013 1245 24„

1131 1257 1230 1307 ubi,
1264 1260 1312 1298 ut
1343 1261 1695 1298 consentaneum
1727 1261 1842 1307 erat,
1878 1261 2017 1300 nomi-

1132 1322 1294 1361 nant-ur
1337 1320 1624 1360 formidolosa
1668 1319 1761 1360 illa:
1812 1316 2015 1377 ὁρῶντες

1132 1379 1191 1423 τὰ
1231 1382 1282 1423 ἐν
1319 1385 1424 1432 τοῖς
1458 1380 1718 1440 μετεώροις
1749 1381 2017 1436 παθήματα

1134 1446 1184 1486 οἱ
1219 1445 1417 1486 παλαιοὶ
1454 1443 1549 1485 τῶν
1588 1441 1882 1503 ἀνθρώπων,
1929 1461 2017 1488 κα-

1132 1505 1288 1566 θάπερ
1317 1505 1526 1566 βροντὰς
1556 1510 1636 1550 καὶ
1654 1506 1921 1568 ἀστραπάς,
1946 1524 2017 1551 κε-

1133 1568 1341 1643 ραυνούς
1374 1584 1422 1612 τε
1447 1573 1529 1612 καὶ
1550 1566 1741 1630 οἴστρων
1762 1570 2014 1625 συνόδους

1133 1630 1273 1688 ἡ2ίου
1318 1647 1368 1675 τε
1404 1636 1487 1676 καὶ
1517 1633 1724 1689 σε2ηνης
1755 1635 2011 1689 ἑκ2είψεις

1133 1697 1489 1752 ἑδει,ιιατοῦντο,
1510 1695 1655 1750 θεοὺς
1672 1696 1892 1752 οἰόμενοι
1911 1698 2018 1740 τού-

1133 1775 1227 1802 των
1271 1763 1456 1812 αἰτίους
1501 1758 1638 1802 εἶναι.
1705 1764 1797 1802 Nec
1841 1762 2019 1814 praefe-

1133 1826 1273 1866 renda
1303 1826 1480 1866 xidetur
1509 1825 1698 1865 Iacobsii
1734 1826 1846 1865 ratio
1881 1826 1940 1876 (L.
1966 1827 2015 1865 V.

1131 1901 1175 1941 p.
1213 1889 1339 1939 1152),
1381 1899 1496 1939 quae
1535 1888 1624 1928 huc
1663 1887 1800 1928 redit:
1850 1889 2018 1928 «Verus

1132 1950 1447 2004 philosophus,
1481 1962 1580 1990 acer
1608 1951 1882 2002 *investigator
1902 1955 1939 1991 et.
1960 1952 2020 1990 di-

1133 2015 1264 2066 liyens
1293 2026 1440 2054 earum
1468 2025 1640 2063 rerum,
1675 2026 1781 2064 quae
1812 2025 1838 2053 a
1862 2019 2020 2054 natura

1132 2078 1344 2117 involutae
1385 2078 1580 2117 videntur
1626 2077 1734 2128 (Cic.
1778 2077 1886 2117 Tim.
1932 2078 2016 2127 4.),

1134 2139 1369 2191 tranquillo
1411 2140 1559 2180 animo
1600 2138 1774 2179 eaelum
1816 2141 2020 2180 contem—

1133 2203 1300 2255 platin
1348 2198 1598 2257 (ἆνταιγὲς
1637 2198 1756 2260 πρὸς
1772 2197 2020 2255 '’t'OJvuttov

1135 2261 1457 2322 ἀταρβήτοισι
1501 2262 1782 2323 προσώποις
1795 2265 1826 2318 ‚)
1872 2277 2018 2317 neque

1136 2340 1188 2367 ea
1219 2328 1454 2368 tormidine
1487 2328 1696 2376 afficitur,
1732 2340 1819 2378 qua
1850 2327 2022 2379 percel—

1135 2388 1283 2428 luntur
1313 2390 1362 2439 ii,
1406 2391 1480 2441 qui
1512 2391 1573 2439 (ut
1604 2392 1671 2430 est
1701 2390 1819 2442 apud
1852 2391 2022 2431 Censo-

1135 2453 1217 2492 rin.
1267 2454 1317 2492 D.
1362 2454 1412 2492 N.
1454 2452 1510 2502 8.)
1557 2457 1654 2492 ante
1697 2453 1839 2492 omnia
1881 2454 2021 2493 dicunt

1136 2519 1277 2554 actum
1303 2515 1521 2565 vitamque
1557 2519 1746 2555 nostram
1780 2515 1905 2555 slellis
1934 2520 2022 2555 tam

1133 2578 1254 2629 vaqis
1283 2589 1411 2628 quam
1441 2578 1558 2617 stalis
1579 2589 1663 2617 esse
1682 2577 1923 2628 subiectam,
1946 2589 2021 2618 ea—

1135 2651 1313 2690 rumque
1332 2641 1454 2680 vario
1483 2641 1783 2690 multiplicique
1803 2652 1927 2680 cursu
1947 2653 2021 2692 96—

1134 2715 1213 2744 uus
1250 2704 1481 2743 humanum
1509 2704 1762 2755 gubernari,
1808 2705 1877 2743 secl
1906 2705 2020 2753 ipsa-

1136 2779 1234 2806 rum
1261 2771 1397 2807 molus
1424 2767 1717 2817 schemataque
1742 2771 1780 2806 el
1809 2769 1973 2817 effectus
1993 2778 2020 2806 α

1137 2831 1218 2870 sole
1247 2830 1391 2870 crebro
1429 2830 1690 2869 immutari.»
1742 2829 1886 2869 Liberi
1917 2830 2020 2869 sunt

1138 2894 1267 2944 igitur
1294 2891 1544 2944 philosophi
1582 2893 1676 2932 veri
1707 2902 1864 2932 omnes
1901 2892 2019 2943 (nam

1136 2967 1225 2996 non
1256 2955 1310 2995 cle
1350 2954 1454 2995 solis
1490 2955 1717 3006 Epicureis
1748 2954 1846 3005 agit)
1879 2953 1935 2994 ab
1969 2955 2019 2993 iis

1136 3017 1393 3067 timoribus,
1435 3029 1548 3069 quos
1584 3015 1762 3068 popello
1801 3017 2020 3067 supersti-

1137 3082 1248 3120 tioso
1287 3081 1486 3120 incutere
1527 3077 1638 3119 solet
1678 3089 1831 3118 rerum
1869 3077 2016 3118 caele-

1136 3144 1270 3183 stium
1292 3143 1575 3193 conspectus.
1629 3140 1927 3192 (Formidinem
1956 3142 2017 3180 in-

1135 3204 1281 3255 tellige
1325 3203 1605 3255 religiosam3
1653 3204 1700 3242 ut
1743 3204 1915 3243 Lucret.
1959 3205 2012 3251 5,

1137 3269 1268 3307 4217:
1298 3268 1523 3306 Praeterea
1553 3265 1619 3304 cui
1638 3276 1720 3304 non
1742 3265 1907 3303 animus
1930 3264 2016 3313 for--

1134 3330 1288 3369 midine
1318 3330 1460 3368 divum
1492 3327 1804 3367 contrahitur-
1824 3325 1876 3364 -?
1911 3326 2010 3363 Tac.

1136 3393 1283 3431 Germ.
1304 3391 1378 3430 39:
1403 3390 1552 3430 silvam
1570 3412 1588 3418 —
1601 3389 1775 3439 -prisca
1793 3387 2015 3438 formidine

1134 3464 1315 3493 sacram.
1350 3451 1442 3492 Val.
1468 3451 1607 3491 Flacc.
1633 3452 1679 3499 2,
1704 3450 1777 3490 431
1800 3461 1807 3487 τ
1831 3449 2010 3488 Electria

1133 3516 1250 3555 lellus
1267 3514 1448 3565 (Samos)
1472 3513 1664 3553 Threiciis
1682 3522 1845 3550 arcana
1866 3512 2012 3554 sacris*

1133 3577 1198 3614 liic
1229 3577 1408 3615 numinis
1436 3577 1579 3625 ingens
1612 3574 1810 3623 Horror.)

1628 3650 1674 3683 ⁶28
