2231 3787
238 315 339 368 448

309 447 516 507 vivitis,
560 445 758 517 indigni
799 444 1091 498 fraternum
1129 459 1380 513 rumpere
1418 441 1636 503 foeduS‚

845 313 1058 354 HORATII
1087 312 1453 353 EPISTOLARUM

308 549 550 604 Pascitur
588 548 640 600 in
678 555 917 601 vestrum
954 545 1186 599 reditum
1225 543 1401 597 votiva
1438 543 1680 597 iuvenca.

239 739 295 780 ad
336 739 505 778 initium
542 735 778 788 Epistolae.
826 757 870 762 —
913 734 1116 785 indigni-

236 801 444 851 rmnpere]
468 802 633 839 Graeca
654 797 940 837 attractione:
975 806 1114 847 «quos

238 863 466 914 indignum
511 862 600 909 est,
652 871 741 899 non
785 859 940 907 decet,
988 869 1115 898 rum-

236 936 389 978 pere.»
411 946 456 952 ——-
480 922 730 973 fraternum]
756 922 1028 961 «intimum.»
1049 920 1111 960 Cf.

237 989 346 1039 Epp.
374 987 417 1032 4,
453 986 524 1033 1¹0,
558 983 599 1024 4.
636 1007 680 1012 -κ
712 984 878 1035 foedus,
909 983 1112 1035 Pascitur]

238 1050 397 1090 Contra
429 1048 588 1098 poetae
614 1047 814 1086 mentem
835 1045 1030 1085 nonnulli
1051 1046 1114 1086 sic

238 1112 573 1163 inter-pungunt:
605 1109 771 1159 foedus:
790 1110 1002 1157 Pascitur,
1026 1120 1112 1160 qua

236 1174 406 1213 ratione
429 1172 676 1212 sententiae
698 1171 828 1212 nimis
850 1171 1033 1211 distrahi
1052 1172 1116 1210 vi-

236 1236 419 1283 dentur⁷
455 1235 579 1285 quasi
602 1233 792 1273 diceret:
828 1233 1112 1284 «Ubicunque

234 1297 399 1345 viw'tis‚
432 1296 653 1335 immerito
674 1296 910 1346 pristinum
932 1296 1112 1335 intimae

234 1358 500 1400 concordiae
539 1357 697 1398 foedus
737 1358 968 1408 rumpetis.
1027 1358 1114 1397 Ce-

233 1425 381 1463 terum
399 1421 596 1473 pascitur
617 1421 730 1460 cet.»
771 1418 977 1458 Similiter
995 1420 1114 1459 Diin-

233 1486 349 1525 tzer:
384 1484 536 1532 «Nem,
568 1493 658 1522 was
687 1482 787 1522 euch
816 1482 923 1521 auch
952 1493 1113 1533 augen-

234 1546 419 1586 blieklich
447 1549 607 1593 trennt,
642 1556 682 1585 es
701 1545 752 1583 ist
771 1556 853 1584 nur
873 1545 962 1584 eine
982 1545 1113 1584 Saone

234 1609 337 1648 ohne
364 1608 626 1659 Bedeutun9‚·
657 1619 723 1646 wo
751 1608 818 1646 ihr
837 1608 944 1647 auch
964 1608 1112 1648 immer

233 1671 333 1711 euch
363 1670 545 1722 befinden
573 1674 732 1722 moyet,
764 1670 812 1710 ob
831 1682 887 1710 zu
906 1672 1029 1720 Rom,
1063 1670 1111 1710 ob

231 1732 275 1772 in
305 1733 378 1772 der
419 1733 613 1781 Fremde‚
657 1732 768 1772 nicht
810 1732 925 1783 durft
964 1733 1033 1772 ihr
1065 1733 1111 1783 je

232 1796 308 1834 das
334 1795 542 1834 Bilndm'ss
570 1795 762 1845 brechen,
795 1795 871 1834 das
899 1795 980 1845 auf
999 1795 1112 1835 einer

234 1867 277 1895 so
305 1857 475 1908 inniyen
508 1856 773 1909 Verbindunq
790 1857 877 1896 und
900 1856 1112 1897 Ueberein-

1177 733 1402 783 stimmunq
1440 743 1563 772 eurer
1596 732 1736 772 Seelen
1776 731 1932 772 beruht.
1988 733 2057 772 Ich

1178 796 1285 846 hoffe
1314 795 1414 834 euch
1441 795 1536 846 froh
1564 795 1653 835 hier
1679 795 1834 835 wieder
1861 806 1917 834 zu
1943 795 2051 835 sehn.

1177 858 1319 897 Immo
1349 868 1431 908 per
1457 856 1793 908 brachylogiam
1812 857 1898 897 hoc
1927 856 2050 897 dicit:

1179 918 1464 969 «Ubicunque
1495 930 1613 959 nunc
1641 919 1786 959 vivitis
1808 929 1908 968 vos,
1942 929 2054 970 quos

1177 982 1358 1021 minime
1402 981 1535 1021 decet
1568 980 1788 1021 fraternae
1831 981 2050 1021 amicitiae

1177 1044 1336 1084 foedus
1358 1043 1622 1093 dissolvere,
1656 1045 1743 1084 hoc
1763 1044 1940 1093 scitote,
1963 1054 2052 1093 me,

1178 1108 1253 1158 qui
1282 1117 1361 1147 vos
1393 1106 1550 1147 ambos
1582 1117 1726 1158 aeque
1757 1105 1910 1157 diligo,
1942 1116 2055 1146 una—

1175 1171 1345 1211 nimem
1373 1172 1574 1210 vestrum
1612 1169 1806 1210 reditum
1845 1170 2054 1221 exoptare

1177 1236 1220 1273 et
1273 1232 1388 1272 laeto
1448 1232 1665 1273 sacrificio
1723 1231 2055 1273 celebraturum

1177 1307 1301 1345 esse,
1335 1297 1383 1334 ut
1411 1294 1628 1335 Numidae
1659 1295 1747 1334 mei
1780 1294 1871 1346 (Od.
1905 1295 1949 1344 4,
1983 1294 2052 1344 36,

1175 1358 1250 1408 2.);
1291 1359 1499 1409 quocirca
1541 1358 1675 1398 etiam
1711 1367 1814 1397 mea
1846 1367 1981 1397 causa
2009 1357 2054 1397 ln

1175 1420 1361 1470 gratiam
1391 1420 1505 1459 inter
1533 1430 1614 1459 vos
1642 1419 1816 1470 redire,
1856 1419 1921 1459 uti
1948 1430 2054 1471 spe-

1173 1493 1250 1530 ro,
1301 1481 1642 1530 maturabitis;»
1690 1480 1786 1531 vel,
1833 1482 1870 1523 si
1911 1482 2054 1522 mavis

1175 1554 1280 1584 cum
1323 1543 1538 1584 Obbario:
1588 1545 1896 1595 «Quocunque
1939 1545 2055 1584 inter

1173 1618 1254 1647 vos
1295 1606 1442 1647 affecti
1481 1606 1586 1647 estis
1628 1607 1800 1656 anim0‚
1849 1617 1930 1657 ego
1973 1617 2053 1647 vos

1172 1670 1328 1709 mutuo
1374 1669 1528 1720 dignos
1573 1679 1726 1709 amore
1765 1669 2054 1721 (quapropter

1171 1732 1374 1771 vestrum
1413 1731 1456 1771 in
1496 1731 1683 1782 gratiam
1721 1731 1917 1771 reditum
1954 1741 2054 1773 ma-

1173 1804 1369 1845 gnopere
1401 1793 1576 1846 exopto)
1618 1804 1769 1834 amare
1805 1804 1893 1834 non
1933 1793 2052 1834 desi—

1173 1867 1320 1896 nam.»
