2231 3787
796 309 892 348 LlB.
929 309 976 346 ll.

206 438 290 491 Vis
330 456 522 491 canere
565 448 615 491 et
654 448 923 492 eontracta
964 439 1120 509 sequi
1162 439 1386 509 vestigia
1426 441 1642 492 vatum?

1042 309 1201 347 EPIST.
1239 310 1284 347 ll.

1856 308 1956 357 (5537

1889 442 1957 487 80

203 541 503 611 Ingenium,
548 541 646 593 sibi
692 541 837 611 quod
881 558 1077 594 vacuas
1117 539 1418 610 desumpsit
1455 540 1715 599 Athenas,

203 643 264 695 Et
302 642 492 695 studiis
532 660 699 695 annos
740 652 947 713 septem
989 642 1137 695 dedit
1176 642 1518 713 insenuitque

200 744 373 797 Libris
414 753 465 797 et
505 744 672 805 curiS,
716 753 888 796 statua
929 745 1244 797 taciturnius
1283 745 1390 798 exit

184 910 275 959 guit
294 908 515 948 Bentleius
534 910 575 948 in
596 909 722 949 Curis
754 910 934 959 noviss.)
964 933 1005 937 —
1032 910 1097 949 80.
1122 914 1315 949 contacta
1336 911 1445 959 bed,
1470 913 1661 951 Pottierii
1683 911 1898 964 plerique,

184 971 394 1012 Sclimidii
426 974 652 1022 quattuor,
689 972 718 1012 C
753 974 796 1011 et
828 971 1156 1022 Dillenburger⁷
1190 978 1386 1012 conten-la
1418 986 1530 1013 unus
1562 974 1660 1025 (Μ’.)
1694 977 1898 1022 Pottierii,

184 1036 365 1074 cinctum
397 1032 446 1086 ξ,
481 1048 561 1075 non
592 1040 706 1075 taeta
734 1034 957 1075 Bentleius
989 1035 1102 1074 coni.

1154 1036 1217 1085 (Ut
1247 1046 1349 1084 nos,
1384 1037 1444 1075 SE
1487 1040 1530 1075 et
1566 1037 1653 1076 duo
1686 1038 1899 1086 Pottierii,

183 1097 288 1137 item
312 1098 472 1138 LtFMs.
497 1121 540 1126 —
560 1098 626 1138 82.
646 1097 712 1150 Et]
749 1100 796 1137 L't
816 1098 924 1138 Cod.
951 1099 1330 1148 Franequeranus.
1351 1122 1394 1127 —
1410 1099 1476 1139 83.
1501 1106 1539 1139 et
1559 1100 1674 1140 Curii
1691 1105 1833 1140 statua
1853 1101 1896 1140 b.

127 1249 231 1277 vare
275 1237 471 1286 videbis,
519 1238 631 1278 adeo
678 1240 725 1278 ut
760 1237 1009 1290 simplicem

127 1311 284 1340 eorum
314 1301 595 1340 timiditatem
618 1299 771 1351 volgus
803 1301 1006 1349 irrideat;

126 1364 291 1414 quanto
323 1363 468 1403 minus
500 1374 582 1414 ego
613 1364 653 1402 in
683 1363 749 1403 his
780 1364 1009 1415 perpetuis

126 1425 340 1466 molestiis
373 1426 603 1477 turbisque
635 1428 791 1477 potero
824 1438 1009 1478 compo-

127 1500 234 1528 nere
257 1489 451 1527 carmina
475 1489 578 1528 mihi
608 1489 689 1540 ipsi
713 1490 818 1528 satis
841 1490 1010 1528 facien-

126 1552 244 1591 nat»
293 1551 378 1591 Cfr.
411 1552 568 1591 Iacobs
600 1554 737 1592 Lectt.
762 1553 927 1592 Venus.
963 1564 1005 1603 p.

124 1614 219 1654 200.
248 1635 292 1642 -
325 1614 498 1666 vacuas]
543 1615 754 1664 «otiosas,
790 1616 1006 1665 quietas,»

125 1678 173 1716 ut
202 1677 309 1728 Epp.
337 1677 375 1725 4,
399 1678 440 1726 7,
465 1675 538 1716 45:
571 1688 752 1716 vacuum
786 1677 922 1716 Tibur.
961 1701 1005 1706 -

123 1739 367 1790 desumpsit]
415 1740 576 1778 «certo
621 1738 801 1779 consilio
847 1740 1008 1779 ceteris

123 1800 311 1842 urbibus
355 1802 614 1852 praeferens
659 1801 742 1841 sihi
788 1802 1004 1853 delegit.»

125 1864 213 1903 Lix'.
239 1865 279 1912 7,
302 1864 377 1903 ⁶20:
405 1865 620 1915 florentem
637 1865 839 1914 populum
858 1867 1010 1905 Roma-

122 1937 224 1965 num
252 1938 304 1965 ae
335 1926 616 1976 felicissimum
650 1928 750 1966 betto
784 1927 860 1966 sibi
894 1929 1009 1967 desu-

122 1995 280 2031 merent
308 1992 474 2031 hostem.
508 2014 554 2020 -—
587 1993 640 2031 Et
670 1993 833 2046 studiis]
872 1992 1006 2032 Multo

124 2052 284 2093 melius
315 2054 399 2093 hoe
420 2054 474 2092 Et
491 2055 636 2093 studiis
663 2077 686 2083 —
707 2078 730 2083 -
752 2059 789 2095 et
807 2056 920 2095 euris
938 2055 1007 2095 vel

124 2116 220 2168 ipso
266 2127 375 2155 sono
421 2117 627 2167 exprimit
669 2129 911 2169 operosum
955 2129 1007 2156 ac

124 2179 293 2219 lentum
326 2177 444 2218 illum
469 2179 716 2219 studiorum
742 2181 920 2221 Athenis
942 2180 1008 2220 sa-

125 2244 299 2282 ctorum
321 2242 585 2290 decursum,
621 2254 753 2293 quam
777 2243 884 2283 Cod.
910 2244 1009 2283 Fra-

125 2315 228 2354 neq.
261 2302 390 2343 lectio
432 2314 452 2342 a
494 2305 539 2343 L.
572 2305 702 2344 Bosio
739 2304 926 2357 probata
965 2307 1009 2345 et

126 2366 434 2416 Cuninghamii
456 2367 649 2418 suspicio
671 2368 718 2406 Ut
739 2368 1005 2420 (postquam)

124 2429 269 2468 studiis
290 2431 374 2469 cet.
403 2452 447 2457 —-
468 2441 599 2469 annos
618 2431 781 2483 septem]
805 2430 1008 2470 Nonnulli

125 2492 303 2543 proprie
341 2492 426 2532 hoc
467 2494 712 2544 accipiunt,
761 2494 885 2545 quasi
918 2495 1009 2534 Ho—

125 2555 262 2594 ratius
292 2555 364 2594 hic
395 2555 663 2606 significaret
687 2559 832 2596 semet
862 2557 1007 2608 ipsum

124 2618 307 2658 Athenis
349 2620 523 2669 septem
561 2630 701 2660 annos
740 2619 895 2660 studiis
926 2620 1008 2660 de-

126 2679 268 2728 disse,
317 2679 360 2719 id
404 2680 523 2731 quod
564 2682 818 2733 temporum
850 2683 1007 2722 rationi

126 2753 309 2794 prorsus
340 2744 570 2794 repugnat.
623 2744 684 2784 Eo
715 2745 834 2784 enim
864 2745 1009 2796 prose-

127 2806 222 2845 ctus
254 2815 353 2845 esse
385 2805 562 2845 videtur
591 2805 854 2847 adolescens
885 2808 1008 2847 viee-

126 2867 275 2907 narius
298 2878 337 2906 a.
362 2878 405 2905 u.
431 2879 468 2906 c.
494 2868 588 2907 709.
613 2871 716 2908 eta.
741 2869 834 2909 74⁶2.
870 2869 1008 2921 depu-

126 2929 274 2979 gnavit
303 2928 526 2981 Philippis.
578 2931 732 2981 Neque
765 2942 872 2971 vero
904 2943 1007 2972 cum

125 2992 344 3032 Passowio
389 2993 673 3033 statuendum
719 2996 788 3033 est
831 2997 1006 3046 septem

125 3065 345 3094 annorum
379 3054 556 3094 solitum
594 3055 728 3096 fuisse
767 3057 871 3095 tunc
910 3058 1006 3096 stu-

126 3116 302 3156 diorum
332 3127 538 3164 eursum;
572 3117 709 3156 immo
739 3117 894 3158 festiva
920 3118 1006 3168 hy—

126 3176 310 3230 perbola
350 3178 505 3227 utitur,
547 3178 668 3217 utin
703 3177 802 3217 illo:
850 3190 1006 3218 nonum

119 3245 345 3290 prematur
364 3239 408 3278 in
428 3250 600 3278 annum.
633 3240 791 3290 Utique
814 3251 1002 3288 memor,

126 3301 352 3352 quomodo
394 3301 548 3353 primis
591 3300 868 3352 temporibus
903 3302 1006 3352 post

125 3363 455 3415 Philippensem
485 3364 628 3403 aciem
658 3364 703 3403 in
735 3363 849 3405 Urbe
879 3364 1005 3403 vixe-

126 3426 180 3464 rit
211 3425 266 3465 ab
297 3425 504 3466 omnibus
538 3425 818 3477 posthabitus
850 3428 893 3465 et
922 3437 1003 3465 ne-

128 3486 294 3538 glectus
324 3499 376 3528 ac
394 3489 468 3528 vix
497 3487 568 3527 ulli
591 3489 691 3528 ante
711 3488 891 3528 Varium
912 3488 1006 3527 Vir-

130 3547 367 3601 giliumque
389 3551 543 3600 notus,
566 3550 678 3591 haec
695 3550 871 3590 videtur
890 3550 1004 3591 scri-
1031 3586 1040 3598 ,

223 3625 375 3663 HoRAT.
404 3636 494 3664 von.
523 3627 569 3663 ΙΙ.
619 3637 684 3663 En.
713 3636 797 3664 MAI.
830 3626 891 3663 111.

1075 1239 1235 1289 psisse.
1259 1262 1303 1267 —-
1326 1239 1585 1289 insenuitque
1601 1241 1702 1291 cet]
1724 1253 1802 1280 «ex
1825 1240 1957 1281 libro-

1074 1312 1172 1340 rum
1206 1301 1384 1341 assidua
1415 1300 1603 1341 lectione
1636 1303 1810 1342 senium
1834 1304 1958 1355 (gret-

1073 1363 1256 1414 senhafte
1301 1364 1624 1415 Grc'tmttchlseit)
1683 1367 1913 1405 contraxit.
1938 1382 1954 1399 υ

1076 1424 1343 1476 «Impalluit‚
1368 1426 1633 1467 immortuus
1657 1430 1766 1467 est.»
1800 1430 1954 1467 Pomm.

1076 1487 1138 1525 Cf.
1164 1488 1271 1538 Epp.
1299 1489 1313 1525 11
1337 1519 1345 1533 ,
1370 1489 1415 1536 7,
1439 1488 1506 1527 85.
1540 1490 1621 1528 etsi
1652 1489 1745 1529 aliis
1777 1490 1832 1529 de
1863 1493 1958 1529 stu—

1074 1548 1182 1587 diis:
1215 1550 1460 1587 Inunoritur
1488 1550 1634 1588 studiis
1663 1555 1700 1590 et
1728 1563 1873 1591 amore
1902 1564 1961 1591 se-

1072 1610 1198 1648 nescit
1227 1610 1418 1650 habendi.
1460 1634 1502 1639 —
1541 1612 1667 1664 curis]
1716 1630 1734 1649 «
1751 1612 1957 1664 diligente

1073 1672 1385 1722 meditatione,
1428 1671 1670 1725 μελέταις,
1688 1690 1706 1710 »
1740 1676 1957 1726 imprimis

1072 1735 1282 1786 poeticis,
1343 1736 1607 1785 rhetoricis,
1658 1736 1955 1789 philosophis,

1073 1797 1471 1849 praemeditatione
1505 1800 1637 1839 etiam
1667 1802 1957 1852 scriptionum

1073 1859 1311 1911 aliquando
1335 1859 1726 1902 elaborandarum.
1752 1885 1793 1892 —
1819 1867 1961 1902 statua,

1073 1923 1324 1962 taciturnius
1354 1923 1458 1975 cet]
1503 1924 1821 1965 «meditatione
1853 1938 1958 1977 per—

1074 1995 1209 2036 saepe
1251 1984 1490 2036 absorptus
1543 1990 1670 2038 poeta
1722 1987 1869 2038 prodit
1916 1989 1957 2027 in

1072 2046 1302 2098 publicum
1333 2049 1377 2087 et
1407 2049 1517 2087 mira
1550 2060 1629 2088 sua
1662 2051 1957 2089 taciturnitate

1071 2108 1283 2161 voltuque
1320 2113 1548 2151 contracto
1582 2112 1745 2163 popelli
1777 2114 1959 2152 eachin⁹

1072 2173 1299 2212 nationem
1316 2183 1416 2211 mox
1423 2175 1508 2212 et.»
1536 2176 1714 2214 Lucian.
1729 2177 1892 2226 Imagg.
1908 2177 1954 2214 4:

1071 2229 1231 2286 ἀχανῆ
1255 2247 1310 2273 σε
1333 2236 1414 2275 καὶ
1431 2233 1525 2274 τῶν
1543 2231 1836 2293 ἀνδριάντων
1858 2234 1960 2277 ἀκι-

1072 2294 1243 2350 wyte-ze
1247 2292 1609 2355 ρονᾶποφανεῖ.
1636 2299 1754 2340 Plato
1773 2301 1953 2340 Theaet.

1073 2373 1115 2412 p.
1157 2360 1250 2401 474..
1296 2362 1353 2400 B:
1415 2361 1690 2419 Τοιγάρτοι,
1738 2355 1776 2400 ὦ
1820 2361 1954 2413 φίλε,

1077 2423 1171 2478 zeta
1201 2437 1250 2464 τε
1280 2420 1562 2478 ξυγγιγνόιι
1545 2438 1651 2476 ενος
1675 2421 1702 2465 ὁ
1733 2421 1956 2476 τοιοῦτος

1074 2465 1389 2559 (ccpt‘hdoocpog)
1413 2485 1602 2542 ἑκάστῳ
1624 2489 1704 2528 καὶ
1721 2487 1952 2543 δηιιοσία

1075 2544 1191 2590 ὅταν
1222 2549 1272 2590 ἐν
1302 2547 1638 2608 δικαστηρίω
1618 2547 1648 2603 η’
1668 2563 1761 2592 που
1782 2545 1955 2590 α’λλοθι

1073 2607 1360 2670 ἀναγκασθῇ
1393 2626 1446 2652 :rc
1429 2626 1497 2669 ερι
1529 2612 1622 2652 τῶν
1652 2609 1780 2670 παρὰ
1803 2610 1954 2663 πόδας

1074 2676 1154 2715 καὶ
1198 2672 1292 2715 τῶν
1337 2674 1387 2716 ἐν
1435 2671 1715 2729 ὅφθαλιιοῑς
1744 2675 1903 2729 διαλὲγ
1876 2688 1953 2715 νε-

1073 2739 1215 2787 oeae,
1261 2736 1443 2792 γέλωτα
1483 2740 1680 2796 παρέχει
1711 2735 1768 2780 οὗ
1797 2737 1952 2792 μόνον

1074 2798 1307 2859 Θρᾴτταις
1352 2797 1530 2859 (ὥσπερ
1576 2799 1777 2854 Θαλῆς),
1830 2796 1951 2842 ἀλλὰ

1072 2878 1151 2904 και
1184 2861 1246 2903 τῶ
1272 2859 1399 2904 &Nm
1423 2838 1574 2919 ὄχλῳ,
1608 2868 1675 2917 εἰς
1696 2861 1880 2922 φρέατά
1901 2877 1950 2904 τε

1072 2927 1153 2967 καὶ
1175 2925 1337 2966 πᾶσαν
1358 2923 1568 2985 ἀπορίαν
1589 2928 1832 2981 ἑιιπίπτων
1852 2923 1947 2967 ὑπὸ

1071 2984 1311 3046 ἀπειρίας,
1346 2991 1425 3029 καὶ
1456 2987 1486 3043 ἡ
1516 2986 1841 3043 ἀσχημοσύνη
1863 2987 1910 3029 ὃς
1899 3002 1951 3029 ι-

1072 3049 1154 3104 νή,
1185 3049 1332 3103 δόξαν
1353 3047 1628 3110 ἀβελτερίας
1649 3064 1763 3110 παρέ·
1745 3064 1944 3099 χουσα.

1075 3138 1119 3142 -
1151 3115 1252 3167 exit]
1283 3127 1370 3155 non
1400 3116 1582 3155 Athenis
1625 3116 1685 3165 (ut
1715 3114 1840 3155 multi
1871 3126 1950 3154 ex-

1071 3177 1353 3228 posuerunt),
1398 3177 1477 3217 sed
1509 3178 1698 3226 Romae,
1733 3187 1820 3227 quo
1848 3179 1949 3226 post

1070 3241 1244 3290 septem
1293 3249 1431 3279 annos
1476 3240 1523 3291 (i.
1559 3251 1598 3278 e.
1639 3241 1740 3290 post
1784 3237 1946 3289 plures)

1069 3302 1249 3341 tandem
1279 3313 1488 3342 reversus
1520 3303 1601 3341 est.
1650 3300 1743 3351 (Alii
1773 3298 1868 3339 coll.
1892 3302 1942 3338 A.

1069 3366 1113 3403 P.
1150 3365 1226 3403 2⁴2:
1286 3368 1479 3403 currente
1534 3367 1630 3402 rota
1676 3373 1753 3401 cur
1798 3372 1947 3400 urceus

1062 3424 1208 3465 emit?
1238 3424 1457 3477 explicant
1488 3424 1574 3473 «fit,
1609 3424 1771 3472 evadit,
1806 3423 1945 3463 effici-

1067 3486 1196 3537 tur.»)
1230 3509 1275 3515 —-
1309 3488 1416 3528 Mira
1459 3489 1608 3526 autem
1650 3485 1778 3525 lectio
1810 3485 1945 3524 Com-

1068 3550 1328 3590 mentatoris
1347 3549 1526 3601 Cruquii
1549 3550 1592 3588 et
1608 3548 1782 3589 Codicis
1802 3546 1847 3596 b,
1872 3547 1946 3588 Li·-

1612 3623 1657 3662 42
