<?xml version="1.0" encoding="UTF-8"?>
<!DOCTYPE html PUBLIC "-//W3C//DTD XHTML 1.0 Transitional//EN"
    "http://www.w3.org/TR/xhtml1/DTD/xhtml1-transitional.dtd">
<html xmlns="http://www.w3.org/1999/xhtml" xml:lang="en" lang="en">
 <head>
  <title>
</title>
<meta http-equiv="Content-Type" content="text/html;charset=utf-8" />
  <meta name='ocr-system' content='tesseract 3.04.00' />
  <meta name='ocr-capabilities' content='ocr_page ocr_carea ocr_par ocr_line ocrx_word'/>
</head>
<body>
  <div class='ocr_page' id='page_1' title='image "./qhoratiusflaccus02horauoft_0339.png"; bbox 0 0 2231 3787; ppageno 0'>
   <div class='ocr_carea' id='block_1_1' title="bbox 879 242 1340 282">
    <p class='ocr_par' dir='ltr' id='par_1_1' title="bbox 879 242 1340 282">
     <span class='ocr_line' id='line_1_1' title="bbox 879 242 1340 282; baseline 0 -1"><span class='ocrx_word' id='word_1_1' title='bbox 879 243 977 282; x_wconf 90' lang='lat' dir='ltr'>LIB.</span> <span class='ocrx_word' id='word_1_2' title='bbox 1012 242 1061 282; x_wconf 93' lang='lat'>11.</span> <span class='ocrx_word' id='word_1_3' title='bbox 1124 242 1236 282; x_wconf 77' lang='lat' dir='ltr'>SAT.</span> <span class='ocrx_word' id='word_1_4' title='bbox 1272 243 1340 282; x_wconf 80' lang='lat' dir='ltr'>Vl.</span> 
     </span>
    </p>
   </div>
   <div class='ocr_carea' id='block_1_2' title="bbox 1928 242 2032 296">
    <p class='ocr_par' dir='ltr' id='par_1_2' title="bbox 1928 242 2032 296">
     <span class='ocr_line' id='line_1_2' title="bbox 1928 242 2032 296; baseline -0.019 0"><span class='ocrx_word' id='word_1_5' title='bbox 1928 242 2032 296; x_wconf 73' lang='lat'>319</span> 
     </span>
    </p>
   </div>
   <div class='ocr_carea' id='block_1_3' title="bbox 273 372 1958 446">
    <p class='ocr_par' dir='ltr' id='par_1_3' title="bbox 273 372 1958 446">
     <span class='ocr_line' id='line_1_3' title="bbox 273 372 1958 446; baseline 0.002 -19"><span class='ocrx_word' id='word_1_6' title='bbox 273 374 597 446; x_wconf 81' lang='lat' dir='ltr'>Quicunque</span> <span class='ocrx_word' id='word_1_7' title='bbox 638 372 830 427; x_wconf 78' lang='lat' dir='ltr'>obvius</span> <span class='ocrx_word' id='word_1_8' title='bbox 870 381 977 428; x_wconf 78' lang='lat' dir='ltr'>est.</span> <span class='ocrx_word' id='word_1_9' title='bbox 1019 390 1106 426; x_wconf 92' lang='lat' dir='ltr'>me</span> <span class='ocrx_word' id='word_1_10' title='bbox 1148 372 1404 427; x_wconf 86' lang='lat' dir='ltr'>consulit:</span> <span class='ocrx_word' id='word_1_11' title='bbox 1447 375 1494 429; x_wconf 90' lang='lat' dir='ltr'>O</span> <span class='ocrx_word' id='word_1_12' title='bbox 1533 374 1703 430; x_wconf 91' lang='lat' dir='ltr'>bone.</span> <span class='ocrx_word' id='word_1_13' title='bbox 1745 393 1868 430; x_wconf 90' lang='lat' dir='ltr'>nam</span> <span class='ocrx_word' id='word_1_14' title='bbox 1905 387 1958 431; x_wconf 89' lang='lat' dir='ltr'>te</span> 
     </span>
    </p>
   </div>
   <div class='ocr_carea' id='block_1_4' title="bbox 272 475 1803 548">
    <p class='ocr_par' dir='ltr' id='par_1_4' title="bbox 272 475 1803 548">
     <span class='ocr_line' id='line_1_4' title="bbox 272 475 1803 548; baseline 0.001 -17"><span class='ocrx_word' id='word_1_15' title='bbox 272 477 450 538; x_wconf 86' lang='lat' dir='ltr'>Scire,</span> <span class='ocrx_word' id='word_1_16' title='bbox 494 475 628 530; x_wconf 90' lang='lat' dir='ltr'>deos</span> <span class='ocrx_word' id='word_1_17' title='bbox 669 476 925 548; x_wconf 88' lang='lat' dir='ltr'>quoniam</span> <span class='ocrx_word' id='word_1_18' title='bbox 961 476 1190 547; x_wconf 89' lang='lat' dir='ltr'>propius</span> <span class='ocrx_word' id='word_1_19' title='bbox 1230 477 1522 548; x_wconf 80' lang='lat' dir='ltr'>contingis.</span> <span class='ocrx_word' id='word_1_20' title='bbox 1565 487 1803 547; x_wconf 65' lang='lat' dir='ltr'>oportet,</span> 
     </span>
    </p>
   </div>
   <div class='ocr_carea' id='block_1_5' title="bbox 269 577 1787 651">
    <p class='ocr_par' dir='ltr' id='par_1_5' title="bbox 269 577 1787 651">
     <span class='ocr_line' id='line_1_5' title="bbox 269 577 1787 651; baseline 0.003 -20"><span class='ocrx_word' id='word_1_21' title='bbox 269 578 544 650; x_wconf 86' lang='lat' dir='ltr'>Numquid</span> <span class='ocrx_word' id='word_1_22' title='bbox 581 578 651 633; x_wconf 87' lang='lat' dir='ltr'>de</span> <span class='ocrx_word' id='word_1_23' title='bbox 689 580 849 633; x_wconf 88' lang='lat' dir='ltr'>Dacis</span> <span class='ocrx_word' id='word_1_24' title='bbox 889 578 1123 632; x_wconf 83' lang='lat' dir='ltr'>audisti?</span> <span class='ocrx_word' id='word_1_25' title='bbox 1160 577 1242 631; x_wconf 79' lang='lat' dir='ltr'>Nil</span> <span class='ocrx_word' id='word_1_26' title='bbox 1278 579 1550 651; x_wconf 83' lang='lat' dir='ltr'>equidem.</span> <span class='ocrx_word' id='word_1_27' title='bbox 1627 581 1692 636; x_wconf 77' lang='lat' dir='ltr'>Ut</span> <span class='ocrx_word' id='word_1_28' title='bbox 1730 590 1787 635; x_wconf 90' lang='lat' dir='ltr'>tu</span> 
     </span>
    </p>
   </div>
   <div class='ocr_carea' id='block_1_6' title="bbox 274 680 1812 754">
    <p class='ocr_par' dir='ltr' id='par_1_6' title="bbox 274 680 1812 754">
     <span class='ocr_line' id='line_1_6' title="bbox 274 680 1812 754; baseline 0 -19"><span class='ocrx_word' id='word_1_29' title='bbox 274 681 503 753; x_wconf 86' lang='lat' dir='ltr'>Semper</span> <span class='ocrx_word' id='word_1_30' title='bbox 541 682 649 735; x_wconf 91' lang='lat' dir='ltr'>eris</span> <span class='ocrx_word' id='word_1_31' title='bbox 689 681 924 736; x_wconf 78' lang='lat' dir='ltr'>derisor!</span> <span class='ocrx_word' id='word_1_32' title='bbox 971 682 1036 734; x_wconf 87' lang='lat' dir='ltr'>At</span> <span class='ocrx_word' id='word_1_33' title='bbox 1073 698 1262 735; x_wconf 90' lang='lat' dir='ltr'>omnes</span> <span class='ocrx_word' id='word_1_34' title='bbox 1302 680 1356 734; x_wconf 90' lang='lat' dir='ltr'>di</span> <span class='ocrx_word' id='word_1_35' title='bbox 1395 682 1666 754; x_wconf 78' lang='lat' dir='ltr'>exagitent</span> <span class='ocrx_word' id='word_1_36' title='bbox 1700 700 1812 737; x_wconf 90' lang='lat' dir='ltr'>me.</span> 
     </span>
    </p>
   </div>
   <div class='ocr_carea' id='block_1_7' title="bbox 269 783 1866 858">
    <p class='ocr_par' dir='ltr' id='par_1_7' title="bbox 269 783 1866 858">
     <span class='ocr_line' id='line_1_7' title="bbox 269 783 1866 858; baseline 0.002 -21"><span class='ocrx_word' id='word_1_37' title='bbox 269 783 325 837; x_wconf 89' lang='lat' dir='ltr'>Si</span> <span class='ocrx_word' id='word_1_38' title='bbox 365 783 681 856; x_wconf 87' lang='lat' dir='ltr'>quidquam.</span> <span class='ocrx_word' id='word_1_39' title='bbox 761 783 943 849; x_wconf 82' lang='lat' dir='ltr'>Quid?</span> <span class='ocrx_word' id='word_1_40' title='bbox 980 783 1238 838; x_wconf 88' lang='lat' dir='ltr'>militibus</span> <span class='ocrx_word' id='word_1_41' title='bbox 1276 785 1547 856; x_wconf 89' lang='lat' dir='ltr'>promissa</span> <span class='ocrx_word' id='word_1_42' title='bbox 1585 785 1866 858; x_wconf 82' lang='lat' dir='ltr'>Triquetra</span> 
     </span>
    </p>
   </div>
   <div class='ocr_carea' id='block_1_8' title="bbox 1964 789 2030 840">
    <p class='ocr_par' dir='ltr' id='par_1_8' title="bbox 1964 789 2030 840">
     <span class='ocr_line' id='line_1_8' title="bbox 1964 789 2030 840; baseline 0.015 -1"><span class='ocrx_word' id='word_1_43' title='bbox 1964 789 2030 840; x_wconf 73' lang='lat'>55</span> 
     </span>
    </p>
   </div>
   <div class='ocr_carea' id='block_1_9' title="bbox 269 885 1699 951">
    <p class='ocr_par' dir='ltr' id='par_1_9' title="bbox 269 885 1699 951">
     <span class='ocr_line' id='line_1_9' title="bbox 269 885 1699 951; baseline -0.001 -11"><span class='ocrx_word' id='word_1_44' title='bbox 269 886 500 940; x_wconf 81' lang='lat' dir='ltr'>Praedia</span> <span class='ocrx_word' id='word_1_45' title='bbox 541 887 766 951; x_wconf 88' lang='lat' dir='ltr'>Caesar,</span> <span class='ocrx_word' id='word_1_46' title='bbox 810 905 878 941; x_wconf 89' lang='lat' dir='ltr'>an</span> <span class='ocrx_word' id='word_1_47' title='bbox 917 895 999 941; x_wconf 89' lang='lat' dir='ltr'>est</span> <span class='ocrx_word' id='word_1_48' title='bbox 1036 885 1166 940; x_wconf 88' lang='lat' dir='ltr'>Itala</span> <span class='ocrx_word' id='word_1_49' title='bbox 1203 885 1396 940; x_wconf 88' lang='lat' dir='ltr'>tellure</span> <span class='ocrx_word' id='word_1_50' title='bbox 1435 886 1699 941; x_wconf 72' lang='lat' dir='ltr'>daturus?</span> 
     </span>
    </p>
   </div>
   <div class='ocr_carea' id='block_1_10' title="bbox 253 1038 1973 1086">
    <p class='ocr_par' dir='ltr' id='par_1_10' title="bbox 253 1038 1973 1086">
     <span class='ocr_line' id='line_1_10' title="bbox 253 1038 1973 1086; baseline 0.002 -9"><span class='ocrx_word' id='word_1_51' title='bbox 253 1042 324 1078; x_wconf 80' lang='lat' dir='ltr'>rat</span> <span class='ocrx_word' id='word_1_52' title='bbox 353 1048 512 1079; x_wconf 90' lang='lat' dir='ltr'>omnes</span> <span class='ocrx_word' id='word_1_53' title='bbox 542 1040 632 1079; x_wconf 88' lang='lat' dir='ltr'>mei</span> <span class='ocrx_word' id='word_1_54' title='bbox 664 1042 707 1078; x_wconf 86' lang='lat' dir='ltr'>et</span> <span class='ocrx_word' id='word_1_55' title='bbox 735 1039 953 1086; x_wconf 90' lang='lat' dir='ltr'>Pottierii‚</span> <span class='ocrx_word' id='word_1_56' title='bbox 986 1038 1105 1078; x_wconf 88' lang='lat' dir='ltr'>LCtF</span> <span class='ocrx_word' id='word_1_57' title='bbox 1120 1050 1127 1076; x_wconf 91' lang='lat'>:</span> <span class='ocrx_word' id='word_1_58' title='bbox 1170 1038 1336 1077; x_wconf 75' lang='lat' dir='ltr'>Luserit</span> <span class='ocrx_word' id='word_1_59' title='bbox 1367 1049 1422 1078; x_wconf 82' lang='lat' dir='ltr'>ex</span> <span class='ocrx_word' id='word_1_60' title='bbox 1449 1049 1539 1078; x_wconf 89' lang='lat' dir='ltr'>uno</span> <span class='ocrx_word' id='word_1_61' title='bbox 1571 1038 1680 1079; x_wconf 91' lang='lat' dir='ltr'>Cod.</span> <span class='ocrx_word' id='word_1_62' title='bbox 1716 1038 1823 1081; x_wconf 92' lang='lat' dir='ltr'>Coll.</span> <span class='ocrx_word' id='word_1_63' title='bbox 1857 1042 1973 1083; x_wconf 90' lang='lat' dir='ltr'>Trin.</span> 
     </span>
    </p>
   </div>
   <div class='ocr_carea' id='block_1_11' title="bbox 195 1100 2030 1351">
    <p class='ocr_par' dir='ltr' id='par_1_11' title="bbox 195 1100 2030 1351">
     <span class='ocr_line' id='line_1_11' title="bbox 257 1100 1353 1153; baseline 0 -12"><span class='ocrx_word' id='word_1_64' title='bbox 257 1101 320 1152; x_wconf 78' lang='grc' dir='ltr'>(φ)</span> <span class='ocrx_word' id='word_1_65' title='bbox 352 1100 577 1142; x_wconf 85' lang='grc' dir='ltr'>Βο111101115</span> <span class='ocrx_word' id='word_1_66' title='bbox 610 1104 653 1141; x_wconf 85' lang='grc'>01</span> <span class='ocrx_word' id='word_1_67' title='bbox 683 1103 739 1142; x_wconf 81' lang='lat' dir='ltr'>M.</span> <span class='ocrx_word' id='word_1_68' title='bbox 779 1124 823 1129; x_wconf 93' lang='lat'>—</span> <span class='ocrx_word' id='word_1_69' title='bbox 857 1102 923 1141; x_wconf 81' lang='lat'>56.</span> <span class='ocrx_word' id='word_1_70' title='bbox 959 1101 1117 1141; x_wconf 78' lang='lat' dir='ltr'>Caesar</span> <span class='ocrx_word' id='word_1_71' title='bbox 1147 1112 1195 1140; x_wconf 77' lang='lat' dir='ltr'>ne</span> <span class='ocrx_word' id='word_1_72' title='bbox 1225 1105 1282 1140; x_wconf 75' lang='lat' dir='ltr'>esi</span> <span class='ocrx_word' id='word_1_73' title='bbox 1309 1113 1353 1153; x_wconf 90' lang='lat' dir='ltr'>p.</span> 
     </span>
     <span class='ocr_line' id='line_1_12' title="bbox 195 1232 2030 1296; baseline 0.001 -18"><span class='ocrx_word' id='word_1_74' title='bbox 195 1236 249 1279; x_wconf 86' lang='lat'>56</span> <span class='ocrx_word' id='word_1_75' title='bbox 293 1247 360 1288; x_wconf 88' lang='lat' dir='ltr'>sq.</span> <span class='ocrx_word' id='word_1_76' title='bbox 431 1234 582 1285; x_wconf 68' lang='lat' dir='ltr'>{Paulo</span> <span class='ocrx_word' id='word_1_77' title='bbox 629 1235 755 1276; x_wconf 89' lang='lat' dir='ltr'>aliter</span> <span class='ocrx_word' id='word_1_78' title='bbox 797 1236 942 1286; x_wconf 78' lang='lat' dir='ltr'>Reisig</span> <span class='ocrx_word' id='word_1_79' title='bbox 984 1235 1077 1274; x_wconf 80' lang='lat' dir='ltr'>Lat.</span> <span class='ocrx_word' id='word_1_80' title='bbox 1113 1232 1370 1296; x_wconf 60' lang='lat' dir='ltr'>{reperitur</span> <span class='ocrx_word' id='word_1_81' title='bbox 1422 1234 1611 1274; x_wconf 83' lang='lat' dir='ltr'>Codice.</span> <span class='ocrx_word' id='word_1_82' title='bbox 1664 1238 1799 1288; x_wconf 80' lang='lat' dir='ltr'>atque</span> <span class='ocrx_word' id='word_1_83' title='bbox 1849 1239 2030 1279; x_wconf 89' lang='lat' dir='ltr'>omnino</span> 
     </span>
     <span class='ocr_line' id='line_1_13' title="bbox 196 1296 2030 1351; baseline 0.001 -11"><span class='ocrx_word' id='word_1_84' title='bbox 196 1300 415 1350; x_wconf 80' lang='lat' dir='ltr'>Sprachw.</span> <span class='ocrx_word' id='word_1_85' title='bbox 438 1310 483 1351; x_wconf 89' lang='lat' dir='ltr'>p.</span> <span class='ocrx_word' id='word_1_86' title='bbox 507 1298 588 1339; x_wconf 73' lang='lat'>504</span> <span class='ocrx_word' id='word_1_87' title='bbox 610 1299 619 1348; x_wconf 55' lang='lat' dir='ltr'>‘J&#39;</span> <span class='ocrx_word' id='word_1_88' title='bbox 652 1300 888 1339; x_wconf 87' lang='lat' dir='ltr'>Praeterea</span> <span class='ocrx_word' id='word_1_89' title='bbox 920 1298 1010 1337; x_wconf 89' lang='lat' dir='ltr'>mei</span> <span class='ocrx_word' id='word_1_90' title='bbox 1038 1300 1083 1336; x_wconf 90' lang='lat' dir='ltr'>et</span> <span class='ocrx_word' id='word_1_91' title='bbox 1146 1296 1221 1336; x_wconf 92' lang='grc'>1110</span> <span class='ocrx_word' id='word_1_92' title='bbox 1251 1298 1398 1336; x_wconf 88' lang='lat' dir='ltr'>minus</span> <span class='ocrx_word' id='word_1_93' title='bbox 1429 1300 1583 1349; x_wconf 88' lang='lat' dir='ltr'>aptum</span> <span class='ocrx_word' id='word_1_94' title='bbox 1616 1300 1714 1349; x_wconf 57' lang='lat' dir='ltr'>ests}</span> <span class='ocrx_word' id='word_1_95' title='bbox 1750 1323 1793 1329; x_wconf 95' lang='lat'><strong>—</strong></span> <span class='ocrx_word' id='word_1_96' title='bbox 1829 1312 1969 1341; x_wconf 74' lang='lat' dir='ltr'>omnes</span> <span class='ocrx_word' id='word_1_97' title='bbox 1988 1303 2030 1341; x_wconf 80' lang='lat' dir='ltr'>di</span> 
     </span>
    </p>
   </div>
   <div class='ocr_carea' id='block_1_12' title="bbox 196 1358 2029 1413">
    <p class='ocr_par' dir='ltr' id='par_1_12' title="bbox 196 1358 2029 1413">
     <span class='ocr_line' id='line_1_14' title="bbox 196 1358 2029 1413; baseline -0.001 -11"><span class='ocrx_word' id='word_1_98' title='bbox 196 1363 226 1402; x_wconf 91' lang='lat' dir='ltr'>F</span> <span class='ocrx_word' id='word_1_99' title='bbox 230 1374 311 1402; x_wconf 86' lang='lat' dir='ltr'>eae</span> <span class='ocrx_word' id='word_1_100' title='bbox 334 1361 474 1402; x_wconf 87' lang='lat' dir='ltr'>Codd.</span> <span class='ocrx_word' id='word_1_101' title='bbox 497 1361 676 1400; x_wconf 86' lang='lat' dir='ltr'>firmant</span> <span class='ocrx_word' id='word_1_102' title='bbox 707 1363 910 1400; x_wconf 82' lang='lat' dir='ltr'>nostram</span> <span class='ocrx_word' id='word_1_103' title='bbox 930 1358 1083 1399; x_wconf 89' lang='lat' dir='ltr'>lectio·</span> <span class='ocrx_word' id='word_1_104' title='bbox 1146 1360 1361 1410; x_wconf 61' lang='lat' dir='ltr'>exagitent</span> <span class='ocrx_word' id='word_1_105' title='bbox 1381 1371 1465 1409; x_wconf 70' lang='lat' dir='ltr'>me,</span> <span class='ocrx_word' id='word_1_106' title='bbox 1497 1362 1543 1402; x_wconf 80' lang='lat' dir='ltr'>Si</span> <span class='ocrx_word' id='word_1_107' title='bbox 1564 1362 1807 1413; x_wconf 75' lang='lat' dir='ltr'>quidquam]</span> <span class='ocrx_word' id='word_1_108' title='bbox 1832 1364 2029 1404; x_wconf 69' lang='lat' dir='ltr'>«audivi»</span> 
     </span>
    </p>
   </div>
   <div class='ocr_carea' id='block_1_13' title="bbox 197 1423 1082 1471">
    <p class='ocr_par' dir='ltr' id='par_1_13' title="bbox 197 1423 1082 1471">
     <span class='ocr_line' id='line_1_15' title="bbox 197 1423 1082 1471; baseline -0.005 -6"><span class='ocrx_word' id='word_1_109' title='bbox 197 1437 327 1471; x_wconf 78' lang='lat' dir='ltr'>nem;</span> <span class='ocrx_word' id='word_1_110' title='bbox 363 1424 451 1464; x_wconf 89' lang='lat' dir='ltr'>duo</span> <span class='ocrx_word' id='word_1_111' title='bbox 474 1424 704 1463; x_wconf 73' lang='lat' dir='ltr'>dumtaxat</span> <span class='ocrx_word' id='word_1_112' title='bbox 735 1424 930 1463; x_wconf 82' lang='lat' dir='ltr'>Pottierii</span> <span class='ocrx_word' id='word_1_113' title='bbox 961 1423 1082 1462; x_wconf 76' lang='lat' dir='ltr'>exhi-</span> 
     </span>
    </p>
   </div>
   <div class='ocr_carea' id='block_1_14' title="bbox 1145 1420 2030 1473">
    <p class='ocr_par' dir='ltr' id='par_1_14' title="bbox 1145 1420 2030 1473">
     <span class='ocr_line' id='line_1_16' title="bbox 1145 1420 2030 1473; baseline 0.008 -13"><span class='ocrx_word' id='word_1_114' title='bbox 1145 1420 1217 1461; x_wconf 63' lang='lat' dir='ltr'>x‘el</span> <span class='ocrx_word' id='word_1_115' title='bbox 1250 1423 1409 1462; x_wconf 84' lang='lat' dir='ltr'>«scio».</span> <span class='ocrx_word' id='word_1_116' title='bbox 1465 1423 1528 1463; x_wconf 87' lang='lat' dir='ltr'>Cf.</span> <span class='ocrx_word' id='word_1_117' title='bbox 1561 1425 1662 1463; x_wconf 85' lang='lat' dir='ltr'>Tac.</span> <span class='ocrx_word' id='word_1_118' title='bbox 1694 1428 1805 1465; x_wconf 79' lang='lat' dir='ltr'>Ann.</span> <span class='ocrx_word' id='word_1_119' title='bbox 1831 1427 1879 1473; x_wconf 86' lang='grc'>6,</span> <span class='ocrx_word' id='word_1_120' title='bbox 1915 1427 1953 1466; x_wconf 89' lang='grc'>6.</span> <span class='ocrx_word' id='word_1_121' title='bbox 1987 1429 2030 1467; x_wconf 89' lang='grc'>111</span> 
     </span>
    </p>
   </div>
   <div class='ocr_carea' id='block_1_15' title="bbox 196 1484 2030 1539">
    <p class='ocr_par' dir='ltr' id='par_1_15' title="bbox 196 1484 2030 1539">
     <span class='ocr_line' id='line_1_17' title="bbox 196 1484 2030 1539; baseline 0.001 -11"><span class='ocrx_word' id='word_1_122' title='bbox 196 1488 305 1528; x_wconf 86' lang='lat' dir='ltr'>bent</span> <span class='ocrx_word' id='word_1_123' title='bbox 332 1488 602 1538; x_wconf 70' lang='lat' dir='ltr'>spectaverit,</span> <span class='ocrx_word' id='word_1_124' title='bbox 650 1485 795 1526; x_wconf 89' lang='lat' dir='ltr'>nullus</span> <span class='ocrx_word' id='word_1_125' title='bbox 835 1486 994 1526; x_wconf 76' lang='lat' dir='ltr'>luserit.</span> <span class='ocrx_word' id='word_1_126' title='bbox 1032 1508 1077 1514; x_wconf 89' lang='lat'>—</span> <span class='ocrx_word' id='word_1_127' title='bbox 1147 1484 1308 1524; x_wconf 91' lang='lat' dir='ltr'>Tiberii</span> <span class='ocrx_word' id='word_1_128' title='bbox 1329 1484 1543 1537; x_wconf 82' lang='lat' dir='ltr'>Epistola:</span> <span class='ocrx_word' id='word_1_129' title='bbox 1569 1487 1610 1526; x_wconf 84' lang='lat' dir='ltr'>di</span> <span class='ocrx_word' id='word_1_130' title='bbox 1631 1498 1695 1526; x_wconf 78' lang='lat' dir='ltr'>me</span> <span class='ocrx_word' id='word_1_131' title='bbox 1715 1489 1896 1537; x_wconf 76' lang='lat' dir='ltr'>deaeque</span> <span class='ocrx_word' id='word_1_132' title='bbox 1908 1491 2030 1539; x_wconf 74' lang='lat' dir='ltr'>peius</span> 
     </span>
    </p>
   </div>
   <div class='ocr_carea' id='block_1_16' title="bbox 194 1545 1081 2859">
    <p class='ocr_par' dir='ltr' id='par_1_16' title="bbox 194 1545 1081 1790">
     <span class='ocr_line' id='line_1_18' title="bbox 197 1545 1081 1604; baseline 0 -15"><span class='ocrx_word' id='word_1_133' title='bbox 197 1551 407 1604; x_wconf 76' lang='lat' dir='ltr'>Fortunae</span> <span class='ocrx_word' id='word_1_134' title='bbox 434 1549 559 1601; x_wconf 76' lang='lat' dir='ltr'>sili-us]</span> <span class='ocrx_word' id='word_1_135' title='bbox 582 1550 736 1589; x_wconf 89' lang='lat' dir='ltr'>Graeci</span> <span class='ocrx_word' id='word_1_136' title='bbox 758 1554 872 1600; x_wconf 76' lang='grc' dir='ltr'><strong><em>,ταῖς</em></strong></span> <span class='ocrx_word' id='word_1_137' title='bbox 891 1547 979 1602; x_wconf 76' lang='grc' dir='ltr'>τῆς</span> <span class='ocrx_word' id='word_1_138' title='bbox 999 1545 1081 1589; x_wconf 77' lang='grc' dir='ltr'>τύ-</span> 
     </span>
     <span class='ocr_line' id='line_1_19' title="bbox 196 1612 1077 1665; baseline -0.001 -13"><span class='ocrx_word' id='word_1_139' title='bbox 196 1625 289 1665; x_wconf 80' lang='grc' dir='ltr'>χης</span> <span class='ocrx_word' id='word_1_140' title='bbox 321 1612 466 1664; x_wconf 73' lang='lat' dir='ltr'>(Soph.</span> <span class='ocrx_word' id='word_1_141' title='bbox 499 1612 607 1652; x_wconf 89' lang='lat' dir='ltr'>Oed.</span> <span class='ocrx_word' id='word_1_142' title='bbox 638 1613 740 1662; x_wconf 69' lang='lat' dir='ltr'>Tyr.</span> <span class='ocrx_word' id='word_1_143' title='bbox 778 1612 933 1663; x_wconf 73' lang='lat'>4080.):</span> <span class='ocrx_word' id='word_1_144' title='bbox 966 1623 1077 1651; x_wconf 88' lang='lat' dir='ltr'>nos:</span> 
     </span>
     <span class='ocr_line' id='line_1_20' title="bbox 195 1675 1081 1725; baseline -0.002 -10"><span class='ocrx_word' id='word_1_145' title='bbox 195 1677 300 1715; x_wconf 70' lang='lat' dir='ltr'>«das</span> <span class='ocrx_word' id='word_1_146' title='bbox 329 1675 581 1715; x_wconf 69' lang='lat' dir='ltr'>Gluckskind</span> <span class='ocrx_word' id='word_1_147' title='bbox 598 1678 637 1714; x_wconf 73' lang='lat' dir='ltr'>J»</span> <span class='ocrx_word' id='word_1_148' title='bbox 683 1675 819 1725; x_wconf 89' lang='lat' dir='ltr'>(mhd.</span> <span class='ocrx_word' id='word_1_149' title='bbox 853 1676 928 1715; x_wconf 77' lang='lat' dir='ltr'>der</span> <span class='ocrx_word' id='word_1_150' title='bbox 958 1675 1081 1714; x_wconf 78' lang='lat' dir='ltr'>Sael-</span> 
     </span>
     <span class='ocr_line' id='line_1_21' title="bbox 194 1738 447 1790; baseline -0.008 -11"><span class='ocrx_word' id='word_1_151' title='bbox 194 1740 274 1779; x_wconf 81' lang='lat' dir='ltr'>den</span> <span class='ocrx_word' id='word_1_152' title='bbox 305 1738 447 1790; x_wconf 59' lang='lat' dir='ltr'>barm}</span> 
     </span>
    </p>

    <p class='ocr_par' dir='ltr' id='par_1_17' title="bbox 195 1801 1081 2859">
     <span class='ocr_line' id='line_1_22' title="bbox 250 1801 1079 1853; baseline 0.001 -12"><span class='ocrx_word' id='word_1_153' title='bbox 250 1802 399 1841; x_wconf 78' lang='lat'>50-56.</span> <span class='ocrx_word' id='word_1_154' title='bbox 448 1801 646 1853; x_wconf 72' lang='lat' dir='ltr'>Friqidus</span> <span class='ocrx_word' id='word_1_155' title='bbox 675 1801 777 1853; x_wconf 65' lang='lat' dir='ltr'>cet]</span> <span class='ocrx_word' id='word_1_156' title='bbox 812 1803 912 1853; x_wconf 85' lang='lat' dir='ltr'>«qui</span> <span class='ocrx_word' id='word_1_157' title='bbox 942 1802 1079 1853; x_wconf 85' lang='lat' dir='ltr'>frigus</span> 
     </span>
     <span class='ocr_line' id='line_1_23' title="bbox 196 1865 1077 1917; baseline 0.001 -13"><span class='ocrx_word' id='word_1_158' title='bbox 196 1867 241 1904; x_wconf 88' lang='lat' dir='ltr'>et</span> <span class='ocrx_word' id='word_1_159' title='bbox 269 1865 479 1904; x_wconf 89' lang='lat' dir='ltr'>timorem</span> <span class='ocrx_word' id='word_1_160' title='bbox 507 1866 706 1905; x_wconf 83' lang='lat' dir='ltr'>incutit.»</span> <span class='ocrx_word' id='word_1_161' title='bbox 779 1865 841 1905; x_wconf 80' lang='lat' dir='ltr'>Cf.</span> <span class='ocrx_word' id='word_1_162' title='bbox 880 1866 991 1917; x_wconf 86' lang='lat' dir='ltr'>Epp.</span> <span class='ocrx_word' id='word_1_163' title='bbox 1031 1866 1077 1911; x_wconf 81' lang='lat' dir='ltr'>-l,</span> 
     </span>
     <span class='ocr_line' id='line_1_24' title="bbox 196 1927 1076 1979; baseline 0 -11"><span class='ocrx_word' id='word_1_164' title='bbox 196 1927 247 1976; x_wconf 89' lang='lat'>3,</span> <span class='ocrx_word' id='word_1_165' title='bbox 280 1928 360 1967; x_wconf 66' lang='lat'>26:</span> <span class='ocrx_word' id='word_1_166' title='bbox 409 1928 586 1979; x_wconf 67' lang='lat' dir='ltr'>Frigida</span> <span class='ocrx_word' id='word_1_167' title='bbox 630 1940 836 1968; x_wconf 81' lang='lat' dir='ltr'>curarum</span> <span class='ocrx_word' id='word_1_168' title='bbox 876 1929 1076 1979; x_wconf 77' lang='lat' dir='ltr'>fomenta.</span> 
     </span>
     <span class='ocr_line' id='line_1_25' title="bbox 198 1989 1079 2042; baseline 0.005 -15"><span class='ocrx_word' id='word_1_169' title='bbox 198 1990 267 2029; x_wconf 70' lang='lat' dir='ltr'>«Si</span> <span class='ocrx_word' id='word_1_170' title='bbox 296 1991 475 2030; x_wconf 85' lang='lat' dir='ltr'>sinister</span> <span class='ocrx_word' id='word_1_171' title='bbox 504 1989 663 2042; x_wconf 86' lang='lat' dir='ltr'>aliquis</span> <span class='ocrx_word' id='word_1_172' title='bbox 684 2002 736 2030; x_wconf 89' lang='grc'>30</span> <span class='ocrx_word' id='word_1_173' title='bbox 762 1990 1079 2031; x_wconf 85' lang='lat' dir='ltr'>formidolosus</span> 
     </span>
     <span class='ocr_line' id='line_1_26' title="bbox 195 2052 1081 2106; baseline 0.001 -14"><span class='ocrx_word' id='word_1_174' title='bbox 195 2063 350 2092; x_wconf 90' lang='lat' dir='ltr'>rumor</span> <span class='ocrx_word' id='word_1_175' title='bbox 383 2063 467 2104; x_wconf 92' lang='lat' dir='ltr'>per</span> <span class='ocrx_word' id='word_1_176' title='bbox 503 2052 673 2104; x_wconf 87' lang='lat' dir='ltr'>singula</span> <span class='ocrx_word' id='word_1_177' title='bbox 706 2053 826 2094; x_wconf 62' lang='lat' dir='ltr'>bivia</span> <span class='ocrx_word' id='word_1_178' title='bbox 857 2055 1081 2106; x_wconf 79' lang='lat' dir='ltr'>spargitur</span> 
     </span>
     <span class='ocr_line' id='line_1_27' title="bbox 195 2116 1080 2158; baseline 0.005 -4"><span class='ocrx_word' id='word_1_179' title='bbox 195 2126 220 2155; x_wconf 88' lang='grc'>3</span> <span class='ocrx_word' id='word_1_180' title='bbox 251 2117 419 2156; x_wconf 88' lang='lat' dir='ltr'>Rostris</span> <span class='ocrx_word' id='word_1_181' title='bbox 448 2116 504 2155; x_wconf 88' lang='lat' dir='ltr'>ab</span> <span class='ocrx_word' id='word_1_182' title='bbox 534 2116 643 2156; x_wconf 90' lang='lat' dir='ltr'>Iulio</span> <span class='ocrx_word' id='word_1_183' title='bbox 675 2118 869 2158; x_wconf 83' lang='lat' dir='ltr'>Caesare</span> <span class='ocrx_word' id='word_1_184' title='bbox 901 2119 945 2157; x_wconf 90' lang='lat' dir='ltr'>in</span> <span class='ocrx_word' id='word_1_185' title='bbox 980 2129 1080 2158; x_wconf 87' lang='lat' dir='ltr'>me-</span> 
     </span>
     <span class='ocr_line' id='line_1_28' title="bbox 197 2178 1075 2232; baseline 0.002 -14"><span class='ocrx_word' id='word_1_186' title='bbox 197 2178 270 2218; x_wconf 85' lang='lat' dir='ltr'>dio</span> <span class='ocrx_word' id='word_1_187' title='bbox 299 2179 411 2218; x_wconf 89' lang='lat' dir='ltr'>Foro</span> <span class='ocrx_word' id='word_1_188' title='bbox 442 2178 666 2219; x_wconf 86' lang='lat' dir='ltr'>collocatis</span> <span class='ocrx_word' id='word_1_189' title='bbox 699 2180 930 2232; x_wconf 81' lang='lat' dir='ltr'>(Dezobry</span> <span class='ocrx_word' id='word_1_190' title='bbox 965 2182 999 2220; x_wconf 90' lang='grc' dir='ltr'>Ι.</span> <span class='ocrx_word' id='word_1_191' title='bbox 1031 2191 1075 2232; x_wconf 91' lang='lat' dir='ltr'>p.</span> 
     </span>
     <span class='ocr_line' id='line_1_29' title="bbox 196 2240 1079 2293; baseline 0.002 -13"><span class='ocrx_word' id='word_1_192' title='bbox 196 2241 298 2291; x_wconf 82' lang='lat'>50.).</span> <span class='ocrx_word' id='word_1_193' title='bbox 316 2240 436 2281; x_wconf 90' lang='lat' dir='ltr'>unde</span> <span class='ocrx_word' id='word_1_194' title='bbox 453 2242 650 2293; x_wconf 93' lang='lat' dir='ltr'>primum</span> <span class='ocrx_word' id='word_1_195' title='bbox 665 2244 903 2292; x_wconf 62' lang='lat' dir='ltr'>emanaxdt,</span> <span class='ocrx_word' id='word_1_196' title='bbox 919 2253 1079 2282; x_wconf 91' lang='lat' dir='ltr'>omnes</span> 
     </span>
     <span class='ocr_line' id='line_1_30' title="bbox 195 2305 1079 2357; baseline 0.001 -13"><span class='ocrx_word' id='word_1_197' title='bbox 195 2315 270 2344; x_wconf 89' lang='lat' dir='ltr'>me</span> <span class='ocrx_word' id='word_1_198' title='bbox 298 2315 459 2343; x_wconf 63' lang='lat' dir='ltr'>verum</span> <span class='ocrx_word' id='word_1_199' title='bbox 489 2305 604 2344; x_wconf 85' lang='lat' dir='ltr'>scire</span> <span class='ocrx_word' id='word_1_200' title='bbox 637 2306 894 2356; x_wconf 78' lang='lat' dir='ltr'>opinantur,</span> <span class='ocrx_word' id='word_1_201' title='bbox 925 2308 1079 2357; x_wconf 82' lang='lat' dir='ltr'>utpote</span> 
     </span>
     <span class='ocr_line' id='line_1_31' title="bbox 197 2365 1076 2418; baseline -0.002 -13"><span class='ocrx_word' id='word_1_202' title='bbox 197 2367 272 2417; x_wconf 93' lang='lat' dir='ltr'>qui</span> <span class='ocrx_word' id='word_1_203' title='bbox 291 2365 568 2417; x_wconf 87' lang='lat' dir='ltr'>principibus</span> <span class='ocrx_word' id='word_1_204' title='bbox 581 2367 687 2407; x_wconf 66' lang='grc'>11115</span> <span class='ocrx_word' id='word_1_205' title='bbox 701 2368 932 2418; x_wconf 75' lang='lat' dir='ltr'>proximus</span> <span class='ocrx_word' id='word_1_206' title='bbox 948 2368 1076 2408; x_wconf 77' lang='grc'>51111.»</span> 
     </span>
     <span class='ocr_line' id='line_1_32' title="bbox 201 2430 1081 2480; baseline 0.002 -13"><span class='ocrx_word' id='word_1_207' title='bbox 201 2451 246 2456; x_wconf 88' lang='grc'><strong>-</strong></span> <span class='ocrx_word' id='word_1_208' title='bbox 272 2440 353 2479; x_wconf 78' lang='lat' dir='ltr'>per</span> <span class='ocrx_word' id='word_1_209' title='bbox 371 2430 571 2480; x_wconf 76' lang='lat' dir='ltr'>compita]</span> <span class='ocrx_word' id='word_1_210' title='bbox 601 2440 717 2480; x_wconf 85' lang='lat' dir='ltr'>quae</span> <span class='ocrx_word' id='word_1_211' title='bbox 745 2430 985 2480; x_wconf 80' lang='lat' dir='ltr'>frequentia</span> <span class='ocrx_word' id='word_1_212' title='bbox 1003 2441 1081 2469; x_wconf 70' lang='lat' dir='ltr'>vo-</span> 
     </span>
     <span class='ocr_line' id='line_1_33' title="bbox 197 2491 1079 2544; baseline 0.001 -13"><span class='ocrx_word' id='word_1_213' title='bbox 197 2494 271 2531; x_wconf 79' lang='lat' dir='ltr'>cat</span> <span class='ocrx_word' id='word_1_214' title='bbox 300 2492 388 2531; x_wconf 86' lang='lat' dir='ltr'>Sat.</span> <span class='ocrx_word' id='word_1_215' title='bbox 413 2493 459 2539; x_wconf 72' lang='lat'>2,</span> <span class='ocrx_word' id='word_1_216' title='bbox 493 2492 543 2539; x_wconf 90' lang='lat'>3,</span> <span class='ocrx_word' id='word_1_217' title='bbox 575 2492 642 2531; x_wconf 71' lang='lat'>25.</span> <span class='ocrx_word' id='word_1_218' title='bbox 680 2513 724 2520; x_wconf 93' lang='lat'><strong>—</strong></span> <span class='ocrx_word' id='word_1_219' title='bbox 759 2493 946 2544; x_wconf 83' lang='lat' dir='ltr'>rumor.·]</span> <span class='ocrx_word' id='word_1_220' title='bbox 982 2491 1079 2532; x_wconf 86' lang='lat' dir='ltr'>Noli</span> 
     </span>
     <span class='ocr_line' id='line_1_34' title="bbox 196 2555 1079 2606; baseline 0.003 -13"><span class='ocrx_word' id='word_1_221' title='bbox 196 2565 364 2606; x_wconf 88' lang='lat' dir='ltr'>ponere</span> <span class='ocrx_word' id='word_1_222' title='bbox 408 2555 767 2605; x_wconf 82' lang='lat' dir='ltr'>interrogationis</span> <span class='ocrx_word' id='word_1_223' title='bbox 807 2556 983 2606; x_wconf 83' lang='lat' dir='ltr'>signum</span> <span class='ocrx_word' id='word_1_224' title='bbox 1024 2567 1079 2596; x_wconf 76' lang='lat' dir='ltr'>ex</span> 
     </span>
     <span class='ocr_line' id='line_1_35' title="bbox 197 2617 1077 2670; baseline 0.002 -13"><span class='ocrx_word' id='word_1_225' title='bbox 197 2628 280 2658; x_wconf 92' lang='lat' dir='ltr'>usu</span> <span class='ocrx_word' id='word_1_226' title='bbox 323 2618 627 2657; x_wconf 84' lang='lat' dir='ltr'>recentiorum</span> <span class='ocrx_word' id='word_1_227' title='bbox 668 2617 934 2670; x_wconf 88' lang='lat' dir='ltr'>linguarum.</span> <span class='ocrx_word' id='word_1_228' title='bbox 988 2619 1077 2659; x_wconf 67' lang='lat' dir='ltr'>Cir.</span> 
     </span>
     <span class='ocr_line' id='line_1_36' title="bbox 195 2681 1078 2733; baseline 0.003 -13"><span class='ocrx_word' id='word_1_229' title='bbox 195 2681 307 2733; x_wconf 88' lang='lat' dir='ltr'>Epp.</span> <span class='ocrx_word' id='word_1_230' title='bbox 341 2682 390 2729; x_wconf 80' lang='grc'>4,</span> <span class='ocrx_word' id='word_1_231' title='bbox 424 2682 469 2729; x_wconf 77' lang='grc'>4,</span> <span class='ocrx_word' id='word_1_232' title='bbox 502 2681 570 2721; x_wconf 76' lang='lat'>87.</span> <span class='ocrx_word' id='word_1_233' title='bbox 607 2704 653 2710; x_wconf 92' lang='lat'>—-</span> <span class='ocrx_word' id='word_1_234' title='bbox 685 2682 830 2732; x_wconf 75' lang='lat' dir='ltr'>Dacis]</span> <span class='ocrx_word' id='word_1_235' title='bbox 867 2683 981 2723; x_wconf 91' lang='lat' dir='ltr'>Cum</span> <span class='ocrx_word' id='word_1_236' title='bbox 1009 2683 1078 2723; x_wconf 90' lang='lat' dir='ltr'>his</span> 
     </span>
     <span class='ocr_line' id='line_1_37' title="bbox 196 2743 1076 2796; baseline 0.002 -12"><span class='ocrx_word' id='word_1_237' title='bbox 196 2744 253 2784; x_wconf 78' lang='lat' dir='ltr'>M.</span> <span class='ocrx_word' id='word_1_238' title='bbox 267 2744 443 2783; x_wconf 81' lang='lat' dir='ltr'>Antonii</span> <span class='ocrx_word' id='word_1_239' title='bbox 458 2744 608 2793; x_wconf 91' lang='grc'>500115,</span> <span class='ocrx_word' id='word_1_240' title='bbox 631 2745 727 2796; x_wconf 89' lang='lat' dir='ltr'>ipso</span> <span class='ocrx_word' id='word_1_241' title='bbox 749 2743 820 2784; x_wconf 91' lang='lat' dir='ltr'>illo</span> <span class='ocrx_word' id='word_1_242' title='bbox 833 2755 949 2785; x_wconf 87' lang='grc'>311110</span> <span class='ocrx_word' id='word_1_243' title='bbox 961 2745 1076 2795; x_wconf 72' lang='grc' dir='ltr'>ἾΞ3.,</span> 
     </span>
     <span class='ocr_line' id='line_1_38' title="bbox 197 2807 1074 2859; baseline 0.005 -14"><span class='ocrx_word' id='word_1_244' title='bbox 197 2817 287 2857; x_wconf 87' lang='lat' dir='ltr'>quo</span> <span class='ocrx_word' id='word_1_245' title='bbox 335 2807 448 2846; x_wconf 89' lang='lat' dir='ltr'>haec</span> <span class='ocrx_word' id='word_1_246' title='bbox 495 2807 636 2846; x_wconf 86' lang='lat' dir='ltr'>Satira</span> <span class='ocrx_word' id='word_1_247' title='bbox 684 2809 932 2859; x_wconf 85' lang='lat' dir='ltr'>composita</span> <span class='ocrx_word' id='word_1_248' title='bbox 986 2811 1074 2858; x_wconf 88' lang='lat' dir='ltr'>est,</span> 
     </span>
    </p>
   </div>
   <div class='ocr_carea' id='block_1_17' title="bbox 1138 1549 2033 2860">
    <p class='ocr_par' dir='ltr' id='par_1_18' title="bbox 1138 1549 2033 2860">
     <span class='ocr_line' id='line_1_39' title="bbox 1138 1549 2030 1599; baseline 0.007 -13"><span class='ocrx_word' id='word_1_249' title='bbox 1138 1549 1347 1597; x_wconf 71' lang='lat' dir='ltr'>perdant,</span> <span class='ocrx_word' id='word_1_250' title='bbox 1381 1560 1509 1599; x_wconf 76' lang='lat' dir='ltr'>quam</span> <span class='ocrx_word' id='word_1_251' title='bbox 1524 1551 1666 1598; x_wconf 78' lang='lat' dir='ltr'>perire</span> <span class='ocrx_word' id='word_1_252' title='bbox 1685 1562 1748 1590; x_wconf 79' lang='lat' dir='ltr'>me</span> <span class='ocrx_word' id='word_1_253' title='bbox 1768 1553 1916 1591; x_wconf 69' lang='lat' dir='ltr'>cotidie</span> <span class='ocrx_word' id='word_1_254' title='bbox 1934 1564 2030 1592; x_wconf 77' lang='lat' dir='ltr'>sen-</span> 
     </span>
     <span class='ocr_line' id='line_1_40' title="bbox 1145 1612 2033 1667; baseline 0.007 -17"><span class='ocrx_word' id='word_1_255' title='bbox 1145 1612 1223 1661; x_wconf 75' lang='lat' dir='ltr'>tio,</span> <span class='ocrx_word' id='word_1_256' title='bbox 1257 1613 1297 1650; x_wconf 75' lang='lat' dir='ltr'>si</span> <span class='ocrx_word' id='word_1_257' title='bbox 1327 1613 1502 1651; x_wconf 74' lang='grc'>5010.-</span> <span class='ocrx_word' id='word_1_258' title='bbox 1541 1613 1703 1666; x_wconf 73' lang='lat' dir='ltr'>Quid12]</span> <span class='ocrx_word' id='word_1_259' title='bbox 1744 1615 1894 1655; x_wconf 75' lang='lat' dir='ltr'>Novae</span> <span class='ocrx_word' id='word_1_260' title='bbox 1923 1627 2033 1667; x_wconf 91' lang='lat' dir='ltr'>per-</span> 
     </span>
     <span class='ocr_line' id='line_1_41' title="bbox 1146 1673 2032 1729; baseline 0.006 -15"><span class='ocrx_word' id='word_1_261' title='bbox 1146 1686 1283 1715; x_wconf 87' lang='lat' dir='ltr'>sonae</span> <span class='ocrx_word' id='word_1_262' title='bbox 1315 1673 1452 1715; x_wconf 89' lang='lat' dir='ltr'>altera</span> <span class='ocrx_word' id='word_1_263' title='bbox 1482 1675 1595 1715; x_wconf 86' lang='lat' dir='ltr'>haec</span> <span class='ocrx_word' id='word_1_264' title='bbox 1625 1677 1911 1729; x_wconf 73' lang='lat' dir='ltr'>interrogatio</span> <span class='ocrx_word' id='word_1_265' title='bbox 1951 1681 2032 1719; x_wconf 89' lang='lat' dir='ltr'>tri-</span> 
     </span>
     <span class='ocr_line' id='line_1_42' title="bbox 1143 1736 2030 1794; baseline 0.006 -18"><span class='ocrx_word' id='word_1_266' title='bbox 1143 1736 1326 1778; x_wconf 87' lang='lat' dir='ltr'>buenda</span> <span class='ocrx_word' id='word_1_267' title='bbox 1357 1740 1438 1778; x_wconf 88' lang='lat' dir='ltr'>est.</span> <span class='ocrx_word' id='word_1_268' title='bbox 1487 1759 1531 1765; x_wconf 92' lang='lat'>—</span> <span class='ocrx_word' id='word_1_269' title='bbox 1566 1739 1764 1779; x_wconf 77' lang='lat' dir='ltr'>militibus</span> <span class='ocrx_word' id='word_1_270' title='bbox 1798 1741 2030 1794; x_wconf 72' lang='lat' dir='ltr'>promissa]</span> 
     </span>
     <span class='ocr_line' id='line_1_43' title="bbox 1146 1801 2027 1855; baseline 0.006 -15"><span class='ocrx_word' id='word_1_271' title='bbox 1146 1802 1225 1841; x_wconf 88' lang='lat' dir='ltr'>Hic</span> <span class='ocrx_word' id='word_1_272' title='bbox 1256 1812 1435 1852; x_wconf 84' lang='lat' dir='ltr'>quoque</span> <span class='ocrx_word' id='word_1_273' title='bbox 1467 1801 1630 1841; x_wconf 90' lang='lat' dir='ltr'>eodem</span> <span class='ocrx_word' id='word_1_274' title='bbox 1657 1805 1862 1855; x_wconf 87' lang='lat' dir='ltr'>tempore</span> <span class='ocrx_word' id='word_1_275' title='bbox 1898 1806 1948 1855; x_wconf 65' lang='lat' dir='ltr'>(a.</span> <span class='ocrx_word' id='word_1_276' title='bbox 1981 1816 2027 1845; x_wconf 91' lang='lat' dir='ltr'>u.</span> 
     </span>
     <span class='ocr_line' id='line_1_44' title="bbox 1147 1864 2029 1916; baseline 0.005 -13"><span class='ocrx_word' id='word_1_277' title='bbox 1147 1876 1186 1904; x_wconf 92' lang='lat' dir='ltr'>c.</span> <span class='ocrx_word' id='word_1_278' title='bbox 1220 1864 1313 1903; x_wconf 66' lang='lat'>723.</span> <span class='ocrx_word' id='word_1_279' title='bbox 1356 1866 1560 1915; x_wconf 74' lang='lat' dir='ltr'>exeunte)</span> <span class='ocrx_word' id='word_1_280' title='bbox 1603 1866 1885 1916; x_wconf 87' lang='lat' dir='ltr'>quotidianus</span> <span class='ocrx_word' id='word_1_281' title='bbox 1917 1868 2029 1907; x_wconf 68' lang='lat' dir='ltr'>civi-</span> 
     </span>
     <span class='ocr_line' id='line_1_45' title="bbox 1146 1928 2028 1972; baseline 0.006 -5"><span class='ocrx_word' id='word_1_282' title='bbox 1146 1928 1249 1968; x_wconf 88' lang='lat' dir='ltr'>tatis</span> <span class='ocrx_word' id='word_1_283' title='bbox 1279 1938 1430 1968; x_wconf 88' lang='lat' dir='ltr'>sermo</span> <span class='ocrx_word' id='word_1_284' title='bbox 1462 1930 1571 1967; x_wconf 88' lang='lat' dir='ltr'>erat.</span> <span class='ocrx_word' id='word_1_285' title='bbox 1632 1929 1807 1969; x_wconf 85' lang='lat' dir='ltr'>Etenim</span> <span class='ocrx_word' id='word_1_286' title='bbox 1845 1941 1933 1970; x_wconf 91' lang='lat' dir='ltr'>non</span> <span class='ocrx_word' id='word_1_287' title='bbox 1972 1931 2028 1972; x_wconf 86' lang='lat' dir='ltr'>de</span> 
     </span>
     <span class='ocr_line' id='line_1_46' title="bbox 1147 1989 2032 2045; baseline 0.006 -16"><span class='ocrx_word' id='word_1_288' title='bbox 1147 1989 1230 2029; x_wconf 87' lang='lat' dir='ltr'>alia</span> <span class='ocrx_word' id='word_1_289' title='bbox 1261 2000 1469 2041; x_wconf 88' lang='lat' dir='ltr'>agrorum</span> <span class='ocrx_word' id='word_1_290' title='bbox 1493 1989 1708 2031; x_wconf 75' lang='lat' dir='ltr'>divisione</span> <span class='ocrx_word' id='word_1_291' title='bbox 1739 1992 1784 2031; x_wconf 93' lang='lat' dir='ltr'>h.</span> <span class='ocrx_word' id='word_1_292' title='bbox 1808 1991 1836 2032; x_wconf 91' lang='lat' dir='ltr'>l.</span> <span class='ocrx_word' id='word_1_293' title='bbox 1854 1994 1924 2044; x_wconf 86' lang='lat' dir='ltr'>agi</span> <span class='ocrx_word' id='word_1_294' title='bbox 1952 2005 2032 2045; x_wconf 90' lang='lat' dir='ltr'>po-</span> 
     </span>
     <span class='ocr_line' id='line_1_47' title="bbox 1145 2052 2030 2105; baseline 0.006 -13"><span class='ocrx_word' id='word_1_295' title='bbox 1145 2056 1254 2101; x_wconf 84' lang='lat' dir='ltr'>test,</span> <span class='ocrx_word' id='word_1_296' title='bbox 1297 2064 1435 2104; x_wconf 80' lang='lat' dir='ltr'>quam</span> <span class='ocrx_word' id='word_1_297' title='bbox 1467 2052 1522 2092; x_wconf 90' lang='lat' dir='ltr'>de</span> <span class='ocrx_word' id='word_1_298' title='bbox 1555 2064 1631 2102; x_wconf 83' lang='lat' dir='ltr'>ea,</span> <span class='ocrx_word' id='word_1_299' title='bbox 1665 2065 1780 2105; x_wconf 89' lang='lat' dir='ltr'>quae</span> <span class='ocrx_word' id='word_1_300' title='bbox 1815 2055 1930 2095; x_wconf 83' lang='lat' dir='ltr'>facta</span> <span class='ocrx_word' id='word_1_301' title='bbox 1962 2059 2030 2097; x_wconf 91' lang='lat' dir='ltr'>est</span> 
     </span>
     <span class='ocr_line' id='line_1_48' title="bbox 1144 2117 2027 2168; baseline 0.005 -12"><span class='ocrx_word' id='word_1_302' title='bbox 1144 2118 1247 2168; x_wconf 85' lang='lat' dir='ltr'>post</span> <span class='ocrx_word' id='word_1_303' title='bbox 1262 2126 1458 2167; x_wconf 87' lang='lat' dir='ltr'>pugnam</span> <span class='ocrx_word' id='word_1_304' title='bbox 1469 2117 1698 2157; x_wconf 86' lang='lat' dir='ltr'>Actiacam</span> <span class='ocrx_word' id='word_1_305' title='bbox 1713 2118 1861 2158; x_wconf 85' lang='lat' dir='ltr'>media</span> <span class='ocrx_word' id='word_1_306' title='bbox 1877 2120 2027 2160; x_wconf 89' lang='lat' dir='ltr'>hieme</span> 
     </span>
     <span class='ocr_line' id='line_1_49' title="bbox 1146 2178 2026 2231; baseline 0.006 -13"><span class='ocrx_word' id='word_1_307' title='bbox 1146 2191 1185 2219; x_wconf 89' lang='lat' dir='ltr'>a.</span> <span class='ocrx_word' id='word_1_308' title='bbox 1210 2178 1423 2226; x_wconf 53' lang='lat' dir='ltr'>nimii:</span> <span class='ocrx_word' id='word_1_309' title='bbox 1472 2190 1575 2219; x_wconf 90' lang='lat' dir='ltr'>cum</span> <span class='ocrx_word' id='word_1_310' title='bbox 1607 2181 1775 2221; x_wconf 87' lang='lat' dir='ltr'>Caesar</span> <span class='ocrx_word' id='word_1_311' title='bbox 1804 2193 1859 2221; x_wconf 75' lang='lat' dir='ltr'>ex</span> <span class='ocrx_word' id='word_1_312' title='bbox 1897 2184 2026 2231; x_wconf 81' lang='lat' dir='ltr'>Asia,</span> 
     </span>
     <span class='ocr_line' id='line_1_50' title="bbox 1143 2241 2031 2295; baseline 0.005 -14"><span class='ocrx_word' id='word_1_313' title='bbox 1143 2242 1222 2282; x_wconf 86' lang='lat' dir='ltr'>ubi</span> <span class='ocrx_word' id='word_1_314' title='bbox 1253 2244 1349 2281; x_wconf 91' lang='lat' dir='ltr'>tum</span> <span class='ocrx_word' id='word_1_315' title='bbox 1368 2241 1649 2290; x_wconf 74' lang='lat' dir='ltr'>morabatur,</span> <span class='ocrx_word' id='word_1_316' title='bbox 1682 2247 1870 2295; x_wconf 87' lang='lat' dir='ltr'>repente</span> <span class='ocrx_word' id='word_1_317' title='bbox 1892 2246 2031 2285; x_wconf 91' lang='lat' dir='ltr'>Brun-</span> 
     </span>
     <span class='ocr_line' id='line_1_51' title="bbox 1146 2304 2030 2356; baseline 0.003 -12"><span class='ocrx_word' id='word_1_318' title='bbox 1146 2305 1309 2345; x_wconf 90' lang='lat' dir='ltr'>disium</span> <span class='ocrx_word' id='word_1_319' title='bbox 1337 2304 1565 2356; x_wconf 85' lang='lat' dir='ltr'>profectus</span> <span class='ocrx_word' id='word_1_320' title='bbox 1597 2309 1717 2345; x_wconf 90' lang='lat' dir='ltr'>esset</span> <span class='ocrx_word' id='word_1_321' title='bbox 1747 2307 1805 2345; x_wconf 89' lang='lat' dir='ltr'>ad</span> <span class='ocrx_word' id='word_1_322' title='bbox 1844 2307 2030 2347; x_wconf 90' lang='lat' dir='ltr'>seditio-</span> 
     </span>
     <span class='ocr_line' id='line_1_52' title="bbox 1144 2369 2029 2417; baseline 0.005 -11"><span class='ocrx_word' id='word_1_323' title='bbox 1144 2378 1247 2406; x_wconf 89' lang='lat' dir='ltr'>nem</span> <span class='ocrx_word' id='word_1_324' title='bbox 1275 2369 1613 2415; x_wconf 72' lang='lat' dir='ltr'>veteranorum,</span> <span class='ocrx_word' id='word_1_325' title='bbox 1647 2378 1761 2417; x_wconf 86' lang='lat' dir='ltr'>quos</span> <span class='ocrx_word' id='word_1_326' title='bbox 1782 2369 1877 2408; x_wconf 90' lang='lat' dir='ltr'>sine</span> <span class='ocrx_word' id='word_1_327' title='bbox 1899 2369 2029 2411; x_wconf 83' lang='lat' dir='ltr'>donis</span> 
     </span>
     <span class='ocr_line' id='line_1_53' title="bbox 1145 2430 2025 2480; baseline 0.005 -12"><span class='ocrx_word' id='word_1_328' title='bbox 1145 2430 1395 2477; x_wconf 80' lang='lat' dir='ltr'>dimiserat,</span> <span class='ocrx_word' id='word_1_329' title='bbox 1420 2430 1814 2480; x_wconf 87' lang='lat' dir='ltr'>compescendam.</span> <span class='ocrx_word' id='word_1_330' title='bbox 1846 2432 1927 2471; x_wconf 91' lang='lat' dir='ltr'>Dio</span> <span class='ocrx_word' id='word_1_331' title='bbox 1949 2433 2025 2478; x_wconf 79' lang='grc'>51,</span> 
     </span>
     <span class='ocr_line' id='line_1_54' title="bbox 1145 2491 2029 2540; baseline 0.002 -7"><span class='ocrx_word' id='word_1_332' title='bbox 1145 2492 1184 2533; x_wconf 75' lang='lat'>4.</span> <span class='ocrx_word' id='word_1_333' title='bbox 1259 2493 1354 2540; x_wconf 86' lang='lat' dir='ltr'>Qua</span> <span class='ocrx_word' id='word_1_334' title='bbox 1397 2492 1632 2531; x_wconf 86' lang='lat' dir='ltr'>occasione</span> <span class='ocrx_word' id='word_1_335' title='bbox 1682 2491 1894 2534; x_wconf 85' lang='lat' dir='ltr'>militibus</span> <span class='ocrx_word' id='word_1_336' title='bbox 1935 2495 2029 2535; x_wconf 88' lang='lat' dir='ltr'>suis</span> 
     </span>
     <span class='ocr_line' id='line_1_55' title="bbox 1142 2555 2029 2609; baseline 0.002 -14"><span class='ocrx_word' id='word_1_337' title='bbox 1142 2556 1306 2608; x_wconf 83' lang='lat' dir='ltr'>partim</span> <span class='ocrx_word' id='word_1_338' title='bbox 1333 2555 1573 2606; x_wconf 85' lang='lat' dir='ltr'>pecuniam</span> <span class='ocrx_word' id='word_1_339' title='bbox 1603 2555 1745 2604; x_wconf 85' lang='lat' dir='ltr'>dedit,</span> <span class='ocrx_word' id='word_1_340' title='bbox 1789 2555 1903 2604; x_wconf 77' lang='lat' dir='ltr'>aliis,</span> <span class='ocrx_word' id='word_1_341' title='bbox 1952 2559 2029 2609; x_wconf 89' lang='lat' dir='ltr'>qui</span> 
     </span>
     <span class='ocr_line' id='line_1_56' title="bbox 1145 2616 2028 2671; baseline 0.003 -13"><span class='ocrx_word' id='word_1_342' title='bbox 1145 2619 1292 2659; x_wconf 87' lang='lat' dir='ltr'>omnia</span> <span class='ocrx_word' id='word_1_343' title='bbox 1309 2629 1464 2658; x_wconf 89' lang='lat' dir='ltr'>secum</span> <span class='ocrx_word' id='word_1_344' title='bbox 1485 2616 1599 2657; x_wconf 81' lang='lat' dir='ltr'>bella</span> <span class='ocrx_word' id='word_1_345' title='bbox 1618 2620 1879 2669; x_wconf 79' lang='lat' dir='ltr'>gessissent,</span> <span class='ocrx_word' id='word_1_346' title='bbox 1897 2631 2028 2671; x_wconf 86' lang='lat' dir='ltr'>agros</span> 
     </span>
     <span class='ocr_line' id='line_1_57' title="bbox 1145 2681 2025 2732; baseline 0.001 -10"><span class='ocrx_word' id='word_1_347' title='bbox 1145 2683 1281 2722; x_wconf 81' lang='lat' dir='ltr'>etiam</span> <span class='ocrx_word' id='word_1_348' title='bbox 1321 2681 1559 2731; x_wconf 65' lang='lat' dir='ltr'>assignavit</span> <span class='ocrx_word' id='word_1_349' title='bbox 1598 2692 1756 2721; x_wconf 87' lang='lat' dir='ltr'>eornm</span> <span class='ocrx_word' id='word_1_350' title='bbox 1797 2681 2025 2732; x_wconf 79' lang='lat' dir='ltr'>italorum,</span> 
     </span>
     <span class='ocr_line' id='line_1_58' title="bbox 1145 2744 2024 2796; baseline 0.001 -12"><span class='ocrx_word' id='word_1_351' title='bbox 1145 2745 1222 2796; x_wconf 86' lang='lat' dir='ltr'>qui</span> <span class='ocrx_word' id='word_1_352' title='bbox 1266 2744 1443 2787; x_wconf 74' lang='lat' dir='ltr'>Antonii</span> <span class='ocrx_word' id='word_1_353' title='bbox 1489 2745 1643 2795; x_wconf 82' lang='lat' dir='ltr'>partes</span> <span class='ocrx_word' id='word_1_354' title='bbox 1692 2745 1832 2784; x_wconf 86' lang='lat' dir='ltr'>secuti</span> <span class='ocrx_word' id='word_1_355' title='bbox 1882 2748 2024 2785; x_wconf 88' lang='lat' dir='ltr'>erant.</span> 
     </span>
     <span class='ocr_line' id='line_1_59' title="bbox 1146 2807 2024 2860; baseline 0 -12"><span class='ocrx_word' id='word_1_356' title='bbox 1146 2807 1235 2848; x_wconf 82' lang='lat' dir='ltr'>Cfr.</span> <span class='ocrx_word' id='word_1_357' title='bbox 1258 2807 1476 2846; x_wconf 79' lang='lat' dir='ltr'>Kirchner</span> <span class='ocrx_word' id='word_1_358' title='bbox 1497 2808 1695 2854; x_wconf 88' lang='lat' dir='ltr'>Quaestt.</span> <span class='ocrx_word' id='word_1_359' title='bbox 1719 2808 1870 2847; x_wconf 85' lang='lat' dir='ltr'>Horat.</span> <span class='ocrx_word' id='word_1_360' title='bbox 1893 2820 1937 2860; x_wconf 91' lang='lat' dir='ltr'>p.</span> <span class='ocrx_word' id='word_1_361' title='bbox 1959 2808 2024 2848; x_wconf 76' lang='lat'>⁴9.</span> 
     </span>
    </p>
   </div>
   <div class='ocr_carea' id='block_1_18' title="bbox 196 2867 2028 2926">
    <p class='ocr_par' dir='ltr' id='par_1_19' title="bbox 196 2867 2028 2926">
     <span class='ocr_line' id='line_1_60' title="bbox 196 2867 2028 2926; baseline 0.002 -19"><span class='ocrx_word' id='word_1_362' title='bbox 196 2867 364 2907; x_wconf 86' lang='lat' dir='ltr'>bellum</span> <span class='ocrx_word' id='word_1_363' title='bbox 396 2868 658 2926; x_wconf 67' lang='lat' dir='ltr'>gerebatur,</span> <span class='ocrx_word' id='word_1_364' title='bbox 691 2869 748 2909; x_wconf 87' lang='lat' dir='ltr'>ad</span> <span class='ocrx_word' id='word_1_365' title='bbox 775 2870 897 2920; x_wconf 87' lang='lat' dir='ltr'>quod</span> <span class='ocrx_word' id='word_1_366' title='bbox 916 2882 957 2910; x_wconf 88' lang='lat' dir='ltr'>a.</span> <span class='ocrx_word' id='word_1_367' title='bbox 981 2870 1076 2912; x_wconf 73' lang='lat'>724.</span> <span class='ocrx_word' id='word_1_368' title='bbox 1146 2872 1241 2919; x_wconf 85' lang='lat' dir='ltr'>Quo</span> <span class='ocrx_word' id='word_1_369' title='bbox 1269 2873 1475 2922; x_wconf 85' lang='lat' dir='ltr'>tempore</span> <span class='ocrx_word' id='word_1_370' title='bbox 1496 2869 1611 2909; x_wconf 87' lang='grc'>11300</span> <span class='ocrx_word' id='word_1_371' title='bbox 1632 2871 1833 2921; x_wconf 84' lang='lat' dir='ltr'>scripsit,</span> <span class='ocrx_word' id='word_1_372' title='bbox 1867 2872 2028 2911; x_wconf 89' lang='lat' dir='ltr'>etiam-</span> 
     </span>
    </p>
   </div>
   <div class='ocr_carea' id='block_1_19' title="bbox 165 2930 1082 3546">
    <p class='ocr_par' dir='ltr' id='par_1_20' title="bbox 165 2930 1082 3546">
     <span class='ocr_line' id='line_1_61' title="bbox 198 2930 1079 2983; baseline 0.005 -13"><span class='ocrx_word' id='word_1_373' title='bbox 198 2930 255 2970; x_wconf 78' lang='lat' dir='ltr'>M.</span> <span class='ocrx_word' id='word_1_374' title='bbox 279 2930 489 2979; x_wconf 86' lang='lat' dir='ltr'>Crassus,</span> <span class='ocrx_word' id='word_1_375' title='bbox 535 2930 673 2980; x_wconf 89' lang='grc'>1111115,</span> <span class='ocrx_word' id='word_1_376' title='bbox 720 2933 796 2983; x_wconf 86' lang='lat' dir='ltr'>qui</span> <span class='ocrx_word' id='word_1_377' title='bbox 839 2944 865 2972; x_wconf 88' lang='grc'>3</span> <span class='ocrx_word' id='word_1_378' title='bbox 907 2933 1079 2975; x_wconf 79' lang='lat' dir='ltr'>Parthis</span> 
     </span>
     <span class='ocr_line' id='line_1_62' title="bbox 201 2992 1076 3047; baseline 0.007 -17"><span class='ocrx_word' id='word_1_379' title='bbox 201 2992 376 3031; x_wconf 89' lang='lat' dir='ltr'>occisus</span> <span class='ocrx_word' id='word_1_380' title='bbox 397 2994 488 3041; x_wconf 84' lang='lat' dir='ltr'>est,</span> <span class='ocrx_word' id='word_1_381' title='bbox 510 2992 647 3043; x_wconf 88' lang='lat' dir='ltr'>filius,</span> <span class='ocrx_word' id='word_1_382' title='bbox 669 2994 836 3035; x_wconf 90' lang='lat' dir='ltr'>missus</span> <span class='ocrx_word' id='word_1_383' title='bbox 857 2997 939 3036; x_wconf 88' lang='lat' dir='ltr'>est.</span> <span class='ocrx_word' id='word_1_384' title='bbox 974 2996 1076 3047; x_wconf 86' lang='lat' dir='ltr'>(Cfr.</span> 
     </span>
     <span class='ocr_line' id='line_1_63' title="bbox 200 3053 1080 3110; baseline 0.003 -14"><span class='ocrx_word' id='word_1_385' title='bbox 200 3053 279 3096; x_wconf 91' lang='lat' dir='ltr'>Od.</span> <span class='ocrx_word' id='word_1_386' title='bbox 312 3054 360 3103; x_wconf 87' lang='lat'>3,</span> <span class='ocrx_word' id='word_1_387' title='bbox 403 3055 452 3103; x_wconf 90' lang='lat'>6,</span> <span class='ocrx_word' id='word_1_388' title='bbox 492 3054 576 3105; x_wconf 72' lang='lat'>⁴4.)</span> <span class='ocrx_word' id='word_1_389' title='bbox 610 3079 657 3084; x_wconf 88' lang='lat'><em>-</em></span> <span class='ocrx_word' id='word_1_390' title='bbox 689 3057 792 3108; x_wconf 71' lang='lat' dir='ltr'>eris]</span> <span class='ocrx_word' id='word_1_391' title='bbox 824 3059 1080 3110; x_wconf 72' lang='lat' dir='ltr'>«quemad-</span> 
     </span>
     <span class='ocr_line' id='line_1_64' title="bbox 199 3118 1079 3170; baseline 0.003 -11"><span class='ocrx_word' id='word_1_392' title='bbox 199 3118 389 3159; x_wconf 89' lang='lat' dir='ltr'>modum</span> <span class='ocrx_word' id='word_1_393' title='bbox 406 3128 526 3157; x_wconf 84' lang='lat' dir='ltr'>nunc</span> <span class='ocrx_word' id='word_1_394' title='bbox 547 3128 621 3166; x_wconf 88' lang='grc'>05,</span> <span class='ocrx_word' id='word_1_395' title='bbox 644 3120 708 3158; x_wconf 87' lang='grc'>510</span> <span class='ocrx_word' id='word_1_396' title='bbox 729 3121 879 3170; x_wconf 85' lang='lat' dir='ltr'>etiam,</span> <span class='ocrx_word' id='word_1_397' title='bbox 901 3124 952 3161; x_wconf 89' lang='lat' dir='ltr'>ut</span> <span class='ocrx_word' id='word_1_398' title='bbox 970 3123 1079 3162; x_wconf 87' lang='lat' dir='ltr'>mihi</span> 
     </span>
     <span class='ocr_line' id='line_1_65' title="bbox 197 3180 1078 3241; baseline -0.002 -19"><span class='ocrx_word' id='word_1_399' title='bbox 197 3180 374 3229; x_wconf 84' lang='lat' dir='ltr'>videre,</span> <span class='ocrx_word' id='word_1_400' title='bbox 407 3181 496 3220; x_wconf 91' lang='lat' dir='ltr'>eris</span> <span class='ocrx_word' id='word_1_401' title='bbox 524 3180 571 3220; x_wconf 89' lang='lat' dir='ltr'>in</span> <span class='ocrx_word' id='word_1_402' title='bbox 596 3184 865 3232; x_wconf 88' lang='lat' dir='ltr'>perpetuum</span> <span class='ocrx_word' id='word_1_403' title='bbox 894 3181 1078 3241; x_wconf 71' lang='grc' dir='ltr'>εἴρων.»</span> 
     </span>
     <span class='ocr_line' id='line_1_66' title="bbox 198 3242 1080 3287; baseline 0.002 -2"><span class='ocrx_word' id='word_1_404' title='bbox 198 3244 266 3285; x_wconf 83' lang='lat' dir='ltr'>De</span> <span class='ocrx_word' id='word_1_405' title='bbox 294 3243 518 3287; x_wconf 82' lang='lat' dir='ltr'>derisore.</span> <span class='ocrx_word' id='word_1_406' title='bbox 553 3242 836 3284; x_wconf 77' lang='lat' dir='ltr'>«simulatore</span> <span class='ocrx_word' id='word_1_407' title='bbox 866 3257 919 3286; x_wconf 90' lang='grc'>30</span> <span class='ocrx_word' id='word_1_408' title='bbox 948 3247 1080 3287; x_wconf 84' lang='lat' dir='ltr'>dissi-</span> 
     </span>
     <span class='ocr_line' id='line_1_67' title="bbox 199 3305 1076 3358; baseline 0.003 -10"><span class='ocrx_word' id='word_1_409' title='bbox 199 3305 419 3348; x_wconf 85' lang='lat' dir='ltr'>mulatore</span> <span class='ocrx_word' id='word_1_410' title='bbox 458 3305 630 3357; x_wconf 81' lang='lat' dir='ltr'>(Salust.</span> <span class='ocrx_word' id='word_1_411' title='bbox 663 3306 785 3346; x_wconf 86' lang='lat' dir='ltr'>Catil.</span> <span class='ocrx_word' id='word_1_412' title='bbox 814 3308 920 3358; x_wconf 72' lang='lat'>5.)‚»</span> <span class='ocrx_word' id='word_1_413' title='bbox 961 3310 1076 3350; x_wconf 84' lang='lat' dir='ltr'>conf.</span> 
     </span>
     <span class='ocr_line' id='line_1_68' title="bbox 199 3369 1082 3422; baseline 0.002 -13"><span class='ocrx_word' id='word_1_414' title='bbox 199 3369 313 3422; x_wconf 84' lang='lat' dir='ltr'>Epp.</span> <span class='ocrx_word' id='word_1_415' title='bbox 336 3370 354 3409; x_wconf 74' lang='grc' dir='ltr'>Ι</span> <span class='ocrx_word' id='word_1_416' title='bbox 375 3402 386 3418; x_wconf 86' lang='grc'>,</span> <span class='ocrx_word' id='word_1_417' title='bbox 420 3370 495 3418; x_wconf 78' lang='grc'>48,</span> <span class='ocrx_word' id='word_1_418' title='bbox 532 3370 597 3409; x_wconf 81' lang='grc' dir='ltr'>Η.</span> <span class='ocrx_word' id='word_1_419' title='bbox 629 3370 679 3408; x_wconf 85' lang='grc' dir='ltr'>Α.</span> <span class='ocrx_word' id='word_1_420' title='bbox 704 3370 749 3409; x_wconf 92' lang='grc' dir='ltr'>Ρ.</span> <span class='ocrx_word' id='word_1_421' title='bbox 774 3369 873 3410; x_wconf 80' lang='lat'>433:</span> <span class='ocrx_word' id='word_1_422' title='bbox 906 3372 1082 3411; x_wconf 74' lang='lat' dir='ltr'>Derisor</span> 
     </span>
     <span class='ocr_line' id='line_1_69' title="bbox 165 3433 1079 3485; baseline 0.003 -13"><span class='ocrx_word' id='word_1_423' title='bbox 165 3435 169 3437; x_wconf 85' lang='grc'><strong>’</strong></span> <span class='ocrx_word' id='word_1_424' title='bbox 199 3442 300 3472; x_wconf 73' lang='lat' dir='ltr'>voro</span> <span class='ocrx_word' id='word_1_425' title='bbox 319 3433 420 3483; x_wconf 73' lang='lat' dir='ltr'>plus</span> <span class='ocrx_word' id='word_1_426' title='bbox 445 3433 667 3473; x_wconf 66' lang='lat' dir='ltr'>laudatore</span> <span class='ocrx_word' id='word_1_427' title='bbox 696 3437 897 3472; x_wconf 65' lang='lat' dir='ltr'>viaeatur.</span> <span class='ocrx_word' id='word_1_428' title='bbox 944 3434 1079 3485; x_wconf 75' lang='lat' dir='ltr'>(eras,</span> 
     </span>
     <span class='ocr_line' id='line_1_70' title="bbox 203 3493 1080 3546; baseline 0.002 -12"><span class='ocrx_word' id='word_1_429' title='bbox 203 3493 325 3543; x_wconf 81' lang='lat' dir='ltr'>quod</span> <span class='ocrx_word' id='word_1_430' title='bbox 351 3496 608 3535; x_wconf 88' lang='lat' dir='ltr'>nonnemini</span> <span class='ocrx_word' id='word_1_431' title='bbox 649 3493 838 3546; x_wconf 85' lang='lat' dir='ltr'>placuit,</span> <span class='ocrx_word' id='word_1_432' title='bbox 881 3496 926 3535; x_wconf 90' lang='lat' dir='ltr'>in</span> <span class='ocrx_word' id='word_1_433' title='bbox 962 3495 1080 3536; x_wconf 84' lang='lat' dir='ltr'>nullo</span> 
     </span>
    </p>
   </div>
   <div class='ocr_carea' id='block_1_20' title="bbox 1143 2930 2029 3548">
    <p class='ocr_par' dir='ltr' id='par_1_21' title="bbox 1143 2930 2029 3548">
     <span class='ocr_line' id='line_1_71' title="bbox 1143 2930 2027 2982; baseline 0.001 -10"><span class='ocrx_word' id='word_1_434' title='bbox 1143 2935 1251 2973; x_wconf 82' lang='lat' dir='ltr'>tunc</span> <span class='ocrx_word' id='word_1_435' title='bbox 1279 2930 1614 2982; x_wconf 81' lang='lat' dir='ltr'>ambigebatur,</span> <span class='ocrx_word' id='word_1_436' title='bbox 1646 2935 1857 2972; x_wconf 86' lang='lat' dir='ltr'>utrumne</span> <span class='ocrx_word' id='word_1_437' title='bbox 1888 2934 1931 2973; x_wconf 90' lang='lat' dir='ltr'>in</span> <span class='ocrx_word' id='word_1_438' title='bbox 1960 2934 2027 2973; x_wconf 88' lang='lat' dir='ltr'>Si-</span> 
     </span>
     <span class='ocr_line' id='line_1_72' title="bbox 1145 2993 2027 3037; baseline 0 -1"><span class='ocrx_word' id='word_1_439' title='bbox 1145 2995 1243 3037; x_wconf 88' lang='lat' dir='ltr'>cilia</span> <span class='ocrx_word' id='word_1_440' title='bbox 1271 3006 1327 3035; x_wconf 90' lang='lat' dir='ltr'>an</span> <span class='ocrx_word' id='word_1_441' title='bbox 1357 2995 1402 3034; x_wconf 87' lang='lat' dir='ltr'>in</span> <span class='ocrx_word' id='word_1_442' title='bbox 1430 2993 1554 3034; x_wconf 87' lang='lat' dir='ltr'>ltalia</span> <span class='ocrx_word' id='word_1_443' title='bbox 1591 2996 1815 3036; x_wconf 69' lang='lat' dir='ltr'>veteranis</span> <span class='ocrx_word' id='word_1_444' title='bbox 1859 2996 2027 3036; x_wconf 89' lang='lat' dir='ltr'>tumul-</span> 
     </span>
     <span class='ocr_line' id='line_1_73' title="bbox 1143 3057 2029 3109; baseline 0 -10"><span class='ocrx_word' id='word_1_445' title='bbox 1143 3057 1371 3099; x_wconf 87' lang='lat' dir='ltr'>tuantibus</span> <span class='ocrx_word' id='word_1_446' title='bbox 1403 3058 1571 3098; x_wconf 88' lang='lat' dir='ltr'>Caesar</span> <span class='ocrx_word' id='word_1_447' title='bbox 1599 3068 1731 3109; x_wconf 86' lang='lat' dir='ltr'>agros</span> <span class='ocrx_word' id='word_1_448' title='bbox 1753 3057 1939 3098; x_wconf 87' lang='lat' dir='ltr'>daturus</span> <span class='ocrx_word' id='word_1_449' title='bbox 1959 3069 2029 3099; x_wconf 86' lang='lat' dir='ltr'>es·</span> 
     </span>
     <span class='ocr_line' id='line_1_74' title="bbox 1143 3119 2027 3172; baseline -0.002 -9"><span class='ocrx_word' id='word_1_450' title='bbox 1143 3124 1226 3163; x_wconf 88' lang='lat' dir='ltr'>set.</span> <span class='ocrx_word' id='word_1_451' title='bbox 1270 3142 1316 3149; x_wconf 92' lang='lat'>—</span> <span class='ocrx_word' id='word_1_452' title='bbox 1365 3120 1610 3172; x_wconf 71' lang='lat' dir='ltr'>Triquetra]</span> <span class='ocrx_word' id='word_1_453' title='bbox 1657 3119 1865 3160; x_wconf 73' lang='lat' dir='ltr'>«tellure»</span> <span class='ocrx_word' id='word_1_454' title='bbox 1883 3153 1892 3167; x_wconf 88' lang='lat'>,</span> <span class='ocrx_word' id='word_1_455' title='bbox 1937 3132 2027 3161; x_wconf 90' lang='lat' dir='ltr'>non</span> 
     </span>
     <span class='ocr_line' id='line_1_75' title="bbox 1147 3183 2028 3237; baseline 0.001 -16"><span class='ocrx_word' id='word_1_456' title='bbox 1147 3184 1398 3237; x_wconf 65' lang='lat' dir='ltr'>«praedia»</span> <span class='ocrx_word' id='word_1_457' title='bbox 1449 3184 1672 3233; x_wconf 78' lang='lat' dir='ltr'>Triquetra</span> <span class='ocrx_word' id='word_1_458' title='bbox 1697 3194 1779 3234; x_wconf 91' lang='lat' dir='ltr'>pro</span> <span class='ocrx_word' id='word_1_459' title='bbox 1808 3183 2028 3234; x_wconf 66' lang='lat' dir='ltr'>trianyala</span> 
     </span>
     <span class='ocr_line' id='line_1_76' title="bbox 1145 3236 2022 3295; baseline -0.006 -7"><span class='ocrx_word' id='word_1_460' title='bbox 1145 3248 1263 3288; x_wconf 80' lang='lat' dir='ltr'>dicta</span> <span class='ocrx_word' id='word_1_461' title='bbox 1283 3250 1352 3288; x_wconf 91' lang='lat' dir='ltr'>est</span> <span class='ocrx_word' id='word_1_462' title='bbox 1379 3236 1521 3286; x_wconf 75' lang='lat' dir='ltr'>Sicilia</span> <span class='ocrx_word' id='word_1_463' title='bbox 1543 3257 1567 3286; x_wconf 88' lang='lat' dir='ltr'>a</span> <span class='ocrx_word' id='word_1_464' title='bbox 1589 3245 1731 3286; x_wconf 86' lang='lat' dir='ltr'>forma</span> <span class='ocrx_word' id='word_1_465' title='bbox 1754 3244 2022 3295; x_wconf 82' lang='lat' dir='ltr'>triangulari,</span> 
     </span>
     <span class='ocr_line' id='line_1_77' title="bbox 1144 3308 2025 3362; baseline -0.006 -12"><span class='ocrx_word' id='word_1_466' title='bbox 1144 3310 1288 3350; x_wconf 87' lang='lat' dir='ltr'>tribus</span> <span class='ocrx_word' id='word_1_467' title='bbox 1316 3310 1656 3362; x_wconf 88' lang='lat' dir='ltr'>promontoriis,</span> <span class='ocrx_word' id='word_1_468' title='bbox 1690 3308 1920 3357; x_wconf 70' lang='lat' dir='ltr'>Pachyno,</span> <span class='ocrx_word' id='word_1_469' title='bbox 1954 3308 2025 3346; x_wconf 91' lang='lat' dir='ltr'>Li-</span> 
     </span>
     <span class='ocr_line' id='line_1_78' title="bbox 1144 3368 2020 3424; baseline -0.007 -10"><span class='ocrx_word' id='word_1_470' title='bbox 1144 3372 1330 3424; x_wconf 82' lang='lat' dir='ltr'>lybaeo,</span> <span class='ocrx_word' id='word_1_471' title='bbox 1364 3372 1520 3413; x_wconf 90' lang='lat' dir='ltr'>Peloro</span> <span class='ocrx_word' id='word_1_472' title='bbox 1540 3372 1675 3411; x_wconf 85' lang='lat' dir='ltr'>finita.</span> <span class='ocrx_word' id='word_1_473' title='bbox 1738 3370 1825 3410; x_wconf 83' lang='lat' dir='ltr'>Cfr.</span> <span class='ocrx_word' id='word_1_474' title='bbox 1845 3368 2020 3416; x_wconf 80' lang='lat' dir='ltr'>Quintil.</span> 
     </span>
     <span class='ocr_line' id='line_1_79' title="bbox 1148 3430 2024 3483; baseline -0.009 -7"><span class='ocrx_word' id='word_1_475' title='bbox 1148 3437 1194 3483; x_wconf 76' lang='grc'>4,</span> <span class='ocrx_word' id='word_1_476' title='bbox 1234 3436 1283 3483; x_wconf 87' lang='grc'>6,</span> <span class='ocrx_word' id='word_1_477' title='bbox 1324 3435 1391 3475; x_wconf 89' lang='grc'>30.</span> <span class='ocrx_word' id='word_1_478' title='bbox 1446 3434 1676 3474; x_wconf 70' lang='grc' dir='ltr'>Τνίευλεαηι</span> <span class='ocrx_word' id='word_1_479' title='bbox 1715 3430 1905 3471; x_wconf 85' lang='lat' dir='ltr'>eandem</span> <span class='ocrx_word' id='word_1_480' title='bbox 1942 3442 2024 3483; x_wconf 85' lang='lat' dir='ltr'>ap-</span> 
     </span>
     <span class='ocr_line' id='line_1_80' title="bbox 1145 3491 1883 3548; baseline -0.008 -11"><span class='ocrx_word' id='word_1_481' title='bbox 1145 3496 1280 3548; x_wconf 86' lang='lat' dir='ltr'>pellat</span> <span class='ocrx_word' id='word_1_482' title='bbox 1310 3496 1537 3537; x_wconf 86' lang='lat' dir='ltr'>Claudian.</span> <span class='ocrx_word' id='word_1_483' title='bbox 1563 3497 1610 3535; x_wconf 89' lang='lat' dir='ltr'>R.</span> <span class='ocrx_word' id='word_1_484' title='bbox 1635 3496 1680 3534; x_wconf 93' lang='lat' dir='ltr'>P.</span> <span class='ocrx_word' id='word_1_485' title='bbox 1709 3495 1723 3532; x_wconf 81' lang='grc'>1</span> <span class='ocrx_word' id='word_1_486' title='bbox 1747 3526 1755 3543; x_wconf 84' lang='grc'>,</span> <span class='ocrx_word' id='word_1_487' title='bbox 1791 3491 1883 3533; x_wconf 70' lang='lat'>⁴45.</span> 
     </span>
    </p>
   </div>
  </div>
 </body>
</html>
