2231 3787
909 251 1007 290 ARS
1038 249 1278 290 POETICA.

256 384 366 436 Nec
411 398 626 452 semper
666 380 817 434 feriet
857 379 1222 450 quodcunque
1261 377 1549 431 minabitur
1587 395 1761 431 arcus.

1911 244 2011 295 765

1910 376 2012 429 350

257 486 453 537 Verum
496 483 588 536 ubi
628 482 781 553 plura
823 483 989 536 nitent
1029 482 1080 534 in
1119 480 1379 542 carmine,
1423 497 1529 533 non
1569 497 1669 550 ego
1709 480 1895 550 paucis

258 584 519 638 Offendar
558 583 805 645 maculiS,
848 600 984 654 quas
1024 591 1114 636 aut
1152 582 1358 636 incuria
1396 582 1529 635 fudit

257 688 360 738 Aut
398 685 633 738 humana
671 702 863 756 parum
901 685 1040 738 cavit
1077 693 1282 738 natura.

1360 683 1502 749 Quid
1541 701 1669 755 ergo
1710 692 1792 738 cst
1807 684 1832 735 ⁶?

259 785 325 841 Ut
363 786 593 857 scriptor
632 786 675 839 si
714 794 906 856 peccat
943 786 1085 839 idem
1124 785 1374 839 librarius
1420 803 1621 857 usque,

260 888 517 952 Quamvis
558 896 640 941 est
677 887 935 948 monitus,
978 887 1134 940 venia
1173 896 1351 952 caret3
1390 897 1448 940 ut
1486 887 1830 942 citharoedus

1914 890 2015 941 355

263 989 506 1052 Ridetur‚
549 988 753 1043 chorda
791 989 882 1060 qui
922 1005 1140 1060 semper
1178 988 1396 1043 oberrat
1433 989 1652 1044 eadem:

244 1132 379 1173 edere
424 1131 602 1172 volebat
648 1132 885 1183 Cruquius.
923 1154 966 1160 —
1000 1132 1094 1172 350.
1129 1143 1372 1182 quocunque
1401 1143 1467 1184 pr.
1502 1133 1530 1172 d
1562 1135 1606 1173 et
1636 1133 1703 1173 alii
1736 1135 1875 1175 Codd.
1915 1159 1956 1164 —

242 1194 336 1234 353.
370 1198 506 1245 erqost
533 1195 589 1242 B,
623 1205 721 1244 erqo
754 1194 934 1243 (omisso
965 1193 1104 1233 verbo
1135 1194 1428 1244 substantivo)
1461 1196 1562 1235 LCt.
1600 1219 1644 1225 —
1678 1196 1770 1237 354.
1803 1198 1857 1237 Et
1886 1209 1962 1238 su-

240 1267 410 1308 perscr.
444 1268 473 1296 u
510 1256 555 1296 b.
593 1280 637 1285 —
671 1256 764 1296 355.
800 1261 838 1296 et
876 1256 975 1296 BbT
1015 1258 1058 1296 et
1095 1267 1209 1296 corr.
1245 1254 1378 1307 c.(ut
1407 1258 1433 1297 S
1465 1260 1509 1297 et
1539 1269 1604 1310 pr.
1640 1270 1685 1307 c,
1720 1273 1776 1299 ιω
1801 1262 1845 1300 et
1865 1271 1957 1300 var.

241 1317 341 1359 lect.
376 1319 436 1368 σ.)
475 1342 518 1346 -
554 1318 648 1358 356.
683 1319 843 1360 oberret
872 1318 936 1358 bT
969 1319 1070 1370 (non
1100 1320 1251 1371 BScd).

190 1436 233 1475 vi
263 1434 465 1477 evolsum
497 1447 596 1477 esse
629 1437 684 1477 ab
716 1438 791 1486 iis,
826 1439 900 1488 qui
922 1437 1074 1477 melio-

187 1509 287 1538 rem
318 1499 433 1538 Artis
463 1500 665 1550 poeticae
697 1500 901 1540 ordinem
937 1511 1071 1551 quam

191 1560 266 1611 qui
295 1559 461 1611 placuit
491 1563 670 1601 Horatio
698 1563 779 1613 ipsi
801 1563 1072 1603 constituere

189 1623 335 1662 conati
353 1625 455 1663 sunt
469 1625 489 1662 ⁶?
521 1624 590 1663 Sic
610 1625 872 1666 Bouhierius
889 1637 960 1664 vv.
975 1624 1074 1665 347-

188 1686 284 1726 360.
317 1685 550 1726 collocavit
576 1690 678 1739 post
708 1699 748 1727 v.
774 1687 886 1737 378.‚
920 1687 1074 1728 Molle—

188 1750 295 1788 vaut
323 1751 423 1800 post
452 1761 493 1789 v.
518 1749 612 1790 274.
659 1749 746 1790 Sed
786 1752 967 1802 praeter
997 1762 1074 1790 su-

186 1811 339 1862 perius
369 1811 455 1850 hoc
485 1823 626 1852 unum
658 1811 914 1864 exemplum
948 1813 1073 1853 istius

187 1873 382 1913 insaniae
414 1874 615 1923 criticae,
650 1886 765 1926 quae
788 1887 812 1915 a
839 1877 867 1915 F
872 1876 1072 1915 rancisco

189 1936 365 1976 Sanctio
388 1937 606 1987 originem
622 1938 767 1985 traxit,
787 1936 922 1975 animi
939 1946 1072 1976 causa

188 2009 467 2038 memorasse
500 1998 702 2038 sufficiat.
753 1996 952 2039 Cerritus'
981 1998 1075 2049 qui-

190 2060 295 2100 dem
340 2059 409 2100 ille
455 2060 710 2100 Praedikow
749 2060 804 2100 ab
835 2061 919 2101 hac
952 2062 1072 2100 certe

190 2121 368 2162 stultitia
392 2122 475 2163 sibi
493 2122 639 2173 cavit.)
662 2124 767 2162 Tota
790 2125 941 2163 autem
961 2123 1073 2162 haec

191 2185 391 2226 doctrina
409 2185 464 2225 de
483 2185 687 2225 modeste
704 2186 952 2226 iudicandis
970 2186 1076 2226 scri-

188 2248 391 2300 ptoribus
422 2249 645 2299 primariis
677 2249 852 2299 egregie
876 2249 1073 2300 exposita

192 2313 260 2351 est
282 2321 307 2349 a
330 2311 542 2361 Dionysio
563 2311 758 2362 Longino
781 2311 846 2350 33.
871 2322 914 2363 p.
939 2310 1006 2351 48.
1032 2313 1076 2350 et

191 2372 259 2412 36.
291 2384 335 2424 p.
359 2374 426 2413 5⁵2.
459 2374 624 2424 Egger:
659 2372 852 2414 ἐκείνων
874 2370 968 2413 τῶν
989 2368 1075 2412 ἀν-

193 2433 317 2492 δρῶν
349 2432 444 2474 τῶν
473 2433 524 2474 ἐν
554 2430 717 2488 λόγοις
750 2434 1075 2489 μεγαλοφυῶν

193 2490 402 2548 ἕκαστος
425 2492 617 2537 ἅπαντα
636 2495 694 2537 τὰ
716 2495 984 2551 σφάλματα
1005 2497 1076 2539 ἑνὶ

193 2558 435 2612 ἑξωνεῑται
467 2557 696 2611 πολλάκις
734 2558 1077 2619 κατορθώματι

193 2622 293 2663 κτλ.
320 2645 365 2652 -
389 2635 520 2673 neque
548 2624 704 2663 chorda
733 2623 835 2675 cet.]
869 2625 1078 2675 Proponit

195 2684 359 2738 duplex
392 2685 649 2737 exemplum
673 2686 835 2725 erroris
858 2697 947 2725 non
968 2697 1078 2726 con—

194 2748 309 2790 sulto
329 2750 405 2788 aut
424 2748 572 2788 iudicii
591 2749 808 2799 pravitate
831 2749 1075 2797 commissi,

195 2810 277 2851 sed
306 2811 453 2862 potius
480 2811 785 2851 instrumentis
806 2811 952 2851 minus
973 2821 1079 2862 per-

195 2873 322 2914 fectis
358 2875 433 2912 aut
470 2872 539 2912 alii
570 2874 691 2913 casui
723 2872 969 2913 tribuendi:
1018 2873 1079 2913 si-

197 2933 326 2975 miles
365 2936 515 2975 autem
555 2935 692 2975 etiam
731 2936 775 2974 in
806 2933 1079 2975 carminibus

196 2996 444 3049 pangendis
476 2997 681 3036 accidere
712 3007 842 3037 casus
864 2996 1079 3037 adversos

197 3058 469 3110 significans,
505 3058 666 3109 quibus
691 3069 795 3098 mox
816 3062 1082 3099 annumerat

199 3122 335 3161 etiam
364 3120 581 3160 incuriam
619 3118 812 3171 aliquam
844 3121 1080 3161 excusabi-

197 3183 288 3224 lem
317 3181 388 3222 vel
418 3182 640 3222 humanae
670 3185 855 3221 naturae
877 3183 1080 3233 quamvis

198 3244 522 3298 perfectissima
537 3253 741 3295 quaeque
759 3244 1004 3284 affectantis
1019 3245 1083 3284 in-

200 3307 472 3347 firmitatem.
508 3329 552 3334 —-
585 3305 830 3357 minabitur]
865 3306 1082 3347 «minabi-

202 3371 275 3409 tur
303 3368 455 3417 ferire,
489 3379 578 3419 quo
609 3379 713 3407 eum
739 3369 950 3419 sagittarii
980 3380 1082 3408 ocu-

203 3429 271 3471 lus
301 3441 551 3482 manusque
582 3430 768 3481 dirigit.»
794 3454 838 3458 —
869 3431 1080 3483 offendar]

1138 1436 1377 1489 discipulos
1415 1438 1565 1478 docuit
1602 1450 1799 1491 nuperus
1836 1441 2018 1491 quidam

1139 1500 1306 1548 editor,
1341 1500 1422 1540 sed
1444 1499 1629 1552 simplex
1652 1501 1862 1542 futurum.
1887 1526 1931 1532 —
1953 1505 2020 1555 fu-

1137 1562 1208 1614 dit]
1243 1563 1478 1602 Continuat
1514 1564 1823 1614 metaphoram
1861 1577 2019 1606 macu-

1137 1623 1227 1673 lae,
1275 1635 1390 1674 quae
1428 1624 1604 1665 fortuita
1641 1625 1794 1677 liquidi
1835 1627 2019 1669 alicuius

1138 1687 1395 1738 aspersione
1414 1688 1566 1727 oritur.
1585 1688 1720 1729 Simul
1738 1690 1902 1742 optime
1917 1702 2021 1731 con-

1135 1749 1257 1789 venit
1286 1749 1490 1789 incuriae.

1192 1874 1393 1912 353-356.
1429 1874 1537 1922 Quid
1556 1886 1654 1926 eryo
1675 1877 1776 1928 esw]
1807 1878 2016 1929 «Verum,

1135 1934 1184 1972 ut
1212 1933 1397 1983 video,»
1428 1935 1593 1986 inquit,
1639 1938 1903 1979 «iustissima
1936 1941 2019 1981 hac

1138 1996 1424 2036 excusatione
1474 1997 1596 2037 abuti
1652 2003 1841 2050 possunt
1888 2003 2020 2043 etiam

1137 2057 1241 2098 mali
1256 2061 1632 2110 poetae,quorum
1646 2062 1889 2104 defensioni
1907 2066 2021 2106 iam·
2038 2086 2041 2087 ⁷

1138 2121 1227 2160 iam
1261 2131 1541 2162 occurram.»
1581 2125 1727 2174 Patet,
1764 2127 1813 2166 ut
1846 2128 2017 2179 opinor,

1137 2195 1208 2222 vv.
1233 2182 1312 2223 347
1331 2205 1353 2211 -
1369 2184 1471 2224 353:
1516 2185 1622 2224 Sunt
1641 2208 1663 2214 —
1679 2209 1702 2215 -
1722 2189 1836 2227 cavit
1862 2194 2020 2230 natura

1138 2257 1424 2297 nequaquam
1446 2257 1548 2287 cum
1568 2248 1885 2300 interpretibus
1907 2264 2022 2292 non-

1139 2307 1267 2348 nullis
1309 2308 1571 2350 tribuendos
1603 2322 1703 2351 esse
1735 2312 1838 2353 ficto
1868 2315 2019 2355 nescio

1141 2371 1211 2410 cui
1241 2370 1521 2421 adversario,
1555 2373 1635 2412 sed
1657 2374 1833 2415 intimos
1858 2377 2021 2417 Horatii

1140 2443 1299 2474 sensus
1345 2434 1610 2484 exprimere.
1676 2438 1769 2475 «At
1811 2438 1846 2477 si
1889 2438 2021 2478 futilis

1141 2495 1332 2546 scriptor
1350 2495 1510 2536 eadem
1526 2498 1786 2548 purgatione
1802 2511 1910 2541 usus
1922 2502 2019 2550 erit,

1141 2557 1254 2597 illico
1287 2568 1392 2597 eum
1423 2559 1717 2600 refutabimus
1739 2563 1871 2613 atque
1893 2564 2020 2603 venia

1140 2631 1326 2671 prorsus
1364 2621 1593 2672 indignum
1623 2622 1936 2664 habebimus.»
1973 2649 2018 2654 -

1140 2683 1320 2732 scriptor
1340 2705 1400 2712 —-
1421 2684 1641 2734 librarius]
1688 2695 1901 2735 «servus,
1948 2690 2022 2739 qui

1140 2744 1278 2785 libros
1308 2746 1521 2786 describit
1540 2746 1610 2786 vel
1632 2747 1811 2788 domino
1832 2748 2023 2790 litterato

1141 2805 1211 2847 vel
1247 2806 1572 2859 bibliopolae;»
1611 2809 1667 2849 de
1709 2821 1898 2861 quorum
1943 2824 2025 2853 ne—

1142 2868 1346 2920 gligentia
1376 2881 1511 2922 saepe
1541 2872 1784 2923 scriptores
1824 2884 2025 2926 conque-

1142 2933 1314 2971 runtur,
1349 2933 1436 2972 Cic.
1460 2933 1516 2972 ad
1543 2934 1592 2981 Q.
1617 2934 1799 2975 fratrem
1820 2935 1865 2986 3,
1901 2938 1948 2985 5,
1973 2938 2020 2977 6:

1142 2995 1204 3034 De
1232 2995 1393 3033 Latinis
1424 2994 1592 3046 (libris),
1640 3008 1722 3046 quo
1750 3010 1816 3038 me
1843 3004 2021 3048 vertam,

1141 3057 1307 3096 nescio:
1346 3057 1410 3096 ita
1436 3059 1627 3099 mendose
1655 3064 1693 3099 et
1720 3060 1959 3101 scribuntur
1988 3067 2025 3101 et

1140 3123 1330 3159 veneunt.
1376 3119 1560 3160 Martial.
1583 3122 1624 3170 2,
1648 3122 1687 3171 8,
1712 3122 1760 3161 3:
1791 3123 1943 3162 Noouit
1971 3124 2024 3162 li—

1144 3182 1312 3221 brarius
1330 3182 1411 3221 illis
1440 3181 1643 3235 (chartis).
1664 3206 1711 3212 —
1731 3189 1876 3234 peccat
1900 3185 2021 3237 idem]

1143 3255 1225 3296 pro
1263 3243 1455 3295 volgari:
1504 3246 1579 3285 «in
1615 3246 1775 3286 eodem
1807 3249 2020 3298 peccat,»

1146 3307 1299 3347 «idem
1334 3309 1571 3358 peccatum
1607 3319 1789 3359 semper
1817 3309 2024 3349 commit-

1144 3370 1236 3409 tit.»
1283 3370 1353 3409 Sic
1384 3370 1516 3409 etiam
1549 3370 1638 3409 Cic.
1664 3369 1719 3409 de
1741 3371 1790 3409 N.
1814 3371 1865 3410 D.
1891 3373 1930 3420 ⁴,
1954 3372 2021 3421 42,

1146 3432 1191 3472 3⁴
1219 3443 1227 3470 :
1258 3432 1481 3481 Xenophon
1500 3453 1523 3459 -
1538 3453 1561 3459 -
1582 3432 1724 3471 eadem
1750 3432 1837 3483 fere
1859 3438 2020 3483 peccat.

204 3493 301 3532 Non
332 3494 400 3533 est
431 3491 616 3533 «modus
652 3491 1005 3543 coniecturalis,»
1036 3494 1085 3533 ut
1151 3516 1194 3523 —
1228 3493 1409 3545 oberrat]
1452 3494 1558 3544 «qui
1593 3494 1635 3533 in
1667 3493 1827 3535 eadem
1857 3495 2022 3537 chorda
