2231 3787
223 226 289 276 90
866 224 1080 264 lIORATII
1110 222 1409 262 SATIRARUM

297 357 392 410 IIic
433 355 602 410 oculis
644 372 744 427 ego
784 355 935 426 nigra
973 353 1110 407 meis
1151 351 1374 424 collyria
1413 350 1588 421 lippus
1972 347 2038 398 30

296 458 521 511 lllinere.

601 459 811 509 Interea
849 457 1133 509 Maecenas
1174 453 1389 507 advenit
1427 460 1588 523 atque

298 560 558 614 Cocceius
600 559 898 630 Capitoque
938 555 1094 611 simul
1136 555 1419 616 FonteiuS,
1463 552 1531 606 ad
1570 567 1807 622 unguem

295 665 486 716 Factus
525 661 712 719 homo,
753 659 965 723 Antoni,
1007 675 1113 711 non
1151 666 1209 710 ut
1246 657 1418 727 magis
1457 654 1615 715 alter,
1657 652 1878 706 amicus.

294 763 510 817 Fundos
549 761 759 816 Aufidio
797 763 971 815 Lusco
1010 768 1260 831 praetore
1298 756 1526 811 libenter

336 914 400 953 30.
434 914 509 952 Hic
538 924 611 963 eqo
642 912 765 963 niqra
795 911 895 950 meis
923 911 1051 951 oeulis
1081 912 1121 950 S.

225 1034 284 1072 Μ.
303 1031 498 1071 NERVA.
540 1031 586 1069 In
610 1031 735 1082 parte
763 1038 919 1068 aversa
936 1028 981 1068 L.
1004 1026 1103 1067 ΑΝ-

230 1094 431 1134 TONIVS.
466 1093 575 1133 COS.

281 1187 418 1227 30-33.
449 1188 574 1239 niqra
592 1186 782 1238 collyria]
805 1184 935 1227 Multa
959 1184 1103 1224 omnis

227 1252 401 1302 generis
433 1249 613 1300 collyria
644 1250 863 1289 memorat
886 1246 1039 1287 Celsus
1061 1246 1101 1293 6,

227 1315 265 1354 6.
297 1315 366 1353 Ea·
384 1312 723 1364 frequentissimis
737 1311 940 1360 collyriis,
963 1309 1106 1359 inquit

228 1376 266 1427 g.
293 1378 350 1421 7..
383 1380 438 1415 est
470 1377 532 1423 icl,
575 1376 683 1425 quod
711 1374 883 1423 quidam
914 1368 1101 1420 κύθιον,

227 1439 398 1486 quidam
421 1450 448 1477 a
468 1439 629 1477 cinereo
658 1437 793 1476 colore
813 1435 1009 1492 τέφριον
1032 1444 1108 1482 ap—

221 1501 393 1551 pellant.
433 1522 472 1529 —
504 1500 730 1549 Capitoque
749 1521 771 1526 —
792 1496 998 1548 Fonteius]
1030 1496 1107 1535 Est

229 1564 275 1603 C.
321 1562 524 1602 Fonteius
570 1562 746 1613 Capito,
795 1560 920 1599 cuius
966 1559 1108 1598 exstat

228 1635 438 1665 nummus
470 1635 573 1664 cum
602 1623 686 1662 hac
717 1622 1026 1672 inscriptione:
1061 1620 1103 1660 C.

227 1687 504 1727 FONTEII'S.
526 1686 720 1726 CAPITO.
737 1686 850 1725 PRO.
871 1685 947 1724 PR.
974 1695 1024 1720 =
1044 1684 1104 1723 M.

228 1751 349 1791 ANT.
374 1752 480 1790 [MP.
508 1750 617 1790 COS.
652 1750 832 1789 DESIG.
864 1749 1000 1788 ITER.
1023 1747 1105 1786 ET.

232 1815 375 1854 TERT.
401 1814 471 1852 III.
500 1814 597 1852 ΠΗ.
617 1814 661 1853 R.
682 1814 724 1852 P.
745 1813 786 1852 C.
811 1810 973 1851 Eckhel
990 1811 1104 1850 D.N.

229 1878 268 1916 5.
294 1888 336 1928 p.
360 1876 454 1915 219.
489 1876 633 1915 Riccio
655 1876 713 1914 Μ.
747 1873 990 1926 F.R.p.94.
1016 1873 1110 1912 Fuit

229 1939 404 1979 Antonii
420 1939 461 1977 in
477 1939 577 1978 Asia
594 1937 762 1987 legatus
781 1938 824 1976 et
840 1934 994 1976 consul
1024 1935 1111 1975 suf-

231 2004 371 2043 fectus
393 2013 432 2041 a.
450 2013 494 2041 u.
516 2013 553 2041 c.
572 2002 666 2040 722¹.
691 2024 734 2028 —
755 2001 810 2039 acl
828 2010 1010 2051 unquem
1029 1999 1110 2039 Fa·

231 2065 332 2116 etus]
367 2064 572 2115 «elegans
595 2075 645 2103 ac
676 2062 880 2114 politus.»
929 2061 1111 2102 «Trans-

230 2127 332 2167 latio
364 2138 388 2165 a
419 2126 740 2173 marmorariis,
779 2125 854 2176 qui
883 2125 1109 2165 iuncturas

232 2200 509 2229 marmorum
539 2191 632 2227 tum
669 2187 852 2227 demum
887 2186 1109 2238 perfectas

233 2252 419 2299 ducunt,
455 2252 491 2290 si
520 2250 678 2300 unguis
704 2248 1000 2301 superductus
1022 2260 1111 2288 non

233 2313 495 2352 offendatur.
565 2311 686 2353 Unde
726 2312 839 2360 iam,
887 2322 1112 2362 quaecun-

233 2386 319 2426 que
350 2374 673 2426 perfectissima
705 2384 804 2413 esse
831 2372 1036 2413 volumus
1058 2373 1113 2412 si-

233 2437 462 2488 gnificare,
510 2436 566 2475 ad
609 2446 805 2486 unguem
849 2435 962 2475 facta
1001 2434 1112 2474 dici—

233 2510 376 2539 mus.»
426 2501 580 2538 Ponpn.
633 2497 719 2538 Cfr.
743 2500 792 2537 A.
817 2499 861 2537 P.
885 2497 981 2537 ⁶294.
1025 2498 1113 2537 Co-

233 2561 339 2600 lum.
366 2562 431 2609 ll,
473 2562 511 2608 ³2,
553 2561 623 2599 43:
657 2561 874 2599 materiem
894 2560 1113 2599 roboream

235 2625 378 2662 dolare
404 2624 459 2661 ad
485 2634 678 2674 unquem.
740 2621 866 2673 Apul.
900 2621 1011 2661 Flor.
1035 2622 1108 2661 b23:

233 2687 342 2735 lapis
370 2687 424 2724 acl
448 2695 628 2736 wiquem
648 2688 916 2733 coaequatus
954 2705 996 2711 —
1032 2696 1113 2723 non

243 2752 290 2786 ut
317 2748 453 2799 magis
473 2747 593 2799 alter]
629 2749 697 2786 «ut
721 2758 807 2787 non
839 2746 948 2786 alter
977 2747 1116 2798 magis

235 2810 406 2849 amicus
427 2810 522 2849 sit.»
571 2810 701 2849 Corn.
734 2811 843 2860 Nep.
873 2809 1025 2860 Epam.
1056 2811 1109 2849 2:

236 2873 421 2912 eruditus
450 2876 590 2911 (tutem
619 2872 676 2910 sic
700 2875 745 2909 ut
764 2882 882 2910 nemo
907 2870 1115 2911 Thebanus

234 2935 386 2985 massis.
448 2935 536 2973 Cic.
576 2933 631 2972 de
679 2934 796 2972 Finn.
841 2934 857 2972 ’1
882 2965 889 2979 ,
937 2932 985 2978 4.
1036 2934 1078 2973 ll
1102 2945 1110 2972 t

236 2998 393 3047 scripta
434 2996 566 3035 multa
610 2999 703 3034 sunl
748 2994 924 3046 (nobis),
971 2995 1028 3034 sie
1069 3000 1115 3035 ut

231 3060 360 3110 plura
392 3059 544 3099 nemini
575 3070 595 3097 e
620 3058 784 3097 nostris.

292 3151 437 3193 34-36.
471 3152 648 3204 Fundos]
682 3151 812 3191 hodie
845 3151 996 3198 Fotidi,
1032 3152 1115 3189 La-

239 3217 283 3255 tii
328 3215 567 3267 oppidum,
621 3217 773 3254 notum
824 3215 1005 3265 propter
1049 3213 1115 3251 vi-

239 3290 345 3318 num
385 3288 676 3328 generosum,
724 3276 913 3315 distabat
945 3288 967 3313 a
1008 3277 1115 3314 Tar-

239 3341 384 3379 racina
408 3341 462 3380 M.
486 3342 527 3379 P.
546 3341 653 3380 XIII.
676 3341 718 3379 et
740 3338 892 3378 dimid.
916 3336 1112 3386 (Walck.)

245 3426 285 3430 —
320 3403 480 3454 Aufidio
509 3403 639 3442 Lusco
671 3402 885 3452 praetore]
921 3399 1115 3440 Aufidios

243 3465 400 3506 Fundis
451 3465 658 3505 oriundos
714 3463 847 3504 fuisse
899 3464 1115 3503 monstrat

1168 1027 1346 1066 Sueten.
1395 1022 1527 1074 Calig.
1561 1023 1628 1063 ⁶23.
1704 1022 1914 1063 Ceterum
1963 1022 2047 1062 hoc

1168 1087 1402 1140 oppidum,
1437 1089 1548 1127 teste
1579 1087 1728 1135 Festo,
1768 1084 2048 1138 praefectura

1169 1152 1285 1199 erat,
1342 1161 1428 1189 non
1478 1149 1792 1200 municipium3
1850 1148 2049 1188 Aufidius

1168 1214 1297 1264 igitur
1336 1213 1471 1252 homo
1501 1210 1684 1251 ridicule
1715 1222 1880 1261 vanus,
1925 1212 2050 1263 prius

1169 1275 1340 1324 scriba,
1373 1277 1479 1314 tunc
1508 1273 1760 1325 praefectus
1787 1284 1812 1312 a
1840 1275 2048 1325 praetore

1168 1338 1340 1378 urbano
1381 1336 1553 1388 legibus
1593 1336 1757 1376 missus
1796 1336 1965 1386 (Festus
2004 1347 2047 1388 p.

1170 1400 1263 1440 233.
1297 1398 1430 1449 Miill.)
1473 1409 1638 1438 nomen
1676 1398 1896 1449 praetoris
1933 1397 2051 1438 ultro

1171 1461 1253 1502 sibi
1285 1462 1590 1512 arrogaverat,
1629 1461 1678 1499 ut
1707 1459 1862 1500 festive
1895 1460 2050 1500 Cicero

1172 1525 1226 1565 de
1258 1523 1354 1575 lege
1386 1534 1476 1574 agr.
1500 1523 1552 1572 2,
1585 1521 1659 1571 34,
1692 1522 1766 1561 92:
1799 1533 1894 1562 eum
1920 1523 2052 1563 venis-

1170 1599 1255 1627 sem
1285 1587 1496 1637 Capuam,
1529 1586 1735 1625 coloniam
1765 1586 1982 1625 deductam
2003 1587 2048 1625 L.

1172 1650 1363 1691 Considio
1394 1653 1432 1689 et
1459 1650 1558 1689 Sex.
1587 1648 1746 1697 Saltio,
1781 1648 2053 1698 quemadmm-

1173 1714 1272 1752 (lum
1303 1713 1383 1762 ipsi
1412 1710 1712 1762 loquebantur,
1752 1710 2021 1760 praetoribus
2037 1723 2051 1759 ,-

1171 1797 1216 1804 --
1231 1786 1326 1814 eum
1346 1774 1490 1814 ceteris
1511 1773 1553 1812 in
1566 1772 1738 1812 coloniis
1753 1773 1965 1812 duumviri
1980 1784 2056 1824 ap-

1166 1838 1388 1888 pellentur,
1411 1837 1452 1875 hi
1471 1846 1512 1875 se
1525 1839 1744 1886 praetores
1759 1836 1966 1886 appellari
1983 1848 2054 1876 vo-

1173 1901 1322 1941 lebant.
1382 1900 1588 1940 Attamen
1618 1900 1850 1950 praetores
1877 1911 1926 1940 re
1946 1910 2054 1940 vera

1174 1964 1218 2003 in
1248 1960 1466 2002 nonnullis
1497 1961 1748 2012 municipiis
1770 1963 1933 2002 summi
1964 1974 2057 2002 ma-

1175 2027 1381 2078 gistratus
1410 2023 1705 2072 vocabantur,
1737 2024 1860 2065 velut
1886 2024 2052 2075 Aletrii,

1176 2090 1407 2140 Capenae,
1440 2085 1644 2127 Puteolis.
1681 2087 1830 2138 (lnscr.
1864 2098 1924 2127 m.
1958 2089 2050 2128 Lat.

1174 2153 1223 2191 N.
1249 2151 1387 2203 3785.)
1419 2150 1508 2189 Liv.
1533 2149 1607 2197 23,
1642 2149 1717 2189 1¹9:
1753 2150 2053 2200 (Praenestini)

1174 2214 1298 2253 ceteri
1317 2213 1540 2252 incolumes
1557 2213 1778 2251 Praeneste
1796 2223 1892 2251 eum
1911 2223 2058 2261 prae-

1175 2280 1282 2316 tore
1311 2287 1384 2314 suo
1413 2276 1471 2314 M.
1494 2274 1638 2313 Anicio
1660 2273 1851 2325 (scriba
1875 2275 1911 2314 is
1931 2279 2057 2315 antea

1172 2337 1328 2390 fuerat)
1358 2337 1585 2376 redierunt.
1646 2335 1758 2376 Alibi
1790 2336 2053 2387 dictatores,

1175 2401 1392 2452 magistri,
1433 2399 1664 2440 meddices
1702 2400 1839 2439 tutici.
1900 2401 2056 2451 Itaque

1175 2464 1244 2505 ille
1276 2465 1518 2514 antequam
1548 2463 1852 2503 Maecenatem
1871 2463 2056 2514 eiusque

1178 2526 1362 2566 comites
1384 2525 1666 2573 conveniret,
1700 2524 1895 2564 edictum
1923 2536 2057 2576 prae—

1177 2589 1360 2629 miserat
1391 2598 1493 2627 cum
1531 2588 1880 2639 praescriptione
1910 2588 2058 2627 AVFI-

1177 2651 1272 2690 DIO
1302 2649 1469 2689 LVSCO
1502 2649 1799 2699 PRAETORE,
1848 2660 1935 2700 quo
1974 2650 2059 2689 ho-

1179 2712 1360 2752 norifice
1393 2723 1469 2752 eos
1492 2710 1761 2763 excipiebat,
1794 2711 1864 2751 vel
1885 2722 1968 2763 per
1987 2723 2059 2751 ac—

1179 2786 1366 2816 censum
1388 2773 1549 2814 eadem
1577 2773 1764 2814 formula
1787 2784 1863 2815 eos
1885 2785 1933 2814 se
1955 2785 2059 2814 con-

1176 2839 1415 2877 venturum
1446 2847 1545 2877 esse
1567 2836 1802 2876 nuntiarat.
1856 2835 1943 2876 Csr.
1966 2837 2057 2876 Ah-

1176 2910 1281 2939 rens
1320 2899 1374 2939 de
1407 2897 1657 2939 Catilinaria
1696 2900 1853 2950 quarta
1881 2909 1925 2950 p.
1960 2899 2052 2938 429.

1179 2961 1349 3002 Similes
1381 2963 1531 3004 autem
1560 2962 1721 3002 Aufidii
1750 2973 1967 3014 personas
1988 2962 2056 3001 in-

1180 3036 1286 3065 anes
1318 3036 1369 3064 ac
1399 3025 1563 3073 fatuas,
1598 3035 1774 3065 summo
1796 3025 1941 3065 studio
1963 3035 2058 3064 mu-

1179 3086 1390 3138 nicipales
1430 3087 1624 3127 honores
1654 3086 1928 3135 ambientes,
1975 3086 2058 3126 de-

1180 3150 1369 3189 riserant
1408 3150 1679 3201 Pomponius
1719 3151 1763 3189 et
1805 3148 1968 3189 Novius
2015 3148 2057 3188 in

1181 3212 1270 3251 suis
1308 3213 1462 3261 Pappis
1491 3212 1744 3262 praeteritis.
1806 3208 1892 3251 cfr.
1926 3210 2058 3251 Munk

1181 3273 1235 3313 de
1267 3272 1475 3315 Atellanis
1507 3286 1548 3326 p.
1584 3274 1649 3314 69.
1687 3297 1731 3302 -
1765 3273 1935 3312 libenter
1962 3273 2058 3312 Lin-

1181 3337 1358 3386 quimus]
1393 3338 1600 3388 «propter
1621 3335 1886 3384 molestiam,
1921 3345 2055 3385 quam

1181 3399 1308 3440 nobis
1339 3399 1489 3439 insulsi
1521 3400 1709 3439 hominis
1740 3408 1874 3449 prava
1898 3395 2059 3437 seduli-

1182 3464 1246 3502 tas
1278 3464 1496 3508 creasset,
1544 3462 1580 3502 si
1612 3461 1771 3501 diutius
1803 3459 1859 3500 ibi
1893 3461 2058 3500 morari

2225 98 2229 110 ..
2221 0 2231 85 -q
