2231 3787
225 228 291 279 88

295 362 551 411 Avertunt
589 373 828 417 somnos,
871 356 1147 410 absentem
1187 365 1243 409 ut
1281 363 1456 410 cantat
1494 354 1719 407 amicam
1970 352 2035 405 fio

865 225 1078 267 HORATII
1107 225 1407 267 SATIRARUM

295 459 455 512 Multa
494 458 737 530 prolutus
777 476 952 529 vappa
990 467 1149 511 nauta
1189 466 1350 528 atque
1388 457 1558 509 viator

299 561 564 615 Certatim.

642 560 877 613 Tandem
917 560 1092 613 sessus
1132 559 1367 612 dormire
1408 559 1578 611 viator

298 663 511 734 Incipit,
556 679 617 716 ac
656 663 853 715 missae
893 669 1107 732 pastum
1147 659 1440 713 retinacula
1478 658 1653 712 mulae

297 767 465 818 Nauia
504 765 658 835 piger
697 781 827 817 saxo
867 762 1057 833 religat
1095 762 1377 832 stertitque
1417 760 1658 831 supinus.

297 868 517 937 Iamque
557 865 672 918 dies
712 863 931 924 aderat,
974 864 1045 916 nil
1084 881 1206 918 cum
1247 862 1547 934 procedere
1587 862 1796 916 lintrem

1974 862 2042 915 ‘20

296 968 587 1024 Sentimus,
630 965 804 1019 donec
842 965 1167 1019 cerebrosus
1206 964 1414 1036 prosilit
1451 982 1592 1017 unus

299 1073 371 1123 Ac
411 1069 588 1121 mulae
627 1076 933 1139 nautaeque
974 1076 1134 1139 caput
1170 1065 1494 1138 lumbosque
1534 1066 1739 1138 saligno

338 1222 402 1259 ⁴5.
447 1224 495 1259 ut
536 1230 623 1259 om.
672 1221 854 1270 quartus
898 1219 1100 1259 decimus
1140 1218 1334 1258 Pottierii
1366 1219 1409 1257 et
1439 1219 1539 1257 LCt.

1602 1216 1789 1268 (Habent
1816 1217 1965 1270 hScdp
1981 1250 1990 1267 ,

285 1283 558 1322 Torrentiani
590 1294 678 1322 non
708 1283 862 1333 pauci,
911 1293 934 1322 e
966 1293 1044 1321 sex
1075 1279 1304 1321 Pulmanni
1336 1281 1552 1331 quinque,
1599 1276 1711 1333 γνξυ
1752 1282 1795 1319 et
1822 1291 1889 1332 pr.
1921 1281 1991 1333 μ.)

290 1366 332 1372 -
363 1346 426 1385 16.
445 1346 636 1395 prolotzcs
663 1356 730 1397 pr.
755 1345 797 1385 d.
833 1345 1039 1396 (prolutus
1068 1355 1182 1384 corr.
1209 1343 1267 1394 d.)
1304 1366 1348 1373 —
1381 1345 1449 1383 20.
1482 1355 1573 1383 cum
1606 1344 1665 1382 nil
1692 1342 1851 1390 Aldus,
1886 1344 1988 1383 LCt.

228 1470 442 1510 culicibus
474 1473 580 1522 puto
622 1470 857 1520 significari
897 1468 1105 1509 Italorum

226 1543 434 1581 zanzarc,
482 1533 792 1579 Steclmzziclccn,
841 1531 1106 1571 molestissi-

226 1604 323 1633 mas
354 1593 445 1633 illas
476 1605 557 1645 per
586 1596 767 1633 noctem
798 1592 1023 1634 bestiolas.
1060 1617 1103 1621 —

226 1655 285 1707 ut]
318 1655 493 1695 «dum».
546 1654 769 1696 Bentleius
801 1654 983 1695 contulit
1023 1656 1107 1695 Te-

228 1720 340 1757 rent.
367 1716 550 1769 Adelph.
576 1717 620 1767 3,
655 1717 698 1767 3,
734 1719 806 1757 52:
838 1719 1109 1757 Nammnu—

227 1780 472 1819 merebatur
499 1780 607 1830 forte
635 1784 880 1831 argentam,
928 1781 1108 1819 vinterve—

228 1843 289 1881 nit
318 1843 436 1881 homo
468 1843 515 1881 cle
544 1842 781 1891 improriso.
811 1865 854 1870 —
880 1846 1012 1881 nauta
1041 1846 1109 1881 at-

229 1915 308 1953 que
336 1904 487 1955 viator]
520 1905 768 1943 Diintzerus
805 1906 927 1943 recte
959 1904 1110 1944 statuit

229 1970 409 2005 nautam
440 1977 538 2005 esse
571 1977 697 2015 eum,
733 1967 807 2017 qui
838 1965 1006 2005 mulam
1036 1977 1110 2004 re·

232 2039 339 2079 gens
369 2027 546 2067 lintrem
576 2027 780 2067 trahebat
803 2030 934 2078 atque
957 2027 1013 2066 ad
1034 2028 1111 2066 Fe-

231 2091 382 2130 roniae
414 2088 631 2141 templum
662 2090 937 2136 deducebat3
970 2090 1109 2128 viato—

229 2165 319 2193 rem
348 2154 563 2193 rusticum
593 2152 786 2204 aliquem
816 2154 858 2192 in
887 2153 1015 2192 lintre
1043 2164 1112 2192 se-

234 2216 430 2256 dentem.
484 2216 625 2267 (αῙΓὶν
656 2217 827 2255 tetii-den
864 2227 991 2267 saqen
1030 2216 1112 2255 ein.

232 2279 500 2318 reisencler
535 2277 1110 2329 Handzoerksbarsen»)

232 2341 371 2379 Varro
403 2341 444 2379 in
481 2341 724 2391 Marcipore
764 2339 882 2391 apud
922 2342 1031 2379 Non.
1064 2350 1108 2391 p.

233 2401 332 2442 450:
362 2403 521 2441 Navem
540 2403 851 2442 conscendimus
862 2402 1110 2452 palustrem,

233 2475 360 2513 quam
388 2465 548 2503 'nautica'
576 2465 788 2514 equisones
809 2463 1001 2515 (qualem
1022 2465 1112 2503 Ho-

233 2527 369 2566 ratius
407 2527 478 2566 hic
517 2526 775 2578 simpliciter
812 2530 989 2565 nanta-m
1030 2537 1111 2566 vo-

234 2589 315 2637 cat)
372 2600 449 2638 per
498 2589 613 2627 viam
669 2589 942 2627 conducerent
1004 2589 1107 2627 loro,

232 2649 434 2700 Plerique
465 2660 594 2697 vero,
628 2648 744 2688 nullo
777 2651 926 2689 tamen
957 2660 1111 2689 exem—

233 2710 306 2762 plo
337 2711 489 2760 allato,
524 2712 728 2751 viatorem
767 2712 1112 2763 interpretantur

235 2773 496 2821 mulionem,
546 2774 619 2824 qui
663 2785 744 2825 per
772 2774 890 2813 viam
924 2774 1109 2826 Appiam

233 2837 446 2876 incedens
495 2835 671 2876 lintrem
720 2836 949 2885 trahebat,
999 2848 1112 2876 naa-

235 2903 347 2948 !am,
395 2900 468 2950 qui
500 2900 540 2938 in
573 2899 655 2938 hac
685 2900 947 2950 praesertim
979 2901 1110 2938 conto

237 2963 560 3012 navigationem
591 2961 842 3002 adiuvabat.
880 2986 922 2990 —
961 2963 1111 3012 prolu-

235 3025 324 3073 tus]
380 3027 424 3063 ut
467 3023 814 3082 βεβρεγμείΌς,
871 3024 1106 3072 madidus,

236 3086 415 3135 uvidus,
457 3098 538 3138 pro
575 3087 690 3126 bene
728 3090 846 3138 poto.
907 3088 993 3127 Cfr.
1019 3088 1106 3126 Sat.

234 3150 282 3196 ¹2,
307 3148 354 3194 4..
378 3149 451 3188 ²26:
486 3150 565 3188 leni
588 3150 844 3199 praecordia
862 3150 992 3189 mulso
1012 3151 1112 3189 Pro-

235 3212 359 3250 lucris
397 3212 551 3251 melius.
622 3213 738 3263 Yirg.
775 3214 883 3252 Aen.
926 3213 961 3262 1,
1005 3212 1105 3252 739:

226 3275 352 3325 pleno
398 3286 437 3314 se
474 3275 634 3325 proluit
683 3287 804 3315 auro.
860 3299 903 3303 —
953 3277 1109 3328 vappa]

235 3334 423 3395 λάμπῃ,
489 3339 589 3377 vino
643 3337 715 3376 xili
767 3340 899 3390 atque
957 3339 1109 3390 insipi-

238 3399 308 3439 do.
362 3425 404 3429 —
456 3402 597 3440 Naula
635 3401 759 3451 pisset-
804 3401 923 3452 cet]
971 3401 1108 3440 «Cum

234 3464 351 3504 hunc
383 3474 558 3515 qnoque
591 3474 772 3503 somnus
805 3463 999 3515 obrepit,
1041 3462 1108 3504 su-

1170 1480 1273 1509 nem
1305 1468 1450 1509 mulae
1482 1468 1731 1508 detractum
1751 1479 1857 1508 saxo
1881 1479 1933 1508 ex
1954 1468 2048 1520 ripa

1172 1532 1357 1572 exstanti
1387 1530 1541 1582 religat
1572 1532 1725 1582 sicque
1764 1532 1940 1582 pastum
1980 1531 2049 1569 in-

1171 1596 1318 1643 terea,
1352 1594 1458 1633 (lum
1481 1593 1708 1645 crapulam
1731 1593 1962 1642 edm-mian,
1986 1593 2051 1632 iu-

1173 1659 1374 1696 mentum
1406 1656 1626 1695 dimittit.»

1226 1720 1270 1758 ‘¹2⁷¹
1282 1719 1372 1758 129.
1406 1718 1656 1769 cerebrosus]
1701 1718 1836 1757 homo
1871 1718 2050 1757 iracun-

1173 1781 1255 1820 dus
1300 1783 1432 1832 atque
1477 1779 1727 1829 irritabilis,
1777 1780 1860 1820 ein
1909 1780 2052 1820 Hiez-

1170 1844 1301 1895 Isopf.
1353 1842 1487 1883 Lucil.
1529 1842 1643 1882 Gerl.
1677 1854 1719 1894 p.
1753 1842 1828 1892 40,
1874 1843 1948 1882 40:
2000 1843 2051 1882 Te

1171 1930 1194 1936 -
1214 1929 1237 1935 —
1259 1907 1452 1945 insanum
1479 1905 1684 1944 hominem
1709 1908 1746 1944 et
1775 1903 2048 1944 cerebrosum.

1177 1993 1219 1997 -Ἀ
1248 1968 1429 2019 prosilit]
1464 1979 1543 2007 «ex
1583 1965 1709 2006 lintre
1740 1967 1785 2006 in
1814 1966 1959 2006 fossae
1989 1968 2050 2006 ri-

1173 2042 1277 2082 pam
1301 2029 1484 2070 exsilit.»
1516 2029 1565 2067 V.
1589 2027 1792 2080 exempla
1813 2029 1931 2080 apud
1953 2030 2053 2069 For-

1175 2093 1396 2133 cellinum.
1435 2115 1479 2119 —
1512 2092 1674 2142 saligno
1703 2091 1838 2142 Fuste]
1871 2102 1925 2130 ex
1956 2092 2051 2144 ripa

1173 2168 1254 2208 pro
1293 2155 1376 2195 loci
1415 2154 1740 2206 opportunitate
1773 2155 1965 2204 arrepto.
2003 2177 2047 2182 -

1176 2219 1304 2268 dolat]
1346 2217 1582 2268 «percutit,
1629 2215 1833 2264 caedit,»
1879 2217 1928 2255 ut
1972 2226 2052 2256 nos

1175 2280 1267 2321 aliis
1287 2280 1423 2330 tropis
1445 2278 1858 2327 clurclidreschen,
1882 2278 2054 2318 durch-

1174 2342 1376 2395 9erben.
1437 2339 1563 2393 Apul.
1598 2342 1775 2381 Metam.
1799 2341 1844 2390 7,
1880 2341 1952 2380 47:
1982 2341 2054 2392 fa-

1174 2407 1298 2445 stiam
1327 2414 1488 2454 quoque
1517 2403 1673 2443 crebris
1710 2401 1856 2442 ictibus
1884 2402 2054 2442 dedola-

1176 2468 1266 2506 bar.
1295 2490 1339 2494 -—
1365 2465 1534 2516 quarta]
1558 2464 1644 2504 diei
1674 2465 1807 2514 hora,
1841 2475 1956 2515 quae
1978 2476 2052 2505 re-

1176 2528 1365 2580 spondet
1404 2527 1579 2567 circiter
1615 2527 1816 2566 decimae
1856 2529 2050 2567 nostrae.

1179 2615 1223 2619 —
1257 2590 1449 2641 lavimus]
1483 2590 1688 2628 HoratIus
1719 2599 1899 2640 semper
1927 2599 2055 2629 usur-

1175 2655 1251 2705 pat
1270 2652 1458 2692 formam
1479 2652 1775 2701 antiquiorem
1795 2651 1947 2691 lavere.
1977 2653 2054 2691 La-

1174 2716 1320 2755 vimus
1352 2716 1502 2754 autem
1532 2715 1576 2753 et
1605 2711 1826 2763 religionis
1854 2724 1990 2753 causa
2011 2715 2055 2753 et

1174 2779 1410 2831 prandium
1443 2776 1684 2828 sumpturi;
1732 2775 1915 2815 Bentleii
1945 2777 2054 2816 lavi-

1172 2852 1270 2880 τηαν
1299 2841 1439 2888 esset,
1475 2836 1710 2878 «balneum
1732 2838 2049 2889 sumpsimus,»

1174 2903 1216 2942 id
1249 2901 1368 2953 quod
1400 2912 1487 2940 non
1517 2900 1723 2939 convenit
1745 2910 1846 2939 cum
1868 2911 1938 2940 vv.
1965 2900 2052 2939 Ora

1172 2975 1415 3014 manusque.
1496 2964 1636 3002 Immo
1693 2962 1779 3001 hoc
1828 2961 2053 3014 piaculum

1175 3027 1341 3067 suisset.
1381 3025 1515 3065 Tacit.
1542 3026 1652 3064 Ann.
1683 3023 1758 3073 44,
1791 3025 1868 3064 22:
1900 3024 2055 3075 fontem

1173 3099 1310 3139 aquae
1351 3088 1541 3128 Marciae
1564 3108 1582 3114 -
1609 3109 1627 3114 -
1654 3087 1794 3126 nando
1832 3087 2055 3127 incesserat

1175 3150 1333 3202 (Nero);
1372 3149 1668 3198 videbaturque
1698 3152 1825 3198 pocus
1851 3159 1994 3188 sacros
2016 3154 2054 3189 et

1172 3212 1472 3252 caerimoniam
1511 3212 1588 3251 loci
1631 3220 1802 3260 corpore
1844 3210 1925 3249 loto
1958 3211 2054 3261 pol-

1173 3275 1305 3314 luisse.
1360 3275 1520 3314 Contra
1544 3284 1622 3312 ora
1649 3283 1879 3321 manusque
1907 3272 2054 3312 lavare

1173 3336 1346 3376 licebat.
1378 3335 1452 3387 (Ibi
1476 3336 1570 3376 sine
1594 3334 1729 3374 dubio
1747 3335 1872 3373 erant
1892 3344 2053 3385 caupo-

1174 3411 1279 3448 nae,
1328 3399 1369 3438 in
1406 3397 1566 3449 quibus
1605 3406 1810 3436 recreare
1843 3406 1891 3435 se
1921 3396 2052 3447 pote-

1173 3461 1299 3511 rant.)
1318 3482 1359 3488 -
1375 3459 1567 3512 Feronia]
1593 3459 1768 3510 antiqua
1783 3457 1865 3498 dea
1887 3455 2048 3504 Italica,
