2231 3787
858 244 956 282 ..uis
989 243 1229 282 pomum¹
1862 238 1962 289 795

145 376 224 417 illis
256 378 493 428 conspicua
528 379 642 423 erat,
679 375 855 427 qualem
889 376 930 414 in
952 375 1128 414 Graecis
1160 373 1446 412 admiramur.
1497 374 1668 413 Chorus
1692 374 1818 423 igitur
1839 374 1963 412 Acto-

142 448 202 487 ris
231 448 510 498 potissimum
542 447 660 498 apud
692 447 866 486 Latinos
897 447 1086 496 tragicos
1109 446 1258 496 partes
1280 442 1547 489 sustinebat,
1582 444 1660 483 sed
1684 442 1961 482 immiscebat

144 517 275 556 etiam
317 517 594 567 precationes
625 516 681 555 ad
712 516 820 556 deos
853 519 897 556 et
933 514 1163 567 generales
1194 515 1437 555 sententias
1470 513 1524 553 ad
1557 512 1826 564 singularum
1858 513 1962 551 dra—

142 587 271 626 matis
302 597 596 638 personarum
629 586 939 627 condicionem
971 587 1266 637 spectantes„
1300 586 1454 624 Rizcssi..

668 882 1275 930 EXCURSUS
1342 884 1437 928 Vl.

791 1005 844 1033 AD
874 995 923 1033 A.
956 995 1001 1032 Ρ.
1035 1004 1075 1032 v,
1108 993 1188 1032 220
1219 1003 1316 1043 sqq.

260 1072 317 1111 Ex
349 1073 420 1121 iis,
456 1083 569 1122 quae
602 1072 656 1112 de
689 1072 927 1122 Satyricis‚
977 1081 1086 1122 quas
1118 1070 1366 1121 tingebant,
1409 1070 1566 1110 sabulis
1598 1070 1715 1122 apud
1749 1072 1966 1110 Romanos

146 1145 429 1196 disputarunt
450 1144 579 1182 Munk
601 1143 655 1182 de
675 1142 760 1194 fab.
783 1142 980 1182 Atellanis
1001 1153 1042 1193 p.
1068 1141 1118 1180 76
1141 1151 1240 1191 sqq.
1265 1142 1397 1191 atque
1420 1142 1668 1180 accuratius
1691 1142 1822 1180 etiam
1847 1139 1967 1179 Wei-

145 1216 250 1255 cker
281 1215 354 1255 Gr.
383 1214 609 1264 Tragso'dien
643 1224 685 1263 p.
714 1212 811 1252 4364
842 1223 959 1263 sqq,
993 1213 1079 1251 hoc
1103 1213 1204 1250 ante
1227 1211 1372 1250 omnia
1394 1214 1602 1263 apparet,
1635 1209 1750 1249 nulla
1772 1221 1967 1261 unquam

145 1285 263 1337 apud
295 1287 514 1325 Romanos
545 1283 680 1323 fuisse
713 1283 913 1322 dramata
946 1282 1167 1332 Satyrica,
1216 1283 1280 1329 et,
1321 1281 1462 1321 sicubi
1492 1282 1788 1327 recentiores,
1833 1282 1967 1320 etiam

144 1355 364 1395 Neukirch
397 1356 445 1393 de
471 1354 624 1405 fabulis
653 1354 804 1405 toyatis
833 1364 874 1405 p.
908 1352 957 1392 48
985 1363 1108 1404 sqq,
1150 1350 1251 1391 talia
1290 1353 1576 1403 investigasse
1618 1351 1700 1391 sibi
1739 1352 1818 1391 x‘isi
1849 1353 1965 1399 sunt,

144 1427 258 1465 hanc
288 1426 542 1477 opinionem
573 1426 716 1463 ortam
747 1434 846 1464 esse
878 1434 932 1463 ex
963 1434 1040 1472 eo,
1089 1422 1209 1474 quod
1246 1434 1349 1462 cum
1388 1423 1456 1462 his
1487 1420 1819 1462 confundebant
1848 1420 1969 1460 Atel-

145 1494 283 1535 lanas.

256 1564 383 1605 Clara
414 1565 497 1604 hac
529 1564 583 1604 de
616 1576 663 1604 re
697 1566 870 1604 exstant
891 1563 1140 1604 testimonia
1162 1563 1390 1603 Diomedis
1413 1563 1450 1603 3.
1476 1574 1519 1614 p.
1545 1562 1639 1603 480.
1665 1565 1732 1602 P.:
1767 1561 1970 1601 Poematis

145 1635 371 1674 dramatici
401 1635 464 1673 vel
493 1635 620 1673 activi
648 1646 804 1685 {fenera
833 1639 927 1673 sunt
958 1637 1184 1683 quattuor:
1217 1635 1331 1684 apud
1361 1634 1543 1674 Graecos
1571 1634 1760 1684 trayica,
1793 1632 1967 1680 comica,

143 1706 353 1755 satyrica,
385 1705 577 1754 mimica,
611 1705 725 1754 apud
755 1706 962 1744 Romanos
987 1708 1282 1754 praetextata,
1315 1705 1584 1749 tabernaria,
1616 1704 1833 1751 Atellana,
1870 1702 1970 1752 pla-

146 1777 273 1826 nipes.
333 1774 458 1815 Idem
488 1785 530 1826 p.
563 1774 656 1815 487.
691 1776 759 1814 P.:
798 1775 934 1814 Tertia
963 1775 1114 1824 species
1144 1779 1201 1814 est
1227 1773 1473 1826 fabularum
1504 1775 1774 1821 Latinarum,
1809 1784 1915 1823 quae
1943 1783 1971 1811 a

144 1847 310 1886 ciuitate
341 1845 539 1885 Oscorum
566 1845 722 1895 Atella,
754 1846 799 1884 in
829 1857 913 1895 qua
938 1846 1125 1895 primum
1144 1849 1335 1894 coeptae,
1367 1845 1580 1884 Atellanae
1601 1845 1734 1883 dictae
1752 1848 1862 1891 sunt,
1895 1855 1971 1881 ar—

144 1916 350 1968 9umentis
379 1916 576 1965 dictisque
606 1916 881 1964 iocularibus,
924 1916 1075 1954 similes
1104 1916 1309 1964 Satyricis
1336 1916 1490 1966 fabulis
1520 1915 1706 1955 Graecis.
1742 1937 1784 1942 --
1819 1914 1971 1953 Latina

145 1987 336 2026 Atellana
365 1999 393 2026 a
423 1987 590 2026 Graeca
619 1987 816 2036 Satyrica
846 1987 1007 2037 differt,
1041 1988 1151 2035 quod
1179 1987 1223 2025 in
1252 1986 1452 2035 Satyrica
1479 1987 1565 2038 fere
1595 1988 1847 2035 Satyrorum
1872 1995 1969 2034 per-

146 2069 272 2096 sonae
314 2057 592 2106 inducuntur,
639 2061 712 2096 aul
749 2058 784 2096 si
829 2068 937 2106 quae
965 2061 1059 2096 sunt
1086 2057 1292 2096 ridiculae
1320 2057 1470 2096 similes
1501 2056 1688 2105 Satyris,
1735 2055 1970 2103 Autolycus,

146 2128 296 2167 Burris
325 2126 503 2178 (Busiris
531 2125 741 2177 Welck.),
784 2128 828 2167 in
856 2127 1048 2167 Atellana
1081 2127 1210 2166 Oscae
1234 2139 1462 2177 personae,
1503 2131 1548 2166 ut
1577 2129 1760 2166 Maccus.
1811 2126 1971 2164 Marius

146 2198 394 2238 Victorinus
426 2198 475 2246 2,
509 2197 556 2247 4,
590 2198 656 2237 ⁵25.
691 2208 734 2248 p.
761 2198 853 2237 ΜΟ.
889 2197 1046 2238 Gaist.:
1079 2198 1275 2247 Superest
1304 2198 1569 2246 Satyricum,
1604 2198 1713 2246 quod
1741 2197 1849 2235 inter
1878 2199 1972 2233 tra-

146 2268 285 2319 9icum
315 2271 353 2307 el
381 2268 585 2307 comicum
613 2268 765 2317 stylum
793 2269 975 2308 medium
1003 2272 1091 2307 est:
1136 2290 1159 2296 -
1182 2290 1203 2296 -
1236 2269 1346 2318 quod
1380 2278 1510 2319 yemis
1545 2267 1677 2306 ‘nostri
1708 2267 1750 2305 in
1777 2265 1974 2305 Atellanis

147 2338 309 2377 habent.

256 2409 409 2448 Naevii
438 2408 674 2459 Lycurqus,
709 2409 790 2448 etsi
822 2409 865 2448 in
897 2419 948 2448 eo
981 2407 1151 2449 Silenus
1175 2408 1486 2460 comparebat,
1521 2407 1576 2447 ab
1605 2405 1972 2457 hilarotragoedia

151 2478 289 2529 (cuius
320 2477 498 2518 dicendi
528 2489 666 2529 genus
699 2489 805 2519 sane
838 2478 1043 2519 redolent
1073 2478 1308 2530 reliquiae,
1344 2481 1390 2518 ut
1420 2478 1538 2529 apud
1567 2479 1815 2517 Varronem
1845 2477 1891 2515 L.
1925 2477 1970 2515 L.

150 2550 195 2595 7,
230 2549 309 2588 53:
341 2550 426 2589 Risi
455 2553 611 2600 egomet
639 2549 946 2589 cassabundum
976 2551 1037 2589 ire
1066 2550 1224 2589 ebrium
1243 2562 1255 2587 .·
1288 2548 1525 2589 Diabathra
1547 2549 1589 2587 in
1610 2548 1782 2598 pedibus
1801 2545 1974 2585 habebat

150 2619 325 2658 amictus
353 2618 576 2670 epicroco.)
606 2620 788 2671 propius
819 2619 971 2660 aberat
1004 2631 1139 2671 quam
1169 2631 1193 2660 a
1224 2618 1368 2660 sabula
1402 2620 1621 2669 Satyrica3
1656 2620 1776 2658 certe
1809 2617 1971 2656 chorus

152 2688 385 2729 constabat
417 2701 467 2729 ex
501 2689 677 2729 Edonis.

658 2979 1272 3027 EXCURSUS
1338 2980 1467 3029 vn..

768 3110 821 3137 AD
853 3101 901 3138 A.
935 3100 979 3138 P.
1014 3109 1085 3138 vv.
1118 3097 1349 3137 aaa-233.

264 3191 515 3232 Dilucidum
545 3189 822 3243 exemplum,
869 3191 1096 3241 quomodo
1127 3192 1170 3231 in
1201 3191 1400 3231 dramate
1431 3191 1624 3241 satyrico
1657 3189 1809 3230 Graeci
1839 3193 1973 3228 verte-

155 3263 242 3301 rint
268 3262 379 3300 seria
409 3262 528 3310 ludo,
559 3259 747 3313 praebet
777 3261 995 3313 Euripidis
1017 3259 1174 3312 Syleus
1195 3260 1314 3313 apud
1335 3259 1562 3301 Philonem
1584 3260 1687 3315 περὶ
1710 3255 1794 3299 τοῦ
1818 3255 1973 3297 πάντα

157 3329 424 3371 σπουδαῖον
461 3327 583 3371 εἶναι
621 3327 888 3387 ἐλεύθερον.
948 3330 1024 3370 Ed.
1066 3332 1180 3382 Lips.
1215 3332 1261 3370 T.
1294 3331 1344 3369 V.
1381 3342 1423 3382 p.
1455 3330 1549 3369 290.
1593 3330 1763 3380 (Eurip.
1797 3329 1862 3368 Fr.
1898 3329 1969 3368 ed.

157 3403 351 3452 Wagner
394 3402 528 3440 Paris.
567 3399 686 3441 4846.
721 3412 761 3451 p.
799 3399 909 3447 784.)
962 3395 1050 3439 Ἴδε
1088 3397 1204 3452 γοῦν
1247 3395 1328 3439 οἶα
1357 3401 1464 3455 παρ’
1497 3393 1728 3456 Εὐριπίδῃ
1759 3398 1912 3450 φησὶν
1943 3394 1970 3436 ὁ

152 3465 387 3527 ἹΙρακλῆς
408 3482 417 3491 ·
