2231 3787
895 270 991 310 ΗΒ.
1025 271 1055 309 1.
1117 271 1227 309 sAT.
1264 269 1311 309 x.
1917 264 2015 318 487

202 405 370 444 Satirae
397 414 605 443 romanae
634 402 793 454 oriqine
823 406 947 452 atque
970 413 1217 453 progressu,
1252 401 1403 441 Zittav.
1440 399 1560 441 4849.
1616 401 1748 451 (Iahn.
1782 401 1948 440 Jahrbb.
1982 402 2011 450 f.

197 474 338 513 Pleilol.
374 473 467 513 Vol.
502 474 568 513 58.
606 484 646 524 p.
684 473 792 522 ⁴402.)

308 543 346 593 4)
382 545 551 583 Primus
583 543 638 582 de
669 542 806 582 Ennio
838 541 880 580 h.
916 540 942 580 l.
979 540 1187 581 intellexit
1229 542 1358 580 Ianus
1391 541 1537 580 Dousa
1569 541 1611 579 in
1644 539 2017 580 Commentariolo

196 624 240 664 p.
277 613 370 653 664.
404 613 482 652 Ed.
518 614 651 663 Cruq.
688 612 819 652 4597:
876 611 1030 660 «Esto,
1075 610 1228 659 fuerit,
1272 612 1481 662 inquam,
1524 609 1714 650 Lucilius
1745 610 1943 650 urbanus
1975 612 2018 650 et

194 684 358 728 comis3
407 682 566 722 demus
612 682 743 721 etiam
789 679 1079 730 limatiorem,
1126 680 1168 720 id
1216 682 1303 729 est,
1351 680 1586 721 tersiorem
1629 682 1760 731 atque
1802 680 2017 720 emenda-

197 754 356 792 tiorem
398 751 550 799 fuisse,
599 763 732 803 quam
773 752 962 792 Ennium
1004 752 1232 797 nostrum,
1280 750 1473 802 primum
1518 749 1638 790 illum
1680 750 1800 790 rudis
1851 752 2017 790 Satirae

196 823 495 870 inventorem,
543 824 618 861 aut
656 822 787 861 etiam
829 823 1030 862 secutam
1070 821 1319 870 seniorum,
1358 821 1443 861 hoc
1474 821 1563 867 est,
1611 819 1908 870 antiquiorum
1939 821 2019 859 Lu-

197 892 293 933 cilio
325 895 559 944 poetarum
602 891 804 939 turbam,
850 890 953 931 nihil
986 893 1134 931 tamen
1167 890 1222 930 ad
1259 890 1545 939 munditIem,
1594 889 1760 930 cultum
1796 892 1867 930 aut
1912 889 2020 942 poli-

194 966 340 1002 turam
372 962 508 1002 scculi
540 963 721 1001 nostri.»
782 963 872 1000 lam
905 962 1099 1001 Dousam
1131 960 1339 1013 permulti
1368 961 1508 1001 secuti
1537 961 2016 1011 sunt(es1·.1-ler1nanni

196 1035 345 1084 Progr.
379 1043 422 1084 p.
456 1032 512 1083 7.)
547 1033 679 1082 atque
711 1032 927 1083 imprimis
959 1031 1116 1082 dignus
1140 1033 1227 1078 est,
1262 1031 1337 1082 qui
1367 1029 1557 1081 legatur,
1590 1031 1873 1071 Weichertus
1894 1032 2014 1070 Poet.

195 1105 285 1143 Lat.
319 1114 362 1154 p.
396 1103 476 1142 ⁶279
507 1113 605 1153 sqq.
639 1113 719 1153 pro
749 1102 836 1142 hac
876 1102 1094 1141 sententia
1139 1112 1438 1152 propugnans.
1500 1102 1667 1141 Verum
1707 1101 1794 1140 duo
1838 1101 2018 1152 potissi-

194 1184 320 1214 mum
351 1172 548 1213 obstant:
592 1172 808 1223 primum,
850 1171 971 1221 quod
1002 1170 1235 1211 manifesto
1266 1172 1517 1222 repugnant
1546 1182 1586 1210 v.
1621 1170 1689 1211 48.
1723 1172 1935 1219 inventor,
1969 1170 2012 1209 h.

193 1243 220 1283 l.
254 1247 425 1290 auctor,
472 1240 635 1292 qulbus
670 1239 899 1281 vocabulis
931 1241 966 1281 si
998 1240 1200 1280 diversos
1230 1242 1386 1291 poetas
1409 1240 1654 1292 significare
1684 1240 1897 1281 voluisset
1927 1241 2016 1280 Ho—

192 1314 354 1360 ratius,
387 1310 633 1351 admodum
664 1310 847 1351 consuse
879 1312 1013 1361 atque
1045 1310 1237 1350 obscure
1269 1309 1441 1350 locutus
1473 1313 1611 1357 esset3
1661 1312 1827 1350 etenim
1857 1310 2016 1350 discri-

192 1393 320 1431 men,
354 1381 476 1433 quod
505 1380 701 1421 nonnulli
731 1381 846 1420 inter
875 1382 1116 1431 utrumque
1148 1381 1343 1420 statuere
1376 1382 1519 1420 conati
1554 1383 1657 1420 sunt
1688 1381 1929 1431 (Weichert
1969 1391 2012 1432 p.

192 1451 322 1502 ⁶280),
367 1452 547 1491 omnino
590 1450 769 1503 probari
813 1451 980 1502 nequit.
1040 1451 1179 1492 Maius
1211 1451 1299 1499 est,
1347 1450 1468 1501 quod
1507 1451 1648 1490 totum
1678 1461 1818 1501 genus
1848 1451 2014 1490 Satirae

190 1522 440 1571 Ennianae,
483 1521 540 1561 de
571 1531 659 1572 quo
691 1521 865 1572 egregie
898 1520 1138 1572 diSputavit
1177 1520 1459 1561 Hermannus
1488 1532 1532 1572 p.
1566 1521 1610 1560 ⁶24
1650 1531 1796 1572 seqq.,
1830 1532 2014 1573 prorsus

191 1592 419 1632 diversum
449 1591 528 1632 fuit
557 1603 581 1631 a
613 1590 763 1631 Lucilii
793 1591 971 1631 Sat-iris:
1024 1601 1149 1640 nam,
1196 1592 1244 1630 ut
1281 1591 1325 1630 in
1362 1591 1448 1630 hoc
1479 1589 1803 1640 subsistamus,
1850 1591 2016 1631 Ennius

190 1664 233 1702 in
264 1674 352 1702 una
383 1662 634 1712 eademque
666 1662 806 1701 Satira
835 1662 969 1702 variis
1001 1662 1177 1710 metris,
1212 1663 1255 1701 et
1284 1660 1472 1702 licenter
1502 1661 1704 1713 quidem,
1743 1663 1791 1700 ut
1820 1661 2010 1710 videtur,

189 1743 296 1773 usus
317 1733 411 1781 est;
444 1731 633 1772 Lucilius
662 1733 752 1772 tota
776 1733 974 1773 carmina
995 1733 1071 1772 aut
1099 1732 1372 1773 hexametrIS
1393 1733 1469 1771 aut
1498 1732 1721 1772 trochaeis
1744 1732 2011 1783 composuit,

189 1814 323 1855 porro
354 1801 424 1842 ille
454 1803 624 1852 varias,
659 1802 1046 1853 quemadmodum
1076 1813 1194 1842 nunc
1223 1802 1423 1842 divinare
1453 1813 1715 1854 possumus,
1755 1802 1870 1842 vitae
1901 1813 2016 1852 quo-

188 1873 381 1913 tidianae
424 1873 621 1914 actiones
661 1873 857 1914 imitatus
895 1875 983 1922 est,
1031 1873 1144 1913 adeo
1174 1874 1222 1913 ut
1261 1871 1594 1913 similitudinem
1634 1871 1791 1913 saltem
1821 1871 2014 1924 aliquam

189 1943 376 1984 fortasse
415 1943 636 1984 haberent
673 1954 776 1984 cum
807 1941 1069 1994 Θαλυσίοις
1106 1945 1240 1994 atque
1267 1938 1659 1994 Ἀδωνιαζούσαις
1700 1943 1943 1992 Theocriti,
1989 1955 2014 1982 a

192 2014 398 2065 personis
429 2015 579 2054 autem
611 2014 854 2054 etiamtunc
882 2015 994 2055 vivis
1024 2013 1312 2054 traducendis
1332 2014 1537 2065 vitiisque
1573 2014 1778 2054 humanis
1799 2012 1914 2054 salse
1937 2025 2016 2053 ex-

189 2084 402 2135 agitandis
423 2084 652 2134 abstinuit,
687 2086 762 2136 qui
793 2085 1028 2137 primarius
1051 2086 1119 2125 est
1148 2080 1398 2142 χαρακτῆρ
1420 2085 1588 2124 Satirae
1611 2083 1874 2124 Lucilianae.
1915 2085 2013 2135 (Pro

189 2155 326 2194 Ennio
371 2156 522 2195 contra
562 2156 610 2195 C.
645 2156 688 2195 F.
722 2156 1028 2196 Hermannum
1071 2165 1226 2196 rursus
1272 2154 1612 2207 disputaverunt
1656 2156 1923 2194 Petermann
1967 2156 2016 2194 cle

187 2225 345 2265 satirae
372 2226 586 2266 Romanae
615 2230 786 2266 auctore
814 2227 981 2277 eiusque
1009 2226 1238 2277 inventore,
1277 2225 1481 2270 Hirschb‚
1519 2224 1639 2266 4846.
1672 2224 1770 2265 Vid.
1804 2225 1926 2265 Iahn.
1957 2226 2011 2265 N.

188 2295 330 2335 Jahrb.
371 2296 402 2347 f.
443 2296 586 2336 Philol.
629 2295 724 2336 Vol.
767 2295 837 2337 49.
878 2308 921 2348 p.
962 2296 1041 2336 360
1080 2306 1148 2347 sq.
1188 2295 1426 2337 Paldamus
1467 2296 1707 2336 Horatiana
1742 2307 1787 2347 p.
1821 2295 1873 2336 44
1911 2306 2009 2346 sqq.

189 2365 285 2405 Vid.
310 2366 431 2405 Iahn.
454 2366 508 2405 N.
532 2367 568 2405 J.
591 2366 622 2417 f.
645 2366 716 2405 Ph.
740 2364 834 2405 Vol.
859 2366 927 2406 52.
952 2377 995 2417 p.
1019 2366 1098 2406 227
1121 2377 1188 2417 sq.
1242 2366 1506 2415 Bernhardy
1537 2366 1765 2406 Gsrunclriss
1793 2366 1867 2406 der
1894 2367 2010 2406 Rom.

190 2436 285 2476 Lm.
321 2435 412 2486 (Ed.
449 2434 539 2485 alt.)
571 2446 614 2486 p.
648 2434 727 2476 497
758 2435 843 2486 sq.)

298 2505 337 2556 5)
371 2505 654 2546 «Concedam
684 2504 898 2546 Lucilium
929 2516 1029 2546 esse
1059 2504 1326 2546 limatiorem
1355 2506 1493 2547 Ennio
1525 2507 1569 2547 et
1597 2504 1690 2547 aliis
1720 2505 2013 2558 scriptoribus

190 2575 533 2627 antiquioribus3
580 2576 662 2616 sed
702 2577 888 2626 Ennius,
923 2576 959 2616 si
990 2578 1139 2616 nostra
1170 2578 1314 2616 aetate
1346 2577 1537 2625 viveret,
1572 2587 1683 2625 non,
1717 2578 1766 2615 ut
1793 2575 2009 2626 Lucilius,

188 2644 351 2695 multa,
385 2657 499 2698 quae
530 2645 723 2687 tollenda
755 2648 926 2696 essent,
965 2645 1264 2697 relinqueret,
1304 2646 1386 2688 sed
1417 2646 1643 2687 detereret
1672 2648 1806 2698 atque
1836 2646 2013 2687 recide-

189 2718 278 2766 ret,
327 2727 433 2766 nee,
479 2718 596 2758 sicut
624 2715 835 2766 Lucilius,
880 2715 1009 2757 brevi
1039 2717 1252 2769 temporis
1283 2717 1426 2769 spatio
1457 2716 1622 2758 multos
1651 2727 1810 2757 versus
1840 2718 2012 2758 temere

191 2785 464 2837 effunderet,
503 2787 585 2827 sed
614 2797 838 2828 summam
870 2797 1024 2827 curam
1056 2789 1100 2827 et
1129 2787 1398 2839 diligentiam
1428 2788 1471 2827 in
1503 2787 1777 2840 expoliendis
1807 2786 2012 2828 versibus

190 2858 423 2908 poneret.»
488 2858 693 2897 Dossnmc.
760 2856 847 2897 Sed
877 2867 1095 2908 quonam,
1130 2869 1320 2909 quaeso,
1353 2859 1562 2900 instinctu
1601 2858 1747 2898 divino
1778 2868 1859 2909 pro
1891 2859 2012 2898 certo

191 2926 305 2966 seire
344 2927 519 2978 poterat
559 2927 790 2977 Horatius,
836 2928 1051 2978 Ennium,
1097 2928 1133 2969 si
1163 2928 1388 2968 Octaviani
1431 2930 1634 2981 tempore
1664 2929 1865 2977 vixisset,
1911 2938 2012 2968 cor-

191 2997 418 3036 recturum
460 2997 594 3037 fuisse
634 3008 713 3038 sua
752 2999 878 3047 vitia,
935 2997 1148 3039 Lucilium
1188 3009 1278 3039 non
1320 3000 1464 3040 item?
1523 3000 1761 3039 Praeterea
1805 2998 2011 3038 Horatius

192 3067 312 3106 certe
342 3076 431 3105 non
459 3065 654 3117 loquitur
674 3067 729 3108 de
760 3069 885 3109 Ennii
914 3068 1179 3119 Annalibus,
1212 3071 1261 3109 ut
1280 3068 1371 3110 volt
1400 3069 1521 3110 idem
1550 3071 1807 3122 Interpres:
1840 3068 2012 3109 Graecis

193 3136 310 3177 enim
340 3136 545 3176 intactum
572 3148 700 3188 glenus
728 3139 813 3179 hoc
843 3139 929 3180 diei
959 3151 1048 3180 non
1076 3142 1270 3193 poterat,
1309 3150 1413 3181 cum
1441 3139 1500 3181 illi
1530 3139 1751 3181 haberent
1781 3137 2010 3180 Choerilos

193 3207 237 3246 et
265 3206 457 3246 Rhianos
488 3217 607 3247 suos.

301 3276 358 3327 6.)
392 3275 632 3317 «Lucilium
671 3276 808 3318 multo
850 3279 1203 3322 emendatiorem
1243 3293 1343 3323 esse
1375 3292 1510 3334 quam
1551 3290 1675 3331 eum,
1722 3279 1797 3332 qui
1839 3279 2009 3331 primus

193 3345 366 3386 satirica
409 3346 591 3396 fuderit,
640 3347 855 3388 concedit.
932 3350 1036 3397 Quis
1078 3362 1186 3391 vero
1229 3352 1401 3404 primus
1444 3350 1544 3392 talia
1585 3351 1780 3392 carmina
1824 3346 2004 3396 fecerit.

193 3416 406 3466 ignorat.»
465 3418 678 3457 DUNTZER.
