2231 3787
0 821 2 844 l

0 847 1 870 l

882 271 978 309 ΜΒ.
1015 271 1063 309 11.
1126 271 1236 310 SAT.
1273 272 1342 309 111.
1922 269 2024 320 (233

280 398 537 451 Invidiam
579 399 791 469 placare
832 417 991 470 paras
1033 400 1223 454 virtute
1264 400 1489 454 relicta?

278 502 635 555 Contemnere
677 502 866 566 miser,
907 502 1124 556 vitanda
1163 511 1245 556 est
1283 503 1527 574 improba
1567 503 1720 557 Siren

271 603 516 664 Desidia,
558 613 671 666 aut,
715 604 981 676 quidquid
1019 605 1125 658 vita
1163 604 1386 659 meliore
1427 605 1653 676 parasti,
1966 607 2021 658 lo

267 705 581 758 Ponendum
611 723 786 777 aequo
815 707 1007 759 animo.
1073 707 1135 759 Di
1164 715 1238 769 te,
1282 708 1636 779 Damasippe,
1679 708 1926 781 deaeque

267 808 461 860 Verum
501 807 570 861 ob
611 807 894 861 consilium
934 808 1136 862 donent
1173 817 1406 863 tonsore.

1485 811 1595 863 Sed
1634 810 1779 864 unde

265 912 391 962 Tam
419 909 559 964 bene
587 928 672 965 me
701 912 881 965 nosti?
920 913 1213 984 Postquam
1239 911 1412 964 omnis
1441 929 1528 965 res
1556 930 1678 966 mea
1707 914 1891 966 Ianum

263 1011 343 1064 Ad
384 1012 623 1066 medium
663 1014 828 1067 fracta
868 1022 975 1076 est,
1019 1013 1193 1068 aliena
1232 1014 1448 1085 negotia
1487 1032 1641 1074 curo,

246 1162 418 1212 (ductae
443 1174 496 1202 ex
517 1163 666 1203 verbis
700 1164 807 1213 Quin
839 1168 883 1202 tu
913 1175 937 1202 a
960 1162 1201 1203 Scholiasta
1224 1165 1363 1204 Persii
1395 1164 1434 1213 3,
1460 1165 1526 1204 ⁶24.
1560 1166 1768 1216 proximo
1799 1167 1963 1207 Horatii

244 1226 394 1265 versui
425 1228 596 1265 temere
628 1226 917 1277 praemissis),
952 1236 1141 1276 quarum
1172 1227 1293 1277 prior
1321 1225 1528 1277 placebat
1556 1227 1766 1268 Bentleio.

188 1339 281 1368 eum
310 1339 382 1366 rus
411 1328 553 1377 atiquo
584 1327 864 1367 eduxerimus.
927 1329 1069 1378 Impe-

185 1392 266 1431 rite
297 1389 493 1430 nonnulli
523 1392 751 1430 mutarunt
779 1391 823 1429 in
846 1391 1064 1430 adducere.

190 1476 234 1482 —
268 1453 418 1504 tantos]
463 1454 579 1492 «tam
622 1454 902 1504 praestantes
933 1454 1066 1504 atque

187 1516 437 1567 egregios,»
474 1526 562 1555 non
595 1516 712 1555 «tam
742 1515 987 1566 grandes,»
1020 1518 1068 1555 ut

184 1578 241 1618 ad
263 1578 440 1618 codices
456 1578 696 1627 referatur,
726 1580 775 1617 ut
794 1577 884 1617 volt
902 1580 1062 1618 Acron.

240 1640 401 1680 43-46.
452 1641 659 1679 Invidiam
689 1641 791 1690 cet]
827 1640 1065 1681 «Credisne

183 1704 330 1743 minus
360 1702 611 1742 invidorum
646 1703 990 1754 iniquorumque
1022 1705 1064 1743 te

182 1765 460 1814 habiturum,
508 1764 584 1804 ubi
614 1766 845 1814 virtutem,
892 1766 935 1805 id
967 1768 1062 1815 est,

183 1828 471 1877 industriam,
505 1827 790 1868 deserueris?
821 1830 987 1877 Immo,
1022 1831 1066 1869 et

183 1892 343 1931 merito
376 1890 582 1941 quidem,
617 1892 892 1942 contemptui
922 1890 1065 1931 habe-

181 1954 336 1995 bere.»
373 1977 418 1982 —
465 1953 600 2005 Siren]
634 1953 821 1993 «blanda
854 1954 950 2005 (sed
978 1955 1065 1994 im-

179 2016 366 2068 pudens)
404 2015 788 2056 conciliatricula.»
854 2017 958 2067 (Cic.
982 2028 1063 2068 pro

180 2080 320 2120 Sestio
352 2080 397 2127 9,
439 2078 524 2129 24.)
561 2102 606 2107 —
640 2079 1064 2131 quidquid-parasti]

181 2140 374 2191 Intellige
415 2140 595 2181 laudem
627 2142 670 2181 et
701 2152 936 2182 assensum
977 2141 1064 2181 bo·-

180 2215 340 2243 norum
372 2204 617 2244 hominum.
647 2226 691 2232 —-
724 2205 906 2256 meliore]
940 2216 1063 2244 «ma-

180 2268 243 2316 gis
274 2265 530 2306 industria.»
575 2289 618 2294 —
659 2268 896 2307 Ponendum
930 2279 1063 2317 aequo

179 2329 335 2378 animo]
369 2328 581 2368 «missum
603 2327 858 2368 faciendum
880 2331 948 2369 est
968 2329 1060 2369 sine

179 2391 312 2430 animi
344 2389 518 2437 dolore;
552 2390 671 2441 quod
703 2391 849 2442 ipsum
870 2391 1061 2431 hominis

179 2455 247 2494 est
277 2452 442 2493 desidis
475 2463 526 2492 ac
557 2451 694 2492 vilis.»
732 2475 776 2480 —
809 2453 878 2505 Di]
912 2453 1062 2492 Ponti-

178 2515 314 2556 ficum
345 2514 530 2555 formula
573 2517 640 2555 est
683 2516 725 2554 di
768 2516 948 2565 deaeque
989 2513 1060 2554 vel

176 2578 261 2617 sive
289 2579 386 2617 deus
404 2578 488 2617 sive
509 2578 603 2627 dea,
638 2589 721 2618 nec
743 2577 914 2618 ridiculi
936 2578 1062 2629 quid-

177 2651 312 2691 quam
342 2640 653 2690 quaerendum
693 2641 736 2681 in
776 2653 814 2680 v.
852 2642 1054 2690 deaeque,

175 2704 224 2742 ut
252 2704 436 2754 propter
465 2701 578 2743 illius
609 2702 824 2744 formulae
856 2704 1060 2755 ignoran-

175 2766 283 2805 tiam
312 2765 508 2806 nonnulli
537 2767 806 2818 interpretes
837 2767 1055 2807 fecerunt.

177 2827 330 2868 Catull.
354 2829 431 2877 ⁶28,
467 2828 546 2869 44:
579 2828 632 2869 At
657 2829 772 2869 vobis
789 2830 907 2869 mala
926 2830 1059 2870 multa

176 2891 217 2929 di
247 2891 426 2939 deaeque
454 2891 577 2931 Dent.
614 2913 659 2919 —
691 2893 964 2946 Damasippe]
986 2894 1058 2933 Li-

176 2952 315 2992 cinius
354 2953 650 3005 Damasippus
694 2955 924 3006 tamquam
965 2957 1058 2996 sta-

175 3016 353 3053 tuarum
383 3016 428 3054 et
455 3015 688 3056 hortorum
717 3018 924 3058 venditor
959 3030 1057 3058 me-

175 3077 375 3115 moratur
412 3077 500 3116 iam
531 3088 555 3116 a
587 3079 800 3120 Cicerone
840 3081 897 3120 ad
933 3082 1052 3121 Fam.

175 3138 221 3187 7,
254 3137 321 3178 23.
355 3137 412 3177 ad
440 3140 525 3178 Att.
551 3140 628 3188 42,
661 3141 729 3180 029.
764 3144 808 3181 et
836 3142 902 3182 33.

231 3200 370 3240 47-20.
390 3200 566 3252 tonsore]
587 3203 689 3252 «qui
709 3202 893 3245 immani
913 3205 1054 3245 barba

174 3263 215 3301 te
245 3260 453 3312 liberet3»
500 3263 627 3314 quasi
656 3275 764 3304 vero
795 3267 938 3307 maius
969 3267 1055 3308 be-

173 3323 384 3365 neficium
412 3326 681 3376 Damasippo
703 3326 773 3366 vel
796 3327 838 3366 di
869 3329 950 3379 ipsi
976 3330 1057 3369 im-

172 3387 336 3437 pertire
387 3398 474 3427 non
524 3389 721 3439 possent.
807 3390 1054 3431 Stoicorum

173 3449 411 3501 praecipue
450 3451 493 3490 et
532 3450 802 3500 Cynicorum
833 3454 929 3491 erat
956 3462 1054 3494 mos

173 3507 383 3562 barbam,
431 3523 517 3564 quo
548 3513 686 3564 magis
717 3523 740 3553 a
770 3512 947 3566 popello
977 3525 1053 3556 su·-

1133 1328 1431 1378 spicerentur,
1463 1330 1765 1380 promittendi.
1815 1332 1938 1371 Conf.
1972 1344 2014 1371 v.

1133 1390 1199 1430 35.
1235 1393 1279 1430 et
1309 1392 1398 1431 Sat.
1434 1393 1480 1441 11,
1515 1392 1560 1441 3,
1596 1393 1687 1433 433.
1742 1393 1846 1433 Gell.
1879 1396 1928 1434 N.
1963 1398 2012 1435 A.

1132 1453 1180 1502 9,
1206 1454 1253 1503 Ξ,
1280 1453 1400 1494 ›1—4.
1424 1477 1468 1483 -
1493 1457 1716 1505 Postquam
1736 1456 1838 1508 cet]
1864 1459 2017 1497 «Post-

1131 1525 1267 1565 quam
1298 1527 1401 1556 aere
1433 1516 1575 1557 alieno
1597 1519 1788 1558 conflato
1818 1519 2017 1559 fortuna-

1130 1589 1231 1618 rum
1262 1579 1538 1631 naufragium
1570 1580 1675 1631 feci,
1723 1593 1942 1632 excussus,
1991 1595 2014 1622 a

1131 1641 1426 1682 creditoribus
1459 1643 1653 1693 eiectus,
1687 1655 1741 1684 ex
1771 1646 2017 1695 possessio-

1130 1703 1261 1744 nibus
1301 1705 1434 1754 meis,
1483 1705 1596 1745 adeo
1636 1708 1685 1745 ut
1724 1706 1827 1746 nihil
1859 1718 2014 1748 earum

1130 1767 1377 1806 curandum
1408 1768 1513 1807 mihi
1536 1770 1694 1818 restet,
1728 1780 1845 1808 nunc
1874 1769 2014 1820 philo-

1129 1829 1296 1880 sophus
1313 1829 1453 1869 factus
1470 1830 1512 1869 in
1535 1830 1719 1870 aliorum
1744 1832 1918 1882 negotia
1940 1843 2012 1872 me

1128 1892 1303 1942 ingero,
1344 1891 1590 1932 identidem
1623 1905 1864 1944 quaerens,
1899 1906 2012 1946 quo-

1128 1953 1263 1993 modo
1296 1965 1372 1994 eos
1397 1966 1418 1994 a
1442 1954 1622 1995 stultitia
1644 1956 1858 1996 dehorter
1877 1959 2011 2008 atque

1128 2016 1186 2055 ad
1222 2028 1376 2056 veram
1417 2018 1680 2069 sapientiam
1718 2019 2009 2070 perducam.»

1132 2102 1175 2107 —-
1199 2081 1352 2119 Ianum
1370 2080 1433 2120 Ad
1451 2082 1660 2131 medium]
1694 2083 1783 2122 Cic.
1809 2083 1864 2122 de
1887 2083 2007 2124 Offic.

1128 2142 1167 2189 2,
1199 2143 1266 2192 25,
1301 2143 1382 2182 90:
1415 2145 1479 2184 De
1509 2145 1774 2195 quaerenda,
1808 2147 1856 2186 de
1885 2147 2012 2186 collo-

1127 2205 1267 2244 canda
1318 2207 1526 2256 pecunia,
1586 2207 1730 2246 vellem
1785 2209 1908 2248 etiam
1963 2211 2013 2250 de

1124 2269 1281 2307 utenda
1293 2300 1304 2316 ,
1329 2270 1583 2309 commodius
1598 2282 1625 2309 a
1638 2270 1886 2320 quibusdam
1905 2274 2010 2322 opti-

1125 2331 1203 2369 inis
1229 2331 1334 2369 viris
1363 2333 1420 2370 ad
1447 2333 1596 2372 Ianum
1625 2334 1805 2373 'medium
1834 2337 2011 2375 sedenti—

1126 2391 1200 2431 bus
1229 2404 1356 2442 quam
1386 2393 1437 2432 ab
1466 2394 1562 2433 ullis
1584 2395 1838 2445 philosophis
1857 2397 1946 2436 ulla
1966 2399 2010 2437 in

1125 2455 1262 2494 schola
1302 2456 1552 2505 disputatur.
1583 2502 1590 2508 ,
1623 2459 1712 2498 Cic.
1747 2458 1930 2511 Philipp.
1959 2461 2004 2509 6,

1125 2519 1174 2567 5,
1210 2519 1288 2557 45:
1338 2519 1488 2558 Itane?
1519 2520 1649 2559 Ianus
1686 2522 1842 2561 medius
1877 2523 1921 2561 in
1957 2524 2003 2562 L.

1122 2580 1290 2620 Antonii
1334 2582 1521 2621 clientela
1559 2582 1647 2622 sit?
1690 2584 1782 2632 quis
1819 2596 2008 2634 unquam

1124 2643 1167 2682 in
1197 2643 1266 2682 illo
1302 2644 1406 2683 Iano
1436 2645 1626 2684 inventus
1653 2650 1730 2694 est,
1778 2647 1849 2695 qui
1876 2647 2007 2687 Anto-

1121 2707 1191 2746 nio
1220 2706 1331 2747 mille
1351 2709 1568 2747 nummum
1595 2708 1724 2759 ferret
1743 2711 2007 2760 expensum?

1121 2769 1213 2807 Iani
1253 2768 1519 2809 dicebantur
1549 2781 1705 2812 omnes
1741 2773 2007 2813 transitiones

1115 2831 1290 2880 perviae
1334 2831 1448 2882 (Cic.
1486 2834 1536 2872 N.
1578 2834 1628 2873 D.
1674 2835 1724 2884 2,
1771 2835 1844 2884 27,
1891 2836 2001 2886 67.),

1119 2895 1491 2946 Durchqa'nqe,
1536 2906 1727 2946 quorum
1758 2899 1848 2938 tres
1879 2909 2005 2938 com-

1121 2959 1451 3007 memorantur,
1476 2968 1702 3008 summus,
1736 2960 1871 3009 imus,
1905 2971 2005 3000 me—

1121 3019 1234 3060 dius.
1295 3021 1479 3061 Medium
1521 3023 1670 3062 tamen
1709 3022 1910 3075 plerique
1947 3024 2002 3063 de

1120 3083 1261 3135 spatio
1291 3084 1405 3123 inter
1433 3095 1640 3123 summum
1671 3087 1713 3124 et
1749 3086 1880 3125 imum
1909 3087 2001 3126 sive

1120 3146 1234 3185 inter
1271 3146 1529 3196 superiorem
1569 3149 1613 3186 et
1652 3147 1892 3198 inferiorem
1932 3148 1996 3199 (P.

1120 3208 1271 3248 Victor
1302 3208 1357 3248 de
1387 3210 1491 3260 Reg.
1518 3209 1620 3250 Urb.
1645 3210 1772 3250 VIII.:
1805 3212 1898 3250 Iani
1920 3213 2001 3251 duo

1121 3271 1288 3311 celebris
1329 3275 1612 3312 mercatorum
1655 3273 1779 3312 locus.
1813 3297 1835 3302 —
1864 3296 1886 3302 -
1908 3275 2001 3313 Iani

1118 3334 1201 3372 duo
1235 3333 1456 3383 praecipui
1485 3334 1541 3373 ad
1571 3345 1721 3374 arcum
1750 3335 1996 3383 Fabianum,

1117 3395 1309 3444 superior
1328 3398 1365 3434 et
1393 3395 1604 3447 inferior.)
1626 3395 1881 3446 intelligunt.
1916 3396 1999 3434 De-

1117 3456 1258 3506 zobry
1298 3456 1450 3507 (Rome
1488 3469 1545 3497 au
1579 3457 1709 3497 Siecle
1748 3457 1996 3508 d'Auquste)

1117 3529 1159 3569 p.
1199 3518 1265 3558 89.
1302 3530 1346 3570 p.
1383 3519 1521 3569 230.):
1577 3520 1675 3560 «Les
1718 3520 1829 3560 deux
1866 3520 1998 3560 Janus
