2231 3787
264 243 356 294 158

326 373 412 426 Sic
449 370 624 424 habet.

326 472 604 527 Proximus
643 488 781 525 esse.

328 573 696 645 Expugnabis3
737 580 790 625 et
826 579 910 624 est
948 570 1039 641 qui
1077 570 1215 623 vinci
1259 568 1452 639 possit,
1495 583 1672 638 eoque

330 674 583 729 Difficiles
623 673 796 726 aditus
836 671 1037 742 primos
1076 669 1252 723 habet.

887 240 1099 280 HORATH
1131 238 1430 279 SATIRARUM

701 369 986 429 Accendis,
1029 385 1197 439 quare
1236 367 1449 438 cupiam
1490 365 1656 435 magis
1697 363 1766 416 illi

858 469 997 523 Velis
1037 467 1428 522 tantummodo:
1469 482 1611 537 quae
1650 474 1740 518 tua
1778 464 1969 523 virtUS,

1999 564 2064 615 55

1331 667 1488 721 Haud
1525 667 1652 720 mihi
1691 666 1858 722 deero
1879 685 1887 717 :

329 775 637 829 Muneribus
677 790 863 827 servos
903 788 1270 841 corrumpam,
1311 787 1437 832 non,
1478 768 1639 822 hodie
1679 768 1723 821 si

328 876 588 930 Exclusus
627 875 804 934 suero,
846 872 1129 936 desistam3
1169 878 1413 941 tempora
1453 887 1738 941 quaeram,

367 1033 433 1073 51.
468 1032 597 1081 quac]
631 1031 740 1079 quod-
767 1039 810 1080 p.
859 1050 905 1056 —
952 1028 1019 1067 55.
1064 1025 1337 1078 Eaepuqnabit
1367 1037 1409 1078 p.
1441 1027 1717 1078 Expugynabis
1746 1036 1970 1078 superscr.
2005 1030 2019 1065 t

316 1096 367 1136 b.
400 1092 671 1145 Empuynabit
701 1101 925 1143 superscr.
959 1100 977 1128 s
1007 1090 1047 1128 S.
1102 1090 1166 1139 (Ut
1195 1099 1300 1136 nos,
1334 1089 1388 1139 0.)
1424 1112 1468 1117 -
1495 1090 1629 1138 poscit
1671 1090 1801 1129 Ianus
1843 1089 2015 1137 Dousa‚

316 1157 536 1197 Heinrich.

262 1283 339 1322 tim
370 1285 518 1321 tamen
549 1277 865 1320 necessitudini
905 1279 995 1317 tam
1025 1276 1134 1317 sim-

262 1343 363 1397 plici
411 1346 542 1394 atque
591 1342 814 1381 innocenti
862 1351 909 1380 se
955 1350 1133 1391 quoque

263 1407 471 1458 adaptare
490 1404 637 1445 studet
652 1416 721 1442 vv.
735 1404 930 1444 Accenclis
950 1403 1034 1441 cet.
1068 1401 1138 1440 Ni-

263 1468 497 1509 hilominus
526 1466 595 1506 vel
629 1467 787 1505 invitus
818 1474 971 1504 rursus
1008 1473 1139 1502 mon—

263 1534 392 1579 strat,
437 1541 483 1569 se
515 1528 606 1569 aliis
639 1538 773 1579 quam
812 1525 937 1566 malis
968 1524 1137 1565 artibus

262 1595 306 1633 in
337 1591 630 1643 expugnando
666 1591 918 1629 Maecenate
951 1587 1012 1626 uti
1050 1597 1139 1625 non

262 1666 409 1707 posse.
446 1676 491 1681 —
527 1654 596 1692 Sic
637 1651 770 1702 habet]
817 1643 968 1699 οὕτως
1012 1643 1137 1696 ἔχει,

265 1730 315 1758 ex
348 1727 554 1757 sermone
585 1713 784 1755 familiari
816 1723 896 1764 pro
925 1712 982 1751 sic
1011 1722 1052 1750 se
1076 1720 1143 1750 res

263 1779 395 1819 habet.
432 1801 477 1806 —
508 1775 717 1827 Accendis]
760 1785 922 1825 «auges
962 1772 1142 1813 deside-

266 1843 400 1888 rium,
425 1851 527 1879 cur»
548 1841 630 1879 cet.
656 1859 699 1865 —
719 1837 953 1888 Promittas]
980 1846 1141 1886 «quam

266 1904 456 1944 maxime
480 1900 744 1942 familiaris.»
777 1897 989 1939 Malitiose
1012 1900 1143 1949 poeta

266 1964 583 2018 superlativum
622 1964 661 2003 ei
701 1961 872 2009 tribuit3
915 1971 1018 2000 nam
1057 1960 1144 1999 hoc

268 2029 413 2080 ipsum
442 2024 620 2065 volebat
657 2025 816 2072 homo,
863 2034 963 2063 sese
1002 2021 1144 2073 appli-

269 2101 369 2130 care
402 2087 664 2135 Maecenati,
711 2085 840 2133 alios,
887 2085 961 2135 qui
996 2084 1143 2122 minus

268 2153 351 2203 ipsi
394 2150 649 2204 placerent,
700 2147 912 2200 paulatim
956 2146 1145 2186 submo-

269 2225 390 2254 vere.
426 2236 473 2241 —
502 2212 616 2263 Velis]
651 2212 739 2251 Cur
768 2221 848 2262 pro
880 2208 1144 2260 imperativo

270 2277 414 2327 potius
463 2285 596 2325 quam
642 2284 722 2325 pro
771 2272 1028 2312 condicione
1076 2269 1146 2309 «si

268 2338 402 2379 velis»
432 2337 701 2384 habeamus,
735 2333 932 2374 nondum
956 2333 1060 2373 satis
1080 2332 1147 2371 vi-

270 2401 369 2441 deo.
403 2401 600 2451 Propert.
633 2398 683 2446 4,
725 2399 773 2447 5,
818 2397 864 2436 9:
917 2397 996 2435 Illa
1026 2395 1144 2445 velit,

264 2464 418 2514 poterit
458 2472 628 2512 1111191103
670 2472 752 2500 non
792 2461 939 2499 ducere
968 2459 1144 2510 ferrum.

271 2527 419 2566 Horat.
466 2525 573 2575 Epp.
617 2524 665 2571 1,
715 2522 787 2571 16,
835 2521 911 2561 54:
962 2521 1025 2561 Sit
1061 2531 1149 2570 spes

269 2587 467 2638 fallendi,
528 2585 709 2624 miscebis
764 2595 892 2623 sacra
939 2582 1145 2634 profanis,

274 2651 552 2698 Quamquam
597 2656 755 2686 sensus
804 2645 923 2685 idem
969 2654 1149 2695 semper

274 2711 376 2750 erit:
414 2708 618 2755 «Sufficit,
642 2710 688 2746 ut
709 2706 843 2748 velis»
867 2709 950 2746 cet.
972 2728 1020 2735 —
1040 2716 1148 2755 quae

274 2777 347 2812 tua
388 2770 532 2821 virtus]
575 2781 653 2809 «ea
694 2770 813 2809 enim
852 2771 918 2809 est
948 2771 1020 2808 tua
1060 2769 1150 2806 vir-

274 2838 396 2880 tus;»
439 2844 545 2884 «pro
576 2833 734 2872 virtute
772 2835 843 2872 tua
875 2843 926 2871 ac
956 2831 1151 2870 dexteri-

275 2900 407 2936 tate.»
467 2894 625 2945 SulpiC.
660 2894 778 2945 apud
810 2895 898 2934 Cic.
935 2893 990 2933 ad
1028 2895 1146 2933 Fam.

276 2958 324 3006 4,
358 2959 402 3005 5,
437 2957 480 2996 6:
530 2957 599 3005 qui
630 2957 738 2995 illius
769 2960 810 2995 1η
839 2961 875 2996 te
905 2967 1026 2995 amor
1053 2955 1147 3006 fuit.

276 3021 367 3060 Cic.
402 3019 457 3059 ad
501 3019 619 3058 Fam.
657 3019 703 3067 7,
736 3020 780 3066 Ξ,
826 3020 872 3058 1;
925 3020 996 3069 qui
1038 3029 1152 3058 meus

275 3093 396 3121 amor
441 3082 481 3119 in
532 3085 568 3120 te
611 3085 681 3119 est.
734 3104 777 3108 —
823 3081 954 3132 vinci]
1002 3080 1152 3120 Conti-

277 3146 433 3183 nuatur
482 3142 648 3192 figura,
700 3153 812 3193 quae
860 3144 974 3183 inest
1017 3143 1060 3193 111
1107 3153 1148 3181 ν.

275 3205 570 3256 Ερεριιῃηαὸὶες
631 3206 833 3256 proprie:
901 3216 984 3245 «ac
1044 3216 1149 3245 sane

276 3267 395 3307 haud
425 3267 553 3307 nimis
584 3266 818 3306 difficulter
847 3267 1050 3307 homines
1083 3268 1151 3307 di-

279 3341 384 3381 gnos
413 3340 538 3369 suam
569 3328 622 3368 ad
655 3329 893 3369 amicitiam
924 3329 1148 3378 adhibet»,

281 3404 351 3431 «er
379 3393 475 3432 lasst
504 3392 587 3431 sich
614 3392 873 3442 (jeminaeum
933 3393 1147 3432 Perversa

279 3456 450 3495 Dousae
498 3457 540 3494 et
582 3454 818 3494 Heinricbii
864 3454 974 3494 coni.
1022 3455 1153 3504 poscit

1198 1275 1300 1315 inde
1331 1279 1431 1317 nata
1465 1278 1552 1325 est,
1595 1275 1715 1327 quod
1755 1275 2076 1316 sententiarum

1199 1349 1363 1379 nexum
1394 1350 1479 1378 non
1512 1339 1617 1379 satis
1654 1339 1994 1390 perspexerunt.
2028 1357 2072 1365 —

1200 1413 1326 1451 eoque
1362 1402 1466 1451 cet]
1499 1402 1740 1441 «Conscius
1771 1399 1939 1441 scilicet
1967 1410 2078 1440 suae

1201 1462 1414 1503 facilitatis
1438 1464 1692 1512 Maecenas,
1727 1474 1774 1504 50
1794 1462 1865 1502 vel
1894 1463 2079 1503 invitum

1203 1526 1443 1578 expugnari
1472 1536 1603 1577 posse
1636 1525 1691 1564 ab
1724 1525 1939 1577 improbis
1961 1525 2081 1576 flagi-

1202 1588 1440 1636 tatoribus,
1490 1587 1658 1627 aditum
1704 1587 1920 1628 adversus
1967 1586 2077 1628 tales

1202 1649 1476 1699 intercludit,
1509 1650 1702 1699 ianitori,
1735 1649 2078 1699 nomenclatori,

1205 1712 1498 1760 cubiculariO,
1536 1712 1657 1752 duris
1689 1714 1733 1752 et
1762 1713 1953 1753 morosis
1984 1723 2083 1753 ser-

1203 1775 1340 1823 vulis,
1374 1775 1652 1825 mandando,
1685 1787 1741 1815 ne
1768 1786 1904 1827 quem
1925 1776 2005 1816 nisi
2029 1786 2082 1816 ex

1205 1839 1357 1879 intima
1388 1839 1578 1877 amicitia
1599 1839 1656 1878 ad
1677 1849 1725 1878 se
1747 1839 2080 1879 intromittant.»

1204 1903 1358 1942 BENTL.
1409 1900 1547 1951 quue
1586 1901 1698 1941 adeo
1737 1901 1833 1952 ipse
1873 1902 2084 1953 expertus

1207 1966 1303 2004 erat
1340 1964 1542 2004 Horatius
1582 1965 1682 2015 post
1716 1964 1906 2015 primam
1944 1963 2086 2014 Virgi-

1207 2027 1250 2067 lii
1288 2025 1724 2066 commendationem
1754 2037 1871 2065 nono
1902 2025 2083 2065 demum

1208 2100 1363 2130 mense
1394 2089 1507 2128 inter
1536 2088 1800 2128 Maecenatis
1823 2088 1990 2128 amicos
2011 2097 2086 2126 re-

1209 2154 1379 2203 ceptus.
1422 2173 1466 2179 —
1505 2151 1705 2203 Difficiles
1743 2149 2083 2201 aditus-habet]

1211 2214 1334 2255 Conf.
1355 2214 1444 2253 Cic.
1460 2213 1517 2252 ad
1535 2214 1650 2253 Fam.
1668 2212 1733 2261 13,
1749 2213 1815 2253 58:
1841 2213 2086 2254 Commendo

1209 2277 1280 2317 libi
1318 2275 1521 2315 hominem
1542 2298 1565 2303 —
1584 2278 1814 2324 -tantum,
1859 2279 1906 2314 ut
1943 2274 2088 2326 faciles

1210 2340 1266 2379 ad
1295 2342 1332 2378 te
1361 2338 1498 2377 adicus
1527 2337 1688 2377 habeat.
1748 2338 1907 2378 Nostro
1937 2338 2087 2376 autem

1210 2400 1307 2441 loco
1339 2400 1506 2440 aditum
1534 2399 1684 2440 habere
1714 2401 1781 2441 est
1817 2399 1937 2440 idem
1967 2398 2088 2450 quod

1214 2462 1503 2516 «praebere.»

1265 2525 1412 2565 56-60.
1435 2525 1559 2564 Haud
1577 2524 1677 2563 mihi
1698 2524 1831 2574 deero]
1856 2523 1978 2564 Conf.
1998 2524 2084 2563 Sat.

1211 2588 1260 2636 2,
1309 2587 1357 2635 1,
1405 2587 1471 2626 17.
1541 2586 1710 2626 Eadem
1757 2586 1972 2636 synizesis
2021 2587 2090 2626 est

1213 2649 1347 2688 etiam
1377 2649 1464 2687 Sat.
1487 2648 1533 2697 2,
1567 2648 1613 2697 2,
1647 2647 1714 2686 98.
1761 2670 1806 2675 —
1847 2647 2090 2687 Muneribus

1213 2710 1314 2762 cet.]
1354 2711 1495 2750 Homo
1524 2710 1687 2750 suimet
1723 2707 1966 2748 admirator
1995 2708 2090 2759 glo-

1212 2774 1349 2812 riatur
1369 2783 1416 2812 se
1439 2772 1606 2822 optime
1629 2769 1789 2811 callere
1811 2781 1968 2811 omnes
1996 2770 2089 2812 illas

1214 2837 1355 2883 artes,
1394 2833 1554 2884 quibus
1583 2834 1762 2885 parasiti
1794 2834 1837 2872 et
1867 2832 2090 2875 ambitiosi

1214 2899 1410 2948 irrepere
1460 2895 1663 2936 solebant
1711 2897 1754 2935 in
1802 2894 2089 2947 locupletium

1215 2960 1388 3000 domus.
1424 2979 1471 2987 —
1503 2959 1723 3008 Exclasus]
1763 2957 1886 2998 Conf.
1920 2958 2006 2998 Sat.
2041 2959 2085 3008 1,

1214 3022 1263 3069 2,
1297 3021 1363 3060 67.
1406 3021 1452 3069 Ξ,
1486 3020 1534 3069 3,
1568 3019 1662 3061 264.
1690 3042 1734 3048 ——
1759 3019 1959 3071 tempora]
1989 3031 2092 3072 «op-

1216 3083 1423 3134 portuna,
1449 3093 1552 3122 cum
1573 3082 1627 3122 ab
1651 3082 1770 3122 omni
1790 3080 1991 3122 molestia
2011 3088 2091 3119 va-

1216 3154 1326 3184 cuus
1364 3145 1445 3184 erit
1483 3145 1659 3195 otioque
1698 3144 1909 3183 fruetur.»
1956 3164 2003 3171 —
2048 3141 2092 3179 in

1214 3207 1359 3255 triviis]
1398 3205 1473 3245 ubi
1509 3209 1692 3257 propter
1727 3205 1958 3244 hominum
1997 3204 2093 3242 tur-

1213 3268 1318 3308 bam
1349 3269 1492 3308 minus
1514 3267 1638 3308 facile
1661 3267 1910 3307 devitantur
1931 3276 2093 3306 occur-

1213 3332 1377 3370 rentes.
1417 3353 1462 3359 —
1494 3330 1708 3381 deducam]
1743 3328 1843 3369 «ubi
1874 3339 1927 3368 ex
1953 3328 2089 3368 domo

1215 3394 1258 3432 in
1289 3393 1431 3433 forum
1464 3393 1733 3442 descendet,
1781 3392 1877 3431 eius
1919 3390 2094 3432 comiti-

1215 3454 1298 3495 bus
1331 3466 1401 3495 me
1425 3455 1704 3506 adiungam.»
1766 3454 1856 3495 Cic.
1881 3453 1938 3497 ad
1967 3454 2087 3494 Fam.
