2231 3787
301 270 401 324 692

1106 269 1317 310 liORATlI

372 401 615 472 Denique
657 401 724 454 sit
761 399 974 472 quidvis
1015 398 1239 469 simplex
1278 398 1551 450 dumtaxat
1588 405 1640 450 ct
1679 413 1859 448 unum.

372 503 597 556 Maxima
636 520 759 573 pars
799 509 1003 561 vatum,
1047 508 1197 570 pater
1236 507 1288 552 et
1327 499 1548 552 iuvenes
1589 505 1737 568 patre
1778 497 1951 568 digni,

373 605 681 675 Decipimur
719 603 900 673 specio
941 601 1094 654 recti:
1138 599 1317 653 brevis
1357 616 1479 653 esse
1519 598 1731 660 labore,

372 706 651 760 Obscurus
691 705 784 767 fio,
827 710 1119 756 sectantem
1159 700 1296 755 levia
1336 700 1484 754 nervi

410 871 476 911 ⁶23.
511 872 562 910 sit
591 880 679 909 om.
704 870 751 909 B.
780 889 823 896 —
850 869 959 919 quod
978 868 1039 906 ris
1068 866 1180 915 BbT,
1216 867 1315 906 LCt.

866 931 932 970 25.
966 930 1066 968 recti
1094 929 1224 978 specie
1245 929 1290 967 T.
1319 950 1361 955 —
1395 928 1461 967 ⁶36.
1487 927 1595 966 levia
1616 927 1757 975 BbST,
1784 928 1923 968 LCtF:
1955 928 2066 967 lenia

353 944 466 972 unus
487 933 593 972 Ach.
619 932 770 981 Statii.)
798 955 841 959 --

1355 867 1530 917 (quidvis
1557 866 1688 906 etiam
1718 865 1856 906 Codd.
1891 877 1991 905 οσω
2023 867 2065 906 et

354 995 472 1045 Regii
505 994 612 1043 duo,
647 1006 670 1033 e
694 993 857 1034 Codice
879 991 1055 1032 Achillis
1086 991 1205 1031 Statii
1236 989 1457 1030 Bentleius
1489 992 1532 1030 et
1560 991 1613 1032 M.
1651 989 1886 1041 (Bentleius
1916 992 2065 1030 tamen

299 1139 398 1177 haec
429 1147 533 1175 rara
563 1135 653 1173 avis
691 1138 766 1181 est,
818 1133 851 1171 si
895 1133 993 1181 quid
1040 1136 1179 1171 tamen

299 1200 439 1250 aptius
459 1198 568 1245 exit,
600 1196 791 1236 Laudari
810 1199 1005 1234 inclitam.
1030 1218 1075 1222 -—
1100 1195 1180 1233 De-

298 1261 434 1312 nique]
479 1259 567 1299 «Ad
609 1269 897 1306 summam,»
946 1258 1026 1296 «ut
1063 1267 1176 1306 quae

300 1325 385 1364 dixi
419 1322 545 1362 brevi
577 1319 892 1372 complectar.»
925 1342 968 1347 —
1002 1319 1177 1370 quidvis]

301 1386 627 1438 «quodcunque
659 1387 842 1434 poema;
885 1382 1009 1421 cuius
1040 1392 1178 1432 gene-

300 1449 384 1495 ris,
418 1457 535 1487 nunc
566 1444 670 1484 nihil
701 1445 881 1484 refert.»
932 1444 1069 1483 Nimis
1110 1446 1178 1483 in-

300 1510 472 1549 finitum
503 1506 678 1547 videtur
699 1506 891 1556 quodvis,
926 1508 969 1545 et
990 1507 1098 1555 qaod
1120 1506 1179 1545 ris

299 1582 482 1624 prorsus
514 1570 828 1610 inconcinnum
860 1580 941 1608 nec
972 1568 1078 1608 satis
1100 1570 1178 1608 La-

300 1635 440 1673 tinum
463 1643 564 1684 pro:
605 1632 752 1682 «quod
774 1641 1044 1682 componere
1066 1631 1173 1670 vis.»

310 1719 348 1725 --
370 1696 547 1745 simplex
567 1693 804 1745 dumtaxat]
839 1694 952 1733 «Nisi
974 1692 1066 1733 aliis
1085 1693 1177 1732 vir-

299 1758 487 1805 tutibus,
540 1759 660 1796 certe
711 1757 796 1796 hac
833 1757 887 1795 sit
925 1755 1175 1806 praeditum

299 1819 634 1871 simplicitatis.»
659 1820 778 1858 HAND
799 1820 924 1858 Turs.
944 1819 994 1857 ΙΙ.
1015 1829 1057 1869 p.
1080 1817 1173 1858 336.

299 1883 375 1923 Est
404 1884 554 1922 autem
588 1881 788 1931 simplex,
839 1880 988 1920 «cuius
1025 1881 1176 1931 singu-

298 1944 366 1985 lae
397 1946 545 1996 partes
577 1943 659 1983 sibi
694 1954 782 1982 non
818 1945 1089 1994 repugnant,
1130 1944 1178 1981 ut

298 2005 437 2046 altera
481 2004 608 2045 alteri
652 2004 767 2045 obsit
807 2015 962 2044 eamve
1005 2002 1174 2051 tollat3»

297 2067 388 2117 vei,
426 2068 463 2108 si
503 2069 664 2116 mavis,
703 2069 750 2106 ut
781 2065 1012 2117 explicavit
1045 2068 1178 2105 Lam—

297 2131 448 2171 binus:
494 2142 606 2170 «non
639 2141 691 2169 ex
721 2128 921 2180 partibus
952 2127 1177 2168 dissimili-

298 2193 382 2233 bus
401 2193 740 2244 compositum.»
765 2191 973 2231 Ceterum
997 2190 1050 2229 cf.
1066 2188 1173 2229 Plat.

297 2254 485 2295 Phaedr.
508 2265 550 2305 p.
575 2252 669 2293 ⁶264.
696 2253 742 2292 C.
768 2253 810 2291 in
840 2253 1039 2292 Excursu
1070 2253 1100 2290 I.
1129 2274 1173 2279 —

295 2317 438 2368 unum]
456 2327 567 2356 «una
584 2315 726 2355 forma
744 2315 995 2365 organicam
1015 2306 1176 2371 ὥσπερ

297 2375 414 2433 ζῴον
439 2375 488 2417 ἓν
512 2372 641 2418 ὅλον.
683 2377 860 2417 Aristot.
893 2378 1013 2416 Poet.
1036 2377 1110 2425 23,
1135 2378 1171 2416 4.

351 2443 417 2482 25.
443 2442 510 2481 27.
553 2440 798 2490 Decipimw·
823 2438 925 2490 cet]
957 2440 1048 2478 Iam
1070 2440 1172 2478 vitia

297 2505 415 2544 omni
444 2504 593 2555 poesis
624 2502 776 2552 generi
815 2501 1090 2549 communia,
1132 2501 1175 2541 in

298 2577 409 2618 quae
441 2567 599 2617 poetae
633 2563 756 2604 facile
779 2564 1028 2612 incurrant,
1063 2574 1176 2603 enu-

298 2630 463 2678 merat,
511 2639 562 2668 ac
601 2638 649 2667 se
689 2637 867 2678 quoque
899 2626 942 2665 in
974 2636 1175 2666 errorem

295 2690 492 2730 incidere
523 2700 655 2742 posse
686 2689 875 2739 ingenue
907 2687 1080 2727 fatetur.
1127 2711 1171 2716 ——

295 2754 425 2804 specie
466 2752 581 2804 recti]
630 2751 698 2791 «id
744 2750 862 2802 quod
913 2752 1086 2790 rectum
1131 2752 1175 2789 et

297 2827 403 2856 vere
434 2814 669 2866 pulchrum
702 2813 830 2853 nobis
852 2824 986 2864 saepe
1019 2814 1176 2853 imme-

299 2880 380 2918 rito
411 2878 604 2926 ridetur,
639 2877 768 2916 unice
801 2878 1041 2925 sectantes,
1075 2887 1175 2927 pro-

299 2942 452 2993 pterea
483 2939 603 2989 quod
634 2938 688 2978 ab
713 2949 764 2978 eo
797 2939 837 2977 in
870 2949 1070 2978 errorem
1093 2937 1174 2978 de-

300 3002 529 3047 ducimur,
574 3000 691 3039 haud
721 3011 822 3039 raro
863 3001 903 3039 in
934 3001 1035 3038 vitia
1065 3000 1175 3038 inci-

301 3064 489 3104 dimus.»
529 3064 769 3111 Postquam
790 3062 1050 3113 primarium
1072 3060 1175 3101 illud

300 3125 592 3178 praeceptum
624 3122 678 3162 de
710 3124 856 3174 operis
888 3123 1054 3163 unitate
1076 3133 1179 3162 con-

303 3185 522 3227 stItuenda
569 3187 609 3224 et
660 3184 874 3224 serxanda
926 3184 1067 3232 dedit,
1121 3185 1177 3224 ad

304 3247 387 3290 stili
431 3250 575 3287 artem
620 3247 786 3286 transit.
824 3269 867 3274 —-
900 3246 1033 3285 bievis
1076 3247 1176 3298 cet]

306 3308 480 3358 Quintil.
516 3309 562 3357 8,
597 3308 640 3356 3,
675 3309 748 3348 82:
795 3308 880 3347 Hoc
919 3305 1177 3364 (βραχυλο-

306 3370 429 3423 γίαν)
461 3371 567 3410 male
596 3371 802 3410 imitantes
831 3370 1017 3419 sequitur
1041 3370 1180 3409 obseu-

307 3434 423 3472 ritas.
462 3455 504 3460 —
537 3432 659 3484 levia]
692 3433 785 3472 Hoc
815 3433 1058 3482 agnoscunt
1091 3433 1179 3472 iam

307 3494 576 3535 Scholiastae
599 3496 890 3546 exponentes:
918 3492 1180 3546 “splenden-

1242 1131 1342 1170 tia.»
1407 1132 1593 1170 Secutus
1637 1132 1787 1170 autem
1832 1141 1932 1171 sum
1976 1129 2116 1170 Codd.

1242 1204 1390 1242 meos,
1434 1195 1482 1233 ut
1519 1192 1621 1232 fecit
1655 1191 1880 1232 Bentleius
1917 1193 1960 1232 in
1992 1192 2119 1232 Curis

1241 1256 1426 1304 noviss.;
1459 1266 1563 1294 nam
1594 1256 1638 1294 in
1667 1255 1734 1295 his
1765 1253 1941 1295 duobus
1972 1265 2042 1294 vv.
2067 1254 2121 1294 le-

1239 1319 1304 1358 nis
1333 1320 1376 1358 et
1414 1318 1510 1358 levis
1546 1316 1760 1357 librorum
1790 1317 2120 1368 praestantissi-

1240 1392 1418 1421 morum
1449 1381 1688 1420 auctoritas
1718 1378 1960 1431 plurimum
1984 1378 2116 1419 valet.

1240 1446 1475 1485 Praeterea
1517 1446 1560 1485 et
1599 1444 1753 1484 Graeci
1784 1445 1827 1484 et
1865 1444 2002 1484 Latini
2031 1440 2120 1496 τὴν

1239 1503 1485 1558 λειότητα,
1518 1507 1749 1555 levitatem,
1783 1517 1873 1546 non
1893 1505 2039 1546 solum
2059 1503 2116 1563 τῇ

1239 1565 1522 1625 τραχύτητι,
1569 1569 1810 1618 asperitati,
1858 1567 1938 1608 sed
1983 1568 2119 1608 etiam

1239 1629 1295 1690 τῇ
1327 1627 1588 1684 δεινότητι,
1636 1626 1700 1684 τῷ
1740 1627 1989 1683 παθητικῷ
2036 1630 2119 1671 καὶ

1239 1690 1465 1747 ἐμψύχῳ,
1495 1694 1661 1742 animis,
1688 1693 1846 1742 nervis,
1864 1692 2023 1732 viribus
2043 1704 2120 1745 op-

1237 1758 1421 1808 ponunt,
1454 1758 1502 1795 ut
1523 1754 1698 1804 Quintil.
1723 1755 1762 1804 8,
1787 1755 1826 1804 3,
1851 1756 1897 1795 6:
1931 1766 2006 1795 nec
2026 1757 2120 1806 effe-

1237 1820 1443 1859 minatam
1473 1819 1679 1858 levitatem
1697 1840 1715 1846 —
1731 1840 1750 1847 -
1768 1822 1892 1867 amet,
1917 1819 2120 1870 sanquine

1238 1885 1275 1920 et
1302 1881 1460 1919 viribus
1488 1880 1632 1919 niteat.
1685 1880 1810 1920 Idem
1842 1880 1915 1930 40,
1959 1881 2007 1929 4,
2048 1882 2114 1920 52.

1240 1942 1430 1984 Hesiodo
1468 1942 1622 1982 tribuit
1657 1943 1863 1982 levitatem
1898 1943 2120 1983 verboru-m

1240 2010 1277 2045 et
1297 2005 1601 2055 compositionis
1623 2004 1898 2055 probabilem.
1932 2005 2115 2056 Dionys.

1240 2067 1375 2108 Halic.
1403 2067 1458 2107 de
1488 2068 1593 2106 vett.
1633 2067 1802 2118 scriptt.
1837 2077 2028 2107 censura
2064 2068 2115 2116 2,

1239 2131 1285 2170 2·
1323 2123 1544 2178 Ησίοδος
1581 2127 1671 2199 ,ξιὲν
1710 2125 1801 2186 γὰρ
1836 2125 2118 2186 ἐφρόντισεν

1240 2185 1419 2244 ηὸονῆς
1458 2190 1541 2230 καὶ
1580 2187 1834 2243 ὀνομάτων
1873 2189 1920 2231 λε
1902 2188 2118 2244 ειότητος

1240 2255 1320 2294 καὶ
1358 2253 1564 2294 συνθέσε
1544 2266 1631 2303 cmg
1669 2252 1788 2306 ἑιιαε
1775 2248 1933 2304 λοῦς’
1975 2248 2118 2294 Ἀντί-

1238 2329 1399 2370 μαχος
1429 2314 1467 2355 δ’
1499 2311 1720 2366 εὐτονίας
1748 2317 1828 2356 καὶ
1863 2311 2118 2370 ἀγωνιστι-

1238 2377 1328 2432 κῆς
1347 2376 1643 2436 τραχύτητος
1664 2379 1747 2418 καὶ
1766 2375 1851 2420 τοῦ
1869 2375 2117 2431 συνήθους

1238 2439 1324 2494 τῆς
1364 2439 1642 2495 ἐξαλλαγῆς.
1703 2443 1901 2482 Demetr.
1940 2441 2112 2482 Phaler.

1238 2517 1280 2557 p.
1317 2503 1419 2544 440:
1459 2498 1646 2554 Ὅλωςῆ
1633 2499 1725 2560 γὰρ
1755 2518 1784 2556 η
1817 2500 2004 2557 λειότης
2033 2504 2114 2543 καὶ

1238 2562 1294 2607 τὸ
1334 2560 1542 2618 εὐήκοον
1571 2562 1938 2624 γλαφυρότητος
1975 2563 2113 2613 ι’διον,

1240 2623 1295 2669 οὗ
1327 2625 1600 2681 δεινότητός
1630 2627 1773 2669 ἐστιν.
1820 2631 1903 2669 Pro
1926 2627 2114 2668 lectione

1237 2691 1348 2731 lenia
1377 2690 1568 2731 afferunt
1597 2691 1685 2731 Cic.
1710 2692 1830 2730 Brut.
1855 2689 1928 2731 48.
1970 2690 2117 2730 lenitas

1238 2754 1324 2793 eius
1355 2753 1417 2803 (C.
1442 2751 1534 2792 Iulii
1554 2754 1601 2792 L.
1626 2752 1686 2802 F.)
1717 2753 1805 2791 sine
1823 2752 1978 2791 nervis.
2022 2752 2115 2802 (Ac-

1239 2815 1356 2856 cedit
1395 2815 1437 2853 h.
1474 2813 1520 2863 l.,
1567 2813 1687 2864 quod
1728 2812 1919 2862 librarii,
1966 2815 2041 2866 qui
2070 2826 2111 2854 v.

1236 2879 1366 2925 levia,
1408 2874 1536 2924 λεῖα,
1580 2876 1723 2927 prima
1753 2875 1849 2926 syll.
1879 2874 2006 2928 longa
2045 2877 2114 2917 vix

1238 2939 1554 2990 intelligerent,
1612 2939 1718 2978 levia
1774 2940 1924 2979 autem
1970 2939 2114 2991 prima

1238 3002 1363 3041 brevi
1394 3002 1464 3041 hic
1496 3000 1644 3042 locum
1676 3013 1763 3042 non
1795 3001 1964 3042 habere
1993 3001 2115 3041 vide-

1239 3065 1362 3112 rent,
1404 3064 1679 3114 corrigerent
1707 3064 1830 3103 ienia.
1881 3065 1936 3103 At
1969 3063 2116 3103 lenitas

1240 3127 1327 3165 iam
1357 3137 1439 3177 per
1469 3137 1516 3166 se
1549 3125 1740 3166 excludit
1767 3137 1914 3166 nervos
1942 3127 1984 3166 et
2018 3125 2116 3165 ani-

1238 3199 1346 3236 mos;
1394 3188 1502 3227 levia
1547 3190 1698 3229 contra
1743 3189 1844 3228 sunt
1886 3186 2031 3227 mollia
2071 3188 2116 3227 et

1239 3251 1354 3290 bene
1404 3249 1582 3290 fluentia
1629 3249 1792 3290 nullam
1836 3248 2114 3302 operositatis

1241 3312 1440 3363 speciem
1462 3310 1529 3352 vel
1557 3312 1743 3351 nimium
1762 3309 1892 3351 limae
1912 3309 2115 3350 laborem

1240 3383 1347 3424 prae
1393 3382 1440 3413 se
1486 3372 1692 3421 ferentia,
1739 3372 1795 3412 ad
1833 3382 1947 3423 quae
1977 3371 2115 3423 perfi-

1242 3433 1398 3473 cienda
1411 3436 1560 3474 tamen
1580 3435 1727 3474 nervis
1743 3434 1989 3485 animisque
2002 3444 2114 3486 opus

1242 3496 1308 3535 sit.
1362 3496 1424 3536 Cf.
1451 3496 1648 3536 Iahnium
1679 3498 1722 3536 et
1752 3495 1880 3536 iacob
1912 3496 2109 3544 Quaestt.
