2231 3787
255 219 354 270 766

1054 217 1266 258 HORATII

316 349 402 402 Sic
443 347 593 403 mihi.
635 348 726 417 qui
766 346 988 399 multum
1028 356 1229 402 cessat.
1271 346 1327 398 tit
1364 343 1642 399 Choerilus
1685 344 1798 403 ille,

316 451 489 513 Quem
531 448 612 501 bis
652 458 799 502 terve
840 448 1038 501 bonum
1077 465 1201 500 cum
1241 446 1351 498 risu
1392 445 1580 509 miror3
1622 454 1675 498 et
1714 445 1854 499 idem

320 550 594 621 indignor.
636 549 964 620 quandoque
1006 548 1185 601 bonus
1224 546 1476 599 dormitat
1512 547 1793 599 Homerus.

319 653 512 704 Verum
553 652 704 721 operi
746 649 904 720 longo
944 649 1021 702 sas
1055 657 1145 717 ‚est
1182 646 1450 717 obrepere
1490 664 1753 700 somnum.

359 786 451 825 357.
486 786 553 824 Sic
583 783 756 822 multum
786 783 882 821 ηιίΙη·
912 783 983 831 qui
1014 783 1059 822 B.
1089 805 1130 809 —
1168 781 1374 821 Clioerilos
1402 780 1639 820 Bentleius.

305 848 376 896 bis]
411 847 600 896 Quemvis
630 847 675 885 B.
714 866 755 872 —
793 849 933 895 terque
962 843 1137 888 bSTcd‚
1183 843 1307 883 LCtJ.

302 911 465 959 cliynor.
515 909 769 957 Quandoque
799 907 926 946 bonus
955 907 1153 946 dormitat
1190 907 1418 945 Homerus:

1961 645 2065 698 360

1677 803 1720 809 —
1753 779 1846 820 358.
1882 781 2011 830 Quem

1353 845 1477 893 (terre
1506 843 1552 890 B,
1588 843 1645 893 τ.)
1671 865 1717 870 -
1739 846 1777 882 et
1805 843 1913 882 idem
1939 842 2012 881 In-

1475 907 1620 945 l'erum
1660 906 1719 956 (Τ)
1759 905 1927 945 Gouod.
1965 926 2008 932 —

302 971 395 1010 360.
429 981 550 1020 opere
581 971 619 1008 in
651 969 773 1020 Ionyo
803 968 882 1012 bT,
917 982 959 1014 κ,
992 969 1076 1008 LCt
1110 968 1211 1017 (non
1241 966 1362 1007 BScd
1393 967 1655 1018 Cruquiani,
1686 964 1721 1014 β
1749 968 1795 1006 et
1821 977 1888 1018 pr.
1921 966 1979 1019 y).

251 1079 406 1132 pollice
452 1078 672 1129 tangenda
714 1077 905 1117 eundem
948 1087 1129 1129 semper

251 1152 450 1181 errorem
482 1142 767 1180 committit:»
797 1140 1014 1190 sehlyreift.

303 1202 503 1242 357-360.
542 1203 715 1241 nanuum
745 1201 889 1253 cessat]
921 1204 1128 1253 «propter

250 1265 557 1316 negligentiam
590 1265 733 1305 officio
765 1276 845 1305 suo
880 1275 966 1304 non
998 1265 1129 1304 satis-

251 1330 401 1373 fac-itm
432 1331 477 1367 ut
508 1329 616 1379 Epp.
642 1328 689 1367 ἱ).
723 1328 771 1373 Ξ,
797 1326 869 1367 ⁴4:
905 1327 1036 1366 Semel
1064 1327 1128 1365 hic

248 1392 436 1430 cessavit.
470 1413 509 1418 ——
544 1389 766 1440 Choerilus]
801 1388 863 1429 Ct'.
888 1389 996 1440 Epp.
1018 1390 1061 1437 Ξ,
1086 1390 1124 1438 4,

252 1453 327 1493 Ξ3Ξ
346 1464 444 1504 sqq.
480 1451 760 1498 «Choerilus,
786 1451 860 1502 qui
882 1454 1004 1501 gesta
1024 1450 1129 1491 Ale-

249 1514 405 1554 xandri
443 1513 703 1554 describens
744 1516 920 1565 septem
955 1516 1126 1552 tantum

250 1587 407 1617 versus
437 1575 680 1616 laudabiles
710 1575 833 1618 fecit:
852 1597 916 1605 -—
936 1577 1006 1615 cui
1026 1574 1129 1615 Ale-

250 1638 418 1679 xander
434 1638 572 1678 fertur
587 1639 763 1685 dixisse,
783 1637 912 1678 malle
929 1648 977 1678 se
995 1637 1129 1677 Ther-

249 1702 362 1740 siten
378 1701 558 1741 Homeri
575 1712 675 1741 esse
693 1712 827 1752 quam
843 1702 973 1741 huius
989 1699 1131 1740 Achil—

249 1762 352 1802 lem.
386 1762 637 1802 Alexander
667 1766 816 1802 autem
847 1766 1002 1814 pactus
1027 1773 1129 1802 cum

249 1834 326 1867 eo.
371 1824 419 1860 ut
455 1823 491 1860 si
528 1821 697 1860 bonum
734 1824 902 1861 faceret
928 1835 1126 1869 versum,

248 1893 384 1922 aureo
406 1883 672 1922 numismate
695 1881 958 1930 donaretur,
982 1883 1017 1922 si
1039 1893 1131 1922 ma-

249 1944 362 1990 lum,
389 1943 823 1995 colapho-feriretur:
857 1945 932 1995 qui
952 1946 1130 1996 saepius

251 2004 366 2045 male
416 2005 654 2046 scribendo
703 2005 900 2057 colaphis
944 2010 1129 2046 necatus

251 2070 361 2107 est.»
395 2067 533 2107 Comi.
559 2068 688 2113 Caco.
752 2067 837 2107 Sed
868 2067 923 2107 de
955 2067 1131 2109 insulsis

251 2131 319 2170 his
341 2128 686 2169 Scholiastarum
717 2129 1054 2170 narratiunculis
1084 2134 1131 2170 tu

251 2190 404 2231 confer
428 2191 579 2231 Naekii
601 2190 853 2231 Choerilum
876 2203 918 2243 p.
942 2192 1007 2232 36.
1034 2193 1127 2233 ⁶206.

251 2253 346 2293 207.
380 2253 590 2293 Ceterum
608 2252 837 2294 Choerilus
855 2266 879 2294 a
897 2256 1132 2294 Gramma-

252 2316 346 2355 ticis
379 2316 568 2355 Homero
598 2314 809 2355 tralaticio
830 2318 957 2368 quasi
977 2328 1131 2357 exem-

252 2376 324 2429 plo
346 2378 576 2429 oppositus
599 2388 698 2418 esse
720 2378 909 2418 videtur.
958 2381 1027 2420 Sic
1049 2380 1131 2419 eti-

252 2450 324 2479 am
345 2440 547 2479 Hermias
565 2439 618 2478 ad
639 2438 743 2480 Plat.
762 2440 950 2481 Phaedr.
970 2452 1014 2492 p.
1030 2442 1127 2480 ⁴12:

254 2502 308 2543 Τι’
350 2497 440 2558 γὰρ
488 2495 661 2553 ὅμοιον
705 2497 735 2554 ἡ
772 2501 1006 2560 Χοιοίὶου
1050 2504 1129 2543 καὶ

254 2559 571 2615 Καὶλιιιάχοι,
635 2564 830 2616 ποίησις
879 2560 999 2622 ,τοὺς
1045 2561 1132 2616 τὴν

249 2623 459 2684 Οαήοου
491 2627 571 2666 καὶ
601 2623 874 2683 Πιιόάοου,·
919 2649 963 2655 -
1007 2628 1130 2677 terve]

255 2669 365 2738 Quid
388 2689 559 2728 intersit
579 2689 692 2728 inter
714 2665 925 2728 formulas
946 2689 1006 2728 bis
1025 2694 1135 2729 terve

255 2755 295 2791 et
327 2751 386 2790 bis
413 2756 569 2800 terque,
604 2749 805 2790 facillime
835 2752 1134 2802 persentisces

256 2812 411 2852 collato
442 2824 483 2851 κ’.
518 2812 611 2852 440.
646 2812 709 2852 Cf.
744 2813 881 2864 Epod.
905 2815 950 2862 ὃ,
982 2813 1048 2854 33.
1086 2837 1131 2842 -

256 2876 454 2926 Indignor
471 2874 572 2926 cet]
592 2877 871 2925 «Aeger-rime
895 2876 1001 2916 item
1022 2876 1132 2923 fero,

258 2936 616 2987 quandocunque
661 2938 704 2976 in
745 2938 939 2977 Homero
979 2937 1134 2976 vitium

259 2998 438 3049 aliquod
458 2997 762 3038 animadverto
777 3030 787 3047 ,
819 2999 921 3050 quia
943 3009 1046 3038 eum
1066 2999 1135 3038 his

257 3070 440 3112 prorsus
470 3062 728 3110 exemptum
749 3070 980 3110 cuperem.
1011 3062 1136 3100 Atta-

258 3134 359 3162 men
393 3124 449 3161 ita
471 3122 715 3161 Homerum
742 3132 919 3162 mecum
940 3123 1035 3173 ipse
1056 3133 1135 3161 ex-

258 3195 364 3224 cuso
379 3216 389 3233 ,
413 3185 610 3234 cogitans
631 3183 886 3223 mirandum
906 3195 994 3223 non
1016 3193 1131 3230 esse,

257 3246 293 3285 si
324 3244 391 3285 vel
436 3255 640 3285 summus
673 3248 805 3297 poeta
842 3246 884 3285 in
916 3247 1134 3297 poematis

257 3310 348 3347 tam
377 3306 517 3358 longis
536 3307 775 3356 interdum,
798 3306 879 3348 sed
899 3318 1016 3353 raro,
1041 3318 1137 3348 ces-

258 3372 367 3408 set.»
402 3368 543 3418 (Clrici
571 3370 725 3421 yriech.
748 3369 896 3410 Poesie.
919 3370 951 3409 1.
973 3379 1017 3420 p.
1041 3368 1131 3410 494.

258 3430 325 3469 his
356 3429 504 3471 verbis
535 3430 787 3472 tarditatem
808 3431 1069 3472 narrationis
1091 3432 1134 3471 in

1192 1076 1391 1126 Odyssea
1423 1075 1742 1128 posterioribus
1770 1075 1989 1116 aetatibus
2009 1076 2071 1114 in-

1191 1138 1369 1178 terdum
1400 1137 1635 1178 molestam
1673 1137 1941 1188 reprehendi
1971 1137 2070 1188 opi-

1192 1202 1335 1239 natur.
1391 1200 1479 1250 Ego
1518 1200 1663 1251 potius
1704 1198 1850 1238 refero
1880 1199 1937 1239 ad
1965 1195 2070 1238 δια-

1191 1262 1378 1311 φωνίας
1409 1272 1461 1301 ac
1492 1262 1627 1301 miras
1658 1259 1750 1301 illas
1772 1259 2067 1309 difficultates,

1192 1334 1305 1375 quae
1328 1321 1497 1364 λύσεσι
1525 1323 1789 1374 praesertim
1813 1322 2071 1362 Alexandri-

1191 1396 1350 1426 norum
1390 1386 1606 1436 originem
1645 1384 1890 1433 dederunt,
1936 1387 2071 1436 atque.

1191 1448 1248 1487 ad
1270 1459 1322 1487 ea
1347 1448 1517 1495 omnia,
1550 1457 1665 1498 quae
1687 1449 1871 1498 propter
1891 1447 2071 1487 nimiam

1192 1509 1363 1551 scilicet
1405 1508 1734 1561 simplicitatem
1778 1507 1847 1549 vel
1890 1510 2075 1560 propter

1194 1583 1372 1612 morum
1401 1583 1454 1612 ac
1483 1570 1703 1612 sentiendi
1728 1570 2072 1622 discrepantiam

1194 1633 1486 1686 displicebant
1516 1632 1821 1673 Alexandrinis
1846 1635 1892 1673 et
1908 1633 2074 1673 Roma—

1194 1698 1260 1736 nis
1290 1697 1452 1736 horum
1482 1695 1692 1735 iudicium
1721 1694 1987 1747 plerumque
2004 1704 2075 1735 se-

1193 1759 1320 1799 cutis.
1359 1756 1624 1798 Incredibile
1655 1759 1807 1797 autem
1834 1758 1924 1806 est,
1956 1766 2072 1807 quae

1195 1823 1239 1859 et
1266 1818 1410 1871 qualia
1431 1818 1806 1871 reprehenderint
1822 1829 1909 1858 non
1929 1816 2073 1858 solum

1194 1883 1493 1931 grammatici,
1537 1881 1617 1920 sed
1655 1882 1791 1920 etiam
1823 1879 2073 1932 philosophi

1194 1943 1238 1982 in
1269 1942 1476 1986 Homero,
1507 1939 1643 1980 veluti
1663 1939 1949 1980 Philodemus
1969 1940 2075 1997 περὶ

1194 1999 1479 2055 ποιημάτων
1506 2013 1551 2054 p.
1585 2003 1651 2042 47.
1684 2001 1854 2042 Diibn.:
1888 1999 1958 2042 Τὰ
1986 1997 2075 2054 τὴν

1193 2065 1284 2117 αὲν
1313 2062 1542 2105 σύνθεσιν
1577 2058 1754 2112 ἔχοντα
1788 2061 2072 2114 σπουδαίαν,

1195 2124 1281 2181 τὴν
1326 2125 1377 2168 δὲ
1419 2124 1639 2167 διάνοιαν
1681 2121 1949 2166 ἀλλόκοτον
1990 2127 2076 2168 καὶ

1194 2205 1312 2248 :taoc
1299 2189 1402 2240 κβε
1389 2189 1617 2243 βηκυῖαν
1646 2186 1731 2229 τὸν
1763 2186 1930 2230 κοινὸν
1957 2187 2075 2232 νοῦν

1194 2253 1325 2295 zai&
1357 2265 1488 2294 εστιν
1519 2247 1721 2310 ἀχρεῖα,
1766 2249 1987 2320 καθάπερ
2014 2249 2074 2293 τὰ

1194 2313 1507 2369 Κιημῐὸας
1549 2313 1658 2367 μὲν
1701 2311 1903 2372 πρῶτα
1945 2315 2075 2372 περὶ

1193 2375 1486 2436 κνήμῃσιν
1506 2372 2072 2430 ἓ’θηκαν.(1113ᾱ.γ,330.)

1195 2440 1340 2482 Schol.
1371 2439 1485 2491 volg.
1516 2439 1573 2479 ad
1601 2438 1759 2490 Odyss.
1785 2436 1836 2487 λ,
1866 2439 2070 2480 ⁴57-t59:

1189 2497 1299 2543 ,Ωκε
1280 2499 1443 2552 εανός,
1465 2525 1490 2531 -
1509 2524 1534 2531 -
1553 2497 1638 2540 τὸν
1667 2494 1830 2551 οὗπως
1860 2496 1964 2542 ἔστι
1992 2513 2075 2542 πε-

1195 2564 1343 2624 ρῆσαι
1381 2564 1450 2604 He
1453 2560 1534 2615 ’ςὸν
1563 2560 1734 2604 ἐόντα·
1775 2557 2075 2605 Αθετοῦνται

1196 2632 1346 2683 τοεῖς·
1379 2640 1429 2680 γε
1410 2625 1569 2667 ελοιον
1597 2623 1649 2665 δὲ
1678 2621 1848 2675 πεζὸν
1876 2622 2072 2666 ἐόντα.

1198 2689 1387 2731 Lucilius
1426 2690 1534 2728 flav.
1562 2698 1607 2739 p.
1637 2687 1732 2727 332.
1768 2685 1897 2738 (Gerl.
1921 2699 1966 2739 p.
1988 2687 2072 2738 34.)

1198 2763 1252 2792 ex
1269 2751 1433 2791 Nonio:
1454 2761 1574 2789 nemo
1589 2749 1662 2798 qui
1676 2748 1819 2798 culpat
1832 2749 2073 2798 Homerum,

1195 2815 1395 2863 Perpetuo
1435 2811 1578 2861 culpat
1621 2820 1776 2860 neque,
1828 2811 1938 2860 quod
1983 2811 2078 2850 divi

1198 2880 1316 2922 ante,
1354 2874 1501 2924 poesin
1543 2873 1711 2913 Versum
1746 2883 1880 2912 unum
1905 2873 2070 2923 culpat,

1195 2937 1388 2984 verbum,
1438 2935 1716 2985 enthymema,
1767 2935 1917 2976 locum.
1965 2936 2073 2977 Mire

1198 2997 1394 3038 distinxit
1424 2997 1605 3037 Gonod:
1651 3001 1692 3038 et
1724 2997 1834 3037 idem
1859 2998 2072 3049 Indiynor.

1200 3061 1455 3110 Quandoque
1486 3058 1735 3109 (interdum)
1766 3058 1896 3100 bonus
1923 3059 2078 3100 dormo·-

1198 3127 1259 3162 tat
1287 3123 1516 3162 Homerus:
1567 3122 1636 3172 uje
1661 3122 1746 3170 ris,
1779 3123 1828 3171 je
1853 3123 2075 3172 metonae,

1197 3190 1235 3226 et
1264 3196 1315 3225 en
1341 3188 1475 3224 meme
1493 3189 1622 3234 temps
1639 3185 1688 3234 je
1705 3185 1791 3224 suis
1808 3185 1992 3237 indigne.
2020 3185 2078 3226 Le

1198 3247 1312 3286 divin
1340 3245 1518 3286 Homere
1542 3247 1763 3287 sommeille
1780 3246 2076 3298 qwlquorois.»

1200 3311 1414 3350 Provocat
1450 3310 1601 3349 autem
1635 3307 1693 3348 ad
1721 3307 1897 3358 Quintil.
1927 3308 2001 3358 40,
2034 3309 2075 3357 4,

1197 3370 1275 3412 24:
1318 3381 1413 3410 cum
1442 3371 1630 3411 Ciceroni
1657 3370 1886 3410 domm
1910 3369 2079 3410 interim

1198 3432 1511 3482 Demosthenes,
1541 3432 1717 3473 Horatio
1734 3442 1834 3472 vero
1853 3431 1980 3472 etiam
1996 3431 2077 3471 Ho-
