2231 3787
854 204 1068 242 HORATll
1100 203 1400 243 SATlRARUM

883 629 1234 680 SAmmA
1281 629 1377 678 11.

224 758 642 810 Ambubaiarum
682 756 932 827 collegia,
975 754 1452 826 pharmacopolae,

223 859 476 920 Mendici,
518 859 736 914 mimae,
780 856 1112 917 balatroneS,
1155 855 1257 908 1100
1296 874 1465 926 genus
1507 875 1664 911 omne

225 961 484 1013 Maestum
524 977 585 1012 ae
625 958 905 1012 sollicitum
947 965 1027 1011 est
1066 957 1298 1010 cantoris
1340 967 1510 1012 morte
1551 959 1756 1030 Tigelli:

280 1135 327 1172 Il.
391 1133 556 1172 Satirae
589 1132 719 1171 huius
751 1132 884 1171 cardo
916 1132 1104 1171 vertitur
1165 1131 1295 1170 heitoni
1334 1133 1407 1171 cler
1435 1133 1651 1172 Menschen
1689 1134 1733 1172 in
1771 1134 1861 1173 clem
1892 1135 2047 1173 Genuss

225 1195 265 1233 in
297 1207 337 1233 γ.
372 1193 444 1234 ⁶24:
495 1196 605 1233 Dum
650 1196 781 1234 ritant
822 1194 936 1234 stulti
971 1195 1100 1243 vitia,

225 1258 261 1295 ιή
295 1257 510 1295 contraria
541 1261 737 1303 curruum
772 1257 897 1296 cuius
920 1258 1103 1296 senten-
1163 1256 1331 1295 kehrlen
1362 1256 1613 1296 Geschmack
1643 1258 1782 1297 darm.
1816 1258 1902 1308 W.)

1167 1194 1239 1232 der
1260 1193 1592 1234 Geschlechtslust
1619 1196 1705 1234 und
1733 1195 1835 1235 tiber
1855 1197 1932 1235 den
1948 1207 2047 1236 ver-

1963 1260 2047 1298 Pa—

225 1320 309 1358 tiae
341 1320 462 1358 varia
485 1318 686 1370 exempla
710 1331 811 1359 cum
842 1319 1104 1371 proposuis—
1165 1329 1267 1357 rum
1296 1317 1541 1368 probabilis
1572 1321 1639 1359 est
1667 1319 2043 1371 Walckenaeri(1.

226 1385 291 1421 set
314 1393 383 1420 vv,
410 1382 546 1430 2=¹—27.,
580 1382 688 1429 iam,
722 1385 770 1421 ut
791 1381 979 1421 eandem
1002 1392 1107 1420 con-

226 1445 372 1483 firmet
392 1445 523 1494 atque
546 1443 704 1484 clarius
725 1443 924 1492 illustret,
949 1445 1105 1483 transit

228 1506 284 1544 ad
328 1505 598 1546 deridendos
642 1508 946 1545 matronarum
979 1517 1106 1545 moe-

225 1569 355 1616 chos,
393 1570 616 1607 amatores
646 1567 950 1607 libertinarum
984 1569 1103 1607 domi

226 1641 331 1669 suae
381 1629 638 1680 degentium
688 1642 739 1671 ac
789 1642 869 1670 suo
916 1642 1102 1682 corpore

225 1695 461 1743 quaestum
477 1704 556 1733 suo
572 1705 653 1744 pro
668 1692 809 1732 lubitu
831 1694 1099 1743 facientium,

226 1755 495 1795 adventores
553 1755 747 1806 denique
813 1756 1103 1796 meretricum

223 1815 468 1866 volgarium
488 1819 530 1856 et
560 1828 584 1856 a
614 1816 848 1858 lenonibus
878 1818 1103 1858 interdum

226 1877 294 1917 vel
326 1879 590 1918 nutritarum
622 1880 784 1930 (iuven.
810 1881 857 1928 6,
901 1880 1001 1920 320:
1045 1881 1105 1920 le-

224 1952 380 1980 nonum
399 1940 626 1992 ancillas),
650 1941 719 1981 vel
740 1944 913 1982 tantum
929 1943 1011 1983 sub
1029 1955 1105 1982 no-

228 2007 345 2042 ctem
366 2003 422 2042 ad
440 2002 765 2054 quaesticulum
787 2005 1039 2044 faciendum
1063 2006 1104 2045 in

227 2064 346 2105 cellis
367 2065 423 2104 ab
454 2064 534 2105 illis
556 2066 788 2106 conductis
816 2069 1103 2118 exceptarum

230 2128 392 2177 (lux-en.
413 2128 452 2176 6,
473 2129 569 2167 1127:
595 2129 737 2168 lenone
751 2141 848 2168 suas
868 2131 953 2168 iam
970 2131 1108 2169 (limit-

226 2190 556 2241 tentepuellas.),
568 2193 701 2242 atque
713 2191 768 2231 ad
781 2192 960 2244 triplicis
975 2194 1104 2234 huius

227 2252 402 2301 generis
445 2255 741 2293 scortatorum
786 2266 970 2305 parem,
1024 2257 1105 2296 etsi

227 2314 451 2353 diversam
491 2313 717 2354 stultitiam
753 2316 1101 2367 traducendam,

229 2379 284 2415 ita
316 2378 484 2424 tamen,
519 2378 565 2415 ut
595 2377 778 2418 iuvenes
799 2380 1103 2431 maximopere

229 2438 284 2478 ab
326 2438 552 2478 adulteriis
592 2451 695 2480 cum
733 2443 947 2482 matronis
979 2454 1105 2483 com-

227 2501 454 2541 mittendis
477 2502 752 2543 dehortetur.
806 2505 899 2552 Quo
923 2505 1104 2555 quidem

228 2564 271 2602 in
301 2565 562 2612 argumento
584 2575 672 2603 non
693 2566 786 2604 sine
809 2564 973 2605 lasciva
995 2577 1106 2617 qua-

228 2624 333 2664 dam
353 2624 593 2675 petulantia
614 2624 796 2666 liberius
819 2629 1102 2679 exspatiatum

230 2686 271 2725 id
306 2686 426 2737 quod
465 2689 615 2738 negari
655 2689 829 2739 nequit,
879 2701 962 2729 nec
998 2701 1105 2730 vero

230 2748 285 2787 ab
318 2749 391 2797 iis,
437 2750 512 2800 qui
541 2749 699 2799 Plauti,
743 2750 916 2801 Lucilii,
951 2751 1105 2792 Catulli

227 2810 393 2851 similes
434 2812 554 2851 iocos
598 2814 903 2863 meminerint,
950 2827 1107 2866 repre—

229 2873 363 2912 hendi
385 2873 534 2913 debet.
568 2876 710 2924 Atque
733 2875 818 2915 hoc
839 2877 984 2927 ipsum
1005 2889 1107 2928 pro-

228 2935 395 2975 tervius
436 2938 746 2987 argumentum
785 2939 936 2988 utique
976 2938 1105 2990 longe

228 2997 484 3037 uberiorem
517 2997 687 3038 ridiculi
723 3001 956 3040 materiem
994 3006 1106 3053 po'e-

229 3062 298 3098 tae
330 3059 599 3110 praebebat,
636 3072 769 3112 quam
792 3063 827 3102 si
848 3064 949 3113 post
970 3074 1009 3102 V.
1034 3064 1100 3102 ΞΤ.

229 3121 351 3172 plura
383 3115 616 3172 praeter'ea
639 3125 961 3164 contrariorum
984 3126 1106 3166 vitio-

229 3194 329 3223 rum
361 3183 562 3236 exempla
594 3184 764 3236 aliaque
797 3186 1002 3227 stultitiae
1034 3199 1106 3238 ge-

230 3257 356 3293 nera,
391 3245 681 3287 ambitionem
711 3249 815 3299 puta
847 3248 915 3288 vel
952 3251 1104 3289 trucu-

227 3306 430 3356 lentiam,
468 3310 655 3348 tractare
677 3311 965 3361 perrexisset.
999 3310 1106 3362 (Rei-

228 3370 289 3419 sig
329 3371 456 3420 findet
495 3372 537 3410 in
577 3372 708 3412 dieser
750 3373 888 3412 Salii-e
930 3385 1013 3412 nur
1041 3374 1106 3413 die

231 3432 270 3469 ei
289 3443 345 3471 ne
378 3433 583 3473 Tendens·
616 3434 732 3486 Spoll
762 3435 861 3474 iiber
891 3436 956 3475 die
978 3436 1105 3475 Thor-

1164 1392 1207 1431 p.
1234 1381 1311 1420 1¹32
1333 1381 1415 1431 sq.)
1441 1382 1610 1432 opinio,
1639 1383 1930 1434 praecipuum
1951 1384 2043 1423 Ho-

1166 1443 1262 1482 ratii
1294 1442 1526 1483 consilium
1547 1444 1706 1492 fuisse,
1740 1446 1787 1484 ut
1808 1445 1971 1485 acerbe
1993 1446 2049 1484 ir-

1166 1505 1334 1544 rideret
1363 1515 1452 1544 non
1474 1506 1619 1556 ipsum
1642 1506 1825 1556 quidem
1846 1507 2048 1546 Octavia-

1167 1579 1272 1606 num
1306 1567 1403 1617 (hoc
1435 1568 1554 1607 enim
1584 1568 1714 1608 nimis
1746 1568 2047 1619 periculosum

1166 1629 1363 1668 futurum
1403 1629 1551 1679 fuisse)
1595 1633 1638 1669 at
1675 1629 1914 1682 plerosque
1953 1632 2047 1671 eius

1167 1691 1357 1738 amicos,
1419 1691 1741 1742 Cupiennium,
1803 1692 2042 1733 Salustium

1165 1754 1399 1803 minorem,
1424 1754 1629 1805 Galbam,
1653 1755 1852 1804 Villium,
1888 1757 2044 1796 Cerin—

1167 1817 1314 1864 thum,
1339 1818 1641 1857 Maecenatem
1660 1818 1743 1858 sub
1765 1818 1866 1858 ficto
1887 1818 2049 1859 Maltini

1168 1879 1361 1918 nomine.
1388 1880 1555 1919 Franke
1578 1891 1620 1931 p.
1646 1880 1713 1919 89.
1734 1881 1850 1920 hanc
1868 1882 2050 1921 satiram

1168 1940 1224 1979 ad
1245 1952 1284 1979 a.
1304 1940 1397 1981 714.
1418 1941 1555 1980 refert
1576 1944 1620 1981 et
1636 1943 1835 1983 omnium
1856 1944 2047 1994 primam

1167 2003 1354 2043 fortasse
1374 2015 1474 2044 esse
1492 2004 1610 2053 dicit,
1631 2007 1925 2057 compositam
1946 2008 2048 2046 ante

1168 2066 1407 2105 amicitiam
1430 2078 1532 2106 011111
1559 2068 1814 2107 Maecenate
1837 2069 2046 2111 iunctam,

1168 2127 1343 2168 Scilicet
1362 2129 1398 2168 is
1421 2139 1599 2179 quoque
1617 2130 1661 2168 in
1682 2128 1857 2169 Maltino
1878 2132 2052 2170 Maece-

1167 2193 1316 2230 natem
1345 2192 1462 2241 tangi
1494 2192 1718 2242 opinatur,
1753 2203 1839 2242 qua
1870 2192 1925 2232 de
1958 2194 2051 2244 opi-

1166 2254 1298 2293 nione
1338 2264 1522 2304 prorsus
1563 2253 1845 2305 improbabili
1892 2257 2049 2307 postea

1169 2316 1458 2355 disseremus.
1530 2317 1622 2355 Iam
1663 2327 1779 2356 anno
1819 2316 1914 2356 743.
1950 2328 2050 2357 eam

1169 2378 1380 2429 scriptam
1420 2379 1545 2429 putat
1575 2378 1815 2418 Grotefend
1844 2379 2046 2431 Schriftst.

1167 2439 1316 2490 Laufb.
1350 2441 1389 2478 d.
1419 2440 1469 2478 H.
1495 2451 1538 2490 p.
1564 2440 1602 2479 9.
1626 2440 1693 2479 ⁶29.
1758 2441 1943 2481 Frankio
1973 2453 2051 2481 ac-

1169 2501 1288 2541 cedit
1307 2500 1478 2541 XVeber
1507 2513 1550 2552 p.
1586 2502 1679 2541 ⁴29.

1225 2565 1262 2602 ll.
1286 2563 1635 2614 Ambubaiarum]
1660 2563 1962 2605 «Ambubaiae
1985 2566 2049 2605 di-

1170 2629 1330 2667 cuntur
1350 2625 1561 2667 mulieres
1583 2627 1786 2668 tibicines
1808 2627 1954 2680 lingua
1970 2631 2049 2681 Sy-

1169 2700 1322 2729 rorum
1363 2700 1387 2728 a
1426 2700 1467 2728 v.
1503 2688 1630 2738 abab,
1677 2690 1848 2741 ambul),
1896 2692 2046 2732 tibia.»

1170 2753 1322 2791 501101.
1392 2751 1505 2791 Cum
1549 2753 1694 2792 scortis
1739 2755 2050 2794 consociantur

1169 2813 1286 2865 apud
1329 2814 1446 2853 Suet.
1488 2816 1590 2854 Ner.
1635 2816 1700 2854 27.
1744 2817 1836 2855 luv.
1871 2817 1920 2865 3,
1964 2818 2047 2856 62:

1164 2877 1256 2916 Iam
1277 2878 1444 2926 pridem
1476 2877 1596 2928 (inde
1630 2889 1652 2916 a
1686 2878 1861 2919 devicto
1891 2880 2050 2919 Antio—

1169 2939 1274 2986 cho,
1309 2939 1398 2978 Liv.
1433 2938 1505 2987 39,
1540 2939 1595 2989 6.)
1637 2940 1771 2989 Syrus
1799 2941 1844 2979 in
1876 2940 2051 2981 Tiberim

1169 3001 1342 3052 defluxit
1364 3001 1536 3040 Orontes
1564 3002 1617 3041 Et
1637 3002 1827 3053 linquam
1856 3007 1893 3042 et
1916 3014 2051 3043 mores

1167 3067 1205 3102 et
1233 3074 1327 3102 cum
1357 3063 1520 3102 tibicine
1549 3064 1724 3103 chordas
1752 3064 1949 3115 Obliquas
1976 3077 2049 3105 nec

1166 3137 1249 3164 non
1277 3126 1450 3176 {lentitia
1480 3130 1684 3176 tympana
1713 3139 1850 3167 secum
1875 3127 1993 3167 Veoeit
2012 3132 2049 3167 ec

1168 3189 1223 3226 ad
1244 3188 1410 3227 Circum
1430 3188 1564 3227 iussas
1577 3193 1776 3238 prostare
1790 3190 1967 3239 puellas.
1998 3211 2042 3217 -

1168 3251 1356 3302 colleqicc]
1390 3251 1563 3299 iocose,
1598 3253 1724 3304 quasi
1754 3253 1913 3292 harum
1945 3263 2047 3292 mu-

1168 3312 1452 3353 liercularum
1490 3325 1668 3365 greges,
1717 3313 1880 3365 quibus
1914 3324 2048 3365 prae-

1170 3377 1295 3414 erant
1321 3373 1524 3424 lenones,
1559 3378 1710 3417 essent
1740 3387 1792 3415 ex
1828 3376 1879 3416 iis
1911 3374 2047 3416 colle-

1170 3437 1248 3488 giis
1280 3449 1313 3477 s.
1350 3437 1570 3479 sodaliciis
1602 3438 1815 3488 QVIBVS,
1850 3440 1896 3477 ut
1916 3440 1983 3478 est.
2005 3440 2046 3480 in
