2231 3787
882 270 978 308 ΗΒ.
1013 270 1060 308 ll.

1127 269 1288 309 EPIST.
1323 270 1370 308 ll.
1944 268 2043 320 64·ἓὸ

284 399 480 454 Tibure
520 399 603 454 vel
647 400 829 455 Gabiis
871 408 923 454 et
963 410 1140 454 tecum
1180 401 1257 454 sic
1297 408 1442 471 agat:
1486 400 1584 453 Hic
1623 409 1674 453 et

283 494 556 556 Candidus
596 511 648 556 et
684 502 818 557 talos
858 520 888 556 a
926 502 1127 557 vertice
1174 501 1400 574 pulcher
1436 501 1502 555 ad
1544 502 1679 555 imos

279 606 393 658 Fiet
433 605 643 676 eritque
685 614 808 659 tuus
847 623 1190 659 nummorum
1230 604 1446 659 milibus
1485 613 1630 664 octo,
2013 626 2042 657 ε)

276 708 452 760 Verna
489 707 800 761 ministeriis
840 708 908 761 ad
946 716 1107 761 nutus
1148 716 1304 779 aptus
1343 706 1567 768 heriles,

276 808 545 863 Litterulis
587 808 807 863 Graecis
848 810 1107 873 iinbutuS,

1150 811 1379 865 idoneus
1419 811 1516 864 arti

314 954 394 993 ΕΡ.
429 955 478 992 ΙΙ.
514 953 551 992 3.
585 953 662 992 Hic
703 956 762 992 est
806 953 893 992 duo
927 953 1065 994 Codd.
1099 955 1377 993 Bersmanni.
1416 977 1458 981 —
1505 955 1556 1004 (5.
1592 954 1767 995 Habent
1796 956 1981 1005 milibus,

259 1027 346 1056 non
376 1016 576 1065 millibus,
610 1015 762 1066 bScd.)
799 1039 840 1045 —
879 1016 917 1055 6.
952 1017 1071 1057 eriles
1100 1016 1158 1057 bc
1191 1019 1294 1069 (non
1325 1018 1412 1067 Sd).

204 1141 428 1193 Candidus]
466 1139 682 1181 Pulchrae
714 1141 882 1181 formae
915 1143 1091 1193 partem

204 1206 425 1254 nominat,
471 1205 712 1245 candidum
743 1204 939 1245 colorem
981 1204 1092 1256 (Li-

202 1267 463 1308 lienweiss
483 1268 656 1320 Voss),
690 1269 951 1319 neutiquam
980 1278 1089 1307 vero

203 1332 294 1380 est,
340 1333 388 1370 ut
433 1330 503 1370 alii
545 1330 804 1380 voluerunt,
862 1331 1085 1382 «integer,

202 1393 296 1433 sine
320 1393 534 1434 fallacia.»
568 1394 631 1434 Cf.
652 1393 793 1446 Epod.
815 1394 882 1443 Μ,
902 1394 970 1433 27.
1004 1395 1090 1433 Nu-

201 1456 246 1496 di
286 1459 436 1497 autem
465 1456 648 1498 venales
691 1456 746 1497 ab
779 1457 1089 1508 empturienti—

201 1520 287 1560 bus
310 1519 642 1571 spectabantur.
683 1521 854 1559 Seneca
877 1520 1085 1559 ContrOV.

202 1584 240 1633 4,
265 1584 304 1623 2.
330 1583 385 1623 de
408 1583 643 1624 sacerdote
670 1583 928 1634 prostituta:
961 1583 1089 1621 ,Nuda

198 1646 242 1684 in
271 1646 391 1686 litore
420 1647 528 1686 stetit
543 1657 557 1694 ,·
599 1647 655 1685 ad
681 1646 899 1697 fastidium
929 1649 1088 1695 empto—

197 1709 259 1747 ris
298 1720 437 1749 omnes
468 1713 618 1760 partes
654 1709 844 1759 corporis
881 1712 919 1748 et
947 1709 1087 1757 inspe-

198 1775 290 1811 ctae
332 1776 370 1811 et
411 1775 694 1812 contrectatae
741 1776 850 1810 sunt.
916 1772 1084 1811 Seneca

198 1835 308 1886 Epp.
339 1834 415 1883 80,
446 1834 493 1874 9:
538 1835 770 1886 Manyones
799 1834 1002 1884 quidquid
1030 1825 1087 1873 est

199 1898 309 1947 quod
337 1897 553 1948 displiceat
583 1898 725 1947 aliquo
756 1898 958 1937 lenocinio
988 1897 1086 1936 abs—

197 1961 404 2009 condunt,·
468 1961 611 2010 itaque
668 1960 891 2000 ementibus
953 1971 1084 1999 orna-

197 2028 340 2063 menta
368 2024 463 2074 ipsa
490 2028 679 2073 suspecta
708 2028 831 2063 sunt:
877 2024 960 2063 sive
989 2033 1086 2062 crus

197 2087 433 2138 adligatum
472 2087 557 2126 sive
587 2086 806 2126 brachium
834 2087 1081 2136 adspiceres,

195 2150 353 2188 nudari
390 2149 547 2189 iuberes
585 2154 623 2189 et
658 2150 795 2199 ipsum
833 2149 906 2188 tibi
935 2159 1086 2198 corpus

197 2212 366 2252 ostendi.
395 2235 439 2240 ——
473 2213 580 2252 talos
607 2223 635 2251 a
666 2213 819 2252 vertice
838 2235 861 2240 —
882 2213 938 2251 ad
965 2211 1082 2262 imos]

197 2275 380 2316 Locutio
403 2273 710 2326 proverbialis.
735 2273 874 2314 Plaut.
894 2273 1019 2325 Epid.
1039 2274 1079 2322 5,

198 2339 245 2387 ’1,
280 2339 354 2378 47:
406 2338 537 2388 Usque
577 2337 629 2377 ab
665 2337 893 2389 unguiculo
923 2337 979 2375 ad
1006 2347 1084 2376 ca-

190 2401 343 2451 pillum
371 2411 580 2440 summum
600 2404 657 2440 est
675 2400 952 2451 festivissima.
988 2399 1078 2439 Cic.

196 2475 240 2515 p.
261 2464 417 2504 Roscio
442 2464 567 2504 Com.
587 2463 626 2512 7,
645 2463 722 2502 20:
755 2463 902 2502 Nonne
923 2462 974 2502 ab
990 2462 1084 2502 imis

195 2526 405 2578 un9uibus
432 2537 562 2575 usqu-e
582 2527 638 2565 ad
661 2526 856 2566 verticem
875 2536 1083 2565 summwm

196 2600 251 2628 eac
278 2589 448 2640 fraude,
479 2588 683 2639 fallaciis,
724 2588 952 2628 mendaciis
979 2599 1083 2628 con-

197 2656 310 2692 stare
339 2656 447 2692 totus
473 2653 638 2691 videtur
655 2651 675 2690 P
708 2675 753 2680 —
784 2651 950 2691 milibus
976 2651 1080 2704 octo]

197 2715 374 2755 circiter
395 2715 500 2754 4600
523 2716 590 2755 Fr.
616 2713 803 2754 Gallicis.
836 2714 961 2753 Idem
982 2725 1084 2766 pre-

195 2779 307 2818 tium
337 2779 432 2817 erat
450 2778 650 2818 vinitoris
681 2788 752 2828 ap.
779 2777 950 2818 Colum.
975 2776 1014 2826 3,
1038 2777 1078 2827 3,

196 2841 235 2881 8.
283 2840 371 2880 Sed
400 2839 606 2881 Martialis
639 2841 708 2889 Μ,
733 2840 807 2889 70,
832 2840 871 2879 ’1.
904 2850 1082 2880 memo-

197 2904 266 2943 rat
302 2915 459 2953 pueros
497 2904 675 2943 centenis
715 2902 882 2943 milibus
927 2907 1083 2953 emptos

199 2966 365 3016 (20,000
397 2967 463 3005 Fr.
493 2965 640 3017 Gall.);
687 2965 808 3016 quod
837 2964 959 3005 idem
990 2964 1082 3005 cla-

196 3029 288 3068 rius
339 3040 486 3080 neque
534 3039 719 3080 prorsus
764 3027 1082 3068 incredibiliter

197 3092 256 3130 ita
300 3092 521 3143 expressit
551 3091 595 3139 4,
629 3091 707 3139 58,
743 3091 758 3129 4
786 3102 793 3129 ;
840 3091 963 3131 Milia
1000 3102 1080 3141 pro

189 3164 326 3204 puero
372 3152 600 3203 (delicato)
642 3157 806 3192 centum
833 3164 898 3193 me
924 3165 1080 3205 manyo

189 3216 395 3267 poposcit.
443 3215 490 3265 3,
525 3216 605 3256 62:
639 3215 825 3255 Centenis
853 3217 963 3266 quod
981 3217 1082 3256 emis

193 3289 347 3328 pueros
389 3282 427 3318 et
469 3289 590 3328 saepe
627 3278 807 3317 ducenis.
845 3300 889 3306 —
926 3278 1076 3330 Verna]

198 3341 378 3381 Graecis
409 3337 662 3397 οἰκότριψ,
695 3337 868 3390 δοῦλος
899 3341 1080 3394 οἰκογε-

197 3403 300 3455 νής.
350 3403 735 3454 «Ηαιιεὸᾱνιὶῃθν.»
772 3404 900 3443 Voss.
952 3403 1078 3444 Tales

197 3464 388 3506 libenter
408 3477 560 3506 emere
579 3465 782 3506 solebant
802 3466 962 3517 partim
978 3477 1080 3517 pro-

199 3529 298 3580 pter
339 3529 458 3581 ipsas
496 3528 717 3569 formosae
749 3526 1077 3569 adolescentiae

1155 1141 1414 1192 illecebras,
1438 1144 1598 1195 partim
1618 1146 1803 1195 propter
1824 1156 2037 1196 procaces

1155 1206 1369 1256 argutias,
1419 1204 1581 1255 quibus
1620 1217 1643 1245 a
1681 1207 1832 1257 pueris
1873 1207 2040 1247 assueti

1154 1271 1301 1317 erant,
1345 1267 1597 1320 quibusque
1629 1269 1725 1308 heri
1756 1267 2041 1309 delectaban-

1153 1332 1238 1378 tur,
1264 1331 1400 1370 etiam
1421 1330 1498 1370 ubi
1518 1330 1770 1382 petulantes
1792 1331 1848 1371 illi
1869 1331 2037 1383 probra

1153 1394 1195 1432 in
1239 1394 1359 1444 ipsos
1406 1393 1711 1433 effundebant.
1764 1395 1936 1434 Seneca
1980 1394 2035 1433 de

1153 1456 1303 1496 Const.
1329 1457 1428 1508 Sap.
1455 1457 1521 1505 Μ,
1547 1456 1586 1496 3.
1621 1456 1685 1496 Cf.
1714 1457 1801 1497 Sat.
1826 1457 1867 1505 2,
1893 1457 1931 1506 6,
1957 1457 2031 1496 66:

1148 1529 1383 1568 vernasque
1408 1530 1613 1569 procaces
1641 1520 1769 1558 Pasco
1799 1519 1936 1558 libatis
1957 1520 2037 1557 da-

1143 1582 1280 1632 pibus.
1309 1605 1353 1610 —-
1387 1583 1641 1633 ministeriis]
1675 1582 1910 1623 «omnibus
1940 1583 2038 1622 heri

1149 1645 1326 1685 iussis.»
1374 1646 1604 1686 Manifesto
1626 1647 1694 1686 est
1714 1645 1903 1694 dativus,
1929 1656 2033 1694 non,

1149 1709 1197 1747 ut
1227 1707 1298 1747 alii
1327 1706 1586 1757 voluerunt,
1621 1707 1854 1748 ablativus.
1882 1731 1927 1736 ——
1959 1719 2036 1747 nu-

1149 1770 1226 1822 tus]
1261 1771 1350 1811 Cic.
1376 1771 1492 1810 Orat.
1519 1771 1558 1820 8,
1587 1770 1663 1811 ⁶24:
1699 1772 1755 1810 ad
1784 1782 1928 1810 eor-um
1957 1781 2034 1809 ar-

1149 1833 1321 1873 bitrium
1364 1838 1401 1873 et
1436 1838 1605 1873 nutum
1642 1838 1747 1873 totos
1784 1845 1825 1873 se
1851 1835 2031 1885 sinqunt.

1152 1895 1351 1948 «Singula
1374 1897 1470 1936 heri
1491 1897 1609 1937 iussa
1631 1897 1837 1938 celeriter
1856 1908 1909 1937 ac
1931 1897 2035 1937 dex—

1148 1960 1215 2000 tre
1248 1962 1563 2011 exsequetur.»

1204 2023 1244 2063 7.
1269 2023 1308 2063 8.
1356 2023 1580 2075 Litterulis]
1617 2023 1797 2062 Versteht
1824 2023 1911 2062 sein
1938 2023 2034 2062 Bis-

1147 2086 1248 2125 chen
1279 2085 1527 2125 Griechisch.
1561 2084 1780 2126 XVieland.
1832 2085 2031 2126 «Litteris

1150 2149 1330 2188 Graecis
1362 2147 1522 2188 saltem
1552 2147 1710 2187 leviter
1737 2149 1925 2197 tinctus,
1961 2150 2034 2188 ut—

1146 2212 1250 2262 pote
1283 2210 1357 2261 qui
1388 2210 1432 2249 in
1463 2210 1607 2249 divitis
1649 2209 1832 2249 alicuius
1860 2210 2033 2262 paeda-

1148 2274 1274 2324 gogio
1320 2272 1536 2312 educat-us
1582 2273 1651 2312 sit.
1713 2273 1848 2324 Igitur
1885 2284 1938 2313 eo
1969 2274 2032 2313 uti

1145 2337 1313 2388 poteris
1356 2346 1437 2386 pro
1476 2337 1743 2387 anagnosta,
1789 2347 1870 2388 pro
1901 2347 2032 2377 servo

1146 2398 1202 2438 ab
1235 2396 1452 2449 epistolis,
1486 2409 1510 2436 a
1540 2396 1853 2438 bibliotheca.»
1895 2399 2032 2439 Com-

1146 2464 1306 2515 parant
1334 2463 1510 2502 Terent.
1534 2463 1646 2502 Eun.
1670 2461 1718 2511 3,
1743 2463 1793 2511 2,
1819 2461 1894 2500 49:
1926 2462 2030 2501 Hem

1146 2526 1379 2566 eunuchum
1423 2525 1518 2574 tibi,·
1565 2527 1702 2576 Quam
1731 2525 1894 2565 liberali
1921 2525 2030 2576 facie

1147 2589 1209 2640 (ut
1237 2590 1310 2629 hic
1339 2588 1578 2640 candidus),
1621 2599 1751 2637 quam
1794 2592 1933 2628 aetate
1959 2589 2030 2628 in-

1145 2654 1291 2704 teyra!
1314 2674 1337 2680 -
1353 2675 1378 2681 -
1396 2652 1482 2691 Fac
1508 2651 1713 2702 periclum
1742 2651 1786 2690 in
1816 2651 2026 2701 litteris,

1149 2716 1234 2756 Fac
1254 2716 1298 2754 in
1310 2715 1559 2765 palaestra,
1592 2714 1636 2753 in
1656 2715 1889 2762 musicis‚·
1920 2725 2029 2764 quae

1145 2777 1321 2817 liberum
1349 2777 1453 2817 scire
1473 2780 1687 2827 aequomst
1712 2777 2026 2827 adulescentem,

1144 2840 1349 2880 sollertem
1365 2838 1484 2878 dabo.
1509 2862 1553 2867 —
1571 2838 1766 2891 imbutus]
1785 2840 1875 2880 Cic.
1895 2841 2024 2881 Tusc.

1147 2903 1185 2952 4,
1209 2903 1250 2952 7,
1277 2902 1350 2943 44:
1382 2902 1447 2942 An
1476 2906 1521 2942 tu
1551 2902 1774 2942 dialecticis
1796 2914 1847 2943 ne
1875 2903 2027 2943 imbu-

1145 2969 1222 3004 tus
1253 2965 1417 3014 quidem
1441 2963 1515 3004 es?
1545 2965 1724 3004 Sueton.
1749 2965 1804 3005 de
1827 2966 2022 3005 Gramm.

1144 3026 1184 3067 4.
1207 3039 1215 3065 :
1246 3026 1368 3077 Apud
1386 3027 1594 3077 maiores,
1627 3028 1688 3068 ait
1709 3028 1903 3078 Orbilius,
1930 3039 2026 3068 cum

1141 3090 1310 3140 familia
1330 3090 1509 3130 alicuius
1524 3091 1684 3131 venalis
1704 3091 2022 3141 produceretur,

1142 3164 1225 3191 non
1255 3156 1404 3192 temere
1434 3163 1554 3202 quem
1583 3153 1877 3193 litteratum
1904 3154 1950 3192 in
1970 3153 2025 3192 ti-

1143 3215 1247 3265 tulo,
1280 3216 1350 3255 sed
1378 3216 1736 3256 litteratorem
1764 3214 1933 3255 inscribi
1961 3225 2024 3254 so-

1142 3278 1261 3318 litum
1290 3289 1393 3328 esse,
1436 3279 1557 3329 quasi
1585 3290 1668 3318 non
1692 3278 1924 3328 perfectum
1953 3277 2024 3316 lit-

1142 3341 1260 3390 teris,
1293 3342 1362 3381 sed
1381 3340 1642 3380 imbutum.
1677 3340 1766 3380 Cic.
1791 3338 1848 3378 ad
1866 3338 1952 3378 Att.
1979 3339 2018 3387 7,

1142 3403 1190 3442 2:
1225 3403 1501 3454 Chrysippum
1523 3402 1731 3453 (servum)
1756 3404 1933 3451 propter
1951 3400 2022 3440 lit-

1143 3466 1435 3506 terularum
1455 3465 1589 3505 nescio
1610 3464 1710 3513 quid
1729 3463 1899 3504 libenter
1916 3464 2018 3513 vidi,

1140 3529 1183 3568 in
1213 3529 1367 3568 honore
1396 3527 1534 3568 habui.
1593 3527 1759 3567 Seneca
1789 3526 1925 3578 Epist.
1949 3526 2016 3575 27,
