<?xml version="1.0" encoding="UTF-8"?>
<!DOCTYPE html PUBLIC "-//W3C//DTD XHTML 1.0 Transitional//EN"
    "http://www.w3.org/TR/xhtml1/DTD/xhtml1-transitional.dtd">
<html xmlns="http://www.w3.org/1999/xhtml" xml:lang="en" lang="en">
 <head>
  <title>
</title>
<meta http-equiv="Content-Type" content="text/html;charset=utf-8" />
  <meta name='ocr-system' content='tesseract 3.04.00' />
  <meta name='ocr-capabilities' content='ocr_page ocr_carea ocr_par ocr_line ocrx_word'/>
</head>
<body>
  <div class='ocr_page' id='page_1' title='image "./qhoratiusflaccus02horauoft_0425.png"; bbox 0 0 2231 3787; ppageno 0'>
   <div class='ocr_carea' id='block_1_1' title="bbox 898 264 1055 302">
    <p class='ocr_par' dir='ltr' id='par_1_1' title="bbox 898 264 1055 302">
     <span class='ocr_line' id='line_1_1' title="bbox 898 264 1055 302; baseline 0 -1"><span class='ocrx_word' id='word_1_1' title='bbox 898 264 990 302; x_wconf 64' lang='lat' dir='ltr'>tlh.</span> <span class='ocrx_word' id='word_1_2' title='bbox 1028 264 1055 301; x_wconf 90' lang='lat' dir='ltr'>l.</span> 
     </span>
    </p>
   </div>
   <div class='ocr_carea' id='block_1_2' title="bbox 1121 264 1363 303">
    <p class='ocr_par' dir='ltr' id='par_1_2' title="bbox 1121 264 1363 303">
     <span class='ocr_line' id='line_1_2' title="bbox 1121 264 1363 303; baseline -0.004 -1"><span class='ocrx_word' id='word_1_3' title='bbox 1121 264 1280 303; x_wconf 65' lang='lat' dir='ltr'>livls&#39;r.</span> <span class='ocrx_word' id='word_1_4' title='bbox 1316 265 1363 302; x_wconf 88' lang='lat' dir='ltr'>ll.</span> 
     </span>
    </p>
   </div>
   <div class='ocr_carea' id='block_1_3' title="bbox 1948 261 2047 313">
    <p class='ocr_par' dir='ltr' id='par_1_3' title="bbox 1948 261 2047 313">
     <span class='ocr_line' id='line_1_3' title="bbox 1948 261 2047 313; baseline -0.01 0"><span class='ocrx_word' id='word_1_5' title='bbox 1948 261 2047 313; x_wconf 71' lang='lat'>3923</span> 
     </span>
    </p>
   </div>
   <div class='ocr_carea' id='block_1_4' title="bbox 297 393 2048 464">
    <p class='ocr_par' dir='ltr' id='par_1_4' title="bbox 297 393 2048 464">
     <span class='ocr_line' id='line_1_4' title="bbox 297 393 2048 464; baseline -0.002 -17"><span class='ocrx_word' id='word_1_6' title='bbox 297 397 402 447; x_wconf 75' lang='lat' dir='ltr'>Cui·</span> <span class='ocrx_word' id='word_1_7' title='bbox 447 396 514 446; x_wconf 83' lang='lat' dir='ltr'>ita</span> <span class='ocrx_word' id='word_1_8' title='bbox 554 394 905 451; x_wconf 72' lang='lat' dir='ltr'>crediderim,</span> <span class='ocrx_word' id='word_1_9' title='bbox 950 393 1048 446; x_wconf 81' lang='lat' dir='ltr'>nisi</span> <span class='ocrx_word' id='word_1_10' title='bbox 1088 393 1218 464; x_wconf 84' lang='lat' dir='ltr'>quid</span> <span class='ocrx_word' id='word_1_11' title='bbox 1262 402 1310 446; x_wconf 87' lang='lat' dir='ltr'>tc</span> <span class='ocrx_word' id='word_1_12' title='bbox 1350 393 1575 453; x_wconf 79' lang='lat' dir='ltr'>detinet,</span> <span class='ocrx_word' id='word_1_13' title='bbox 1619 393 1757 445; x_wconf 81' lang='lat' dir='ltr'>audi.</span> <span class='ocrx_word' id='word_1_14' title='bbox 2019 395 2048 439; x_wconf 59' lang='grc' dir='ltr'>Γ»</span> 
     </span>
    </p>
   </div>
   <div class='ocr_carea' id='block_1_5' title="bbox 297 495 1746 567">
    <p class='ocr_par' dir='ltr' id='par_1_5' title="bbox 297 495 1746 567">
     <span class='ocr_line' id='line_1_5' title="bbox 297 495 1746 567; baseline -0.003 -17"><span class='ocrx_word' id='word_1_15' title='bbox 297 495 523 552; x_wconf 81' lang='lat' dir='ltr'>Fabula,</span> <span class='ocrx_word' id='word_1_16' title='bbox 568 514 674 567; x_wconf 87' lang='lat' dir='ltr'>qua</span> <span class='ocrx_word' id='word_1_17' title='bbox 718 496 925 549; x_wconf 81' lang='lat' dir='ltr'>Paridis</span> <span class='ocrx_word' id='word_1_18' title='bbox 966 504 1186 566; x_wconf 83' lang='lat' dir='ltr'>propter</span> <span class='ocrx_word' id='word_1_19' title='bbox 1224 504 1470 548; x_wconf 85' lang='lat' dir='ltr'>narratur</span> <span class='ocrx_word' id='word_1_20' title='bbox 1509 512 1746 549; x_wconf 82' lang='lat' dir='ltr'>amorem</span> 
     </span>
    </p>
   </div>
   <div class='ocr_carea' id='block_1_6' title="bbox 295 597 1506 657">
    <p class='ocr_par' dir='ltr' id='par_1_6' title="bbox 295 597 1506 657">
     <span class='ocr_line' id='line_1_6' title="bbox 295 597 1506 657; baseline 0 -6"><span class='ocrx_word' id='word_1_21' title='bbox 295 599 521 652; x_wconf 81' lang='lat' dir='ltr'>Graecia</span> <span class='ocrx_word' id='word_1_22' title='bbox 560 598 851 652; x_wconf 82' lang='lat' dir='ltr'>Barbariac</span> <span class='ocrx_word' id='word_1_23' title='bbox 890 598 1032 652; x_wconf 87' lang='lat' dir='ltr'>lento</span> <span class='ocrx_word' id='word_1_24' title='bbox 1072 597 1254 651; x_wconf 83' lang='lat' dir='ltr'>collisa</span> <span class='ocrx_word' id='word_1_25' title='bbox 1299 597 1506 657; x_wconf 85' lang='lat' dir='ltr'>duello,</span> 
     </span>
    </p>
   </div>
   <div class='ocr_carea' id='block_1_7' title="bbox 296 700 1780 773">
    <p class='ocr_par' dir='ltr' id='par_1_7' title="bbox 296 700 1780 773">
     <span class='ocr_line' id='line_1_7' title="bbox 296 700 1780 773; baseline 0 -20"><span class='ocrx_word' id='word_1_26' title='bbox 296 700 588 754; x_wconf 80' lang='lat' dir='ltr'>Stultorum</span> <span class='ocrx_word' id='word_1_27' title='bbox 630 719 817 772; x_wconf 79' lang='lat' dir='ltr'>regum</span> <span class='ocrx_word' id='word_1_28' title='bbox 857 709 909 755; x_wconf 86' lang='lat' dir='ltr'>et</span> <span class='ocrx_word' id='word_1_29' title='bbox 946 700 1271 773; x_wconf 89' lang='lat' dir='ltr'>populorum</span> <span class='ocrx_word' id='word_1_30' title='bbox 1311 701 1545 755; x_wconf 88' lang='lat' dir='ltr'>continet</span> <span class='ocrx_word' id='word_1_31' title='bbox 1582 709 1780 756; x_wconf 68' lang='lat' dir='ltr'>aestus</span> 
     </span>
    </p>
   </div>
   <div class='ocr_carea' id='block_1_8' title="bbox 330 852 1095 892">
    <p class='ocr_par' dir='ltr' id='par_1_8' title="bbox 330 852 1095 892">
     <span class='ocr_line' id='line_1_8' title="bbox 330 852 1095 892; baseline 0.003 -2"><span class='ocrx_word' id='word_1_32' title='bbox 330 853 368 890; x_wconf 89' lang='grc'>5</span> <span class='ocrx_word' id='word_1_33' title='bbox 404 852 568 892; x_wconf 83' lang='lat' dir='ltr'>distinet</span> <span class='ocrx_word' id='word_1_34' title='bbox 598 852 670 892; x_wconf 91' lang='lat' dir='ltr'>cE.</span> <span class='ocrx_word' id='word_1_35' title='bbox 708 874 751 880; x_wconf 85' lang='lat'>—</span> <span class='ocrx_word' id='word_1_36' title='bbox 789 852 827 892; x_wconf 82' lang='lat'>8.</span> <span class='ocrx_word' id='word_1_37' title='bbox 861 856 1021 892; x_wconf 86' lang='lat' dir='ltr'>aestum</span> <span class='ocrx_word' id='word_1_38' title='bbox 1051 853 1095 892; x_wconf 87' lang='lat' dir='ltr'>E.</span> 
     </span>
    </p>
   </div>
   <div class='ocr_carea' id='block_1_9' title="bbox 217 992 1107 3558">
    <p class='ocr_par' dir='ltr' id='par_1_9' title="bbox 217 992 1107 3558">
     <span class='ocr_line' id='line_1_9' title="bbox 222 992 1104 1044; baseline 0.002 -13"><span class='ocrx_word' id='word_1_39' title='bbox 222 1004 291 1032; x_wconf 82' lang='lat' dir='ltr'>ine</span> <span class='ocrx_word' id='word_1_40' title='bbox 324 993 544 1033; x_wconf 86' lang='lat' dir='ltr'>obscurus</span> <span class='ocrx_word' id='word_1_41' title='bbox 565 994 698 1044; x_wconf 87' lang='lat' dir='ltr'>atque</span> <span class='ocrx_word' id='word_1_42' title='bbox 731 992 1012 1033; x_wconf 81' lang='lat' dir='ltr'>difficillimus</span> <span class='ocrx_word' id='word_1_43' title='bbox 1035 993 1104 1033; x_wconf 88' lang='lat' dir='ltr'>in—</span> 
     </span>
     <span class='ocr_line' id='line_1_10' title="bbox 220 1050 1103 1108; baseline 0.001 -13"><span class='ocrx_word' id='word_1_44' title='bbox 220 1055 410 1096; x_wconf 84' lang='lat' dir='ltr'>tellectu.</span> <span class='ocrx_word' id='word_1_45' title='bbox 454 1057 593 1108; x_wconf 88' lang='lat' dir='ltr'>Epict.</span> <span class='ocrx_word' id='word_1_46' title='bbox 632 1057 808 1097; x_wconf 88' lang='lat' dir='ltr'>Enchir.</span> <span class='ocrx_word' id='word_1_47' title='bbox 849 1056 923 1098; x_wconf 85' lang='lat'>49:</span> <span class='ocrx_word' id='word_1_48' title='bbox 963 1050 1103 1096; x_wconf 80' lang='grc' dir='ltr'><em>Ὅταν</em></span> 
     </span>
     <span class='ocr_line' id='line_1_11' title="bbox 219 1115 1104 1173; baseline 0.001 -16"><span class='ocrx_word' id='word_1_49' title='bbox 219 1131 288 1168; x_wconf 80' lang='grc' dir='ltr'>τις</span> <span class='ocrx_word' id='word_1_50' title='bbox 324 1117 400 1159; x_wconf 70' lang='grc' dir='ltr'>ἐπὶ</span> <span class='ocrx_word' id='word_1_51' title='bbox 439 1116 500 1173; x_wconf 75' lang='grc' dir='ltr'>τῷ</span> <span class='ocrx_word' id='word_1_52' title='bbox 539 1123 668 1158; x_wconf 75' lang='grc' dir='ltr'><em>νοεῖν</em></span> <span class='ocrx_word' id='word_1_53' title='bbox 705 1119 786 1159; x_wconf 82' lang='grc' dir='ltr'>καὶ</span> <span class='ocrx_word' id='word_1_54' title='bbox 825 1115 1104 1172; x_wconf 71' lang='grc' dir='ltr'><em>ἐξηγεῖσθαι</em></span> 
     </span>
     <span class='ocr_line' id='line_1_12' title="bbox 218 1178 1104 1239; baseline 0 -20"><span class='ocrx_word' id='word_1_55' title='bbox 218 1178 456 1220; x_wconf 66' lang='grc' dir='ltr'><em>δύνασθαι</em></span> <span class='ocrx_word' id='word_1_56' title='bbox 500 1178 558 1220; x_wconf 75' lang='grc' dir='ltr'>τὰ</span> <span class='ocrx_word' id='word_1_57' title='bbox 603 1182 895 1239; x_wconf 66' lang='grc' dir='ltr'><em>Χρυσίππου</em></span> <span class='ocrx_word' id='word_1_58' title='bbox 935 1179 1104 1230; x_wconf 68' lang='grc' dir='ltr'><em>βιβλία</em></span> 
     </span>
     <span class='ocr_line' id='line_1_13' title="bbox 219 1239 1105 1301; baseline 0 -17"><span class='ocrx_word' id='word_1_59' title='bbox 219 1240 534 1296; x_wconf 69' lang='grc' dir='ltr'>σεμνύνηται,</span> <span class='ocrx_word' id='word_1_60' title='bbox 563 1242 668 1298; x_wconf 76' lang='grc' dir='ltr'>λέγε</span> <span class='ocrx_word' id='word_1_61' title='bbox 689 1239 836 1294; x_wconf 74' lang='grc' dir='ltr'><em>αὐτὸς</em></span> <span class='ocrx_word' id='word_1_62' title='bbox 858 1240 978 1301; x_wconf 73' lang='grc' dir='ltr'>πρὸς</span> <span class='ocrx_word' id='word_1_63' title='bbox 999 1243 1105 1284; x_wconf 79' lang='grc' dir='ltr'><em>ἑαυ-</em></span> 
     </span>
     <span class='ocr_line' id='line_1_14' title="bbox 220 1301 1104 1365; baseline 0.002 -20"><span class='ocrx_word' id='word_1_64' title='bbox 220 1304 324 1354; x_wconf 76' lang='grc' dir='ltr'>τόν,</span> <span class='ocrx_word' id='word_1_65' title='bbox 368 1301 442 1346; x_wconf 77' lang='grc' dir='ltr'>ὅτι</span> <span class='ocrx_word' id='word_1_66' title='bbox 471 1306 532 1346; x_wconf 89' lang='grc' dir='ltr'>Εἰ</span> <span class='ocrx_word' id='word_1_67' title='bbox 557 1304 628 1360; x_wconf 75' lang='grc' dir='ltr'>μὴ</span> <span class='ocrx_word' id='word_1_68' title='bbox 659 1305 949 1365; x_wconf 76' lang='grc' dir='ltr'><em>Χρύσιππος</em></span> <span class='ocrx_word' id='word_1_69' title='bbox 979 1302 1104 1347; x_wconf 78' lang='grc' dir='ltr'><em>ἀσα-</em></span> 
     </span>
     <span class='ocr_line' id='line_1_15' title="bbox 217 1365 1103 1427; baseline 0.003 -20"><span class='ocrx_word' id='word_1_70' title='bbox 217 1368 321 1420; x_wconf 65' lang='grc' dir='ltr'>ιγιῶς</span> <span class='ocrx_word' id='word_1_71' title='bbox 360 1367 638 1427; x_wconf 62' lang='grc' dir='ltr'>ἐγεγράφει,</span> <span class='ocrx_word' id='word_1_72' title='bbox 687 1365 827 1411; x_wconf 78' lang='grc' dir='ltr'><em>οὐδὲν</em></span> <span class='ocrx_word' id='word_1_73' title='bbox 870 1365 932 1410; x_wconf 69' lang='grc' dir='ltr'>ἄν</span> <span class='ocrx_word' id='word_1_74' title='bbox 975 1367 1103 1419; x_wconf 73' lang='grc' dir='ltr'><strong><em>εἶχεν</em></strong></span> 
     </span>
     <span class='ocr_line' id='line_1_16' title="bbox 218 1424 1104 1486; baseline 0.001 -14"><span class='ocrx_word' id='word_1_75' title='bbox 218 1425 386 1484; x_wconf 70' lang='grc' dir='ltr'>οὗτος,</span> <span class='ocrx_word' id='word_1_76' title='bbox 419 1433 494 1483; x_wconf 76' lang='grc' dir='ltr'>ἐφ’</span> <span class='ocrx_word' id='word_1_77' title='bbox 518 1424 554 1486; x_wconf 72' lang='grc' dir='ltr'><em>ᾧ</em></span> <span class='ocrx_word' id='word_1_78' title='bbox 586 1430 889 1486; x_wconf 69' lang='grc' dir='ltr'><strong><em>ἐσεμνύνετο.</em></strong></span> <span class='ocrx_word' id='word_1_79' title='bbox 943 1433 1104 1474; x_wconf 88' lang='lat' dir='ltr'>Simili-</span> 
     </span>
     <span class='ocr_line' id='line_1_17' title="bbox 219 1496 1102 1548; baseline 0.001 -13"><span class='ocrx_word' id='word_1_80' title='bbox 219 1500 285 1536; x_wconf 84' lang='lat' dir='ltr'>ter</span> <span class='ocrx_word' id='word_1_81' title='bbox 303 1498 475 1537; x_wconf 84' lang='lat' dir='ltr'>Arrian.</span> <span class='ocrx_word' id='word_1_82' title='bbox 502 1497 642 1548; x_wconf 87' lang='lat' dir='ltr'>Epict.</span> <span class='ocrx_word' id='word_1_83' title='bbox 670 1498 684 1536; x_wconf 75' lang='lat'>4</span> <span class='ocrx_word' id='word_1_84' title='bbox 708 1529 715 1546; x_wconf 95' lang='lat'>,</span> <span class='ocrx_word' id='word_1_85' title='bbox 739 1496 787 1546; x_wconf 86' lang='lat'>4,</span> <span class='ocrx_word' id='word_1_86' title='bbox 812 1497 850 1537; x_wconf 89' lang='lat'>9.</span> <span class='ocrx_word' id='word_1_87' title='bbox 878 1496 932 1536; x_wconf 88' lang='lat' dir='ltr'>de</span> <span class='ocrx_word' id='word_1_88' title='bbox 956 1498 1102 1536; x_wconf 89' lang='lat' dir='ltr'>Stoico</span> 
     </span>
     <span class='ocr_line' id='line_1_18' title="bbox 219 1550 1100 1612; baseline -0.001 -13"><span class='ocrx_word' id='word_1_89' title='bbox 219 1559 402 1600; x_wconf 77' lang='lat' dir='ltr'>ridicule</span> <span class='ocrx_word' id='word_1_90' title='bbox 439 1559 661 1612; x_wconf 86' lang='lat' dir='ltr'>Superbo:</span> <span class='ocrx_word' id='word_1_91' title='bbox 714 1550 884 1610; x_wconf 75' lang='grc' dir='ltr'>οὗτος,</span> <span class='ocrx_word' id='word_1_92' title='bbox 931 1560 1100 1612; x_wconf 64' lang='grc' dir='ltr'>φησίν,</span> 
     </span>
     <span class='ocr_line' id='line_1_19' title="bbox 221 1617 1102 1680; baseline 0.005 -21"><span class='ocrx_word' id='word_1_93' title='bbox 221 1618 309 1676; x_wconf 62' lang='grc' dir='ltr'>ἤδη</span> <span class='ocrx_word' id='word_1_94' title='bbox 348 1623 430 1663; x_wconf 84' lang='grc' dir='ltr'>καὶ</span> <span class='ocrx_word' id='word_1_95' title='bbox 467 1620 524 1662; x_wconf 75' lang='grc' dir='ltr'>δι’</span> <span class='ocrx_word' id='word_1_96' title='bbox 558 1617 708 1662; x_wconf 81' lang='grc' dir='ltr'><em>αὑτοῦ</em></span> <span class='ocrx_word' id='word_1_97' title='bbox 739 1620 937 1663; x_wconf 74' lang='grc' dir='ltr'><em>δύναται</em></span> <span class='ocrx_word' id='word_1_98' title='bbox 966 1618 1102 1680; x_wconf 73' lang='grc' dir='ltr'><em>Χρύ-</em></span> 
     </span>
     <span class='ocr_line' id='line_1_20' title="bbox 218 1681 1103 1740; baseline 0 -14"><span class='ocrx_word' id='word_1_99' title='bbox 218 1697 396 1727; x_wconf 77' lang='grc' dir='ltr'><em>σιππον</em></span> <span class='ocrx_word' id='word_1_100' title='bbox 416 1681 779 1740; x_wconf 73' lang='grc' dir='ltr'><em>ἀναγινώσκειν.</em></span> <span class='ocrx_word' id='word_1_101' title='bbox 812 1687 992 1726; x_wconf 90' lang='lat' dir='ltr'>Lucian.</span> <span class='ocrx_word' id='word_1_102' title='bbox 1020 1688 1103 1726; x_wconf 90' lang='lat' dir='ltr'>La-</span> 
     </span>
     <span class='ocr_line' id='line_1_21' title="bbox 218 1744 1101 1806; baseline 0 -18"><span class='ocrx_word' id='word_1_103' title='bbox 218 1750 325 1800; x_wconf 91' lang='lat' dir='ltr'>pith.</span> <span class='ocrx_word' id='word_1_104' title='bbox 363 1749 435 1790; x_wconf 87' lang='lat'>30:</span> <span class='ocrx_word' id='word_1_105' title='bbox 488 1745 690 1789; x_wconf 84' lang='grc' dir='ltr'><em>τοιαῦτα</em></span> <span class='ocrx_word' id='word_1_106' title='bbox 732 1745 1030 1806; x_wconf 71' lang='grc' dir='ltr'>ἐξεργάζεται</span> <span class='ocrx_word' id='word_1_107' title='bbox 1074 1744 1101 1788; x_wconf 85' lang='grc' dir='ltr'><em>ὁ</em></span> 
     </span>
     <span class='ocr_line' id='line_1_22' title="bbox 218 1807 1101 1869; baseline 0.001 -18"><span class='ocrx_word' id='word_1_108' title='bbox 218 1808 366 1862; x_wconf 80' lang='grc' dir='ltr'><em>καλὸς</em></span> <span class='ocrx_word' id='word_1_109' title='bbox 407 1809 695 1869; x_wconf 75' lang='grc' dir='ltr'><em>Χρύσιππος</em></span> <span class='ocrx_word' id='word_1_110' title='bbox 739 1814 821 1853; x_wconf 81' lang='grc' dir='ltr'>καὶ</span> <span class='ocrx_word' id='word_1_111' title='bbox 864 1810 1035 1865; x_wconf 78' lang='grc' dir='ltr'>Ζήνων</span> <span class='ocrx_word' id='word_1_112' title='bbox 1074 1807 1101 1852; x_wconf 88' lang='grc' dir='ltr'><em>ὁ</em></span> 
     </span>
     <span class='ocr_line' id='line_1_23' title="bbox 220 1872 1105 1934; baseline 0 -19"><span class='ocrx_word' id='word_1_113' title='bbox 220 1872 503 1928; x_wconf 76' lang='grc' dir='ltr'><em>θαυμαστὸς</em></span> <span class='ocrx_word' id='word_1_114' title='bbox 537 1876 619 1916; x_wconf 84' lang='grc' dir='ltr'>καὶ</span> <span class='ocrx_word' id='word_1_115' title='bbox 649 1873 915 1929; x_wconf 74' lang='grc' dir='ltr'><em>Κλεάνθης,</em></span> <span class='ocrx_word' id='word_1_116' title='bbox 949 1872 1105 1934; x_wconf 78' lang='grc' dir='ltr'><em>ῥημά-</em></span> 
     </span>
     <span class='ocr_line' id='line_1_24' title="bbox 219 1936 1102 1997; baseline 0.001 -19"><span class='ocrx_word' id='word_1_117' title='bbox 219 1951 294 1978; x_wconf 83' lang='grc' dir='ltr'>τια</span> <span class='ocrx_word' id='word_1_118' title='bbox 323 1936 538 1992; x_wconf 73' lang='grc' dir='ltr'><em>δύστηνα</em></span> <span class='ocrx_word' id='word_1_119' title='bbox 566 1940 648 1979; x_wconf 79' lang='grc' dir='ltr'>καὶ</span> <span class='ocrx_word' id='word_1_120' title='bbox 668 1936 926 1997; x_wconf 73' lang='grc' dir='ltr'><em>ἐρωτήσεις</em></span> <span class='ocrx_word' id='word_1_121' title='bbox 945 1937 1102 1993; x_wconf 74' lang='grc' dir='ltr'><em>μόνον</em></span> 
     </span>
     <span class='ocr_line' id='line_1_25' title="bbox 218 2000 1102 2056; baseline 0.001 -14"><span class='ocrx_word' id='word_1_122' title='bbox 218 2003 298 2042; x_wconf 80' lang='grc' dir='ltr'>καὶ</span> <span class='ocrx_word' id='word_1_123' title='bbox 329 2000 561 2056; x_wconf 82' lang='grc' dir='ltr'><em>σχήματα</em></span> <span class='ocrx_word' id='word_1_124' title='bbox 591 2000 897 2053; x_wconf 77' lang='grc' dir='ltr'><em>φιλοσόφων.</em></span> <span class='ocrx_word' id='word_1_125' title='bbox 960 2004 1102 2043; x_wconf 88' lang='lat' dir='ltr'>Etiam</span> 
     </span>
     <span class='ocr_line' id='line_1_26' title="bbox 220 2066 1104 2117; baseline 0.002 -13"><span class='ocrx_word' id='word_1_126' title='bbox 220 2066 397 2105; x_wconf 85' lang='lat' dir='ltr'>Hieron.</span> <span class='ocrx_word' id='word_1_127' title='bbox 441 2067 574 2117; x_wconf 83' lang='lat' dir='ltr'>Epist.</span> <span class='ocrx_word' id='word_1_128' title='bbox 627 2067 693 2106; x_wconf 80' lang='lat'>57.</span> <span class='ocrx_word' id='word_1_129' title='bbox 746 2068 868 2107; x_wconf 88' lang='lat' dir='ltr'>notat</span> <span class='ocrx_word' id='word_1_130' title='bbox 909 2071 1104 2107; x_wconf 86' lang='lat' dir='ltr'>contorta</span> 
     </span>
     <span class='ocr_line' id='line_1_27' title="bbox 219 2127 1102 2178; baseline 0.003 -11"><span class='ocrx_word' id='word_1_131' title='bbox 219 2128 437 2178; x_wconf 77' lang='lat' dir='ltr'>Chrysippi</span> <span class='ocrx_word' id='word_1_132' title='bbox 453 2129 665 2168; x_wconf 75' lang='lat' dir='ltr'>acumina.</span> <span class='ocrx_word' id='word_1_133' title='bbox 712 2127 823 2168; x_wconf 92' lang='lat' dir='ltr'>Nihil</span> <span class='ocrx_word' id='word_1_134' title='bbox 845 2131 995 2170; x_wconf 89' lang='lat' dir='ltr'>autem</span> <span class='ocrx_word' id='word_1_135' title='bbox 1018 2130 1102 2170; x_wconf 91' lang='lat' dir='ltr'>hac</span> 
     </span>
     <span class='ocr_line' id='line_1_28' title="bbox 220 2191 1102 2242; baseline 0.003 -13"><span class='ocrx_word' id='word_1_136' title='bbox 220 2191 477 2230; x_wconf 69' lang='lat' dir='ltr'>confusione</span> <span class='ocrx_word' id='word_1_137' title='bbox 509 2192 624 2230; x_wconf 88' lang='lat' dir='ltr'>inter</span> <span class='ocrx_word' id='word_1_138' title='bbox 654 2203 723 2230; x_wconf 88' lang='lat' dir='ltr'>vv.</span> <span class='ocrx_word' id='word_1_139' title='bbox 750 2192 881 2241; x_wconf 87' lang='lat' dir='ltr'>plane</span> <span class='ocrx_word' id='word_1_140' title='bbox 912 2193 956 2231; x_wconf 87' lang='lat' dir='ltr'>et</span> <span class='ocrx_word' id='word_1_141' title='bbox 978 2193 1102 2242; x_wconf 85' lang='lat' dir='ltr'>plene</span> 
     </span>
     <span class='ocr_line' id='line_1_29' title="bbox 220 2253 1098 2304; baseline 0.003 -12"><span class='ocrx_word' id='word_1_142' title='bbox 220 2253 511 2304; x_wconf 82' lang='lat' dir='ltr'>frequentius.</span> <span class='ocrx_word' id='word_1_143' title='bbox 547 2254 616 2293; x_wconf 89' lang='lat' dir='ltr'>Sic</span> <span class='ocrx_word' id='word_1_144' title='bbox 634 2254 752 2304; x_wconf 89' lang='lat' dir='ltr'>apud</span> <span class='ocrx_word' id='word_1_145' title='bbox 785 2255 874 2293; x_wconf 90' lang='lat' dir='ltr'>Cic.</span> <span class='ocrx_word' id='word_1_146' title='bbox 900 2255 956 2294; x_wconf 89' lang='lat' dir='ltr'>ad</span> <span class='ocrx_word' id='word_1_147' title='bbox 978 2256 1098 2295; x_wconf 90' lang='lat' dir='ltr'>Fam.</span> 
     </span>
     <span class='ocr_line' id='line_1_30' title="bbox 220 2315 1101 2368; baseline 0.005 -14"><span class='ocrx_word' id='word_1_148' title='bbox 220 2316 267 2364; x_wconf 88' lang='lat'>7,</span> <span class='ocrx_word' id='word_1_149' title='bbox 304 2316 368 2355; x_wconf 71' lang='lat'>49.</span> <span class='ocrx_word' id='word_1_150' title='bbox 414 2315 563 2356; x_wconf 81' lang='lat' dir='ltr'>Codex</span> <span class='ocrx_word' id='word_1_151' title='bbox 596 2316 820 2357; x_wconf 85' lang='lat' dir='ltr'>Mediceus</span> <span class='ocrx_word' id='word_1_152' title='bbox 842 2317 1101 2368; x_wconf 73' lang='lat' dir='ltr'>plenissime,</span> 
     </span>
     <span class='ocr_line' id='line_1_31' title="bbox 220 2377 1098 2429; baseline 0.003 -13"><span class='ocrx_word' id='word_1_153' title='bbox 220 2377 295 2417; x_wconf 91' lang='lat' dir='ltr'>ubi</span> <span class='ocrx_word' id='word_1_154' title='bbox 333 2380 454 2418; x_wconf 87' lang='lat' dir='ltr'>recte</span> <span class='ocrx_word' id='word_1_155' title='bbox 496 2390 733 2419; x_wconf 79' lang='lat' dir='ltr'>correxere</span> <span class='ocrx_word' id='word_1_156' title='bbox 759 2380 1016 2429; x_wconf 78' lang='lat' dir='ltr'>planissime.</span> <span class='ocrx_word' id='word_1_157' title='bbox 1053 2402 1098 2409; x_wconf 90' lang='lat'><strong>—</strong></span> 
     </span>
     <span class='ocr_line' id='line_1_32' title="bbox 220 2440 1103 2492; baseline 0.005 -14"><span class='ocrx_word' id='word_1_158' title='bbox 220 2440 377 2492; x_wconf 87' lang='lat' dir='ltr'>melius]</span> <span class='ocrx_word' id='word_1_159' title='bbox 401 2441 483 2480; x_wconf 90' lang='lat' dir='ltr'>«ad</span> <span class='ocrx_word' id='word_1_160' title='bbox 504 2452 658 2481; x_wconf 83' lang='lat' dir='ltr'>veram</span> <span class='ocrx_word' id='word_1_161' title='bbox 686 2442 878 2483; x_wconf 89' lang='lat' dir='ltr'>hominis</span> <span class='ocrx_word' id='word_1_162' title='bbox 899 2445 1103 2483; x_wconf 87' lang='lat' dir='ltr'>naturam</span> 
     </span>
     <span class='ocr_line' id='line_1_33' title="bbox 222 2503 1104 2556; baseline 0.005 -14"><span class='ocrx_word' id='word_1_163' title='bbox 222 2503 601 2544; x_wconf 77' lang='lat' dir='ltr'>accommodatius</span> <span class='ocrx_word' id='word_1_164' title='bbox 623 2505 756 2556; x_wconf 87' lang='lat' dir='ltr'>atque</span> <span class='ocrx_word' id='word_1_165' title='bbox 779 2505 836 2545; x_wconf 88' lang='lat' dir='ltr'>ad</span> <span class='ocrx_word' id='word_1_166' title='bbox 856 2505 1104 2545; x_wconf 88' lang='lat' dir='ltr'>emendan-</span> 
     </span>
     <span class='ocr_line' id='line_1_34' title="bbox 222 2568 1104 2623; baseline 0.003 -15"><span class='ocrx_word' id='word_1_167' title='bbox 222 2568 302 2608; x_wconf 90' lang='lat' dir='ltr'>dos</span> <span class='ocrx_word' id='word_1_168' title='bbox 333 2580 483 2609; x_wconf 86' lang='lat' dir='ltr'>mores</span> <span class='ocrx_word' id='word_1_169' title='bbox 515 2569 739 2610; x_wconf 85' lang='lat' dir='ltr'>efficacius</span> <span class='ocrx_word' id='word_1_170' title='bbox 771 2582 907 2622; x_wconf 86' lang='lat' dir='ltr'>quam</span> <span class='ocrx_word' id='word_1_171' title='bbox 937 2571 985 2610; x_wconf 88' lang='lat' dir='ltr'>fit</span> <span class='ocrx_word' id='word_1_172' title='bbox 1003 2571 1104 2623; x_wconf 91' lang='lat' dir='ltr'>phi-</span> 
     </span>
     <span class='ocr_line' id='line_1_35' title="bbox 221 2630 1103 2684; baseline -0.001 -14"><span class='ocrx_word' id='word_1_173' title='bbox 221 2630 510 2683; x_wconf 90' lang='lat' dir='ltr'>losophorum</span> <span class='ocrx_word' id='word_1_174' title='bbox 548 2633 669 2673; x_wconf 90' lang='lat' dir='ltr'>tricis</span> <span class='ocrx_word' id='word_1_175' title='bbox 707 2634 750 2672; x_wconf 89' lang='lat' dir='ltr'>et</span> <span class='ocrx_word' id='word_1_176' title='bbox 795 2632 1103 2684; x_wconf 84' lang='lat' dir='ltr'>ambagibus.»</span> 
     </span>
     <span class='ocr_line' id='line_1_36' title="bbox 227 2695 1100 2747; baseline 0 -12"><span class='ocrx_word' id='word_1_177' title='bbox 227 2717 268 2722; x_wconf 93' lang='lat'>—-</span> <span class='ocrx_word' id='word_1_178' title='bbox 295 2695 537 2747; x_wconf 74' lang='lat' dir='ltr'>Chrysippo]</span> <span class='ocrx_word' id='word_1_179' title='bbox 571 2695 635 2736; x_wconf 87' lang='lat' dir='ltr'>Cf.</span> <span class='ocrx_word' id='word_1_180' title='bbox 661 2696 750 2736; x_wconf 86' lang='lat' dir='ltr'>Sat.</span> <span class='ocrx_word' id='word_1_181' title='bbox 776 2697 791 2735; x_wconf 74' lang='lat'>4</span> <span class='ocrx_word' id='word_1_182' title='bbox 815 2728 821 2745; x_wconf 93' lang='lat'>,</span> <span class='ocrx_word' id='word_1_183' title='bbox 856 2696 898 2746; x_wconf 87' lang='lat'>3,</span> <span class='ocrx_word' id='word_1_184' title='bbox 933 2696 1012 2735; x_wconf 75' lang='lat'>426</span> <span class='ocrx_word' id='word_1_185' title='bbox 1033 2707 1100 2747; x_wconf 87' lang='lat' dir='ltr'>sq.</span> 
     </span>
     <span class='ocr_line' id='line_1_37' title="bbox 226 2757 1105 2810; baseline 0.002 -15"><span class='ocrx_word' id='word_1_186' title='bbox 226 2778 268 2783; x_wconf 88' lang='lat'>—</span> <span class='ocrx_word' id='word_1_187' title='bbox 304 2757 521 2807; x_wconf 83' lang='lat' dir='ltr'>Crantore]</span> <span class='ocrx_word' id='word_1_188' title='bbox 555 2758 763 2807; x_wconf 81' lang='lat' dir='ltr'>Crantor,</span> <span class='ocrx_word' id='word_1_189' title='bbox 809 2760 859 2798; x_wconf 89' lang='lat' dir='ltr'>ut</span> <span class='ocrx_word' id='word_1_190' title='bbox 889 2759 1105 2810; x_wconf 81' lang='lat' dir='ltr'>Chrysip-</span> 
     </span>
     <span class='ocr_line' id='line_1_38' title="bbox 221 2819 1107 2870; baseline 0.006 -13"><span class='ocrx_word' id='word_1_191' title='bbox 221 2830 320 2870; x_wconf 86' lang='lat' dir='ltr'>pus,</span> <span class='ocrx_word' id='word_1_192' title='bbox 346 2819 563 2870; x_wconf 83' lang='lat' dir='ltr'>Solensis,</span> <span class='ocrx_word' id='word_1_193' title='bbox 595 2821 855 2862; x_wconf 84' lang='lat' dir='ltr'>Xenocratis</span> <span class='ocrx_word' id='word_1_194' title='bbox 877 2821 957 2861; x_wconf 89' lang='lat' dir='ltr'>fuit</span> <span class='ocrx_word' id='word_1_195' title='bbox 977 2821 1107 2862; x_wconf 90' lang='lat' dir='ltr'>disci-</span> 
     </span>
     <span class='ocr_line' id='line_1_39' title="bbox 224 2879 1100 2931; baseline 0.006 -12"><span class='ocrx_word' id='word_1_196' title='bbox 224 2879 350 2931; x_wconf 88' lang='lat' dir='ltr'>pulus</span> <span class='ocrx_word' id='word_1_197' title='bbox 373 2884 416 2921; x_wconf 86' lang='lat' dir='ltr'>et</span> <span class='ocrx_word' id='word_1_198' title='bbox 436 2882 624 2924; x_wconf 83' lang='lat' dir='ltr'>Platonis</span> <span class='ocrx_word' id='word_1_199' title='bbox 642 2883 830 2923; x_wconf 86' lang='lat' dir='ltr'>auditor.</span> <span class='ocrx_word' id='word_1_200' title='bbox 861 2885 950 2924; x_wconf 91' lang='lat' dir='ltr'>Cic.</span> <span class='ocrx_word' id='word_1_201' title='bbox 972 2885 1100 2925; x_wconf 75' lang='lat' dir='ltr'>TuSC.</span> 
     </span>
     <span class='ocr_line' id='line_1_40' title="bbox 225 2942 1105 2997; baseline 0.008 -17"><span class='ocrx_word' id='word_1_202' title='bbox 225 2942 269 2990; x_wconf 73' lang='lat'>53,</span> <span class='ocrx_word' id='word_1_203' title='bbox 294 2943 341 2991; x_wconf 79' lang='lat'>6,</span> <span class='ocrx_word' id='word_1_204' title='bbox 376 2944 447 2983; x_wconf 67' lang='lat'>1¹2:</span> <span class='ocrx_word' id='word_1_205' title='bbox 483 2945 664 2985; x_wconf 85' lang='lat' dir='ltr'>Crantor</span> <span class='ocrx_word' id='word_1_206' title='bbox 683 2947 771 2995; x_wconf 86' lang='lat' dir='ltr'>ille,</span> <span class='ocrx_word' id='word_1_207' title='bbox 806 2947 876 2997; x_wconf 82' lang='lat' dir='ltr'>qui</span> <span class='ocrx_word' id='word_1_208' title='bbox 896 2948 1105 2987; x_wconf 83' lang='lat' dir='ltr'>innostra</span> 
     </span>
     <span class='ocr_line' id='line_1_41' title="bbox 222 3004 1101 3061; baseline 0.007 -17"><span class='ocrx_word' id='word_1_209' title='bbox 222 3004 449 3044; x_wconf 80' lang='lat' dir='ltr'>Academia</span> <span class='ocrx_word' id='word_1_210' title='bbox 475 3008 540 3046; x_wconf 75' lang='lat' dir='ltr'>vel</span> <span class='ocrx_word' id='word_1_211' title='bbox 579 3009 787 3058; x_wconf 80' lang='lat' dir='ltr'>imprimis</span> <span class='ocrx_word' id='word_1_212' title='bbox 822 3010 903 3061; x_wconf 80' lang='lat' dir='ltr'>fuit</span> <span class='ocrx_word' id='word_1_213' title='bbox 941 3011 1101 3051; x_wconf 86' lang='lat' dir='ltr'>nobilis.</span> 
     </span>
     <span class='ocr_line' id='line_1_42' title="bbox 226 3066 1106 3123; baseline 0.008 -18"><span class='ocrx_word' id='word_1_214' title='bbox 226 3066 360 3106; x_wconf 75' lang='lat' dir='ltr'>Acad.</span> <span class='ocrx_word' id='word_1_215' title='bbox 395 3068 442 3116; x_wconf 73' lang='lat'>⁶2,</span> <span class='ocrx_word' id='word_1_216' title='bbox 477 3068 550 3117; x_wconf 87' lang='lat'>44,</span> <span class='ocrx_word' id='word_1_217' title='bbox 586 3070 687 3110; x_wconf 74' lang='lat'><strong>435:</strong></span> <span class='ocrx_word' id='word_1_218' title='bbox 734 3073 927 3123; x_wconf 69' lang='lat' dir='ltr'>Leqimus</span> <span class='ocrx_word' id='word_1_219' title='bbox 966 3084 1106 3113; x_wconf 89' lang='lat' dir='ltr'>omnes</span> 
     </span>
     <span class='ocr_line' id='line_1_43' title="bbox 226 3128 1099 3184; baseline 0.007 -15"><span class='ocrx_word' id='word_1_220' title='bbox 226 3128 457 3179; x_wconf 76' lang='lat' dir='ltr'>Crantoris,</span> <span class='ocrx_word' id='word_1_221' title='bbox 478 3131 625 3170; x_wconf 71' lang='lat' dir='ltr'>veteris</span> <span class='ocrx_word' id='word_1_222' title='bbox 638 3132 886 3184; x_wconf 78' lang='lat' dir='ltr'>Academici,</span> <span class='ocrx_word' id='word_1_223' title='bbox 906 3137 954 3175; x_wconf 88' lang='lat' dir='ltr'>de</span> <span class='ocrx_word' id='word_1_224' title='bbox 973 3136 1099 3176; x_wconf 86' lang='lat' dir='ltr'>luctu.</span> 
     </span>
     <span class='ocr_line' id='line_1_44' title="bbox 225 3192 1102 3244; baseline 0.009 -14"><span class='ocrx_word' id='word_1_225' title='bbox 225 3192 295 3230; x_wconf 86' lang='lat' dir='ltr'>Est</span> <span class='ocrx_word' id='word_1_226' title='bbox 324 3192 432 3231; x_wconf 73' lang='lat' dir='ltr'>enirn</span> <span class='ocrx_word' id='word_1_227' title='bbox 450 3204 533 3231; x_wconf 87' lang='lat' dir='ltr'>non</span> <span class='ocrx_word' id='word_1_228' title='bbox 552 3204 749 3244; x_wconf 67' lang='lat' dir='ltr'>magynus,</span> <span class='ocrx_word' id='word_1_229' title='bbox 781 3207 926 3236; x_wconf 79' lang='lat' dir='ltr'>verum</span> <span class='ocrx_word' id='word_1_230' title='bbox 947 3209 1102 3238; x_wconf 88' lang='lat' dir='ltr'>aurco-</span> 
     </span>
     <span class='ocr_line' id='line_1_45' title="bbox 225 3254 1103 3310; baseline 0.009 -17"><span class='ocrx_word' id='word_1_231' title='bbox 225 3254 288 3293; x_wconf 87' lang='lat' dir='ltr'>lus</span> <span class='ocrx_word' id='word_1_232' title='bbox 317 3259 375 3302; x_wconf 91' lang='lat' dir='ltr'>et,</span> <span class='ocrx_word' id='word_1_233' title='bbox 413 3259 459 3294; x_wconf 87' lang='lat' dir='ltr'>ut</span> <span class='ocrx_word' id='word_1_234' title='bbox 491 3255 690 3295; x_wconf 85' lang='lat' dir='ltr'>Tuberoni</span> <span class='ocrx_word' id='word_1_235' title='bbox 719 3258 942 3298; x_wconf 76' lang='lat' dir='ltr'>Panaetius</span> <span class='ocrx_word' id='word_1_236' title='bbox 970 3271 1103 3310; x_wconf 87' lang='lat' dir='ltr'>prae-</span> 
     </span>
     <span class='ocr_line' id='line_1_46' title="bbox 223 3317 1099 3370; baseline 0.008 -15"><span class='ocrx_word' id='word_1_237' title='bbox 223 3317 345 3367; x_wconf 84' lang='lat' dir='ltr'>cipit,</span> <span class='ocrx_word' id='word_1_238' title='bbox 378 3319 434 3357; x_wconf 86' lang='lat' dir='ltr'>ad</span> <span class='ocrx_word' id='word_1_239' title='bbox 461 3318 631 3358; x_wconf 83' lang='lat' dir='ltr'>verbum</span> <span class='ocrx_word' id='word_1_240' title='bbox 660 3319 895 3359; x_wconf 85' lang='lat' dir='ltr'>ediscendus</span> <span class='ocrx_word' id='word_1_241' title='bbox 922 3321 1099 3370; x_wconf 85' lang='lat' dir='ltr'>libellus;</span> 
     </span>
     <span class='ocr_line' id='line_1_47' title="bbox 228 3381 1100 3429; baseline 0.006 -10"><span class='ocrx_word' id='word_1_242' title='bbox 228 3388 362 3429; x_wconf 87' lang='lat' dir='ltr'>quem</span> <span class='ocrx_word' id='word_1_243' title='bbox 395 3381 573 3421; x_wconf 81' lang='lat' dir='ltr'>secutus</span> <span class='ocrx_word' id='word_1_244' title='bbox 595 3382 662 3420; x_wconf 88' lang='lat' dir='ltr'>est</span> <span class='ocrx_word' id='word_1_245' title='bbox 684 3381 839 3421; x_wconf 87' lang='lat' dir='ltr'>Cicero</span> <span class='ocrx_word' id='word_1_246' title='bbox 862 3382 903 3421; x_wconf 92' lang='lat' dir='ltr'>in</span> <span class='ocrx_word' id='word_1_247' title='bbox 924 3383 1100 3424; x_wconf 88' lang='lat' dir='ltr'>Tuscul.</span> 
     </span>
     <span class='ocr_line' id='line_1_48' title="bbox 227 3439 1103 3494; baseline 0.008 -16"><span class='ocrx_word' id='word_1_248' title='bbox 227 3439 338 3481; x_wconf 85' lang='lat' dir='ltr'>libro</span> <span class='ocrx_word' id='word_1_249' title='bbox 369 3443 513 3494; x_wconf 85' lang='lat' dir='ltr'>primo</span> <span class='ocrx_word' id='word_1_250' title='bbox 544 3444 588 3483; x_wconf 90' lang='lat' dir='ltr'>et</span> <span class='ocrx_word' id='word_1_251' title='bbox 624 3442 881 3484; x_wconf 83' lang='lat' dir='ltr'>Plutarchus</span> <span class='ocrx_word' id='word_1_252' title='bbox 913 3444 952 3483; x_wconf 92' lang='lat' dir='ltr'>in</span> <span class='ocrx_word' id='word_1_253' title='bbox 986 3445 1103 3485; x_wconf 89' lang='lat' dir='ltr'>Con-</span> 
     </span>
     <span class='ocr_line' id='line_1_49' title="bbox 230 3502 1105 3558; baseline 0.003 -15"><span class='ocrx_word' id='word_1_254' title='bbox 230 3502 441 3546; x_wconf 81' lang='lat' dir='ltr'>solatione</span> <span class='ocrx_word' id='word_1_255' title='bbox 465 3506 521 3546; x_wconf 89' lang='lat' dir='ltr'>ad</span> <span class='ocrx_word' id='word_1_256' title='bbox 541 3504 832 3558; x_wconf 84' lang='lat' dir='ltr'>Apollonium.</span> <span class='ocrx_word' id='word_1_257' title='bbox 860 3504 1105 3557; x_wconf 85' lang='lat' dir='ltr'>(Nouspou-</span> 
     </span>
    </p>
   </div>
   <div class='ocr_carea' id='block_1_10' title="bbox 1161 995 2051 3547">
    <p class='ocr_par' dir='ltr' id='par_1_10' title="bbox 1166 995 2051 1234">
     <span class='ocr_line' id='line_1_50' title="bbox 1168 995 2051 1048; baseline 0.005 -14"><span class='ocrx_word' id='word_1_258' title='bbox 1168 1007 1269 1034; x_wconf 63' lang='lat' dir='ltr'>pons</span> <span class='ocrx_word' id='word_1_259' title='bbox 1298 1005 1396 1034; x_wconf 84' lang='lat' dir='ltr'>sans</span> <span class='ocrx_word' id='word_1_260' title='bbox 1419 995 1543 1045; x_wconf 80' lang='lat' dir='ltr'>peine</span> <span class='ocrx_word' id='word_1_261' title='bbox 1571 996 1722 1035; x_wconf 80' lang='lat' dir='ltr'>rendre</span> <span class='ocrx_word' id='word_1_262' title='bbox 1742 996 1769 1035; x_wconf 83' lang='lat' dir='ltr'>a</span> <span class='ocrx_word' id='word_1_263' title='bbox 1788 1000 1907 1037; x_wconf 86' lang='lat' dir='ltr'>notre</span> <span class='ocrx_word' id='word_1_264' title='bbox 1930 1001 2051 1048; x_wconf 79' lang='lat' dir='ltr'>poete</span> 
     </span>
     <span class='ocr_line' id='line_1_51' title="bbox 1167 1058 2046 1112; baseline 0.005 -16"><span class='ocrx_word' id='word_1_265' title='bbox 1167 1059 1330 1097; x_wconf 88' lang='lat' dir='ltr'>Horace</span> <span class='ocrx_word' id='word_1_266' title='bbox 1368 1070 1416 1096; x_wconf 85' lang='lat' dir='ltr'>sa</span> <span class='ocrx_word' id='word_1_267' title='bbox 1459 1058 1637 1110; x_wconf 67' lang='lat' dir='ltr'>louansse</span> <span class='ocrx_word' id='word_1_268' title='bbox 1683 1058 1901 1099; x_wconf 76' lang='lat' dir='ltr'>d&#39;IIomcre</span> <span class='ocrx_word' id='word_1_269' title='bbox 1948 1062 2046 1112; x_wconf 87' lang='lat' dir='ltr'>qui,</span> 
     </span>
     <span class='ocr_line' id='line_1_52' title="bbox 1169 1120 2050 1170; baseline 0.007 -12"><span class='ocrx_word' id='word_1_270' title='bbox 1169 1120 1275 1170; x_wconf 88' lang='lat' dir='ltr'>quid</span> <span class='ocrx_word' id='word_1_271' title='bbox 1316 1120 1371 1160; x_wconf 88' lang='lat' dir='ltr'>sit</span> <span class='ocrx_word' id='word_1_272' title='bbox 1408 1122 1492 1160; x_wconf 78' lang='lat' dir='ltr'>cet.</span> <span class='ocrx_word' id='word_1_273' title='bbox 1542 1122 1668 1160; x_wconf 76' lang='lat' dir='ltr'>JULES</span> <span class='ocrx_word' id='word_1_274' title='bbox 1704 1122 1826 1160; x_wconf 62' lang='grc' dir='ltr'>ιΙΑΝΙΝ</span> <span class='ocrx_word' id='word_1_275' title='bbox 1860 1124 1995 1164; x_wconf 85' lang='lat' dir='ltr'>Lettre</span> <span class='ocrx_word' id='word_1_276' title='bbox 2024 1124 2050 1163; x_wconf 79' lang='lat' dir='ltr'>d</span> 
     </span>
     <span class='ocr_line' id='line_1_53' title="bbox 1166 1183 1728 1234; baseline 0.002 -12"><span class='ocrx_word' id='word_1_277' title='bbox 1166 1184 1249 1222; x_wconf 85' lang='lat' dir='ltr'>Mr.</span> <span class='ocrx_word' id='word_1_278' title='bbox 1277 1183 1437 1233; x_wconf 78' lang='lat' dir='ltr'>Goupy.</span> <span class='ocrx_word' id='word_1_279' title='bbox 1463 1194 1506 1234; x_wconf 89' lang='lat' dir='ltr'>p.</span> <span class='ocrx_word' id='word_1_280' title='bbox 1530 1184 1728 1234; x_wconf 83' lang='lat' dir='ltr'>XLVIII.)</span> 
     </span>
    </p>

    <p class='ocr_par' dir='ltr' id='par_1_11' title="bbox 1161 1245 2051 3547">
     <span class='ocr_line' id='line_1_54' title="bbox 1222 1245 2049 1298; baseline 0.004 -14"><span class='ocrx_word' id='word_1_281' title='bbox 1222 1245 1313 1285; x_wconf 81' lang='lat'>5-8.</span> <span class='ocrx_word' id='word_1_282' title='bbox 1355 1246 1517 1298; x_wconf 77' lang='lat' dir='ltr'>detinet]</span> <span class='ocrx_word' id='word_1_283' title='bbox 1549 1246 1599 1285; x_wconf 95' lang='lat' dir='ltr'>V.</span> <span class='ocrx_word' id='word_1_284' title='bbox 1624 1247 1803 1286; x_wconf 86' lang='lat' dir='ltr'>delinere</span> <span class='ocrx_word' id='word_1_285' title='bbox 1833 1248 2049 1298; x_wconf 78' lang='lat' dir='ltr'>significat</span> 
     </span>
     <span class='ocr_line' id='line_1_55' title="bbox 1168 1306 2049 1362; baseline 0.005 -16"><span class='ocrx_word' id='word_1_286' title='bbox 1168 1306 1363 1358; x_wconf 82' lang='lat' dir='ltr'>aliquem</span> <span class='ocrx_word' id='word_1_287' title='bbox 1393 1307 1564 1359; x_wconf 81' lang='lat' dir='ltr'>longius</span> <span class='ocrx_word' id='word_1_288' title='bbox 1595 1308 1724 1348; x_wconf 84' lang='lat' dir='ltr'>solito</span> <span class='ocrx_word' id='word_1_289' title='bbox 1756 1312 1908 1350; x_wconf 84' lang='lat' dir='ltr'>tenere</span> <span class='ocrx_word' id='word_1_290' title='bbox 1931 1310 2049 1362; x_wconf 90' lang='lat' dir='ltr'>apud</span> 
     </span>
     <span class='ocr_line' id='line_1_56' title="bbox 1167 1371 2050 1422; baseline 0.006 -13"><span class='ocrx_word' id='word_1_291' title='bbox 1167 1381 1238 1419; x_wconf 87' lang='lat' dir='ltr'>se,</span> <span class='ocrx_word' id='word_1_292' title='bbox 1272 1372 1320 1410; x_wconf 85' lang='lat' dir='ltr'>ut</span> <span class='ocrx_word' id='word_1_293' title='bbox 1341 1371 1418 1410; x_wconf 91' lang='lat' dir='ltr'>Od.</span> <span class='ocrx_word' id='word_1_294' title='bbox 1446 1372 1460 1410; x_wconf 71' lang='lat'>4</span> <span class='ocrx_word' id='word_1_295' title='bbox 1483 1403 1489 1420; x_wconf 92' lang='lat'>,</span> <span class='ocrx_word' id='word_1_296' title='bbox 1525 1371 1600 1420; x_wconf 83' lang='grc'>33,</span> <span class='ocrx_word' id='word_1_297' title='bbox 1635 1372 1705 1412; x_wconf 74' lang='grc' dir='ltr'>43ῑ</span> <span class='ocrx_word' id='word_1_298' title='bbox 1748 1374 1887 1422; x_wconf 83' lang='lat' dir='ltr'>Ipsum</span> <span class='ocrx_word' id='word_1_299' title='bbox 1914 1386 1978 1414; x_wconf 90' lang='lat' dir='ltr'>me</span> <span class='ocrx_word' id='word_1_300' title='bbox 1998 1396 2015 1402; x_wconf 90' lang='lat'><em>-</em></span> <span class='ocrx_word' id='word_1_301' title='bbox 2035 1396 2050 1401; x_wconf 93' lang='lat'>--</span> 
     </span>
     <span class='ocr_line' id='line_1_57' title="bbox 1168 1434 2050 1486; baseline 0.003 -12"><span class='ocrx_word' id='word_1_302' title='bbox 1168 1434 1304 1474; x_wconf 84' lang='lat' dir='ltr'>Grata</span> <span class='ocrx_word' id='word_1_303' title='bbox 1325 1435 1498 1474; x_wconf 72' lang='lat' dir='ltr'>detinuit</span> <span class='ocrx_word' id='word_1_304' title='bbox 1517 1436 1709 1485; x_wconf 86' lang='lat' dir='ltr'>compede</span> <span class='ocrx_word' id='word_1_305' title='bbox 1723 1438 1918 1486; x_wconf 73' lang='lat' dir='ltr'>Myrtale.</span> <span class='ocrx_word' id='word_1_306' title='bbox 1940 1440 2050 1478; x_wconf 84' lang='lat' dir='ltr'>Con-</span> 
     </span>
     <span class='ocr_line' id='line_1_58' title="bbox 1167 1497 2049 1552; baseline 0.005 -16"><span class='ocrx_word' id='word_1_307' title='bbox 1167 1500 1233 1537; x_wconf 87' lang='lat' dir='ltr'>tra</span> <span class='ocrx_word' id='word_1_308' title='bbox 1255 1498 1442 1537; x_wconf 85' lang='lat' dir='ltr'>distineri</span> <span class='ocrx_word' id='word_1_309' title='bbox 1465 1497 1692 1548; x_wconf 89' lang='lat' dir='ltr'>dicuntur,</span> <span class='ocrx_word' id='word_1_310' title='bbox 1728 1500 1803 1550; x_wconf 90' lang='lat' dir='ltr'>qui</span> <span class='ocrx_word' id='word_1_311' title='bbox 1825 1500 1880 1539; x_wconf 90' lang='lat' dir='ltr'>ab</span> <span class='ocrx_word' id='word_1_312' title='bbox 1903 1499 2049 1552; x_wconf 89' lang='lat' dir='ltr'>aliqua</span> 
     </span>
     <span class='ocr_line' id='line_1_59' title="bbox 1166 1562 2045 1612; baseline 0.001 -12"><span class='ocrx_word' id='word_1_313' title='bbox 1166 1572 1214 1600; x_wconf 89' lang='lat' dir='ltr'>re</span> <span class='ocrx_word' id='word_1_314' title='bbox 1261 1562 1547 1612; x_wconf 88' lang='lat' dir='ltr'>separantur,</span> <span class='ocrx_word' id='word_1_315' title='bbox 1596 1563 1642 1601; x_wconf 89' lang='lat' dir='ltr'>ut</span> <span class='ocrx_word' id='word_1_316' title='bbox 1686 1562 1763 1602; x_wconf 90' lang='lat' dir='ltr'>Od.</span> <span class='ocrx_word' id='word_1_317' title='bbox 1802 1562 1848 1612; x_wconf 91' lang='lat'>4,</span> <span class='ocrx_word' id='word_1_318' title='bbox 1892 1564 1936 1612; x_wconf 80' lang='lat'>7,</span> <span class='ocrx_word' id='word_1_319' title='bbox 1972 1565 2045 1603; x_wconf 71' lang='lat'>44:</span> 
     </span>
     <span class='ocr_line' id='line_1_60' title="bbox 1167 1623 2051 1677; baseline 0.003 -14"><span class='ocrx_word' id='word_1_320' title='bbox 1167 1623 1439 1664; x_wconf 76' lang='lat' dir='ltr'>Cunctantem</span> <span class='ocrx_word' id='word_1_321' title='bbox 1470 1624 1689 1675; x_wconf 75' lang='lat' dir='ltr'>(iuvenem</span> <span class='ocrx_word' id='word_1_322' title='bbox 1730 1626 1883 1677; x_wconf 88' lang='lat' dir='ltr'>Notus)</span> <span class='ocrx_word' id='word_1_323' title='bbox 1915 1628 2051 1676; x_wconf 87' lang='lat' dir='ltr'>spatio</span> 
     </span>
     <span class='ocr_line' id='line_1_61' title="bbox 1166 1687 2045 1739; baseline 0.005 -14"><span class='ocrx_word' id='word_1_324' title='bbox 1166 1687 1329 1739; x_wconf 70' lang='lat' dir='ltr'>longyius</span> <span class='ocrx_word' id='word_1_325' title='bbox 1358 1699 1500 1727; x_wconf 86' lang='lat' dir='ltr'>annuo</span> <span class='ocrx_word' id='word_1_326' title='bbox 1527 1688 1651 1727; x_wconf 87' lang='lat' dir='ltr'>Dulci</span> <span class='ocrx_word' id='word_1_327' title='bbox 1680 1689 1844 1729; x_wconf 85' lang='lat' dir='ltr'>distinet</span> <span class='ocrx_word' id='word_1_328' title='bbox 1865 1702 1892 1728; x_wconf 91' lang='lat' dir='ltr'>a</span> <span class='ocrx_word' id='word_1_329' title='bbox 1913 1691 2045 1729; x_wconf 80' lang='lat' dir='ltr'>aonio.</span> 
     </span>
     <span class='ocr_line' id='line_1_62' title="bbox 1172 1745 2050 1804; baseline 0.006 -16"><span class='ocrx_word' id='word_1_330' title='bbox 1172 1773 1216 1778; x_wconf 81' lang='lat'>—</span> <span class='ocrx_word' id='word_1_331' title='bbox 1250 1749 1424 1801; x_wconf 86' lang='lat' dir='ltr'>Fabula]</span> <span class='ocrx_word' id='word_1_332' title='bbox 1458 1752 1506 1789; x_wconf 89' lang='lat' dir='ltr'>ut</span> <span class='ocrx_word' id='word_1_333' title='bbox 1538 1745 1719 1802; x_wconf 75' lang='grc' dir='ltr'>μῦθος,</span> <span class='ocrx_word' id='word_1_334' title='bbox 1768 1753 1909 1792; x_wconf 88' lang='lat' dir='ltr'>totum</span> <span class='ocrx_word' id='word_1_335' title='bbox 1939 1757 2050 1804; x_wconf 83' lang='lat' dir='ltr'>poe-</span> 
     </span>
     <span class='ocr_line' id='line_1_63' title="bbox 1167 1812 2050 1867; baseline 0.003 -15"><span class='ocrx_word' id='word_1_336' title='bbox 1167 1813 1298 1853; x_wconf 87' lang='lat' dir='ltr'>matis</span> <span class='ocrx_word' id='word_1_337' title='bbox 1329 1813 1519 1862; x_wconf 88' lang='lat' dir='ltr'>heroici,</span> <span class='ocrx_word' id='word_1_338' title='bbox 1567 1813 1609 1853; x_wconf 89' lang='lat' dir='ltr'>h.</span> <span class='ocrx_word' id='word_1_339' title='bbox 1643 1812 1668 1853; x_wconf 94' lang='lat' dir='ltr'>l.</span> <span class='ocrx_word' id='word_1_340' title='bbox 1700 1813 1870 1867; x_wconf 86' lang='lat' dir='ltr'>Iliadis,</span> <span class='ocrx_word' id='word_1_341' title='bbox 1917 1827 2050 1867; x_wconf 79' lang='lat' dir='ltr'>argu-</span> 
     </span>
     <span class='ocr_line' id='line_1_64' title="bbox 1167 1876 2047 1929; baseline 0.003 -14"><span class='ocrx_word' id='word_1_342' title='bbox 1167 1877 1384 1916; x_wconf 90' lang='lat' dir='ltr'>mentum.</span> <span class='ocrx_word' id='word_1_343' title='bbox 1422 1897 1465 1903; x_wconf 89' lang='lat'><strong>—</strong></span> <span class='ocrx_word' id='word_1_344' title='bbox 1508 1876 1761 1929; x_wconf 83' lang='lat' dir='ltr'>Barbariae]</span> <span class='ocrx_word' id='word_1_345' title='bbox 1806 1878 2047 1929; x_wconf 82' lang='lat' dir='ltr'>Phrygiae,</span> 
     </span>
     <span class='ocr_line' id='line_1_65' title="bbox 1166 1941 2047 1995; baseline 0.005 -16"><span class='ocrx_word' id='word_1_346' title='bbox 1166 1941 1213 1979; x_wconf 92' lang='lat' dir='ltr'>ut</span> <span class='ocrx_word' id='word_1_347' title='bbox 1233 1951 1384 1991; x_wconf 87' lang='lat' dir='ltr'>saepe.</span> <span class='ocrx_word' id='word_1_348' title='bbox 1418 1941 1583 1981; x_wconf 88' lang='lat' dir='ltr'>Ennius</span> <span class='ocrx_word' id='word_1_349' title='bbox 1604 1941 1647 1981; x_wconf 92' lang='lat' dir='ltr'>in</span> <span class='ocrx_word' id='word_1_350' title='bbox 1668 1943 1981 1983; x_wconf 87' lang='lat' dir='ltr'>Andromacha</span> <span class='ocrx_word' id='word_1_351' title='bbox 2003 1955 2047 1995; x_wconf 92' lang='lat' dir='ltr'>p.</span> 
     </span>
     <span class='ocr_line' id='line_1_66' title="bbox 1167 2003 2050 2056; baseline 0.005 -14"><span class='ocrx_word' id='word_1_352' title='bbox 1167 2003 1233 2043; x_wconf 81' lang='lat'>35.</span> <span class='ocrx_word' id='word_1_353' title='bbox 1257 2003 1402 2043; x_wconf 86' lang='lat' dir='ltr'>Both.:</span> <span class='ocrx_word' id='word_1_354' title='bbox 1437 2005 1628 2045; x_wconf 86' lang='lat' dir='ltr'>adstante</span> <span class='ocrx_word' id='word_1_355' title='bbox 1647 2017 1722 2056; x_wconf 85' lang='lat' dir='ltr'>ope</span> <span class='ocrx_word' id='word_1_356' title='bbox 1742 2006 1983 2056; x_wconf 77' lang='lat' dir='ltr'>barbarica,</span> <span class='ocrx_word' id='word_1_357' title='bbox 2007 2007 2050 2046; x_wconf 89' lang='lat' dir='ltr'>id</span> 
     </span>
     <span class='ocr_line' id='line_1_67' title="bbox 1167 2066 2051 2119; baseline 0.003 -13"><span class='ocrx_word' id='word_1_358' title='bbox 1167 2068 1258 2116; x_wconf 88' lang='lat' dir='ltr'>est,</span> <span class='ocrx_word' id='word_1_359' title='bbox 1288 2066 1491 2118; x_wconf 82' lang='lat' dir='ltr'>Phrygia.</span> <span class='ocrx_word' id='word_1_360' title='bbox 1517 2068 1595 2108; x_wconf 89' lang='lat' dir='ltr'>Od.</span> <span class='ocrx_word' id='word_1_361' title='bbox 1621 2069 1660 2118; x_wconf 74' lang='lat'>2,</span> <span class='ocrx_word' id='word_1_362' title='bbox 1685 2068 1726 2119; x_wconf 88' lang='lat'>4,</span> <span class='ocrx_word' id='word_1_363' title='bbox 1750 2070 1796 2109; x_wconf 87' lang='lat'>9:</span> <span class='ocrx_word' id='word_1_364' title='bbox 1828 2070 2051 2109; x_wconf 88' lang='lat' dir='ltr'>Barbarae</span> 
     </span>
     <span class='ocr_line' id='line_1_68' title="bbox 1161 2132 2049 2184; baseline 0.003 -16"><span class='ocrx_word' id='word_1_365' title='bbox 1161 2134 1388 2180; x_wconf 80' lang='lat' dir='ltr'>postquam</span> <span class='ocrx_word' id='word_1_366' title='bbox 1417 2132 1598 2172; x_wconf 84' lang='lat' dir='ltr'>cecidere</span> <span class='ocrx_word' id='word_1_367' title='bbox 1618 2136 1795 2173; x_wconf 81' lang='lat' dir='ltr'>turmae.</span> <span class='ocrx_word' id='word_1_368' title='bbox 1847 2133 1910 2173; x_wconf 84' lang='lat' dir='ltr'>Cs.</span> <span class='ocrx_word' id='word_1_369' title='bbox 1935 2143 2049 2184; x_wconf 85' lang='lat' dir='ltr'>quae</span> 
     </span>
     <span class='ocr_line' id='line_1_69' title="bbox 1167 2192 2051 2247; baseline 0.002 -15"><span class='ocrx_word' id='word_1_370' title='bbox 1167 2192 1481 2233; x_wconf 88' lang='lat' dir='ltr'>adnotavimus</span> <span class='ocrx_word' id='word_1_371' title='bbox 1503 2194 1560 2234; x_wconf 87' lang='lat' dir='ltr'>ad</span> <span class='ocrx_word' id='word_1_372' title='bbox 1582 2195 1718 2247; x_wconf 88' lang='lat' dir='ltr'>Epod.</span> <span class='ocrx_word' id='word_1_373' title='bbox 1744 2196 1783 2244; x_wconf 88' lang='lat'>9,</span> <span class='ocrx_word' id='word_1_374' title='bbox 1808 2196 1846 2235; x_wconf 88' lang='lat'>6.</span> <span class='ocrx_word' id='word_1_375' title='bbox 1876 2218 1919 2223; x_wconf 88' lang='lat'>—-</span> <span class='ocrx_word' id='word_1_376' title='bbox 1944 2197 2051 2235; x_wconf 84' lang='lat' dir='ltr'>lento</span> 
     </span>
     <span class='ocr_line' id='line_1_70' title="bbox 1166 2255 2051 2308; baseline 0.005 -14"><span class='ocrx_word' id='word_1_377' title='bbox 1166 2255 1311 2295; x_wconf 87' lang='lat' dir='ltr'>collisa</span> <span class='ocrx_word' id='word_1_378' title='bbox 1337 2256 1484 2308; x_wconf 85' lang='lat' dir='ltr'>duello]</span> <span class='ocrx_word' id='word_1_379' title='bbox 1509 2256 1664 2308; x_wconf 81' lang='lat' dir='ltr'>«longo</span> <span class='ocrx_word' id='word_1_380' title='bbox 1687 2257 1804 2298; x_wconf 90' lang='lat' dir='ltr'>bello</span> <span class='ocrx_word' id='word_1_381' title='bbox 1827 2259 2051 2298; x_wconf 65' lang='lat' dir='ltr'>conflicta-2</span> 
     </span>
     <span class='ocr_line' id='line_1_71' title="bbox 1166 2316 2047 2372; baseline 0.005 -16"><span class='ocrx_word' id='word_1_382' title='bbox 1166 2319 1224 2367; x_wconf 88' lang='lat' dir='ltr'>ta,</span> <span class='ocrx_word' id='word_1_383' title='bbox 1248 2316 1467 2357; x_wconf 86' lang='lat' dir='ltr'>violenter</span> <span class='ocrx_word' id='word_1_384' title='bbox 1489 2321 1772 2360; x_wconf 89' lang='lat' dir='ltr'>commissa.»</span> <span class='ocrx_word' id='word_1_385' title='bbox 1804 2322 1912 2372; x_wconf 88' lang='lat' dir='ltr'>Epp.</span> <span class='ocrx_word' id='word_1_386' title='bbox 1934 2322 1983 2369; x_wconf 66' lang='lat'>⁶2,</span> <span class='ocrx_word' id='word_1_387' title='bbox 2007 2321 2047 2366; x_wconf 70' lang='lat'>2,</span> 
     </span>
     <span class='ocr_line' id='line_1_72' title="bbox 1167 2379 2046 2432; baseline 0.003 -14"><span class='ocrx_word' id='word_1_388' title='bbox 1167 2379 1240 2418; x_wconf 86' lang='lat'>98:</span> <span class='ocrx_word' id='word_1_389' title='bbox 1274 2380 1400 2419; x_wconf 87' lang='lat' dir='ltr'>Lento</span> <span class='ocrx_word' id='word_1_390' title='bbox 1421 2381 1628 2420; x_wconf 87' lang='lat' dir='ltr'>Samnites</span> <span class='ocrx_word' id='word_1_391' title='bbox 1648 2383 1705 2421; x_wconf 86' lang='lat' dir='ltr'>ad</span> <span class='ocrx_word' id='word_1_392' title='bbox 1724 2383 1885 2421; x_wconf 88' lang='lat' dir='ltr'>lumina</span> <span class='ocrx_word' id='word_1_393' title='bbox 1902 2383 2046 2432; x_wconf 87' lang='lat' dir='ltr'>prima</span> 
     </span>
     <span class='ocr_line' id='line_1_73' title="bbox 1167 2441 2050 2493; baseline 0.005 -14"><span class='ocrx_word' id='word_1_394' title='bbox 1167 2441 1314 2481; x_wconf 85' lang='lat' dir='ltr'>duello.</span> <span class='ocrx_word' id='word_1_395' title='bbox 1367 2443 1472 2482; x_wconf 89' lang='lat' dir='ltr'>Stat.</span> <span class='ocrx_word' id='word_1_396' title='bbox 1505 2443 1642 2483; x_wconf 88' lang='lat' dir='ltr'>Theb.</span> <span class='ocrx_word' id='word_1_397' title='bbox 1674 2444 1722 2493; x_wconf 87' lang='grc'>6,</span> <span class='ocrx_word' id='word_1_398' title='bbox 1757 2443 1859 2484; x_wconf 79' lang='lat'>435:</span> <span class='ocrx_word' id='word_1_399' title='bbox 1905 2444 2050 2484; x_wconf 86' lang='lat' dir='ltr'>Ambi-</span> 
     </span>
     <span class='ocr_line' id='line_1_74' title="bbox 1166 2504 2049 2558; baseline 0.006 -16"><span class='ocrx_word' id='word_1_400' title='bbox 1166 2504 1273 2543; x_wconf 85' lang='lat' dir='ltr'>tiosa</span> <span class='ocrx_word' id='word_1_401' title='bbox 1295 2504 1391 2554; x_wconf 89' lang='lat' dir='ltr'>pios</span> <span class='ocrx_word' id='word_1_402' title='bbox 1411 2505 1565 2545; x_wconf 82' lang='lat' dir='ltr'>collidit</span> <span class='ocrx_word' id='word_1_403' title='bbox 1584 2506 1724 2558; x_wconf 81' lang='lat' dir='ltr'>9loria</span> <span class='ocrx_word' id='word_1_404' title='bbox 1740 2507 1911 2558; x_wconf 80' lang='lat' dir='ltr'>fratres.</span> <span class='ocrx_word' id='word_1_405' title='bbox 1952 2508 2049 2547; x_wconf 90' lang='lat' dir='ltr'>Hie-</span> 
     </span>
     <span class='ocr_line' id='line_1_75' title="bbox 1168 2568 2050 2619; baseline 0.003 -14"><span class='ocrx_word' id='word_1_406' title='bbox 1168 2578 1263 2606; x_wconf 90' lang='lat' dir='ltr'>ron.</span> <span class='ocrx_word' id='word_1_407' title='bbox 1291 2568 1425 2619; x_wconf 89' lang='lat' dir='ltr'>Epist.</span> <span class='ocrx_word' id='word_1_408' title='bbox 1461 2568 1532 2608; x_wconf 76' lang='lat'>45:</span> <span class='ocrx_word' id='word_1_409' title='bbox 1580 2573 1737 2609; x_wconf 84' lang='lat' dir='ltr'>vetusto</span> <span class='ocrx_word' id='word_1_410' title='bbox 1769 2570 1914 2609; x_wconf 87' lang='lat' dir='ltr'>Oriens</span> <span class='ocrx_word' id='word_1_411' title='bbox 1942 2570 2050 2610; x_wconf 84' lang='lat' dir='ltr'>inter</span> 
     </span>
     <span class='ocr_line' id='line_1_76' title="bbox 1166 2631 2048 2683; baseline 0.005 -14"><span class='ocrx_word' id='word_1_412' title='bbox 1166 2641 1208 2670; x_wconf 85' lang='lat' dir='ltr'>se</span> <span class='ocrx_word' id='word_1_413' title='bbox 1245 2631 1500 2681; x_wconf 86' lang='lat' dir='ltr'>populorum</span> <span class='ocrx_word' id='word_1_414' title='bbox 1539 2632 1685 2683; x_wconf 78' lang='lat' dir='ltr'>surore</span> <span class='ocrx_word' id='word_1_415' title='bbox 1727 2633 1902 2673; x_wconf 85' lang='lat' dir='ltr'>collisus.</span> <span class='ocrx_word' id='word_1_416' title='bbox 1979 2634 2048 2674; x_wconf 89' lang='lat' dir='ltr'>Sic</span> 
     </span>
     <span class='ocr_line' id='line_1_77' title="bbox 1168 2690 2051 2752; baseline 0.003 -19"><span class='ocrx_word' id='word_1_417' title='bbox 1168 2690 1467 2752; x_wconf 77' lang='grc' dir='ltr'><em>συγκρούειν.</em></span> <span class='ocrx_word' id='word_1_418' title='bbox 1529 2697 1682 2737; x_wconf 91' lang='lat' dir='ltr'>Utrum</span> <span class='ocrx_word' id='word_1_419' title='bbox 1719 2696 1833 2736; x_wconf 90' lang='lat' dir='ltr'>haec</span> <span class='ocrx_word' id='word_1_420' title='bbox 1858 2708 1930 2736; x_wconf 85' lang='lat' dir='ltr'>vv.</span> <span class='ocrx_word' id='word_1_421' title='bbox 1964 2696 2051 2737; x_wconf 90' lang='lat' dir='ltr'>sint</span> 
     </span>
     <span class='ocr_line' id='line_1_78' title="bbox 1169 2758 2050 2809; baseline 0 -11"><span class='ocrx_word' id='word_1_422' title='bbox 1169 2759 1311 2799; x_wconf 86' lang='lat' dir='ltr'>exitus</span> <span class='ocrx_word' id='word_1_423' title='bbox 1339 2770 1497 2800; x_wconf 89' lang='lat' dir='ltr'>versus</span> <span class='ocrx_word' id='word_1_424' title='bbox 1526 2759 1710 2800; x_wconf 87' lang='lat' dir='ltr'>Enniani</span> <span class='ocrx_word' id='word_1_425' title='bbox 1741 2771 1908 2809; x_wconf 88' lang='lat' dir='ltr'>necne,</span> <span class='ocrx_word' id='word_1_426' title='bbox 1942 2758 2050 2799; x_wconf 84' lang='lat' dir='ltr'>defi-</span> 
     </span>
     <span class='ocr_line' id='line_1_79' title="bbox 1168 2820 2048 2873; baseline 0 -13"><span class='ocrx_word' id='word_1_427' title='bbox 1168 2822 1251 2861; x_wconf 86' lang='lat' dir='ltr'>niri</span> <span class='ocrx_word' id='word_1_428' title='bbox 1280 2822 1350 2860; x_wconf 86' lang='lat' dir='ltr'>vix</span> <span class='ocrx_word' id='word_1_429' title='bbox 1380 2822 1550 2873; x_wconf 88' lang='lat' dir='ltr'>potest,</span> <span class='ocrx_word' id='word_1_430' title='bbox 1592 2832 1694 2862; x_wconf 90' lang='lat' dir='ltr'>cum</span> <span class='ocrx_word' id='word_1_431' title='bbox 1732 2822 1939 2862; x_wconf 90' lang='lat' dir='ltr'>Horatius</span> <span class='ocrx_word' id='word_1_432' title='bbox 1969 2820 2048 2860; x_wconf 86' lang='lat' dir='ltr'>ali-</span> 
     </span>
     <span class='ocr_line' id='line_1_80' title="bbox 1168 2884 2046 2935; baseline 0 -12"><span class='ocrx_word' id='word_1_433' title='bbox 1168 2884 1343 2935; x_wconf 88' lang='lat' dir='ltr'>quoties</span> <span class='ocrx_word' id='word_1_434' title='bbox 1402 2885 1551 2923; x_wconf 88' lang='lat' dir='ltr'>utatur</span> <span class='ocrx_word' id='word_1_435' title='bbox 1608 2884 1749 2924; x_wconf 86' lang='lat' dir='ltr'>forma</span> <span class='ocrx_word' id='word_1_436' title='bbox 1798 2884 2046 2935; x_wconf 88' lang='lat' dir='ltr'>antiquiore</span> 
     </span>
     <span class='ocr_line' id='line_1_81' title="bbox 1167 2945 2048 2998; baseline 0 -12"><span class='ocrx_word' id='word_1_437' title='bbox 1167 2947 1361 2987; x_wconf 88' lang='lat' dir='ltr'>duellum.</span> <span class='ocrx_word' id='word_1_438' title='bbox 1416 2945 1626 2987; x_wconf 90' lang='lat' dir='ltr'>Consulto</span> <span class='ocrx_word' id='word_1_439' title='bbox 1668 2948 1819 2986; x_wconf 90' lang='lat' dir='ltr'>autem</span> <span class='ocrx_word' id='word_1_440' title='bbox 1859 2958 2048 2998; x_wconf 89' lang='lat' dir='ltr'>praece-</span> 
     </span>
     <span class='ocr_line' id='line_1_82' title="bbox 1168 3009 2049 3061; baseline -0.001 -12"><span class='ocrx_word' id='word_1_441' title='bbox 1168 3009 1376 3050; x_wconf 86' lang='lat' dir='ltr'>dentibus</span> <span class='ocrx_word' id='word_1_442' title='bbox 1418 3009 1694 3050; x_wconf 82' lang='lat' dir='ltr'>tenuioribus</span> <span class='ocrx_word' id='word_1_443' title='bbox 1736 3010 1918 3061; x_wconf 91' lang='lat' dir='ltr'>opponit</span> <span class='ocrx_word' id='word_1_444' title='bbox 1946 3020 2049 3048; x_wconf 88' lang='lat' dir='ltr'>ver-</span> 
     </span>
     <span class='ocr_line' id='line_1_83' title="bbox 1167 3071 2046 3122; baseline -0.002 -10"><span class='ocrx_word' id='word_1_445' title='bbox 1167 3083 1267 3112; x_wconf 90' lang='lat' dir='ltr'>sum</span> <span class='ocrx_word' id='word_1_446' title='bbox 1296 3083 1402 3111; x_wconf 81' lang='lat' dir='ltr'>vere</span> <span class='ocrx_word' id='word_1_447' title='bbox 1434 3072 1677 3111; x_wconf 90' lang='lat' dir='ltr'>heroicum.</span> <span class='ocrx_word' id='word_1_448' title='bbox 1722 3095 1765 3099; x_wconf 88' lang='lat'>—-</span> <span class='ocrx_word' id='word_1_449' title='bbox 1799 3071 2046 3122; x_wconf 84' lang='lat' dir='ltr'>Stultorum]</span> 
     </span>
     <span class='ocr_line' id='line_1_84' title="bbox 1165 3135 2048 3187; baseline -0.003 -12"><span class='ocrx_word' id='word_1_450' title='bbox 1165 3136 1349 3187; x_wconf 88' lang='lat' dir='ltr'>propter</span> <span class='ocrx_word' id='word_1_451' title='bbox 1392 3135 1758 3186; x_wconf 84' lang='lat' dir='ltr'>perversitatem,</span> <span class='ocrx_word' id='word_1_452' title='bbox 1811 3145 1926 3185; x_wconf 88' lang='lat' dir='ltr'>quae</span> <span class='ocrx_word' id='word_1_453' title='bbox 1972 3144 2048 3173; x_wconf 87' lang='lat' dir='ltr'>eos</span> 
     </span>
     <span class='ocr_line' id='line_1_85' title="bbox 1166 3196 2046 3247; baseline -0.003 -10"><span class='ocrx_word' id='word_1_454' title='bbox 1166 3199 1446 3238; x_wconf 78' lang='lat' dir='ltr'>transversos</span> <span class='ocrx_word' id='word_1_455' title='bbox 1484 3197 1585 3247; x_wconf 84' lang='lat' dir='ltr'>egit.</span> <span class='ocrx_word' id='word_1_456' title='bbox 1624 3220 1668 3224; x_wconf 89' lang='lat'>—</span> <span class='ocrx_word' id='word_1_457' title='bbox 1702 3198 1853 3246; x_wconf 86' lang='lat' dir='ltr'>aestus]</span> <span class='ocrx_word' id='word_1_458' title='bbox 1887 3196 2046 3235; x_wconf 89' lang='lat' dir='ltr'>«animi</span> 
     </span>
     <span class='ocr_line' id='line_1_86' title="bbox 1165 3255 2042 3311; baseline -0.003 -12"><span class='ocrx_word' id='word_1_459' title='bbox 1165 3258 1525 3311; x_wconf 87' lang='lat' dir='ltr'>perturbationes</span> <span class='ocrx_word' id='word_1_460' title='bbox 1554 3259 1956 3299; x_wconf 86' lang='lat' dir='ltr'>vehementiores.»</span> <span class='ocrx_word' id='word_1_461' title='bbox 1980 3255 2042 3296; x_wconf 89' lang='lat' dir='ltr'>Cs.</span> 
     </span>
     <span class='ocr_line' id='line_1_87' title="bbox 1167 3319 2041 3371; baseline -0.006 -10"><span class='ocrx_word' id='word_1_462' title='bbox 1167 3323 1253 3362; x_wconf 91' lang='lat' dir='ltr'>Sat.</span> <span class='ocrx_word' id='word_1_463' title='bbox 1295 3323 1340 3371; x_wconf 70' lang='lat'>4,</span> <span class='ocrx_word' id='word_1_464' title='bbox 1378 3323 1425 3371; x_wconf 73' lang='lat'>2,</span> <span class='ocrx_word' id='word_1_465' title='bbox 1465 3322 1557 3361; x_wconf 79' lang='grc' dir='ltr'>ΜΟ.</span> <span class='ocrx_word' id='word_1_466' title='bbox 1609 3322 1720 3362; x_wconf 82' lang='lat' dir='ltr'>Max.</span> <span class='ocrx_word' id='word_1_467' title='bbox 1757 3322 1858 3371; x_wconf 87' lang='lat' dir='ltr'>Tyr.</span> <span class='ocrx_word' id='word_1_468' title='bbox 1896 3320 1940 3368; x_wconf 77' lang='lat'>11,</span> <span class='ocrx_word' id='word_1_469' title='bbox 1990 3319 2041 3357; x_wconf 75' lang='lat' dir='ltr'>i:</span> 
     </span>
     <span class='ocr_line' id='line_1_88' title="bbox 1165 3379 2042 3437; baseline -0.007 -13"><span class='ocrx_word' id='word_1_470' title='bbox 1165 3380 1250 3423; x_wconf 79' lang='grc' dir='ltr'>τὸν</span> <span class='ocrx_word' id='word_1_471' title='bbox 1279 3379 1367 3437; x_wconf 78' lang='grc' dir='ltr'>τῆς</span> <span class='ocrx_word' id='word_1_472' title='bbox 1395 3379 1566 3436; x_wconf 80' lang='grc' dir='ltr'><strong><em>ψυχῆς</em></strong></span> <span class='ocrx_word' id='word_1_473' title='bbox 1593 3379 1759 3422; x_wconf 76' lang='grc' dir='ltr'><em>σάλον.</em></span> <span class='ocrx_word' id='word_1_474' title='bbox 1810 3381 1927 3431; x_wconf 83' lang='lat' dir='ltr'>Virg.</span> <span class='ocrx_word' id='word_1_475' title='bbox 1956 3379 2042 3419; x_wconf 87' lang='lat' dir='ltr'>Cir.</span> 
     </span>
     <span class='ocr_line' id='line_1_89' title="bbox 1168 3443 2046 3487; baseline -0.006 -1"><span class='ocrx_word' id='word_1_476' title='bbox 1168 3445 1268 3487; x_wconf 88' lang='lat'>340:</span> <span class='ocrx_word' id='word_1_477' title='bbox 1311 3446 1505 3487; x_wconf 86' lang='lat' dir='ltr'>sollicitos</span> <span class='ocrx_word' id='word_1_478' title='bbox 1532 3445 1663 3485; x_wconf 83' lang='lat' dir='ltr'>animi</span> <span class='ocrx_word' id='word_1_479' title='bbox 1691 3443 1951 3484; x_wconf 83' lang='lat' dir='ltr'>relevaverat</span> <span class='ocrx_word' id='word_1_480' title='bbox 1979 3452 2046 3482; x_wconf 45' lang='lat' dir='ltr'>aee</span> 
     </span>
     <span class='ocr_line' id='line_1_90' title="bbox 1166 3512 1263 3547; baseline 0 0"><span class='ocrx_word' id='word_1_481' title='bbox 1166 3512 1263 3547; x_wconf 83' lang='lat' dir='ltr'>stus.</span> 
     </span>
    </p>
   </div>
  </div>
 </body>
</html>
