2231 3787
813 271 906 309 [113.
942 272 969 309 1.

1035 271 1194 310 131‘1ST.
1232 274 1258 310 Ι.

199 400 249 449 si
295 416 397 450 nou
440 409 539 452 cst.
586 401 719 452 iurat
760 399 896 453 benc
937 400 1062 453 solis
1102 420 1223 455 csso
1264 404 1493 455 maritis.

199 502 316 566 Quo
357 509 566 554 teneam
607 501 780 554 voltus
823 511 1111 555 imitantem
1154 505 1343 557 Protea
1385 504 1574 558 nodo?

199 603 337 667 Quid
379 604 623 673 pauper?
664 603 815 657 nido:
860 613 1024 657 mutat
1063 606 1384 665 coenacula,

1883 512 1950 558 tiu

1429 606 1618 667 lectos,

198 703 420 758 Balnea.
464 713 736 760 tonsores,
780 706 1046 759 conducto
1086 707 1299 778 navigio
1340 725 1516 780 aeque

195 807 428 860 Nauseat
465 824 528 860 ac
570 806 838 877 locuples,
884 827 1046 879 quein
1088 808 1234 862 (lucit
1274 810 1424 880 priva
1463 812 1712 865 triremis.

241 925 304 964 93.
341 927 408 976 ac]
442 932 482 965 ut
515 927 555 965 d.

131 1033 174 1038 —
212 1010 307 1051 bene
329 1034 350 1039 -
372 1013 472 1062 esse]
507 1013 602 1052 Vid.
638 1014 692 1052 ad
734 1013 811 1053 Od.
847 1014 890 1059 3,

126 1071 192 1112 4-3.
239 1097 281 1101 ψ
328 1075 491 1126 Protea]
539 1076 742 1114 Socrates
789 1076 828 1114 in
862 1074 1005 1114 Orellii

127 1136 288 1185 Opusc.
314 1140 428 1176 sent.
455 1138 483 1175 1.
511 1149 550 1188 p.
580 1137 648 1176 116:
684 1133 730 1175 Ὁ
759 1136 848 1189 μὲν
870 1136 1007 1193 Πρω-

126 1193 230 1247 τεὺς
263 1195 317 1254 τῇ
347 1197 545 1255 μορφῇ,
580 1195 606 1237 ὁ
638 1197 687 1239 δὲ
717 1195 1006 1248 ἀπαίδευτος

126 1256 181 1315 τῇ
215 1259 356 1316 ipim&
394 1263 501 1317 παῦ’
541 1257 746 1301 ἕκαστον
781 1258 1007 1301 ἀλλοιοῦ-

128 1333 216 1361 ται.
252 1321 355 1362 ΡΙῚῐ.
382 1300 627 1374 Eutl13phr
653 1336 694 1375 p.
722 1326 787 1364 45.
814 1326 891 1364 D..
887 1336 1006 1364 οικ

124 1379 220 1434 (ispe
225 1398 269 1425 τε
250 1387 330 1436 έος
373 1383 436 1434 εἶ,
483 1380 645 1444 ὡστεο
683 1382 710 1426 ὁ
754 1384 1002 1443 Ποωτεύς

125 1448 233 1504 πρὶν
262 1443 324 1487 ἄν
344 1446 492 1505 εἴπῃς.
533 1449 655 1489 Conf.
681 1451 767 1489 sat.
793 1451 840 1497 2,
866 1451 911 1498 ’3,
937 1451 1002 1489 71.

179 1510 222 1549 91
232 1510 318 1550 -93,
355 1512 644 1561 Quiclpauper
652 1512 729 1564 t>]‹
711 1482 864 1561 «Quid,
885 1513 1005 1563 quod

124 1571 192 1613 vel
215 1584 438 1626 pauperes
456 1574 574 1614 haud
594 1575 737 1616 minus
755 1576 1006 1615 inconstan-

125 1639 189 1676 tes
220 1639 322 1676 sunt
350 1637 390 1676 in
416 1638 506 1676 toto
528 1639 643 1678 vitae
667 1640 844 1686 tenore,
870 1649 1005 1689 quam

124 1697 434 1750 locupletem»
479 1721 523 1727 -
568 1701 685 1750 Ride]
736 1703 872 1740 Prava
924 1701 1004 1741 ista

122 1761 437 1812 pauperiorum
470 1761 683 1803 sedulitas
714 1764 755 1802 in
790 1763 1003 1803 mutando

123 1833 303 1874 semper
349 1824 467 1863 w‘ctu
516 1824 725 1877 cultuque
775 1837 862 1865 non
908 1826 1002 1865 Sine

121 1886 298 1936 propria
319 1885 520 1926 molestia
539 1886 880 1934 elaborantium,
901 1899 1003 1928 cum

123 1947 179 1986 ad
209 1949 343 1987 vitam
374 1946 651 1989 tolerandam
682 1948 808 2001 longe
840 1949 922 1989 alia
955 1951 1004 1991 iis

123 2009 291 2061 agenda
326 2013 499 2059 essent,
547 2011 755 2061 ridicula,
803 2014 852 2052 ut
896 2024 1005 2052 con-

123 2076 386 2113 sentaneum
420 2077 509 2123 est,
554 2075 693 2114 xideri
724 2075 861 2115 debet
891 2076 1004 2115 divi-

124 2135 240 2176 tibus
262 2137 394 2176 etiam
418 2135 519 2184 illis,
554 2138 628 2188 qui
653 2138 872 2188 pecuniae
895 2149 1002 2178 suae

125 2196 358 2238 illudentes
403 2209 546 2249 aeque
592 2200 894 2240 inconstanter
937 2202 1004 2239 vi-

123 2263 245 2301 vunt.
306 2261 381 2301 Est
411 2261 563 2311 igitur:
616 2263 693 2301 «Et
724 2265 792 2311 tu,
826 2264 1004 2303 Maece-

125 2335 226 2373 nas,
261 2325 305 2363 et
335 2323 591 2374 quicunque
623 2324 735 2364 haec
757 2323 895 2374 leget,
930 2324 1005 2363 ha-

123 2384 221 2433 bet,
255 2396 335 2425 cur
366 2384 531 2424 rideat»
556 2387 642 2425 cet.
666 2385 923 2425 Bentleiano
946 2385 1004 2424 illi

121 2448 241 2486 viden
270 2451 315 2486 ut
352 2445 474 2486 locus
513 2449 580 2487 est
614 2449 760 2499 potius
792 2448 833 2487 in
865 2448 998 2487 actio—

124 2508 253 2549 nibus
285 2510 329 2548 et
368 2510 536 2548 eventis
576 2510 830 2560 improvisis
869 2512 1002 2560 atque

123 2569 459 2610 admirationem
491 2571 802 2612 excitantibus.
831 2595 876 2599 —
908 2583 1004 2611 coe-

122 2633 290 2682 nacula]
309 2633 448 2672 Varro
466 2633 510 2672 L.
529 2634 573 2672 L.
591 2634 629 2672 5.
644 2644 688 2684 p.
708 2635 801 2673 ⁴62.
821 2635 1001 2686 Speng.:

127 2696 199 2735 Ubi
227 2695 480 2744 coenabant,
518 2696 853 2736 coenaculum
886 2697 1003 2737 ‘voci-

123 2758 280 2797 tabant.
303 2780 326 2786 -
346 2780 368 2787 -
394 2759 667 2808 Posteaquam
707 2759 752 2798 in
792 2760 1005 2809 superiore

118 2827 243 2872 parte
261 2823 469 2862 coenitare
499 2827 746 2873 coeperunt,
777 2825 1005 2874 superioris

125 2885 268 2923 domus
303 2885 502 2924 universa
539 2886 832 2925 coenacula
875 2887 1002 2927 dicta.

125 2945 410 2997 (coenaculum
439 2948 628 2996 superius
656 2948 783 2999 Apul.
815 2950 919 2990 Met.
951 2950 999 2998 9,

126 3007 209 3059 40.)
259 3006 374 3047 Talia
400 3010 551 3049 autem
581 3011 809 3050 coenacula
835 3012 1004 3051 merito-

125 3070 195 3109 ria
224 3069 416 3119 (Sueton.
438 3069 582 3109 Vitell.
606 3072 662 3123 7.)
691 3072 1004 3113 conducebant

125 3132 330 3172 homines
360 3132 600 3172 tenuiores.
650 3135 801 3175 Iuven.
825 3135 870 3184 3,
894 3137 967 3175 201¹
992 3147 1000 3176 :

131 3194 302 3233 Ultimus
344 3193 528 3243 ardebit,
575 3206 695 3244 quem
736 3198 875 3248 tegula
915 3199 1004 3238 sola

127 3259 266 3296 tuetur
292 3256 326 3296 A
351 3256 522 3306 plavia,
560 3257 702 3297 molles
729 3258 799 3298 ubi
826 3261 1005 3300 reddunt

128 3329 209 3357 ova
248 3318 475 3358 colu-mbae.
542 3318 606 3358 Cf.
644 3320 815 3360 Becker
859 3322 1004 3361 Gallus

131 3379 214 3430 (ed.
238 3379 328 3432 alt.)
360 3383 391 3421 I.
414 3393 458 3433 p.
485 3381 549 3421 14.
587 3405 632 3410 —
665 3383 800 3434 lectos]
840 3385 884 3423 et
923 3395 1004 3424 cu-

130 3441 262 3481 biculi
306 3445 350 3483 et
392 3442 575 3483 triclinii.
621 3467 664 3471 —-
711 3445 884 3496 Balnea]
931 3447 1001 3486 «In

131 3505 214 3544 hoc
245 3516 422 3557 quoque
452 3507 735 3547 vitiositatem
766 3509 898 3558 atque
937 3509 1004 3548 in·

934 1014 1003 1058 is»,
1037 1013 1042 1043 ¹
1073 1015 1368 1054 constantiam
1401 1027 1527 1056 suam
1561 1019 1789 1068 patefacit,
1835 1021 1951 1069 quod

1073 1077 1166 1115 sinc
1199 1076 1357 1116 idonea
1382 1090 1514 1117 causa
1538 1080 1671 1119 modo
1704 1081 1785 1130 his,
1820 1082 1953 1122 modo

1072 1137 1152 1177 illis
1184 1139 1319 1178 utitur
1351 1139 1521 1180 balneis
1551 1142 1739 1193 publicis
1771 1155 1822 1183 ac
1855 1147 1954 1183 ton-

1072 1200 1264 1240 strinis.»
1302 1225 1345 1229 —
1379 1204 1578 1242 conducto
1609 1205 1796 1256 nat-5950]
1834 1209 1954 1246 «Na—

1072 1273 1174 1301 vem
1198 1263 1419 1304 interdum
1443 1266 1665 1316 conducit,
1691 1267 1949 1319 locupletes,

1071 1325 1144 1373 qui
1175 1327 1378 1377 proprias
1410 1326 1600 1377 habcnt,
1635 1330 1676 1369 in
1709 1342 1762 1369 co
1794 1330 1952 1370 saltem

1071 1386 1401 1437 aemulaturus,
1455 1391 1502 1429 ut
1547 1392 1638 1442 ipse
1685 1403 1863 1443 quoque
1910 1394 1951 1433 iu

1070 1446 1218 1489 locum
1263 1448 1457 1501 aliquem
1503 1463 1772 1502 amoenum,
1819 1455 1951 1495 veluti

1070 1511 1216 1559 Baias,
1250 1513 1460 1562 vehatur,
1495 1525 1595 1555 cum
1629 1527 1681 1555 co
1712 1518 1861 1557 tamen
1894 1519 1955 1557 in-

1071 1574 1336 1623 commodo,
1371 1577 1420 1614 ut
1449 1586 1592 1628 aeque
1616 1580 1749 1629 atque
1773 1578 1827 1619 illi
1849 1591 1953 1619 nau-

1067 1640 1172 1684 seet,
1222 1638 1400 1688 propria
1446 1639 1789 1690 significatione,
1834 1655 1950 1682 ναυ-

1069 1694 1198 1751 τιᾷν,
1245 1699 1506 1739 36θῆφάηᾶ
1549 1702 1675 1741 sein.
1742 1705 1788 1743 In
1834 1705 1950 1745 hunc

1070 1761 1269 1811 corporis
1287 1762 1507 1812 ingratum
1523 1764 1733 1805 affectum
1751 1767 1839 1806 exit
1861 1769 1952 1806 tan—

1070 1823 1173 1863 dem
1204 1824 1381 1874 utrique
1413 1828 1590 1877 sperata
1626 1828 1794 1869 itineris
1824 1828 1953 1869 volu-

1068 1887 1188 1935 ptas,
1223 1887 1349 1926 cuius
1380 1890 1571 1939 uterque
1593 1900 1737 1942 aequo
1769 1902 1870 1931 mox
1893 1894 1954 1932 as-

1069 1948 1214 1987 ticitur
1234 1948 1450 1989 fastidio.»
1482 1950 1577 1991 Noli
1599 1956 1748 1993 autem
1770 1957 1951 2006 propter

1069 2011 1220 2050 nescio
1253 2023 1364 2063 quas
1396 2012 1577 2055 delicias
1607 2027 1646 2055 v.
1680 2022 1855 2056 nauseat
1877 2017 1951 2057 ali-

1068 2074 1136 2112 ter
1165 2085 1301 2124 quam
1336 2076 1516 2127 proprie
1554 2078 1855 2129 interpretari,
1903 2083 1950 2119 ut

1067 2136 1377 2176 tantummodo
1428 2138 1666 2189 significet:
1721 2157 1739 2176 «
1759 2141 1946 2189 fastidit,

1068 2197 1163 2247 ipse
1194 2197 1277 2238 sibi
1309 2198 1553 2251 displicet.»
1591 2201 1677 2242 Cfr.
1703 2203 1836 2242 etiam
1857 2203 1953 2243 Plu-

1070 2260 1209 2299 tarchi
1240 2259 1387 2301 locum
1410 2263 1545 2302 nostri
1568 2263 1778 2314 similem,
1812 2266 1899 2306 iam
1926 2278 1950 2305 a

1071 2320 1264 2371 Cruquio
1295 2321 1500 2373 allatum,
1534 2324 1589 2364 de
1621 2326 1780 2377 Tranq.
1814 2328 1948 2367 animi

1069 2392 1105 2420 c.
1131 2382 1176 2421 3:
1225 2376 1387 2441 ὥσπερ
1428 2385 1477 2424 οἱ
1510 2383 1657 2426 δειλοὶ
1688 2389 1768 2427 καὶ
1805 2402 1948 2429 ναυ-

1067 2441 1304 2496 τιῶντες
1333 2445 1384 2486 ἐν
1413 2442 1477 2486 τῶ
1509 2447 1664 2499 πὶεῑν,
1698 2455 1800 2490 elza
1827 2446 1947 2507 ῥᾶον

1068 2504 1285 2560 οἰόιιενοι
1315 2506 1516 2562 διάξειν,
1558 2508 1642 2552 ἐὰν
1673 2514 1740 2563 εἰς
1768 2511 1947 2567 γαῦλον

1067 2568 1118 2622 ἐξ
1137 2566 1347 2623 ἀκάτου,
1371 2575 1452 2614 καὶ
1474 2571 1616 2614 πάλιν
1636 2572 1721 2616 ἐὰν
1737 2588 1803 2627 εις
1823 2574 1950 2634 τριή-

1067 2647 1126 2691 ρη
1156 2649 1214 2687 με
1196 2604 1449 2686 εταβιέσιν,
1483 2632 1590 2678 οὐδὲ
1597 2651 1622 2677 ν
1647 2650 1704 2678 πε
1707 2641 1944 2696 οαίιηουσι

1067 2693 1154 2748 τὴν
1190 2694 1308 2750 nolti)
1318 2712 1343 2738 ν
1381 2700 1462 2740 καὶ
1492 2696 1579 2752 τὴν
1614 2698 1792 2742 δειλίαν
1822 2715 1947 2755 συμ-

1065 2771 1250 2812 μεταφε
1247 2761 1392 2818 ἐροντ
1395 2775 1418 2812 ς
1462 2761 1668 2813 ἑαυτοῖς.
1730 2765 1947 2805 Huiusce-

1067 2822 1187 2862 modi
1227 2827 1378 2864 autem
1408 2825 1622 2876 imagines
1659 2827 1842 2866 minime
1882 2827 1946 2867 fa—

1067 2884 1308 2925 stidiebant
1327 2887 1518 2938 antiqui,
1553 2889 1614 2928 uti
1644 2887 1782 2940 liquet
1800 2888 1869 2928 vel
1892 2901 1944 2930 ex

1066 2948 1162 2998 ipso
1193 2948 1371 2988 Horatio
1393 2949 1532 3001 Epod.
1558 2950 1605 2999 9,
1630 2950 1705 2990 35:
1744 2951 1812 2990 Vel
1837 2953 1945 3000 quod

1063 3011 1257 3061 fluentem
1291 3022 1495 3051 nauseam
1536 3012 1777 3063 (vomitum)
1821 3016 1944 3052 coer—

1064 3076 1170 3121 ceat,
1187 3073 1335 3112 Metire
1348 3073 1465 3113 nobis
1481 3074 1729 3114 Caecubum!
1746 3097 1790 3102 —
1799 3075 1942 3126 priva]

1067 3135 1166 3173 «uni
1179 3135 1403 3186 propria.»
1428 3137 1605 3176 «Privos
1620 3137 1858 3188 privasque
1869 3147 1944 3175 an-

1065 3198 1173 3248 tiqui
1191 3197 1400 3238 dicebant
1417 3209 1497 3250 pro
1514 3198 1707 3250 singulis.
1728 3199 1791 3238 Ob
1809 3209 1943 3249 quam

1067 3270 1249 3299 causam
1280 3263 1324 3300 et
1345 3262 1522 3310 privata
1557 3261 1786 3309 dicuntur,
1829 3271 1941 3310 quae

1065 3323 1414 3373 uniuscuiusque
1437 3325 1559 3370 sunt;
1590 3323 1693 3362 hinc
1717 3324 1759 3362 et
1773 3322 1944 3371 privile-

1064 3385 1223 3435 9ium.»
1255 3386 1422 3425 Fsssws.
1463 3386 1525 3425 Cf.
1550 3386 1637 3424 Sat.
1662 3385 1708 3433 2,
1732 3385 1778 3432 5,
1804 3384 1867 3422 Μ.
1893 3407 1937 3411 -

1064 3448 1259 3499 triremis]
1290 3458 1370 3499 pro
1393 3447 1588 3498 qualibet
1617 3456 1729 3485 nave
1755 3445 1938 3484 maiore.

1068 3509 1155 3548 Cic.
1178 3510 1302 3548 Verr.
1328 3511 1484 3548 Accus.
1510 3509 1554 3555 5,
1581 3508 1652 3554 47,
1686 3506 1757 3548 44:
1790 3517 1942 3547 navem
