2231 3787
254 267 352 317 474.
862 268 1073 306 ΗΟΗΑΤΙΙ
1104 268 1470 309 EPISTOLARUM

323 399 410 452 Sic
450 416 550 469 ego
588 398 805 451 maioris
845 398 1052 468 fugiens
1091 396 1383 467 opprobria
1421 396 1613 466 culpae
2005 396 2070 448 -2lO

327 500 530 554 Frontis
570 500 636 553 ad
672 499 914 552 urbanae
956 498 1213 552 descendi
1254 497 1509 568 praemia.
1587 497 1793 562 Quodsi

323 603 638 673 Depositum
677 600 867 654 laudas
906 600 974 652 ol]
1013 599 1168 652 amici
1213 599 1360 652 iussa
1395 599 1688 670 pudorem,

323 704 508 757 Scribe
549 704 622 755 tui
664 703 841 773 gregis
881 701 1021 754 hunc
1061 709 1113 754 et
1151 700 1340 753 fortem
1378 700 1540 754 crede
1579 701 1908 773 bonumque.

249 908 292 944 ut
332 903 490 942 utilitas
530 902 630 941 inde
662 901 718 941 ad
748 912 820 940 me
852 898 1122 945 redundet3»
1157 904 1160 941 Ι
1193 900 1363 950 pimus,
1413 899 1493 938 sed
1534 901 1684 939 tamen
1714 901 1897 952 propter
1927 900 2072 940 certas

249 966 622 1021 nar'sipcoveiav.
658 962 863 1003 Similiter
880 961 1020 1002 verbo
1039 962 1126 1011 opis
1157 958 1159 983 ¹
1193 972 1350 1001 causas
1410 961 1603 1000 abiicere
1663 973 1750 1000 non
1814 971 2068 1013 possumus.

250 1029 382 1067 utitur
402 1028 518 1077 Yirg.
544 1029 650 1066 Aen.
673 1027 687 1065 4
709 1058 716 1073 ,
743 1025 840 1064 60οῑ
875 1028 1015 1075 grates
1030 1035 1127 1073 per-
1157 1021 1159 1074 3
1193 1022 1280 1061 Cic.
1305 1022 1447 1061 Dix'in.
1480 1022 1523 1061 in
1557 1021 1716 1062 Caecil.
1754 1023 1769 1061 4
1793 1054 1801 1071 ,
1827 1023 1843 1061 4
1866 1034 1874 1061 ;
1916 1023 1972 1061 ad
1998 1034 2075 1062 ac-

247 1091 401 1129 solvere
422 1091 570 1140 dignas
588 1089 682 1127 Non
712 1088 824 1136 opis
852 1091 910 1126 est
929 1091 1120 1135 nostrae,
1156 1082 1159 1138 j
1191 1085 1423 1123 cusandam
1446 1085 1699 1124 descendere.
1752 1084 1975 1124 Sententia
1998 1084 2076 1135 igi-

246 1153 369 1191 Dido.
420 1152 481 1191 Cf.
517 1153 601 1190 Sat.
649 1152 686 1198 Ι,
725 1151 770 1198 Ξ,
810 1149 875 1189 74.
911 1173 955 1177 -
989 1150 1126 1188 mato—
1156 1163 1159 1203 ᾗ
1192 1149 1263 1185 tur
1293 1147 1381 1186 est:
1419 1149 1588 1186 «Ausus
1620 1157 1720 1186 sum
1741 1146 1913 1198 pudore
1936 1146 2075 1198 depo-

247 1215 304 1253 ris
324 1237 347 1242 -
367 1214 528 1264 culpae]
563 1214 755 1254 «Astutia
793 1215 836 1251 et
873 1210 1126 1251 dissimula—
1191 1209 1272 1248 sito
1305 1209 1435 1248 amici
1467 1220 1603 1248 causa
1632 1208 1701 1248 vel
1744 1209 2073 1249 inverecundus

247 1277 304 1316 tio
353 1276 569 1316 adversus
615 1275 808 1314 amicum
855 1275 997 1313 maior
1047 1274 1126 1312 erit
1193 1270 1330 1309 fieri.»
1379 1269 1576 1310 Aliorum
1617 1273 1766 1310 autem
1805 1271 2074 1323 interpreta-

248 1338 395 1390 eulpa,
444 1350 576 1390 quam
618 1339 653 1378 si
695 1337 804 1377 forte
845 1338 1125 1388 importunus
1156 1327 1160 1343 ¹
1192 1334 1276 1373 tio:
1320 1333 1568 1373 «Descendi
1598 1333 1719 1373 velut
1747 1334 1791 1373 in
1813 1345 1996 1374 arenam
2017 1334 2074 1374 ad

246 1401 324 1441 tihi
355 1402 524 1442 fuero.»
1156 1348 1160 1442 i
1192 1395 1463 1446 acquirenda
1504 1397 1702 1447 praemia
1742 1397 2070 1449 impudentiae,

1156 1463 1159 1469 '
1192 1457 1332 1509 qualis
1370 1470 1469 1499 esse
1509 1458 1623 1499 solet
1666 1460 1899 1500 hominum
1936 1459 2074 1500 urba-

302 1530 315 1566 4
329 1528 438 1567 «1-43.
471 1528 636 1567 Frontis
657 1526 712 1566 ad
729 1526 919 1565 urba-nae
940 1524 1128 1564 descendi
1191 1532 1371 1570 norum,
1406 1521 1568 1572 quibus
1590 1522 1682 1562 fere
1705 1522 1835 1562 datur
1856 1523 1977 1573 quod
1997 1533 2074 1574 pe-

242 1591 447 1640 praemia]
470 1591 602 1630 Frons
622 1589 845 1629 interdum
873 1599 954 1639 pro
985 1588 1128 1638 impu-
1156 1602 1159 1656 Ι
1191 1587 1337 1633 tunt,»
1371 1585 1739 1636 significationem
1766 1597 1808 1626 v.
1834 1587 2074 1626 descendere

245 1654 406 1701 dentia,
432 1652 685 1700 insolentia,
710 1651 849 1697 fastu,
872 1649 990 1689 unde
1010 1650 1125 1700 fron-
1157 1667 1158 1673 =
1191 1647 1294 1687 huic
1337 1646 1434 1687 loco
1479 1649 1609 1688 unice
1650 1650 1799 1700 aptam
1839 1659 1928 1688 non
1967 1649 2073 1689 satis

243 1722 323 1756 tem
358 1716 590 1766 perfricare
622 1713 932 1765 «impudenter
963 1724 1011 1753 se
1047 1723 1126 1763 ge-
1155 1725 1159 1778 ᾗ
1191 1709 1382 1749 retinere
1415 1710 1603 1750 videtur.
1654 1711 1820 1750 Tertia:
1870 1711 1957 1751 «Eo
1995 1721 2074 1750 co-

243 1790 387 1826 rere,»
407 1780 535 1829 firma
554 1779 672 1829 frons
693 1779 889 1816 Senecae
908 1775 963 1814 de
986 1776 1125 1814 Tran-
1155 1795 1158 1853 4
1191 1772 1411 1822 gitationis
1454 1773 1659 1824 perveni,
1705 1774 1754 1812 ut
1796 1774 1933 1813 satius
1973 1783 2073 1813 esse

245 1839 362 1891 quill.
402 1852 471 1879 an.
510 1839 559 1886 4,
603 1841 662 1888 2„
706 1841 748 1878 et
787 1839 831 1877 in
861 1835 1123 1888 plebeculae
1155 1856 1158 1901 τ
1190 1837 1396 1884 putarem
1418 1834 1608 1874 frontem
1632 1834 1872 1875 obfirmare
1891 1836 1936 1874 et
1954 1835 2074 1876 hunc

244 1902 474 1942 Latinitate
504 1902 622 1952 frons
642 1902 908 1950 expudorata
932 1901 1120 1948 (petron.
1155 1903 1158 1964 ὲ
1191 1897 1382 1936 fructum
1410 1898 1646 1948 consequi,
1679 1900 1728 1937 ut
1748 1898 2007 1938 auctoritate
2029 1898 2076 1936 et

244 1964 324 2014 39).
366 1965 498 2003 Frons
518 1963 685 2002 urbana
706 1974 772 2014 pr.
794 1964 860 2001 est
882 1962 996 2009 eius,
1032 1962 1121 2012 qui,
1155 1967 1157 1996 l
1191 1959 1327 2008 gratia
1358 1960 1477 2009 apud
1508 1962 1549 1999 te
1579 1959 1730 1999 valere
1771 1960 1943 2008 diear;»
1990 1970 2073 2000 no-

244 2027 344 2078 quia
375 2027 418 2065 in
449 2026 563 2068 Urbe
594 2026 720 2074 vivit,
761 2025 908 2063 minus
944 2022 1123 2062 timidus
1154 2041 1157 2071 ς
1190 2021 1355 2059 tionem
1375 2020 1515 2060 verbo
1530 2022 1729 2070 praemia
1749 2021 1923 2071 tribuit,
1958 2032 2072 2072 quae

244 2100 295 2128 ac
336 2089 565 2129 modestus
606 2091 673 2128 est
712 2087 877 2126 rustico
919 2086 1028 2134 (Cic.
1068 2083 1124 2122 ad
1154 2078 1157 2147 j
1188 2084 1259 2122 vix
1296 2084 1340 2122 in
1386 2095 1438 2122 eo
1483 2084 1612 2123 inest.
1663 2083 1743 2124 Alii
1788 2084 1982 2136 denique
2025 2096 2069 2125 v.

244 2153 361 2190 Fam.
387 2153 432 2198 5,
459 2152 530 2199 42,
567 2151 607 2189 4;
643 2149 843 2188 deterruit
866 2149 1007 2198 pudor
1028 2148 1125 2196 qui-
1154 2150 1157 2189 i
1183 2147 1380 2195 praemia
1408 2145 1523 2186 male
1554 2147 1901 2198 interpretantur
1933 2158 2074 2188 «mer—

243 2215 339 2252 dam
364 2225 500 2263 paene
527 2211 877 2262 subrusticus.)
910 2221 960 2249 ac
982 2220 1122 2261 prope
1154 2226 1158 2276 Ι
1191 2209 1366 2258 cedem,
1390 2210 1595 2249 meritam
1613 2220 1911 2261 poenam.»—-
1929 2209 2073 2250 Scribe

243 2276 415 2315 accedit
451 2275 507 2314 ad
544 2286 692 2314 mores
722 2283 977 2314 scurrarum
1010 2272 1124 2322 (qui-
1154 2282 1157 2291 ¹
1191 2272 1356 2321 (unum)
1389 2272 1449 2310 tui
1476 2272 1628 2324 qreyis]
1658 2283 1725 2324 pr.
1753 2273 1873 2312 «eius
1903 2283 2070 2312 nomen

241 2338 435 2377 buscum
471 2338 709 2387 iunguntur
744 2336 898 2375 urbani
933 2336 1042 2386 Epp.
1076 2335 1120 2382 4,
1187 2335 1231 2373 in
1261 2333 1413 2373 album
1444 2335 1691 2374 amIcorum
1715 2336 1896 2374 tuorum
1915 2334 2071 2376 referri

243 2402 318 2449 45,
352 2401 417 2439 ΞΤ.
453 2402 495 2439 et
524 2399 659 2439 Plaut.
684 2400 799 2438 Trin.
826 2399 873 2447 4,
910 2399 958 2446 2,
993 2397 1119 2447 465.);
1189 2395 1344 2444 iube;»
1393 2397 1566 2449 «recipe
1612 2408 1715 2437 eum
1754 2398 1799 2437 in
1838 2398 2070 2438 cohortem

242 2464 450 2514 quocirca
500 2462 724 2501 interdum
767 2459 837 2500 vel
884 2460 1123 2512 potentiori
1189 2460 1402 2499 comitum
1432 2461 1653 2500 tuorum.»
1707 2460 1801 2500 «Sic
1831 2460 1951 2512 apud
1976 2460 2065 2501 Cic.

242 2527 384 2565 amico
416 2524 631 2565 molestus
671 2524 767 2563 fieri
797 2534 885 2563 non
914 2522 1122 2562 reformi-
1189 2521 1243 2561 de
1285 2521 1355 2561 Or.
1390 2522 1440 2570 2,
1483 2522 1549 2561 62.
1593 2523 1636 2561 et
1671 2521 1728 2561 ad
1764 2523 1884 2562 Fam.
1917 2522 1965 2572 7,
1997 2521 2065 2562 33.

242 2588 317 2627 dat
347 2589 391 2627 et
419 2588 504 2626 hoc
526 2587 652 2637 quasi
682 2587 748 2626 ius
769 2585 853 2626 sibi
884 2585 1040 2633 sumit,
1074 2585 1122 2623 ut
1187 2582 1363 2624 sodales
1401 2585 1447 2623 et
1475 2582 1686 2635 aequales
1717 2583 1924 2624 dicuntur
1950 2595 2069 2635 yre—

242 2649 534 2690 confidentius
575 2659 623 2689 se
663 2650 787 2699 gerat
832 2658 934 2687 cum
976 2647 1121 2686 omni·
1185 2646 1376 2697 qales.»
1407 2647 1614 2687 Domum.
1647 2648 1711 2687 De
1742 2647 1933 2698 genitivo
1962 2657 2068 2699 par-

240 2713 347 2752 bus:
401 2712 502 2752 hinc
548 2712 690 2752 facete
733 2711 948 2761 praemia,
995 2710 1116 2757 iura,
1187 2708 1308 2747 titivo
1339 2708 1392 2748 cf.
1418 2708 1496 2747 Od.
1521 2708 1567 2757 3,
1602 2708 1674 2758 43,
1710 2709 1774 2748 43.
1812 2731 1856 2736 -
1883 2708 2068 2759 fortem-

248 2775 579 2814 Vorrechte.
631 2775 681 2813 V.
714 2774 952 2814 descendere
986 2782 1119 2811 usur-
1186 2769 1429 2820 bonumque]
1476 2771 1552 2810 Est
1595 2771 1722 2820 quasi
1766 2768 1974 2818 formula,
2020 2771 2069 2809 ut

243 2841 370 2888 patur
397 2837 452 2876 de
484 2849 554 2885 re,
598 2848 734 2888 quam
762 2837 908 2875 minus
940 2835 1118 2885 dignam
1148 2861 1153 2935 Ι
1182 2833 1305 2883 fortis
1333 2843 1384 2871 ac
1402 2835 1606 2871 strenuus.
1657 2830 1753 2870 Vid.
1779 2831 1835 2870 ad
1856 2831 1934 2872 Od.
1959 2830 1999 2881 4,
2023 2831 2062 2880 4,

245 2899 369 2939 nobis
400 2902 634 2940 censentes
664 2910 802 2950 prope
828 2899 946 2938 inviti
976 2896 1117 2937 susci-
1184 2895 1250 2934 29.
1286 2896 1330 2933 et
1361 2893 1473 2933 conf.
1510 2894 1616 2945 Epp.
1644 2894 1690 2942 4,
1725 2894 1773 2941 7,
1808 2893 1874 2934 46.
