2231 3787
996 162 1094 201 LIB.
1130 163 1159 201 Ι.

1223 163 1334 203 SAT,
1371 163 1399 202 1.
2057 164 2116 217 13

350 292 636 346 Turbatam
675 292 851 347 haurit
889 310 1087 365 aquam
1122 311 1303 366 neque
1331 294 1493 347 vitain
1522 295 1711 349 amittit
1749 296 1800 347 in
1829 297 2003 352 mulis.
2047 301 2114 351 60

347 395 411 446 At
448 395 591 449 bona
630 413 757 466 pars
796 394 1076 449 hominum
1116 396 1347 468 decepta
1386 398 1643 469 cupidine
1684 399 1848 458 salso,

345 496 426 550 Nil
466 498 595 551 satis
635 506 739 562 est,
783 498 977 570 inquit,
1020 499 1149 571 quia
1187 499 1337 563 tanti,
1380 509 1642 572 quantum
1680 501 1908 567 habeaS‚
1951 503 2040 555 sis.

346 599 489 664 Quid
528 600 693 654 facias
734 599 848 653 illi?
887 600 1083 655 Iubeas
1123 602 1384 656 miserum
1424 620 1572 667 esse,
1615 603 1846 659 libenter

344 704 626 767 Quatenus
666 703 718 756 id
760 704 905 769 facit,
947 712 1006 757 ut
1043 703 1268 776 quidam
1306 714 1641 760 memoratur
1679 707 1900 762 Athenis

349 805 614 859 Sordidus
656 823 719 860 ao
759 806 913 860 dives
952 806 1140 879 populi
1182 815 1531 863 contemnere
1569 827 1736 864 voces
2046 814 2114 865 (35

345 908 433 962 Sic
473 908 689 963 solitus:
730 908 971 980 Populus
1011 927 1097 963 me
1138 909 1341 975 sibilat3
1382 919 1435 965 at
1472 911 1601 965 mihi
1642 912 1843 984 plaudo

382 1092 448 1130 60.
484 1102 555 1130 nec
582 1091 716 1130 vitam
746 1090 774 1129 b
808 1093 851 1130 et
880 1089 1121 1132 Bentleius.
1158 1114 1205 1120 —
1240 1092 1307 1132 63.
1341 1094 1540 1133 miseram
1571 1094 1749 1135 Marcilii
1793 1098 1836 1135 et
1874 1096 2057 1136 Bentleii

327 1154 441 1194 coni.
475 1153 651 1193 firmata
682 1165 706 1192 a
738 1153 846 1194 Cld.
880 1153 1059 1194 Valartii
1093 1155 1156 1206 (ἢ).

1194 1179 1238 1184 —
1281 1167 1364 1196 esse
1409 1157 1602 1207 libenter,
1652 1159 1864 1208 Oualenus
1906 1160 1971 1199 LC
2016 1163 2059 1200 et

324 1217 565 1259 Bentleius.
593 1242 637 1247 -
663 1218 729 1260 64.
767 1219 973 1270 Quatenus
993 1220 1076 1260 LC.
1105 1241 1152 1248 —
1176 1220 1453 1272 memoratur]
1484 1225 1698 1261 mereator
1727 1221 1836 1261 Cod.
1861 1222 2053 1262 vindob,

269 1399 380 1441 Plut.
425 1401 531 1459 περὶ
568 1399 918 1452 φιλοπλουτίας
958 1413 996 1442 c.
1038 1402 1077 1441 7.
1111 1412 1154 1453 p.

267 1465 364 1505 5⁶26.
400 1466 454 1506 C:
489 1463 719 1523 Κε-’ρὸαινε
748 1466 832 1505 καὶ
862 1463 1033 1515 φείδου
1075 1465 1158 1504 καὶ

269 1528 509 1570 τοσούτου
549 1527 714 1583 νόμιζε
753 1526 963 1569 σεαυτὸν
999 1523 1154 1580 ἄξιον,

267 1584 389 1632 ὅσον
433 1587 495 1632 ἄν
538 1587 671 1652 ἔχῃς.
732 1594 842 1633 Eam
881 1606 935 1634 ex
973 1595 1156 1634 Comico

266 1655 415 1708 aliquo
445 1658 632 1709 petitam
664 1668 764 1698 esse
796 1658 905 1697 scite
938 1657 1072 1697 docet
1092 1658 1158 1696 Ia-

267 1719 377 1759 cobs
410 1721 548 1760 Lectt.
592 1721 701 1760 Veu.
745 1731 790 1772 p.
832 1719 927 1760 383.
983 1721 1155 1761 Seneca

266 1785 344 1836 Ep.
379 1785 473 1825 445.
508 1796 563 1825 ex
591 1785 775 1836 Tragico
813 1787 1006 1825 Graeco:
1059 1785 1157 1825 Ubi-

265 1858 345 1896 que
373 1848 480 1887 tanti
511 1849 704 1899 quisque,
740 1852 946 1898 quantum
986 1849 1153 1898 habuit,

263 1912 358 1963 fuit.
419 1911 610 1952 Lucilius
650 1911 770 1963 apud
801 1910 945 1951 schol.
980 1914 1073 1953 IuV.
1105 1912 1152 1962 3,

267 1974 360 2015 443.
423 1973 538 2014 Gerl.
562 1986 605 2026 p.
631 1975 705 2024 84,
741 1975 814 2015 46;
847 1975 1011 2015 Aurum
1032 1980 1158 2026 atque

266 2038 438 2077 ambitio
454 2038 658 2088 specimen
675 2038 845 2078 virtutis
863 2039 1033 2089 utrique
1055 2039 1151 2091 (leg.

263 2100 432 2153 ubique)
464 2105 544 2141 est:
588 2102 802 2151 Quantum
831 2101 1008 2152 habeas,
1057 2107 1156 2143 lan-

265 2169 353 2204 tum
372 2165 458 2214 ipse
479 2165 556 2204 sies
576 2166 765 2215 tantique
784 2164 993 2205 habearis.
1029 2166 1158 2217 (Con-

266 2227 332 2267 fer
376 2228 510 2267 etiam
554 2228 870 2268 Britannorum
909 2229 1156 2269 hodierno-

265 2300 366 2329 rum
382 2288 657 2329 locutionem
673 2289 1049 2340 volgatissimam:
1079 2293 1157 2331 The

265 2364 367 2392 man
384 2352 419 2391 is
433 2352 569 2392 worth
585 2363 628 2392 so
646 2352 731 2391 and
750 2363 794 2391 so
807 2363 939 2401 many
952 2353 1155 2405 pounds.)

272 2439 317 2445 —-
344 2416 452 2466 Quid
469 2415 605 2466 facias
633 2415 708 2467 illi]
742 2426 833 2454 non
855 2414 985 2454 bonae
1007 2416 1153 2465 parti,

266 2477 348 2519 Sed
371 2478 564 2517 «homini
587 2476 829 2526 eiusmodi,
861 2477 936 2528 qui
963 2476 1155 2529 loquens

265 2541 534 2581 inducitur.»
579 2540 633 2581 Τι’
653 2536 827 2598 χρήσει
847 2537 1028 2594 τούτῳ,·
1061 2541 1151 2581 Cio.

264 2615 308 2656 p.
341 2605 473 2644 Caec.
507 2604 550 2644 44
575 2636 583 2653 ,
618 2603 663 2643 34
687 2616 694 2642 :
747 2604 855 2654 Quid
883 2604 978 2643 huic
1007 2608 1053 2643 tu
1080 2604 1156 2643 ho-

264 2668 369 2708 mini
387 2666 555 2719 facias?
586 2667 749 2707 Contra
771 2678 815 2718 p,
837 2667 948 2707 Sest.
971 2667 1043 2717 43,
1077 2667 1151 2709 29:

268 2732 375 2781 Quid
393 2732 468 2770 hoc
487 2731 651 2771 homine
678 2730 845 2782 facias?
868 2753 916 2759 —
939 2730 1152 2782 miserum]

262 2788 563 2844 Ἆκολούθως
592 2793 770 2834 fuisset:
816 2794 1040 2842 miseram3
1074 2793 1156 2834 sed

264 2858 396 2909 poeta
435 2857 568 2896 vertit
606 2855 731 2897 filum
762 2857 997 2906 orationis,
1038 2858 1087 2897 ut
1118 2857 1155 2897 si

265 2919 471 2959 hominem
501 2919 705 2968 dixisset,
749 2930 839 2959 non
869 2924 1040 2969 partem
1079 2921 1156 2960 ho-

265 2982 441 3022 minum.
494 2983 672 3022 MARC1L.
723 2983 927 3022 Miseram
946 2984 989 3022 h.
1014 2982 1041 3022 l.
1066 2984 1156 3023 Ro-

266 3055 400 3084 mano
431 3045 583 3084 sensui
613 3056 865 3096 repugnare
897 3047 1021 3086 recte
1049 3045 1156 3085 dixit

265 3106 469 3148 Wolfius.
513 3127 560 3135 —
603 3106 715 3147 Male
758 3106 862 3147 olim
890 3108 990 3148 adv.
1024 3097 1156 3148 liben-

266 3174 330 3210 ter
366 3168 611 3219 iungebant
641 3181 745 3209 cum
774 3170 924 3211 verbis
955 3172 1155 3211 miserum

267 3244 371 3280 esse3
396 3233 563 3271 rectius
595 3231 784 3271 trahitur
803 3233 861 3273 ad
890 3234 1152 3284 sequentia:

270 3294 664 3347 «quandoquidem
702 3305 808 3334 eum
845 3295 1039 3336 delectat
1068 3297 1154 3336 mi-

270 3369 423 3398 serum
454 3368 600 3398 esse.»
638 3381 682 3385 —-
714 3358 778 3397 De
813 3368 897 3397 usu
928 3369 970 3397 v.
1005 3363 1154 3408 quate-

269 3431 347 3458 nus
384 3420 497 3459 conf.
539 3419 618 3459 Od.
653 3420 702 3469 3,
742 3418 819 3468 24,
864 3419 929 3458 30.
979 3421 1066 3459 Sat.
1104 3422 1151 3468 4,

1222 1401 1261 1450 3,
1287 1401 1354 1442 76.
1389 1402 1565 1442 Lucret.
1594 1401 1639 1452 3,
1667 1401 1762 1443 425.
1790 1402 1913 1443 Ovid.
1939 1404 2040 1445 Met.
2061 1405 2108 1452 8,

1222 1464 1317 1504 786.
1378 1466 1473 1504 Non
1506 1467 1575 1505 est
1603 1465 1647 1505 h.
1672 1464 1699 1505 1.
1731 1466 1993 1517 «quamdin,
2028 1467 2111 1507 do-

1221 1539 1349 1576 nec»,
1382 1530 1430 1568 ut
1459 1528 1550 1569 volt
1576 1530 1745 1578 Acron,
1781 1529 1862 1569 sed
1893 1541 1946 1569 ex
1966 1531 2110 1581 prima

1221 1590 1540 1641 significatione
1554 1603 1723 1642 «usque
1742 1591 1797 1631 ad
1817 1604 1952 1644 quem
1975 1594 2110 1634 linem

1222 1655 1266 1693 et
1319 1653 1404 1693 loci
1450 1656 1492 1694 et
1541 1654 1795 1705 temporis»
1841 1655 1959 1706 (Cic.
2000 1655 2106 1696 Phil,

1224 1716 1296 1766 44,
1344 1718 1393 1767 5,
1439 1717 1511 1757 44;
1567 1722 1773 1766 quatenus
1811 1718 1919 1757 istos
1965 1719 2110 1760 fasces

1218 1779 1472 1832 haberemP)
1512 1780 1673 1832 accipit
1703 1780 1932 1820 notionem
1968 1783 2109 1821 nostri

1218 1844 1415 1894 sofern,
1449 1844 1506 1883 da
1526 1844 1593 1893 y'a.
1636 1866 1681 1871 —
1718 1843 1762 1882 id
1795 1843 1913 1895 facit]
1946 1845 2112 1884 «miser

1221 1909 1331 1947 est.»
1384 1909 1502 1947 Haec
1521 1919 1564 1947 v,
1588 1908 1730 1958 faeere
1751 1907 2013 1957 significatio
2036 1920 2111 1959 ge-

1218 1970 1380 2010 neralis
1418 1969 1535 2010 male
1577 1969 1732 2009 habuit
1773 1971 1958 2010 Criticos
1990 1972 2106 2023 apud

1218 2034 1465 2075 Munatium
1504 2033 1717 2073 Plancum
1751 2033 1862 2084 (Cic.
1897 2034 1953 2073 ad
1985 2036 2105 2075 Fam.

1221 2098 1297 2147 40,
1332 2098 1406 2147 48,
1440 2097 1512 2147 ⁶2.):
1553 2097 1727 2137 Cautius
1755 2097 1860 2136 illud
1889 2102 1981 2137 erat
2007 2110 2110 2138 eon—

1217 2161 1357 2200 silium
1378 2164 1622 2210 exspectare
1640 2171 1705 2199 me
1726 2161 1783 2199 ad
1801 2161 1985 2209 Isaram,
2010 2162 2109 2200 dum

1217 2224 1376 2263 Brutus
1404 2223 1617 2262 traiiceret
1647 2224 1901 2271 exercitum,
1945 2228 1984 2263 et
2013 2236 2109 2264 oum

1218 2286 1377 2337 colleya
1405 2286 1696 2334 consentiente,
1732 2286 1838 2325 siout
1866 2287 2017 2325 milites
2033 2287 2110 2337 sa—

1218 2348 1376 2396 ciunt,
1401 2348 1582 2387 hostibus
1603 2348 1768 2387 obviam
1788 2349 1868 2397 ire,
1901 2348 1979 2388 ubi
2001 2360 2110 2389 non-

1219 2408 1325 2450 nulli
1361 2411 1410 2449 ut
1446 2409 1643 2450 absurda
1675 2408 1939 2450 deleverunt
1966 2411 2106 2450 verba

1217 2474 1323 2512 sicut
1349 2473 1500 2513 rennues
1526 2473 1710 2524 faciunt,
1755 2483 1858 2512 cum
1890 2472 2007 2513 clare
2046 2476 2107 2514 si—

1219 2536 1452 2588 gnificent:
1488 2537 1629 2575 «sieut
1658 2536 1792 2576 etiam
1814 2535 1974 2576 milites
1998 2548 2108 2576 con-

1219 2600 1457 2640 sentiunt.»
1519 2600 1687 2638 Graeca
1728 2598 1931 2650 exempla
1976 2611 2108 2651 pror-

1217 2674 1294 2704 sus
1326 2661 1483 2703 similia
1523 2661 1697 2712 collegit
1734 2662 2017 2703 Heindorfius
2049 2663 2106 2702 ad

1217 2725 1324 2765 Plat.
1344 2725 1478 2776 Soph.
1502 2726 1548 2765 T.
1574 2737 1627 2764 lv.
1651 2736 1695 2776 p.
1720 2724 1800 2765 402
1822 2736 1908 2776 sq.,
1942 2726 1990 2765 ut
2009 2727 2106 2765 Ari-

1219 2788 1365 2840 stoph.
1390 2789 1491 2839 Lys.
1527 2787 1654 2827 4089:
1688 2786 1752 2826 X.
1779 2778 1840 2825 5H
1865 2797 1959 2827 που
1986 2783 2105 2844 πρὸς

1218 2846 1399 2909 ὄρθρον
1421 2846 1653 2902 σπασμὸς
1684 2845 1811 2902 ὑμᾶς
1842 2846 2104 2902 λαμβάνεω

1217 2913 1270 2955 Α.
1304 2911 1385 2955 Μὰ
1415 2913 1505 2963 Δί’,
1553 2908 1678 2953 ἀλλὰ
1720 2914 1859 2954 ταυτὶ
1901 2911 2106 2971 δρῶντες

1217 2977 1605 3035 ἐπιτετρίμμεθα.

1273 3042 1423 3083 64-67.
1450 3039 1827 3091 quidam-Athenis]
1846 3040 1953 3080 Mire
1972 3040 2105 3080 Athe-

1217 3107 1424 3146 niensem
1454 3105 1573 3144 hunc
1604 3105 1853 3143 Romanum
1874 3102 2007 3142 fuisse
2029 3114 2105 3142 vo-

1217 3168 1312 3208 lunt
1341 3166 1564 3214 nobilem,
1600 3177 1738 3217 quem
1768 3166 1974 3205 Horatius
1993 3176 2103 3216 pro-

1216 3233 1318 3284 pter
1337 3231 1488 3270 nescio
1510 3240 1648 3281 quem
1676 3229 1885 3267 timorem
1905 3227 2102 3278 apertius

1218 3293 1477 3335 describere
1523 3302 1659 3332 ausus
1700 3302 1789 3330 non
1830 3290 1897 3329 sit.
1958 3290 2102 3329 Immo

1219 3355 1474 3408 exemplum
1511 3354 1629 3395 istud
1659 3352 1865 3393 sordidae
1898 3350 2102 3392 indolen-

1217 3421 1304 3459 tiae
1346 3413 1724 3469 (ἀναισθησίας),
1768 3416 1810 3454 in
1852 3425 1938 3465 qua
1979 3415 2099 3465 ipsa,
