2231 3787
170 1426 216 1471 '2-:1
257 1433 293 1471 τ’
334 1426 736 1490 ἀγανοβλέφαρος
781 1428 942 1471 Πειθώ
975 1428 1090 1489 ῥο-ι

838 258 933 296 ΗΒ.
970 258 997 295 1.

1063 257 1223 295 lil’ls'l‘.
1261 257 1328 294 vl.
1897 251 1942 300 2¹1..

1938 251 1961 301 *N

1978 250 1988 301 —o

249 389 301 442 si
345 397 529 459 posset
568 398 781 441 centum
820 404 1016 441 scenae
1056 385 1321 456 praebere
1362 395 1602 456 rogatus,

248 491 350 554 Qui
374 508 594 560 possum
624 489 733 543 tot?
774 489 870 552 ait3
914 498 1089 541 tamen

1118 497 1169 541 et
1196 505 1457 559 quaeram
1480 494 1531 539 et
1558 495 1690 558 quot
1718 485 1926 540 habebo

248 591 470 643 Mittam:
513 601 634 662 post
675 590 834 662 paulo
875 589 1059 644 scribit
1097 590 1197 643 sibi
1238 588 1381 642 inilia
1421 589 1663 660 quinque

248 695 379 746 Esse
420 692 564 745 domi
606 692 804 765 eblum)
823 692 979 756 duin3
1020 701 1225 763 partem
1269 691 1350 745 vel
1390 690 1600 744 tolleret
1637 708 1842 743 omnes

248 795 408 848 Exilis
447 795 640 848 domus
681 804 786 855 est,
829 794 920 848 ubi
961 812 1065 847 non
1106 803 1159 847 et
1201 793 1365 846 multa
1405 800 1696 864 supersunt
1936 793 2002 844 45

249 899 308 950 Et
347 897 622 950 dominum
664 896 847 950 fallunt
887 906 939 950 ct
977 904 1204 968 prosunt
1245 894 1467 983 furibus.
1545 895 1712 965 ErgO.

235 1072 277 1076 —
326 1048 391 1089 40.
439 1050 522 1088 Nec
557 1048 600 1087 b.
640 1072 682 1076 ——
717 1048 783 1088 4¹¹2.
818 1049 900 1087 ait:
946 1059 1150 1097 quaeram
1180 1052 1318 1087 tamen
1349 1050 1385 1087 et
1415 1044 1522 1086 Cod.
1558 1046 1860 1086 Levaniensis.
1898 1068 1942 1074 -

232 1113 344 1164 ιμιοι]
375 1113 484 1161 quod
513 1114 682 1152 Veneta
718 1111 855 1157 ist-t,
891 1111 1004 1158 Ald,
1039 1110 1290 1151 Hoeheder.
1330 1133 1373 1138 —
1409 1107 1473 1150 43.
1510 1107 1673 1157 scripsit
1703 1108 1744 1147 d.

179 1245 375 1291 liabitas,
409 1245 495 1284 huc
519 1246 585 1284 vix
610 1247 815 1296 pertinet.
865 1244 1057 1285 Easdem

178 1308 328 1358 ntique
353 1308 575 1358 coniungit
594 1307 755 1358 Ibycus
778 1306 895 1347 Fut.
922 1307 1053 1347 Schn.

179 1382 219 1420 p.
248 1371 346 1410 408:
389 1365 607 1427 Efipz'ule
627 1393 649 1398 -
670 1369 725 1409 σὲ
754 1368 845 1421 μὲν
874 1367 1058 1426 Κύπρις

177 1492 358 1535 δέοισιν
398 1496 448 1535 εν
477 1488 651 1534 ἄνθεσι
680 1495 890 1552 θρέψαν.
923 1495 1053 1534 Anth.
1088 1504 1092 1553 Ι

178 1557 263 1598 Pal.
300 1560 328 1597 1.
367 1569 406 1611 p.
441 1558 534 1598 203.
561 1569 751 1610 sponsus
783 1558 898 1597 dona
931 1558 1061 1597 offert
1088 1555 1092 1638 Ι

177 1621 352 1661 Πειθοῖ
393 1622 475 1661 καὶ
517 1620 703 1676 Παφὶᾳ.
758 1622 827 1660 Sic
871 1621 1091 1674 Veneris!

178 1695 279 1723 cum
310 1683 498 1724 Suadela
531 1683 771 1724 delubrum
803 1683 880 1723 fuit
921 1682 1059 1722 Athe—
1088 1675 1091 1729 Ι

179 1748 243 1786 nis
264 1758 349 1787 non
371 1747 498 1798 longe
518 1747 573 1787 ab
591 1747 704 1786 arcis
721 1745 856 1785 aditu.
880 1745 1058 1785 Boeckh
1088 1736 1091 1800 l

178 1811 314 1849 lnscr.
330 1809 423 1850 481¹.
448 1811 494 1849 ln
508 1809 756 1860 anaglypho
776 1807 970 1848 Helenae
992 1817 1061 1846 ra·
1090 1802 1092 1805 ’

177 1874 302 1924 ptum
324 1873 598 1924 exprimente
632 1870 907 1923 (Winekelm.
941 1872 1054 1911 Mon.

178 1935 283 1973 inecl.
317 1935 363 1974 T.
390 1936 512 1974 CXV.
560 1934 798 1985 Inghirami
831 1933 939 1973 Gall.
966 1933 1054 1971 Om.

182 1996 210 2033 l.
237 1996 402 2035 Introd.
437 1997 482 2036 T.
505 1996 572 2047 X.)
606 1998 674 2037 est
704 1995 865 2036 ΠΙΘΩ
887 1993 1060 2034 ΑΦΡΟ-

235 2182 375 2223 39-48.
401 2183 696 2232 Cappadocum
717 2183 807 2234 reas]
831 2185 926 2231 Quo
949 2186 1060 2224 tem-

183 2256 291 2296 pore
323 2244 434 2283 haec
466 2243 657 2295 Epistola
683 2246 847 2297 scripta
870 2248 951 2295 est,
985 2258 1059 2286 re-

181 2307 343 2359 gnabat
365 2305 564 2356 ultimus,
599 2307 863 2354 Archelaus,
889 2319 927 2347 a.
952 2320 995 2347 u.
1017 2320 1040 2347 c

181 2371 382 2410 7¹8-77t.
441 2372 532 2409 Iam
578 2371 632 2409 de
679 2372 773 2411 eius
818 2371 1059 2412 decessore

182 2433 478 2473 Ariobarzane
510 2433 663 2473 scribit
695 2434 849 2473 Cicero
876 2434 924 2484 (a.
950 2445 993 2473 u.
1019 2445 1057 2473 c.

182 2496 292 2546 704.)
327 2495 382 2535 ad
412 2497 498 2535 Att.
524 2496 567 2545 6,
604 2497 647 2543 st,
681 2495 729 2536 4:
768 2497 880 2535 Nihil
911 2497 978 2535 illo
999 2507 1063 2536 re-

182 2570 263 2609 9²²0
308 2558 550 2608 spetialius,
598 2559 700 2597 nihil
728 2570 824 2610 resse
862 2559 1058 2610 cqentius.

182 2619 244 2660 lb.
281 2621 389 2672 Epp.
425 2621 474 2670 3,
509 2622 558 2660 5:
606 2621 938 2672 Ariobarzanes,
984 2633 1063 2661 rea)

177 2694 430 2734 perpauper.
485 2683 563 2722 Cui
610 2684 782 2735 inopiae
829 2685 885 2723 ita
930 2695 1062 2735 reges

185 2745 238 2785 illi
269 2745 588 2794 medebantur,
630 2747 677 2785 ut
713 2747 927 2797 mancipia
957 2757 1059 2797 sua,

185 2809 227 2849 id
259 2811 347 2858 est,
379 2809 584 2849 homines
615 2807 771 2859 glebae
795 2810 1060 2862 adscriptos,

185 2882 349 2910 venum
382 2871 551 2910 darent.
599 2871 686 2910 Sed
716 2872 850 2912 rudes
872 2873 914 2911 hi
938 2874 1063 2912 erant
1093 2881 1096 2912 ι

186 2935 318 2984 atque
363 2935 501 2984 pravi.
567 2934 850 2976 Demodocus
890 2936 933 2975 in
973 2938 1064 2976 An-

188 2994 293 3034 thol.
318 2993 406 3034 Pal.
438 2997 487 3034 lI.
519 3007 562 3046 p.
594 2996 695 3036 387:
743 2994 1064 3037 Καππαδόκαι

188 3054 368 3106 φαῦλοι
409 3055 499 3108 μὲν
542 3052 643 3097 aei·
689 3056 838 3112 ζώνης
882 3060 1064 3112 (cinguli

190 3118 401 3169 militaris)
444 3116 493 3157 δὲ
534 3116 783 3171 τυχόντες,
826 3120 1065 3172 φαυλότε-

189 3195 288 3239 ροι·
322 3179 520 3239 κέρδους
550 3180 588 3220 δ’
621 3180 779 3222 εἵνεκα
815 3182 1065 3234 φαυλότα-

189 3257 278 3285 τοι.
331 3246 416 3285 Csr.
444 3243 593 3295 Hisely
623 3245 967 3297 disputationem
1008 3248 1063 3288 de

190 3308 370 3348 historia
388 3306 718 3359 Cappadociae,
753 3309 792 3347 in
812 3310 1061 3350 Comment.

194 3371 282 3409 Lat.
307 3371 411 3410 Inst..
436 3370 539 3420 Reg.
564 3368 682 3421 Belg.
700 3368 794 3409 Vol.
817 3371 884 3409 VI.
906 3382 948 3422 p.
971 3372 1062 3412 ⁴43.

195 3434 238 3471 et
265 3433 359 3472 2⁵29.
399 3457 439 3461 —-
482 3433 545 3472 hic
575 3434 637 3482 tu]
672 3431 823 3480 «talis,
858 3433 1070 3473 huiusce-

197 3496 314 3538 modi
346 3497 520 3547 bomon,
569 3499 613 3536 ut
654 3496 758 3547 Epp.
800 3496 840 3542 i,
878 3496 946 3544 15,
990 3495 1064 3537 42:

1120 2437 1253 2487 paulo
1301 2435 1465 2483 scribit]

1120 1246 1331 1284 ,Nimirum
1354 1246 1418 1285 hic
1439 1257 1512 1297 esso
1534 1257 1639 1285 sum.
1696 1246 1782 1283 «Tu
1805 1242 1889 1283 noli
1914 1247 2002 1283 tam

1122 1318 1293 1359 pauper
1343 1318 1443 1347 esse
1497 1318 1632 1358 quam
1685 1306 2004 1358 Cappadocum

1122 1368 1323 1420 regulus3
1377 1381 1481 1421 ergo
1527 1369 1683 1420 quovis
1731 1369 1863 1408 modo
1908 1380 2003 1408 rein

1123 1444 1312 1484 quaere:
1367 1434 1410 1473 et
1460 1431 1630 1473 bellum
1681 1431 1822 1471 habes
1868 1443 2003 1483 opum

1124 1494 1400 1547 exemplum,
1443 1497 1489 1535 L.
1514 1493 1746 1534 Lucullum
1777 1494 1919 1534 dieo.»
1959 1518 1999 1521 —

1124 1558 1365 1607 Clelamydes
1407 1557 1601 1597 Lucullus
1646 1556 1748 1608 cet]
1791 1556 2003 1608 Lepidam

1123 1621 1353 1660 historiam
1393 1631 1446 1660 ex
1483 1619 1661 1659 Horatio
1702 1620 1865 1670 repetit
1903 1618 2005 1659 Plu—

1123 1683 1305 1722 tarchus
1326 1683 1369 1721 in
1392 1683 1496 1722 Luc.
1522 1681 1606 1730 39.,
1640 1681 1906 1730 chlamydum
1937 1684 2006 1721 ta-

1124 1757 1230 1786 men
1260 1756 1500 1786 numerum
1531 1745 1587 1785 ad
1618 1745 1910 1784 ducenarium
1932 1756 2006 1785 re—

1124 1809 1292 1859 digens.
1342 1808 1564 1858 Chlamyde
1584 1818 1665 1859 pro
1686 1806 2004 1859 paludamento

1122 1871 1333 1911 utebatur
1372 1871 1459 1909 iam
1505 1871 1547 1909 L.
1588 1870 1746 1921 Scipio.
1797 1870 1884 1909 Cic.
1923 1881 2005 1921 pro

1122 1933 1231 1974 Bab,
1264 1934 1381 1973 Post.
1415 1932 1486 1981 110,
1526 1932 1593 1972 ⁶27.
1632 1955 1675 1959 -
1709 1932 1868 1983 scenae]
1903 1943 2006 1972 cum

1123 1995 1404 2048 splendidam
1446 1994 1638 2046 aliquam
1682 2005 1894 2046 pompam
1937 1994 2005 2034 vel

1122 2059 1400 2110 triumphum
1436 2059 1477 2098 in
1510 2057 1734 2108 tragoedia
1770 2058 2007 2098 histriones

1123 2122 1417 2162 imitarentur.
1467 2120 1529 2161 Cf.
1553 2121 1662 2172 Epp.
1682 2121 1731 2170 2,
1763 2121 1778 2159 4η1
1802 2153 1809 2169 ‚
1838 2120 1930 2160 490.
1960 2143 2003 2148 —

1118 2185 1334 2236 praebere]
1362 2183 1721 2233 «commodare»,
1739 2184 1785 2222 ut
1805 2182 2009 2223 solebant

1126 2248 1260 2286 etiam
1297 2247 1370 2296 iis,
1418 2247 1491 2297 qui
1531 2257 1717 2285 munera
1748 2245 2005 2296 gladiatoria

1127 2309 1346 2357 edebant,
1381 2309 1511 2347 amici
1533 2308 1819 2359 suppeditare
1841 2310 2008 2349 statuas

1127 2373 1299 2425 aliaque
1347 2373 1451 2411 circi
1497 2374 1772 2411 ornamenta.
1830 2396 1872 2401 ——
1914 2378 2010 2423 post

1524 2436 1762 2485 postquam
1813 2436 2007 2475 vestiarii

1129 2509 1285 2539 earum
1314 2506 1554 2536 numerum
1584 2496 1787 2535 inierant.
1822 2519 1864 2523 —
1891 2497 2008 2536 tolle—

1126 2561 1202 2613 ret]
1227 2556 1497 2616 στρατηγὸς
1518 2556 1738 2598 Plutarchi
1760 2557 1787 2596 l.
1811 2556 1856 2608 l.‚
1880 2570 2009 2610 prae-

1127 2626 1210 2673 tor,
1227 2623 1302 2674 qui
1319 2620 1625 2674 spectaculum
1644 2620 1820 2660 edebat.
1838 2623 2006 2673 —Ipsis

1127 2688 1278 2726 autem
1294 2684 1444 2725 verbis
1463 2685 1534 2734 qui
1547 2694 1717 2733 possum
1733 2682 1815 2723 tot?
1831 2686 1914 2723 cet.
1926 2685 2007 2723 viri

1126 2747 1384 2801 praedivitis
1405 2747 1556 2786 nescio
1575 2757 1710 2797 quem
1731 2745 1909 2795 fastum,
1934 2747 2008 2796 qui

1128 2822 1264 2863 opum
1284 2809 1623 2861 despicientiam
1640 2808 1840 2858 affectet,
1866 2808 2007 2849 facete

1129 2874 1360 2926 expressit.
1414 2896 1456 2900 -
1503 2871 1661 2921 Exilis]
1711 2874 1919 2922 «angusta
1966 2873 2010 2911 et

1128 2937 1298 2987 inops.»
1355 2935 1583 2976 Manifesto
1626 2935 1738 2974 haec
1782 2935 1907 2985 quasi
1954 2945 2005 2974 ex

1129 2998 1315 3038 divitum
1366 2997 1571 3049 opimone
1618 2997 1720 3036 κατ’
1766 2996 2008 3053 εἰρωνείαν

1129 3060 1350 3100 dicuntur.
1400 3083 1443 3087 -
1491 3060 1544 3099 Et
1589 3060 1801 3100 dominum
1840 3059 2007 3113 fallunt]

1131 3123 1224 3173 «εἰς
1270 3117 1296 3160 ὃ
1340 3122 1422 3161 καὶ
1467 3118 1685 3172 Φλάκκος
1729 3117 1756 3161 ὁ
1803 3118 2009 3174 ποιητὴς

1130 3181 1523 3237 ἐπιπεφώνηκεν,
1585 3180 1651 3234 (ὗς
1710 3178 1766 3224 οὗ
1827 3185 2008 3236 νομίζει

1131 3245 1364 3296 πλοῦτον,
1404 3237 1462 3287 οὗ
1492 3242 1561 3299 μὴ
1595 3243 1652 3286 τὰ
1690 3243 2009 3303 παρορώμενα

1131 3311 1211 3350 καὶ
1242 3306 1547 3349 λανθάνοντα
1568 3308 1764 3350 πλείονα
1786 3307 1880 3347 τῶν
1899 3320 2009 3356 (ραι-

1131 3373 1346 3425 νομένων
1377 3372 1521 3413 ἐστίν.
1583 3371 1799 3411 Plutarch.
1836 3368 1861 3407 Ι,
1897 3368 1923 3407 l.
1961 3392 2004 3396 --

1129 3435 1304 3487 furibus]
1338 3435 1553 3486 imprimis
1574 3434 1734 3479 servis,
1770 3431 1843 3481 qui
1872 3431 1914 3470 in
1937 3429 2009 3469 tali

1132 3509 1284 3539 rerum
1316 3499 1441 3549 copia
1473 3495 1596 3537 facile
1630 3492 1856 3546 complura
1887 3491 2008 3533 clan—
