2231 3787
278 314 379 366 338
904 310 1117 350 iioimrn
1149 309 1448 351 summum

347 445 616 497 Matronae
655 440 925 512 peccantis
968 441 1017 491 in
1057 439 1214 492 ambo
1257 439 1393 491 iusta
1431 438 1710 508 potestas?

348 548 405 598 In
446 552 815 614 corruptorem
854 540 937 594 vel
976 540 1177 593 iustior.
1255 538 1346 591 Illa
1383 547 1559 592 tamen
1598 556 1656 592 se

347 649 461 700 Non
500 644 679 697 habitu
720 650 952 694 mutatve
992 640 1134 700 1000,
1175 648 1432 710 peccatve
1472 657 1721 710 superne.

350 749 481 803 Cum
521 756 569 799 te
609 743 855 797 formidet
892 741 1084 794 mulier
1122 758 1299 812 neque
1339 741 1522 794 credat
1560 742 1780 801 amanti,
2017 743 2083 794 65

346 849 452 903 Ibis
492 847 591 900 sul)
629 846 832 898 furcam
870 842 1108 914 prudens
1147 841 1475 913 dominoque
1515 842 1706 895 furenti

348 948 654 1005 Committes
685 963 800 999 rem
829 961 1043 997 omnem
1075 952 1126 997 et
1151 943 1312 996 vitam
1339 952 1390 997 et
1417 961 1538 997 cum
1565 961 1793 1014 corpore
1815 944 2022 997 famam.

345 1051 546 1105 Evasti:
589 1047 776 1109 credO,
820 1054 1028 1099 metues
1069 1044 1370 1115 doctusque
1409 1045 1652 1109 cavebis,

381 1218 446 1257 62.
481 1215 620 1254 ambos
648 1212 737 1263 bSp
770 1214 814 1250 et
843 1222 957 1250 corr.
993 1221 1030 1259 c,
1064 1210 1164 1250 LCt.
1193 1231 1237 1236 —-
1263 1209 1328 1249 64.
1354 1214 1579 1259 peccatque
1605 1194 1716 1250 corr.
1746 1211 1790 1250 b.
1819 1232 1862 1239 —-
1886 1211 2030 1261 supine

325 1280 519 1321 Nannius
549 1276 677 1329 prob.
711 1275 881 1314 Bothi0.
920 1298 963 1302 —
998 1273 1063 1314 64.
1090 1275 1155 1314 65.
1189 1285 1387 1324 superne,
1421 1274 1522 1313 Cum
1554 1273 1778 1324 distinguit
1807 1275 1861 1314 M.
1887 1296 1934 1302 —
1959 1274 2025 1313 67.

325 1343 565 1384 Cotmnittas
594 1351 630 1378 c.
659 1361 702 1366 —
729 1337 794 1377 68.
820 1337 995 1377 Evasit?
1023 1339 1166 1387 cresto,
1202 1342 1354 1378 metues
1373 1336 1596 1386 distinguit
1618 1336 1824 1386 Doering,
1854 1333 2030 1375 Evasti‘?

270 1484 344 1529 023,
379 1485 423 1522 5:
456 1483 503 1520 In
534 1478 738 1518 adulterio
768 1488 944 1516 uxorem
974 1480 1089 1516 tuam
1109 1477 1143 1516 si
1174 1476 1177 1525 ξ
1205 1476 1334 1516 firma
1365 1478 1407 1515 te
1431 1475 1512 1514 etsi
1542 1475 1678 1525 ipsius
1699 1476 1945 1514 amatorem
1967 1485 2084 1514 sem-

269 1544 616 1596 deprehendisses‚
662 1541 748 1579 sine
789 1540 942 1578 iudicio
978 1540 1143 1589 impunc
1173 1530 1177 1598 f
1205 1549 1286 1589 per
1316 1536 1547 1577 formidine
1579 1537 1747 1588 percita
1777 1536 1956 1588 recipit,
1998 1546 2082 1576 nec

268 1617 449 1647 necares.
513 1606 703 1644 «Tamen
749 1602 833 1640 hoc
877 1601 1040 1650 fateor,
1089 1613 1141 1641 eo
1173 1616 1176 1660 Ι
1206 1600 1386 1640 confidit
1415 1599 1668 1650 promissis,
1703 1598 1784 1638 sed
1815 1599 1940 1638 timet
1966 1608 2083 1638 sem·

268 1679 425 1711 severo
457 1668 551 1706 iure
580 1675 799 1717 perquam
828 1675 928 1702 raro
959 1664 1142 1704 maritos
1173 1669 1176 1707 l
1203 1674 1305 1714 per,
1354 1673 1409 1701 ne
1440 1673 1464 1701 a
1493 1663 1536 1700 te
1583 1660 1829 1712 decipiatur
1871 1671 1923 1700 ac
1966 1659 2081 1700 mala

263 1743 379 1777 usos,
430 1728 718 1777 moribusque
753 1734 986 1777 receptum
1017 1726 1142 1765 vide-
1173 1714 1175 1748 Ι
1204 1724 1321 1764 fama
1352 1724 1546 1775 primum
1591 1723 1706 1762 inter
1735 1721 1931 1769 sodales,
1978 1733 2082 1762 mox

265 1798 359 1842 tur,
406 1795 454 1831 ut
492 1789 738 1830 adulteram
774 1788 892 1840 apud
931 1790 1140 1839 cognatos
1172 1809 1176 1860 Ι
1205 1786 1322 1838 apud
1351 1786 1531 1836 volgum
1561 1784 1775 1824 laedatur.
1837 1787 1900 1824 Tu
1926 1786 2080 1825 contra

266 1856 514 1896 convictam
553 1852 685 1891 domo
726 1850 885 1890 saltem
916 1852 1142 1900 exigerent
1172 1863 1175 1908 g
1202 1849 1400 1900 prudens
1444 1859 1496 1887 ac
1541 1848 1687 1887 sciens
1733 1849 1773 1886 te
1814 1848 2078 1898 turpissimis

264 1916 591 1965 multarentque
641 1913 758 1952 dot-e.
779 1928 796 1946 »
874 1914 1032 1951 Lipsms
1086 1913 1139 1952 ad
1172 1925 1175 1988 Ι
1205 1912 1386 1963 exponis
1408 1910 1605 1961 poenis.»
1660 1910 1739 1957 Qui
1762 1910 1879 1948 hunc
1898 1920 2080 1950 versum

265 1981 366 2019 Tac.
403 1981 513 2017 Ann.
551 1975 596 2025 4,
629 1974 696 2015 42.
747 1998 791 2002 —
838 1974 1139 2025 corruptorem]
1172 1989 1175 2025 g
1204 1975 1270 2014 65.
1313 1985 1338 2013 a
1377 1975 1592 2024 sequente
1637 1973 1933 2012 distrahentes
1977 1983 2082 2013 cum

266 2042 397 2091 Urget
433 2039 539 2086 hoc,
588 2049 612 2076 a
642 2037 833 2076 moecho
875 2035 1139 2087 plerumque
1172 2027 1274 2076 lvv.
1318 2035 1382 2076 63.
1423 2035 1489 2075 64.
1527 2036 1784 2083 iunxerunt,
1837 2045 1925 2074 non
1969 2034 2080 2075 satis

266 2101 408 2142 solere
440 2099 665 2149 corrumpi
703 2097 893 2138 alienam
928 2108 1138 2145 uxorem,

1204 2098 1616 2138 animadverterunt
1655 2108 1727 2136 vv.
1763 2100 1961 2146 peccatve
2008 2107 2082 2135 su-

266 2163 539 2204 declamator
576 2161 759 2200 Stoicus.
797 2182 841 2187 —
874 2160 937 2198 cel
978 2159 1139 2208 iustior]
1197 2171 1327 2210 perne
1355 2171 1436 2212 per
1465 2158 1751 2216 παρόν-θεων
1772 2159 1953 2198 minime
1976 2157 2083 2198 tole—

265 2227 386 2266 Ratio
417 2225 594 2263 Latinae
619 2221 950 2262 consuetudinis
980 2222 1137 2272 poscit,

265 2291 310 2326 ut
339 2288 451 2326 haec
489 2285 542 2324 sit
581 2284 834 2335 responsio;
882 2283 1138 2322 Germanica

262 2347 590 2398 interrogationi
621 2346 762 2391 favet,
811 2345 935 2384 cuius
966 2345 1140 2395 signum

263 2411 409 2463 posuit
428 2410 633 2459 Doering.
654 2408 788 2446 —Illa
805 2407 907 2458 cet.]
933 2407 1140 2447 «Moecha

263 2475 384 2513 certe
403 2483 489 2511 non
510 2470 710 2510 habitum
727 2469 1021 2509 matronalem
1038 2479 1139 2509 cum

263 2534 408 2576 servili
440 2534 602 2582 mutat,
636 2543 781 2582 neque
813 2531 998 2572 aedibus
1020 2530 1141 2571 clan-

263 2596 410 2637 culum
435 2596 544 2644 exit,
589 2597 636 2634 ut
675 2597 717 2634 te
750 2594 869 2633 domi
901 2596 1000 2633 tuae
1033 2604 1141 2633 con-

260 2658 429 2705 veniat,
464 2660 507 2696 et
536 2667 710 2696 morem
734 2655 1040 2695 tantummodo
1063 2654 1140 2693 tibi

264 2720 395 2770 gerit,
429 2718 537 2758 dum
567 2720 609 2757 te
639 2728 728 2757 non
747 2718 844 2765 init,
878 2716 958 2756 sed
989 2716 1142 2756 mulie-

264 2780 332 2819 bri
364 2781 572 2832 patientia
605 2791 702 2820 sese
735 2779 912 2830 supinat
949 2778 1027 2818 tibi
1064 2789 1141 2819 su-

264 2852 402 2893 perne
435 2842 623 2892 patranti
654 2838 948 2892 (camimum
985 2863 1027 2868 —-
1049 2851 1143 2889 pec-

265 2908 382 2943 catve
438 2904 635 2954 superne]
690 2914 869 2953 «neque
916 2903 1143 2953 resupinat

266 2964 559 3005 adulterum.»
622 2964 699 3004 Alii
746 2964 986 3016 explicant:
1036 2975 1143 3003 «ne-

270 3038 356 3077 que
379 3037 455 3065 ore
487 3035 659 3064 morem
692 3025 767 3064 tibi
789 3027 922 3075 gerit»
948 3026 1140 3074 (Sueton.

267 3087 359 3127 Tib.
384 3086 484 3136 Ἀ),
509 3086 628 3136 quod
649 3086 704 3125 ab
726 3086 929 3126 hocloco
951 3086 1143 3126 alienum

270 3151 350 3189 est.
416 3149 567 3188 Nannii
603 3146 707 3187 illud
747 3149 912 3197 supine,
959 3149 1146 3187 «incon-

270 3209 399 3258 sulto,
427 3208 607 3257 stulte,»
641 3208 947 3249 incredibilem
978 3210 1021 3249 in
1048 3220 1146 3249 mo-

271 3273 379 3312 dum
407 3271 606 3322 languet,
655 3274 698 3310 et
727 3272 864 3310 miror
893 3271 1145 3312 etiamnunc

273 3334 492 3373 fautorem
521 3333 742 3373 invenisse
772 3332 990 3372 Bothium.

1202 2222 1388 2262 randam
1408 2223 1557 2274 inepte
1581 2223 1740 2272 ingeri,
1765 2232 1868 2260 nam
1889 2220 1946 2260 ad
1965 2221 2082 2261 hanc

1202 2285 1379 2325 veneris
1409 2284 1597 2335 figuram
1626 2283 1744 2324 nullo
1769 2283 1903 2323 modo
1924 2283 2082 2324 referri

1203 2349 1392 2398 possunt
1425 2358 1494 2386 vv.
1534 2347 1635 2387 Cum
1679 2350 1716 2386 te
1755 2346 1950 2396 formidet
1992 2347 2078 2386 cet.

1209 2430 1254 2437 —
1277 2408 1368 2460 Ibis]
1393 2409 1617 2448 omissum
1637 2419 1661 2447 a
1682 2410 1814 2459 poeta
1832 2418 2082 2459 pronomen

1204 2476 1249 2511 tu
1292 2470 1572 2510 Heindorfius
1622 2472 1743 2509 recte
1788 2469 1985 2510 defendit
2028 2481 2082 2510 ex

1205 2534 1290 2572 Sat.
1327 2534 1370 2581 ⁴,
1415 2533 1461 2577 2,
1503 2532 1569 2571 90.
1619 2533 1665 2579 2,
1698 2531 1744 2580 3,
1778 2533 1871 2571 242.
1911 2534 1955 2571 et
1981 2531 2078 2572 ⁴234.

1205 2596 1313 2646 Epp.
1340 2595 1355 2633 4
1378 2625 1386 2643 ,
1421 2593 1494 2641 44,
1528 2593 1595 2633 40.
1623 2616 1667 2622 —-
1690 2593 1762 2632 sub
1789 2594 1956 2644 furcam
1976 2594 2079 2646 cet.]

1205 2656 1273 2694 «in
1302 2655 1604 2705 turpissimam
1634 2655 1914 2704 servitutem,
1948 2655 2077 2706 adeo,

1203 2718 1251 2755 ut
1287 2717 1323 2756 si
1361 2717 1519 2755 marito
1550 2728 1573 2755 a
1612 2718 1656 2755 te
1697 2715 1820 2757 laeso
1856 2716 2077 2768 placeret,

1203 2778 1315 2818 sicut
1358 2779 1629 2828 mancipium
1672 2789 1865 2828 nequam
1907 2781 1950 2819 te
1996 2779 2079 2820 suh

1202 2839 1326 2880 furca
1359 2840 1546 2878 vinciret
1574 2850 1625 2878 ac
1661 2839 1964 2881 verberaret.»
2025 2843 2078 2882 V.

1203 2902 1368 2941 domum
1407 2901 1537 2940 nlmis
1573 2901 1807 2942 artificiose
1838 2901 1907 2942 alii
1943 2902 2082 2955 expli-

1205 2965 1318 3003 cant:
1346 2961 1536 3002 «libidini
1552 2964 1652 3002 tuae
1669 2962 1903 3004 furiosae.»
1918 2987 1963 2994 -
1975 2965 2078 3017 rem]

1206 3023 1519 3073 «familiarem,
1575 3036 1627 3065 ex
1675 3036 1762 3075 qua
1812 3025 1998 3066 multam
2040 3028 2081 3067 ei

1204 3086 1397 3138 pendes,
1448 3098 1504 3126 ne
1553 3088 1596 3126 te
1646 3087 1828 3127 castrari
1877 3087 2078 3128 iubeat.»

1209 3148 1332 3188 Conf.
1371 3149 1458 3188 Sat.
1497 3150 1544 3197 4,
1590 3149 1636 3198 2,
1682 3148 1860 3189 411-46.
1901 3149 1979 3189 432
2010 3160 2078 3201 sq.

1263 3210 1410 3250 68-711.
1442 3210 1587 3250 Evasti
1607 3209 1709 3261 cet.]
1743 3211 1830 3250 «Ne
1861 3212 1956 3250 tum
1983 3211 2083 3262 qui-

1209 3272 1334 3321 dem,
1371 3283 1473 3312 cum
1502 3272 1675 3311 fortuna
1705 3271 1878 3312 favente
1906 3273 2084 3313 evasisti

1208 3345 1380 3386 poenae
1402 3333 1664 3385 periculum,
1689 3334 1958 3385 experientia
1980 3333 2083 3374 edo-

329 3395 475 3434 65-67.
526 3395 628 3434 Cum
657 3398 693 3434 te
719 3394 913 3444 formidet
934 3393 1035 3445 cet.]
1062 3394 1146 3433 «Eo
1211 3397 1308 3435 ctus
1340 3394 1534 3436 cavebis.
1584 3397 1751 3444 Immo,
1785 3406 1899 3446 quae
1921 3397 1993 3436 tua
2015 3397 2084 3436 est

276 3467 453 3507 quoque
495 3458 674 3497 nomine
715 3455 783 3496 illa
823 3456 968 3495 minus
999 3458 1067 3495 est
1105 3458 1147 3495 te
1179 3478 1183 3530 Ι
1211 3457 1503 3508 perversitas,
1535 3467 1695 3496 novam
1715 3458 1995 3497 occasionem
2015 3459 2085 3497 in-

278 3519 424 3566 noxia,
473 3518 589 3568 quod
635 3520 863 3569 tamquam
896 3515 1053 3556 mulier
1083 3518 1150 3556 in·
1212 3517 1451 3568 vestigabis
1494 3517 1677 3570 periculi
1723 3517 1834 3558 illius
1878 3518 1956 3558 tibi
1999 3519 2085 3558 ite-
