2231 3787
251 221 261 272 Ι
279 223 341 272 21)

870 222 1081 261 lioflATlt
1113 223 1410 262 strui-tium

311 353 368 403 Et
409 368 590 404 comes
630 349 783 403 alter.
826 351 897 403 uti
939 369 1003 403 ne
1045 350 1190 403 solus
1231 368 1392 403 rusve
1433 367 1728 420 peregreve

311 453 554 513 Exirem,
598 451 778 522 plures
817 451 1032 505 calones
1073 460 1232 522 atque
1272 450 1458 504 caballi

311 553 595 610 pascendi,
639 552 887 605 (lucenda
926 552 1195 623 petorrita.

311 656 391 706 lre
430 653 552 706 licet>
598 653 740 706 mulo
781 653 863 705 vel
903 654 946 706 si
986 653 1114 706 libet
1151 670 1326 722 usque
1368 653 1678 711 Tarentum,

1274 554 1422 604 Nunc
1465 550 1589 603 mihi
1629 559 1780 624 curto

1952 651 2052 704 405

313 755 534 808 Mantica
571 755 655 807 cui
684 754 893 807 lumbos
921 771 1085 806 onere
1112 752 1316 806 ulceret
1343 761 1503 823 atque
1531 769 1700 822 eques
1728 769 1932 805 armos:

311 856 541 910 Obiiciet
582 873 737 909 nemo
778 855 967 908 sordes
1006 854 1156 915 mihi,
1199 871 1334 924 quas
1375 853 1490 915 tibi,
1534 852 1669 913 Tilli,

358 1022 443 1059 102.
472 1031 646 1071 peregyre
678 1021 855 1069 (omisso
884 1020 947 1070 re)
986 1019 1038 1067 d,
1073 1030 1249 1070 pereffre
1278 1022 1351 1057 aut
1380 1017 1498 1069 hScp
1530 1020 1574 1058 et
1603 1028 1758 1077 omnes
1789 1019 1995 1058 Pottierii.

298 1107 338 1111 —-
376 1083 466 1123 ¹104..
501 1085 598 1122 mihi
627 1083 736 1122 mulo
770 1084 835 1122 Ire
855 1083 946 1122 licet
964 1086 1082 1121 curlo
1112 1081 1154 1121 d.
1184 1103 1226 1109 —
1252 1081 1344 1120 407.
1370 1079 1521 1137 Οὸὶσὶρι
1551 1080 1593 1120 d.
1631 1102 1675 1108 --
1711 1079 1814 1119 Tulli
1844 1080 1996 1130 d,LCt.

297 1145 399 1193 {Tilli
431 1157 453 1184 e
484 1143 748 1185 Bentleianis
779 1143 932 1198 γόνω.)

241 1280 373 1319 quam
395 1271 522 1320 puto,
558 1280 658 1308 cun:
682 1268 792 1308 illico
815 1269 1113 1309 inversionem
1177 1268 1222 1315 3,
1259 1267 1321 1306 4¹¹2.
1352 1290 1393 1296 -
1423 1267 1524 1318 Τι’ίιὶ]
1548 1266 1731 1307 Videtur
1751 1266 1871 1306 idem
1890 1265 2051 1315 Tillius,

240 1333 554 1381 agnoscerent:
580 1336 618 1370 et
637 1332 844 1370 ducendus
858 1342 990 1370 comes
1010 1342 1114 1370 unus

239 1398 275 1431 et
306 1395 423 1432 alter.

214 1496 230 1512 0
296 1455 752 1507 2102-109.pere9re2-e]
777 1454 879 1505 Syll.
915 1466 960 1494 re
991 1453 1114 1494 eolli-

241 1518 408 1566 quescit
428 1528 530 1556 cum
550 1528 682 1556 versu
705 1527 799 1567 seq.
848 1516 1049 1567 Plerique
1071 1517 1113 1556 in

239 1579 324 1617 hoc
341 1589 441 1617 cum
466 1578 768 1626 offenderent,
795 1577 1116 1629 interpolarunt

234 1651 408 1691 peregre
436 1644 523 1679 aut.
564 1640 626 1679 Cf.
651 1641 736 1679 Sat.
763 1640 942 1689 4,.'1-,96.
971 1663 1015 1668 -
1041 1652 1116 1680 ca-

240 1702 367 1754 lones]
401 1701 602 1742 «viliores
643 1703 803 1742 servi.»
838 1705 984 1742 Gross.
1018 1702 1060 1741 h.
1085 1702 1113 1743 l.

241 1765 495 1815 equisones.
523 1786 563 1793 —
585 1764 806 1815 petorrita]
836 1775 920 1803 vox
939 1763 1113 1814 Gallica,

240 1828 288 1863 ut
331 1826 481 1875 rheda,
527 1826 728 1874 essedum,
775 1827 933 1865 cisium.
1007 1825 1110 1866 Gell.

249 1888 313 1933 15,
348 1887 413 1926 30.
474 1888 647 1926 Ducunt
680 1898 703 1926 a
727 1892 899 1936 petoar,
926 1889 1112 1937 pectuar,

243 1951 470 2000 quattuor,
504 1951 547 1988 et
576 1950 651 1997 rit,
687 1951 794 1989 rota.
849 1950 972 1989 Conf.
1004 1951 1112 2002 Epp.

245 2011 287 2056 2,
324 2011 365 2058 vl,
411 2011 501 2050 492.
538 2033 584 2038 —
618 2011 750 2063 curto]
784 2013 978 2051 «curtata
1009 2023 1116 2051 cau--

241 2072 340 2110 da.»
400 2074 569 2120 Senon,
618 2074 743 2113 cuius
786 2075 936 2113 tamen
981 2075 1115 2114 moris

240 2135 475 2174 Britannici
507 2134 623 2174 aliud
642 2136 877 2185 vestigium
897 2135 1015 2186 apud
1035 2137 1117 2176 Ro-

240 2206 396 2235 manos
417 2208 502 2235 non
525 2199 751 2247 superest;
778 2199 1020 2236 «castrato»
1043 2209 1115 2237 ex-

241 2256 369 2308 plicat
408 2257 674 2298 Fore-elimas
705 2259 942 2298 immemor
972 2258 1115 2299 mulos

242 2322 397 2358 natura
418 2330 497 2358 sua
518 2319 575 2359 ad
603 2320 870 2370 gignendum
901 2319 1116 2361 inhabiles

242 2393 330 2420 non
360 2383 556 2421 castrari.
617 2381 770 2422 Melius
808 2381 1021 2434 explices,
1069 2385 1118 2423 ut

243 2443 404 2482 dicitur
444 2448 567 2483 curta
607 2445 815 2494 supellex,
860 2449 983 2484 curta
1024 2456 1113 2495 res,

244 2504 373 2551 «vili,
421 2507 562 2556 exigui
602 2507 790 2557 pretii·,»
836 2518 921 2546 non
966 2508 1116 2546 autem

244 2567 447 2616 «exiguo,
508 2579 710 2607 macro.»
787 2591 829 2596 -—
903 2569 1116 2619 Manum]

243 2629 377 2675 «Quia
408 2639 648 2679 pauperes,
697 2641 798 2669 cum
829 2629 1019 2669 insident
1049 2631 1116 2669 iu-

243 2691 425 2738 mentis,
469 2692 566 2740 post
597 2702 644 2731 se
677 2693 874 2731 sarcinas
905 2691 1114 2732 hahent.»

241 2754 342 2791 Aen.
397 2752 514 2791 «Hoc
545 2764 597 2791 ex
638 2752 858 2793 Luciliano
891 2753 960 2793 illo
991 2765 1116 2794 sum-

242 2815 364 2863 ptum
410 2817 494 2853 est:
547 2816 733 2854 Matilica
763 2816 939 2854 canterii
981 2820 1116 2855 costas

239 2876 448 2926 ,qrarilale
484 2877 739 2925 premebat.»
800 2876 926 2926 (Gerl.
962 2889 1003 2928 p.
1040 2878 1111 2923 40,

241 2938 297 2986 9.)
347 2939 498 2976 Ponrn.
537 2959 579 2965 -
614 2940 751 2977 sordes
779 2961 801 2966 -
832 2962 855 2968 -
885 2939 972 2989 aba]
1004 2941 1114 2978 Nam

243 3001 424 3049 propter
472 3000 650 3039 nimiam
709 3001 1023 3051 parsimoniam
1073 3002 1116 3039 et

241 3063 391 3100 contra
425 3061 561 3100 decus
591 3062 862 3113 praetorium
894 3073 979 3101 non
1003 3063 1114 3102 ami-

242 3133 318 3161 cos
368 3121 529 3173 aliquot
590 3124 628 3162 in
689 3134 763 3161 rus
804 3123 973 3172 educit,
1035 3124 1115 3164 sed

241 3185 391 3235 paucis
433 3185 736 3224 tantummodo
782 3186 920 3224 servis
965 3187 1112 3225 utitur.

241 3248 344 3285 Tam
377 3246 558 3296 exiguus
589 3249 737 3285 autem
769 3247 1002 3286 comitatus
1025 3259 1116 3287 ser-

240 3318 416 3349 vorum.
461 3308 641 3358 insuper
681 3309 969 3348 instrumenta
1000 3319 1112 3359 quae

243 3369 436 3408 nominat
463 3370 753 3419 portantium,
788 3381 891 3409 sane
915 3370 1113 3410 sordium

241 3431 414 3480 signum
437 3434 527 3470 erat
551 3432 591 3470 in
614 3434 834 3483 praetore.
871 3432 932 3471 Cf.
959 3433 1043 3471 Sat.
1078 3434 1108 3480 l,

1171 3255 1365 3306 phorum]
1401 3256 1477 3296 We
1487 3257 1499 3294 i
1510 3269 1536 3295 n
1542 3257 1567 3307 f
1570 3267 1597 3296 a
1607 3267 1626 3295 s
1635 3268 1667 3296 s.

1179 1330 1251 1379 qui
1275 1331 1450 1368 notatur
1469 1340 1511 1368 V.
1536 1329 1603 1368 25.
1622 1341 1630 1377 ;
1656 1341 1709 1369 ex
1728 1329 1904 1368 tribuno
1927 1329 2057 1379 igitur

1179 1389 1366 1429 militum
1387 1390 1525 1430 factus
1550 1391 1637 1429 iam
1655 1392 1849 1442 praetor.
1888 1390 1970 1438 Qui
1989 1388 2057 1429 le-

1178 1455 1285 1502 gunt
1307 1452 1422 1498 Tulli,
1446 1454 1493 1491 ut
1510 1453 1728 1503 Spohnius
1745 1454 1788 1492 et
1808 1452 2056 1492 Braunhar-

1179 1513 1262 1553 dus
1283 1514 1326 1552 in
1347 1513 1494 1553 Indice
1516 1515 1566 1553 II.
1591 1525 1633 1565 p.
1658 1515 1728 1553 444
1744 1545 1770 1564 .,
1805 1514 2057 1565 cogitarunt

1181 1576 1234 1615 de
1253 1577 1306 1615 M.
1327 1574 1461 1615 Tullio
1479 1576 1534 1615 M.
1555 1576 1597 1615 F.
1619 1576 1850 1625 Cicerone,
1873 1574 2056 1616 consule

1180 1637 1366 1678 suffecto
1397 1648 1434 1677 a.
1468 1649 1512 1676 11.
1545 1649 1583 1677 o.
1617 1637 1730 1686 724„
1770 1638 1950 1678 homine
1989 1639 2059 1677 ta-

1180 1711 1283 1739 men
1323 1710 1410 1738 non
1447 1701 1539 1739 tam
1577 1699 1757 1740 sordido
1788 1711 1923 1751 quam
1950 1710 2059 1752 per—

1180 1762 1278 1802 ditis
1318 1761 1517 1802 moribus
1555 1773 1607 1803 ae
1647 1762 1887 1803 vinolento.
1948 1762 2054 1804 Plin.

1180 1826 1230 1865 H.
1254 1826 1303 1864 N.
1329 1823 1404 1872 44,
1429 1825 1494 1863 22.
1523 1848 1568 1852 —
1595 1824 1756 1864 Tiburte
1774 1826 1861 1875 via]
1884 1836 1908 1865 a
1928 1826 2057 1877 porta

1179 1885 1401 1936 Esquilina
1432 1886 1488 1925 ad
1518 1886 1652 1926 Tibur
1681 1887 1887 1927 ducente.
1923 1910 1968 1915 —
1996 1887 2060 1926 la-

1178 1950 1342 1998 sanum]
1375 1945 1610 1998 λάσαυον,
1640 1949 1915 1989 Leibstuhl.
1949 1951 2059 1989 See-

1179 2009 1296 2050 bode
1318 2011 1632 2062 interpretatus
1653 2013 1720 2051 est
1744 2012 2056 2063 Kochqeschirr,

1179 2075 1302 2112 utre
1343 2083 1448 2112 vera
1488 2073 1667 2114 Photius
1707 2074 1912 2125 exponit:
1957 2071 2058 2113 Λά-

1180 2148 1330 2184 σαιτι,
1362 2131 1655 2192 χυτρόποδες
1683 2137 1879 2192 κυρίως·
1910 2158 1965 2165 --
1984 2135 2058 2186 ἐφ’

1180 2189 1247 2236 ὦν
1279 2191 1452 2247 ἕψεταί
1481 2209 1523 2237 τι
1553 2197 1634 2237 καὶ
1665 2194 1918 2254 φρύγεται,
1953 2195 2059 2238 alte-

1180 2270 1276 2299 ram
1315 2261 1463 2299 tamen
1507 2259 1872 2310 significationem
1917 2261 2058 2300 eonti-

1180 2332 1267 2360 nuo
1299 2321 1489 2361 addens:
1537 2322 1618 2361 καὶ
1655 2320 1730 2371 ἐφ’
1770 2313 1837 2362 ὦν
1873 2317 2059 2364 ἀπεπά-

1178 2395 1293 2424 τουν
1337 2378 1519 2436 ἔλεγον,
1565 2386 1612 2423 ut
1650 2384 1970 2436 Aristophanes
2007 2383 2058 2426 ἐν

1178 2442 1432 2503 Προαγῶνι.
1462 2446 1580 2497 apud
1616 2445 1840 2487 Pollucem
1873 2447 1946 2497 40,
1978 2447 2052 2488 44:

1182 2507 1243 2547 Oi?
1277 2521 1364 2560 μοι
1406 2505 1581 2558 τάλας,
1631 2509 1677 2548 τί
1717 2521 1814 2561 μου
1859 2510 2056 2566 στρέφει

1179 2569 1266 2623 τὴν
1297 2572 1531 2628 γαστέρα;
1561 2567 1700 2610 Βάλλ·
1730 2570 1779 2621 ἐς
1813 2568 2054 2629 κόρακας·

1181 2629 1330 2672 πόθεν
1374 2627 1438 2672 ἄν
1479 2629 1670 2672 λάσανα
1715 2631 1903 2686 γένοιτό
1938 2645 2057 2686 μοι,·

1180 2697 1355 2735 Petron.
1379 2694 1452 2735 47:
1486 2696 1521 2734 sl
1542 2696 1640 2744 quid
1663 2695 1759 2744 plus
1776 2697 1886 2736 venit
1908 2696 2056 2748 (quam

1180 2758 1405 2809 crepitus),
1439 2758 1580 2796 omnia
1607 2758 1725 2808 foras
1747 2763 1911 2808 parata
1938 2764 2054 2810 sunl,

1179 2831 1316 2869 aqua,
1358 2820 1550 2859 lasanum
1580 2824 1617 2860 el
1651 2825 1787 2860 celera
1816 2822 2053 2862 minutalia.

1178 2882 1347 2921 Becker
1369 2882 1547 2921 Gallus
1578 2881 1662 2932 (ed.
1687 2882 1777 2933 alt.)
1810 2884 1860 2922 11.
1883 2894 1926 2935 p.
1949 2883 2053 2925 264:

1179 2944 1399 2983 Lasanum
1429 2945 1479 2982 isl
1515 2956 1596 2983 von
1625 2944 1800 2984 Seebode
1828 2946 1904 2986 mil
1938 2947 2058 2987 Rechl

1178 3006 1241 3045 als
1275 3006 1571 3057 Kochqesehirr
1607 3018 1909 3058 anqenommen
1939 3019 2056 3048 wor-

1178 3069 1279 3114 den‚·
1325 3069 1431 3107 clenn
1458 3080 1541 3107 nur
1581 3069 1683 3108 diess
1717 3074 1835 3120 passe
1867 3070 1941 3122 sur
1978 3071 2056 3111 den

1179 3131 1382 3171 sordidus
1413 3133 1592 3182 praetor
1621 3131 1820 3183 (numlich
1849 3133 1982 3172 damil
2009 3144 2056 3172 er

1179 3194 1286 3232 nicht
1315 3194 1587 3234 einzukehren
1608 3193 1843 3246 brauchl).»
1869 3218 1914 3223 —
1937 3205 2056 3234 oeno-

1721 3257 1813 3304 Quo
1835 3257 1954 3297 enim
1976 3258 2055 3297 mi-

1180 3328 1332 3357 norem
1364 3320 1591 3369 sumptum
1622 3318 1806 3367 faceret,
1841 3318 2054 3360 domesti-

1180 3389 1280 3418 cum
1312 3379 1463 3418 vinum
1493 3378 1563 3419 ille
1594 3391 1748 3420 secum
1777 3379 1994 3431 portabat.

1242 3442 1326 3480 ΗΟ.
1368 3443 1455 3480 444.
1503 3442 1600 3493 Hoc]
1634 3444 1842 3493 «Propter
1876 3441 2051 3494 plenam
