2231 3787
239 301 341 352 5¹6

844 297 1055 337 HORATII
1087 295 1452 336 EPISTULARUM

314 431 394 484 Me
435 429 557 482 sarit
596 428 857 488 invisum,
900 425 1074 497 gelida
1115 442 1235 478 cuin
1277 422 1498 493 perluor
1537 421 1681 474 unda

315 535 416 585 Per
452 530 689 584 medium
729 529 908 599 frigus.

986 528 1124 579 Sanc
1164 532 1392 577 murteta
1435 522 1662 593 relinqui
2031 540 2061 571 ε)

315 634 578 704 Dictaque
619 638 921 685 cessantem
962 626 1139 681 nervis
1178 624 1382 679 elidere
1421 623 1670 677 morbum

321 733 590 805 Sulphura
628 729 898 786 contemni
937 728 1088 781 vicus
1127 726 1310 797 gemit,
1353 724 1566 778 invidus
1605 724 1806 796 aegriS,

316 837 416 901 Qui
457 842 617 904 caput
655 841 707 886 et
745 829 1079 884 stomachum
1122 844 1432 899 supponere
1470 825 1702 880 fontibus
1741 825 1941 880 audent

357 978 394 1017 4.
429 977 538 1025 quod
561 974 765 1025 pervehet·
795 973 900 1013 satis
929 981 1143 1022 perverse
1167 970 1254 1010 duo
1277 969 1417 1010 Codd.
1441 968 1670 1009 Torrentii.
1698 991 1742 996 —
1767 969 1806 1008 5.
1828 971 2012 1018 myrteta

298 1042 328 1081 E
359 1043 400 1080 et
432 1050 511 1079 sex
540 1037 734 1078 Pottierii
773 1037 872 1086 (non
902 1033 991 1084 bS).
1031 1056 1074 1062 —
1109 1034 1147 1073 7.
1181 1033 1393 1082 Sulphura
1422 1032 1531 1081 E‚O:
1565 1031 1742 1082 Sulsura
1771 1031 1972 1072 LCtFMJ.

244 1160 325 1198 ties
356 1168 410 1197 ex
440 1157 482 1195 S.
514 1155 560 1195 C.
596 1154 781 1204 accepit.
847 1153 926 1191 Hic
973 1151 1123 1190 autem

243 1221 369 1261 Musa
402 1218 579 1258 Horatio
611 1217 737 1256 iussit
767 1216 814 1254 ut
842 1213 1017 1253 lavacro
1049 1213 1125 1252 fri—

243 1282 344 1334 gido
367 1283 568 1320 uteretur
587 1279 770 1330 propter
791 1275 1022 1316 oculorum
1043 1274 1126 1314 do—

242 1344 428 1384 lorem.»
473 1342 612 1380 Comi.
646 1340 774 1384 Cnvo.
842 1338 905 1378 Cf.
944 1339 1122 1377 Sueton.

243 1407 393 1447 octav.
417 1403 484 1443 59.
511 1404 554 1442 et
575 1402 641 1441 8⁴.
675 1402 754 1440 Dio
791 1401 914 1440 Cass.
939 1399 1014 1448 53,
1050 1399 1122 1438 30:

238 1463 285 1508 Ὁ
315 1463 355 1506 δ’
386 1460 687 1517 Atym-0203,
721 1459 975 1502 ἑνδέκατον
1005 1456 1126 1512 μετὰ

246 1528 582 1584 Καλπουρνίου
613 1525 862 1574 Πείσωνος
892 1518 1041 1580 ἄρξας
1073 1525 1124 1573 (a.

244 1604 287 1632 u.
312 1592 448 1641 731.)‚
489 1584 801 1645 ἤρῥώστησεν
831 1579 974 1637 αὖθις
1004 1580 1128 1626 ὥστε

243 1652 483 1707 μηδεμίαν
515 1649 681 1692 ἐλπίδα
711 1651 950 1706 σωτηρίας
973 1654 1124 1697 σχεῖν.

243 1741 301 1748 --
317 1717 397 1756 καὶ
420 1710 569 1755 αὐτὸν
585 1708 892 1762 --Ἀντώνιός
910 1725 979 1762 τις
1001 1708 1129 1752 Μού-

244 1792 335 1829 σας
374 1778 453 1817 καὶ
485 1775 874 1834 ψυχρολουσὶαις
914 1775 994 1814 καὶ
1025 1784 1126 1826 ψυ-

244 1841 532 1899 χροποσίαις
553 1834 793 1878 ἀνέσωσε·
825 1838 906 1877 καὶ
927 1834 1004 1877 διὰ
1021 1834 1129 1877 τοῦ-

244 1916 300 1943 το
330 1903 412 1942 καὶ
444 1898 672 1958 χρήματα
702 1899 830 1957 παρά
851 1912 900 1939 τε
922 1897 1006 1939 τοῦ
1031 1895 1126 1938 Αὐ-

243 1961 456 2019 γούστου
510 1963 591 2002 καὶ
643 1959 771 2018 παρὰ
815 1961 900 2013 τῆς
943 1959 1126 2013 βουλῆς

245 2023 398 2066 πολλὰ
429 2026 509 2065 καὶ
541 2021 596 2063 τὸ
624 2029 825 2080 χρυσοῖς
855 2022 1126 2073 δακτυλίοις

245 2085 586 2144 (ἀπελεύθερος
632 2082 722 2143 γὰρ
768 2078 843 2137 ἦν)
893 2083 1123 2141 χρῆσθαι,

244 2149 332 2204 τήν
362 2163 411 2190 τε
440 2145 657 2189 ἀτέλειαν
676 2172 699 2177 -
717 2142 941 2196 -Ξ-’>.αβεν.
976 2149 1124 2188 Musae

245 2214 512 2263 scriptorum
534 2209 745 2259 reliquias
763 2209 937 2258 collegit
954 2208 1011 2248 Fl.
1034 2208 1131 2248 Cal-

246 2275 364 2314 dani.
397 2270 776 2312 Bassanitsooe.
811 2272 872 2310 De
897 2270 1128 2309 nominum

245 2336 400 2375 ordine
433 2334 486 2374 cf.
513 2333 591 2373 Od.
616 2333 656 2381 a,
684 2333 748 2380 Η,
774 2332 813 2371 ’2.
849 2355 893 2359 -
932 2343 1130 2381 superva-

245 2411 346 2439 cuas
375 2421 436 2427 --
463 2397 580 2449 facit]
627 2395 767 2435 «dicit
812 2393 981 2434 nullum
1024 2395 1127 2434 inde

248 2460 537 2502 commodum
569 2459 622 2498 ad
656 2470 728 2498 me
757 2450 1126 2505 redundaturum,

247 2527 384 2564 immo
407 2521 573 2562 malum
593 2523 774 2560 auctum
792 2521 886 2559 iri.»
918 2521 991 2559 Est
1008 2532 1132 2572 pror-

249 2597 324 2627 sus
356 2597 409 2625 ex
441 2584 719 2625 medicorum
744 2593 977 2631 sermone,
1010 2581 1129 2621 unde

248 2650 508 2701 frequenter
528 2648 613 2687 hoc
637 2645 853 2685 vocabulo
875 2646 1009 2684 utitur
1031 2643 1131 2684 Cel-

248 2723 339 2752 sus.
385 2710 494 2750 Vide
535 2711 699 2760 Targae
735 2708 934 2747 Indicem
974 2708 1018 2746 in
1049 2706 1127 2746 Ed.

249 2774 415 2812 Veron.
444 2772 563 2811 ⁴840.
591 2793 635 2799 —-
668 2775 706 2810 et
735 2775 873 2809 tamen
904 2769 1005 2820 cet]
1049 2769 1133 2808 «Et

250 2837 401 2879 tamen
434 2844 536 2872 cum
557 2834 706 2872 Musae
738 2833 884 2883 potius
906 2831 1034 2871 irasci
1057 2830 1133 2869 de-

250 2895 412 2938 berent
442 2894 610 2945 pristini
633 2894 721 2932 mei
745 2894 942 2944 hospites
964 2893 1129 2939 Baiani,

251 2969 274 2997 a
307 2968 378 2997 me
416 2968 533 2996 nunc
556 2955 777 3003 derelicti,
812 2956 1028 2995 innocens
1051 2965 1132 3004 ego

252 3021 303 3059 iis
334 3020 500 3058 invisus
532 3019 610 3065 iio,
653 3019 686 3057 si
718 3029 798 3068 pro
830 3027 985 3057 eorum
1017 3016 1136 3055 ther-

252 3083 337 3122 mis
367 3080 536 3120 balneis
561 3080 725 3129 frigidis
747 3082 888 3119 utor.»
922 3080 1133 3119 Ceterum

252 3141 496 3195 hyperbola
545 3143 709 3181 ironica
758 3142 821 3181 sic
874 3140 1133 3192 explicanda

254 3209 342 3246 est:
379 3222 396 3241 α
410 3207 473 3245 De
505 3203 732 3249 omnibus,
767 3204 840 3253 qui
872 3205 918 3241 ut
949 3213 1030 3253 ego
1058 3213 1134 3242 no-

254 3279 356 3308 vam
389 3266 693 3319 perfusionum
724 3264 978 3315 frigidarum
1001 3265 1135 3304 ratio—

257 3340 360 3369 nem
392 3340 414 3368 a
437 3329 560 3368 Musa
589 3327 911 3378 praescriptam
942 3337 1136 3377 sequun-

257 3394 351 3438 tur,
385 3391 532 3431 Baiani
563 3400 681 3429 nunc
713 3389 837 3439 queri
870 3386 1056 3428 solent.»
1088 3389 1134 3428 In

255 3451 406 3492 verbis
438 3452 542 3503 ipsis
574 3449 678 3490 nihil
700 3450 834 3498 inest,
868 3449 988 3501 quod
1010 3448 1135 3489 nobis

259 3513 541 3565 persuadeat.
594 3511 842 3553 Horatium.
893 3522 992 3550 s'um
1026 3511 1134 3549 hane
1204 3510 1356 3552 Tritoli.

1188 1149 1426 1198 scrIberet,
1461 1147 1592 1188 Clusii
1623 1149 1699 1187 aut
1726 1145 1875 1188 Gabiis
1902 1146 2067 1199 frigidis

1188 1211 1359 1252 balneis
1389 1221 1521 1251 usum
1553 1221 1672 1259 esse,
1705 1210 1755 1250 ut
1782 1210 1945 1263 opinati
1965 1213 2069 1251 sunt

1190 1272 1402 1314 nonnulli.
1433 1296 1477 1301 —
1503 1273 1642 1325 9elida
1672 1273 1775 1323 cet]
1804 1271 2070 1323 Psychrolu-

1190 1337 1279 1377 siae
1302 1336 1489 1375 Antonio
1512 1336 1634 1375 Musa
1663 1335 1888 1374 recentior
1915 1337 2070 1375 auctor

1191 1399 1466 1438 memoratur
1495 1407 1519 1436 a
1549 1396 1686 1437 Plinio
1715 1398 1766 1437 H.
1790 1398 1839 1437 N.
1863 1397 1931 1447 29,
1955 1398 1994 1447 t,
2017 1398 2064 1438 5:

1190 1462 1243 1500 Hi
1273 1460 1448 1511 (medici
1479 1458 1696 1510 astrologi)
1736 1459 1935 1512 reqebant
1958 1460 2067 1511 fata,

1190 1534 1284 1562 cum
1311 1526 1476 1572 repente
1502 1523 1710 1562 civitatem
1730 1522 1920 1562 Charmis
1939 1522 2071 1574 (Mas-

1191 1585 1393 1635 siliensis)
1432 1585 1606 1633 invasit,
1653 1585 1864 1625 damnatis
1889 1597 1974 1625 non
2000 1596 2072 1625 so-

1191 1649 1276 1687 lum
1306 1647 1520 1698 prioribus
1547 1647 1736 1697 medicis,
1767 1658 1913 1687 verum
1941 1651 1980 1687 et
2000 1647 2073 1687 ba-

1191 1711 1332 1759 lineis;
1376 1710 1616 1762 frigidaque
1643 1710 1770 1749 etiam
1797 1709 1977 1749 hibernis
2004 1709 2072 1750 al-

1190 1773 1360 1825 qoribus
1388 1773 1527 1812 lavari
1550 1773 1775 1822 persuasit.
1823 1773 1968 1812 Mersit
1997 1783 2071 1812 ae-

1191 1846 1289 1887 gyros
1317 1835 1360 1874 in
1390 1835 1517 1873 lacus.
1557 1834 1802 1873 Videbamus
1829 1845 1942 1874 senes
1970 1845 2071 1874 con-

1191 1898 1351 1937 sulares
1379 1908 1508 1946 usque
1533 1897 1576 1935 in
1597 1897 1909 1936 ostentationem
1928 1897 2072 1948 riyen-

1191 1964 1260 2000 tes.
1312 1960 1405 2009 Qua
1434 1959 1482 1997 de
1511 1969 1556 1997 re
1590 1962 1728 1997 exstat
1755 1959 1881 1997 etiam
1911 1959 2072 1999 Annaei

1191 2024 1370 2062 Senecae
1407 2021 1690 2070 adstipulatio.
1739 2021 1894 2072 (Epist.
1923 2021 1998 2070 53,
2028 2021 2069 2062 3.

1191 2085 1267 2133 83,
1301 2086 1357 2134 5.)

1247 2146 1338 2186 5-9.
1386 2146 1498 2185 Sane
1517 2145 1620 2198 cet]
1654 2147 1834 2197 «Utique
1866 2157 1955 2186 non
1976 2147 2071 2187 sine

1192 2209 1383 2255 ratione,
1416 2209 1464 2246 ut
1494 2209 1682 2259 quisque
1714 2207 1838 2248 facile
1859 2207 2070 2260 intelligit,

1193 2272 1335 2308 totum
1378 2268 1483 2309 illud
1527 2269 1741 2321 oppidum
1775 2269 2072 2322 voluptarium

1196 2331 1494 2382 (deversorium
1512 2332 1712 2371 vitiorum
1732 2333 1833 2372 Sen.
1849 2332 1984 2384 Epist.
2003 2333 2049 2373 5⁴
2062 2364 2071 2382 ,

1195 2393 1249 2443 3.)
1271 2391 1428 2443 negligi
1451 2404 1569 2433 nunc
1591 2394 1792 2445 queritur
1811 2405 1950 2445 aquas
1971 2405 2074 2435 suas

1195 2454 1568 2495 celebratissimas
1620 2458 1887 2508 propterea,
1953 2455 2074 2507 quod

1195 2516 1370 2558 sulfuris
1414 2519 1457 2557 vi
1500 2517 1704 2558 benefica
1745 2520 1878 2559 etiam
1918 2519 2074 2571 longos

1195 2581 1327 2631 atque
1358 2581 1627 2621 inveteratos
1648 2580 1829 2622 morbos
1851 2581 2072 2633 expellere

1196 2653 1219 2680 e
1265 2652 1452 2693 corpore
1497 2642 1746 2682 dicuntur.»
1792 2664 1835 2671 —
1876 2645 2072 2694 murteta]

1198 2702 1351 2743 Celsus
1374 2704 1412 2751 2,
1438 2704 1509 2742 47:
1533 2704 1674 2744 Siccus
1693 2705 1811 2744 calor
1828 2709 1886 2744 est
1900 2728 1955 2735 --
1972 2717 2076 2756 qua-

1195 2766 1381 2805 rundam
1408 2765 1671 2804 naturalium
1694 2767 1975 2818 sudationum,
2004 2768 2075 2808 ubi

1197 2839 1224 2867 a
1253 2832 1369 2866 terra
1391 2826 1591 2876 profusus
1621 2827 1780 2866 calidus
1808 2839 1945 2878 vapor
1963 2830 2076 2869 aedi-

1193 2891 1287 2942 ficio
1315 2888 1566 2937 includitur,
1599 2889 1704 2927 sicut
1732 2900 1856 2939 super
1881 2891 2013 2931 Baias
2030 2892 2075 2931 in

1196 2952 1382 3001 myrtetis
1408 2950 1617 2990 habemus.
1653 2951 1715 2991 Cf.
1741 2951 1780 3000 3,
1804 2953 1873 2992 24.
1902 2953 2070 2993 Vitruv.

1197 3015 1245 3062 ⁶2,
1284 3014 1330 3053 6:
1378 3014 1421 3052 in
1460 3013 1666 3052 montibus
1707 3014 1990 3054 Cumanorum
2030 3017 2076 3054 et

1196 3076 1372 3115 Baianis
1400 3080 1494 3115 sunt
1523 3076 1615 3115 loca
1643 3075 1928 3116 sudationibus
1945 3087 2076 3116 exca-

1196 3142 1317 3186 vata,
1366 3138 1408 3177 in
1455 3137 1601 3187 quibus
1641 3149 1778 3187 vapor
1810 3137 1995 3187 fervidus
2022 3137 2075 3176 ab

1197 3201 1279 3239 imo
1298 3211 1470 3239 nascens
1487 3200 1596 3250 tynis
1614 3200 1869 3239 vehementia
1882 3199 2076 3249 perforat

1198 3274 1290 3303 eam
1319 3267 1479 3302 terram
1501 3273 1581 3312 per
1609 3272 1782 3311 eamque
1799 3262 2012 3301 manando
2030 3262 2076 3302 in

1197 3325 1259 3364 his
1299 3324 1398 3364 locis
1439 3324 1578 3363 oritur
1619 3327 1656 3362 et
1702 3324 1764 3363 ita
1809 3323 2074 3363 sudationum

1198 3387 1388 3438 e9re9ias
1415 3385 1540 3437 efficit
1567 3385 1777 3425 utilitates.
1826 3385 1915 3424 Hae
1946 3384 2077 3425 suda-

1199 3449 1342 3488 tiones
1377 3459 1497 3488 nunc
1533 3445 1809 3499 appellantur
1837 3446 1874 3486 le
1901 3446 2006 3497 stufe
2033 3447 2077 3486 di

1482 3508 1630 3559 nere-is]
1675 3509 1874 3548 Schnen.
1911 3532 1954 3537 —
1986 3519 2075 3548 ces—
