2231 3787
347 241 446 293 732

1147 239 1358 280 HoRATn

415 370 686 433 lnciderit3
726 386 824 423 nec
863 377 1051 441 quarta
1093 367 1236 439 loqui
1277 383 1507 438 persona
1545 365 1763 418 laboret.

416 472 622 525 Actoris
662 479 840 541 partes
880 469 1075 524 chorus
1115 468 1457 537 officiumque
1495 464 1645 518 virile

458 666 544 706 493.
577 666 764 706 Auctoris
800 666 856 715 dp
897 674 997 702 cuin
1028 661 1166 703 Codd.
1201 661 1319 702 haud
1359 662 1531 713 paucis,
1566 662 1669 700 item
1702 659 1850 700 Aldus.

337 838 523 887 potestis,
556 836 775 886 confuyitis
793 835 997 874 addeum.
1032 834 1124 880 Qua
1146 842 1215 872 so-

343 897 504 938 lutione
546 899 672 937 nimis
704 895 838 944 sacili,
886 894 966 935 sed
996 895 1077 934 arti
1108 905 1215 933 con-

345 962 496 1007 traria,
530 971 631 999 cum
662 957 819 999 solutio
850 969 903 997 ex
930 957 1065 1008 ipsius
1087 954 1215 995 fabu-

345 1021 410 1061 lae
433 1023 718 1062 oeconomica
737 1020 1020 1072 dispositione
1038 1018 1214 1070 prodire

345 1096 395 1124 ac
439 1096 519 1135 per
561 1095 608 1123 se
653 1082 842 1123 dilucida
888 1092 987 1121 esse
1029 1080 1214 1128 debeat,

343 1157 475 1197 saepe
520 1145 646 1185 abusi
677 1147 777 1185 sunt
809 1142 1038 1194 Euripides
1070 1145 1113 1181 et
1143 1139 1214 1189 illi,

343 1208 398 1247 de
431 1207 592 1259 quibus
622 1205 877 1247 Aristoteles
908 1207 1026 1245 Poet.
1053 1204 1117 1252 48,
1143 1204 1213 1243 44;

345 1268 513 1309 πολλοὶ
556 1267 605 1308 δὲ
657 1265 907 1319 πλέξαντες
953 1257 1005 1306 εὖ
1048 1261 1216 1305 λύουσι

345 1329 518 1381 κακῶς.
567 1331 689 1370 Idem
715 1331 778 1378 45,
805 1330 879 1368 441
913 1324 1124 1384 φανερὸν
1146 1320 1220 1366 ὃτι

345 1394 423 1433 καὶ
455 1390 538 1443 τὰς
569 1390 730 1442 λίσεις
755 1387 849 1430 τιῖν
868 1404 933 1443 ιιι
923 1387 1038 1430 ’θων
1059 1386 1109 1441 ἐξ
1129 1384 1219 1429 αἰ·-

345 1455 428 1497 τοῦ
472 1455 546 1496 δεῖ
586 1468 668 1496 του
713 1451 874 1508 μύθου
915 1452 1216 1506 συιιβαίνειν,

345 1521 421 1559 καὶ
453 1515 521 1571 μὴ
554 1513 683 1558 ὥσπε
665 1530 715 1575 ερ
744 1517 794 1558 ἑν
823 1514 880 1574 τῇ
910 1515 1093 1570 Μηδεία
1121 1509 1218 1554 ἀπὸ

343 1579 584 1635 μηχανῆς.
632 1580 751 1621 Plato
784 1578 946 1629 Cralss.
971 1590 1014 1630 p.
1039 1578 1132 1619 425.
1157 1578 1215 1617 D.

344 1643 505 1702 ὠσπερ
536 1644 586 1683 οἱ
615 1655 729 1700 τραγ
722 1639 983 1695 ῳόοποιοί,
1030 1636 1219 1680 ἐπειδάν

346 1719 385 1747 τι
431 1682 705 1762 ἀπορῶσιν,
750 1703 828 1744 ἐπὶ
870 1703 953 1753 τὰς
995 1697 1220 1755 μηχανὰς

345 1781 505 1818 αποφε
485 1766 680 1821 είγουσι
707 1764 851 1816 θεοίς
870 1763 1098 1822 αἴροντες.
1132 1765 1219 1804 Eu—

346 1833 502 1882 napius
523 1832 625 1870 Exc.
650 1829 704 1868 de
727 1830 892 1878 Legatt.
917 1839 960 1878 p.
984 1827 1086 1866 324:
1120 1825 1219 1865 Κα-

347 1890 499 1948 θάπερ
529 1891 579 1932 ἐν
600 1894 701 1940 τοῖς
720 1886 982 1946 ὂράιιασιν
1016 1882 1132 1927 ὅταν
1153 1888 1220 1937 εἰς

347 1950 533 2012 ἄπορον
563 1953 643 1992 καὶ
663 1949 780 1992 δι’·σλ
786 1963 896 1992 υτον
917 1950 969 1989 αἱ
987 1947 1079 1989 τῶν
1101 1944 1220 1989 ὗτο-

347 1992 476 2069 κει,ἐιι
475 2018 575 2055 ’νων
616 2010 763 2071 έρὶων
799 2011 971 2052 πλοκαὶ
1002 2009 1221 2063 τελευτή-

348 2092 521 2127 σωσιν,
555 2073 581 2117 ὁ
613 2073 824 2128 καλούιιε
806 2088 912 2125 ενος
933 2070 1029 2113 ἀπὸ
1059 2086 1222 2126 ιιηχα-

350 2138 434 2193 νῆς
456 2141 509 2179 θε
490 2136 568 2190 cog
587 2139 665 2179 εἴτε
654 2135 855 2188 ισόὸιος
884 2137 950 2187 εἰς
970 2148 1123 2189 μεσον
1147 2130 1222 2174 ἕλ-

348 2216 509 2252 κεται,
563 2199 719 2241 πάιτα
762 2212 919 2252 συμπε
923 2200 1098 2270 ραίνων
1140 2198 1221 2238 καὶ

348 2276 692 2321 καταστρεφων
730 2262 805 2303 ἐπὶ
835 2258 890 2301 τὸ
922 2261 1223 2316 σαφέστερον

348 2329 427 2368 καὶ
458 2322 699 2395 εὔκριτον,
747 2318 872 2364 οὕτω
914 2322 1011 2362 κτλ.
1061 2321 1223 2372 (Pollux

347 2390 387 2439 4,
414 2390 513 2430 ⁴28:
548 2383 577 2441 ἡ
607 2383 843 2458 ,ιιηχανὴ
876 2384 926 2426 δὲ
955 2380 1100 2435 θεοῖς
1128 2381 1222 2423 δεί-

348 2465 487 2492 κνυσι
506 2452 586 2490 καὶ
608 2444 736 2518 ἥρως
755 2461 868 2499 τοις
889 2448 938 2488 ἐν
959 2444 1084 2505 αερι,
1106 2444 1224 2486 Βελ-

348 2514 394 2554 λε
383 2511 643 2583 ροφόντας
672 2507 702 2564 ἢ
721 2511 877 2583 Περσέ
879 2523 937 2560 ας
962 2510 1043 2550 καὶ
1070 2511 1223 2548 κεῖται

349 2573 470 2616 κατὰ
486 2573 572 2629 τὴν
586 2570 866 2647 ἀριστεράν
855 2571 1081 2631 πάροδον,
1105 2566 1223 2628 ὑπὲρ

350 2637 435 2692 τὴν
464 2635 648 2691 σκηνὴν
674 2634 729 2677 τὸ
753 2632 897 2689 ὕψος.
940 2635 1094 2676 Suidas
1116 2636 1157 2674 in
1177 2646 1218 2674 ν.

344 2698 470 2741 Ἀπὸ
490 2698 785 2754 μηχανῆς·
811 2699 898 2738 Οἱ
886 2694 976 2755 γὰρ
996 2695 1091 2737 τῶν
1112 2709 1223 2754 τρα-

349 2780 410 2816 γι;,
408 2762 528 2803 ὀιῶν
558 2764 831 2815 ποιηταὶ--
849 2758 942 2801 sio]
932 2760 1050 2800 Jaoc
1077 2756 1222 2810 θεοὺς

347 2822 431 2880 (1170
414 2839 480 2866 ειν
524 2822 613 2865 σι”κ
643 2820 710 2866 εῖί
744 2819 894 2876 αὐτῆς
925 2822 1009 2875 τῆς
1039 2820 1222 2876 σκηνῆς

350 2902 503 2945 0901112r
513 2901 624 2938 ιους
691 2883 789 2926 ἀλλ’
835 2901 883 2938 ες
923 2880 1085 2936 υ’ψὀις
1123 2881 1220 2924 από

348 2963 418 2990 τιι
423 2963 477 3000 ος
518 2946 763 3003 ιιηχανῆς,
814 2946 921 3001 &vc
902 2943 1104 2996 ἔβλεπον
1132 2947 1222 3000 μὲν

350 3010 577 3070 πρότερον
616 3009 693 3064 ἴῆν
734 3009 962 3068 πρότερον
1007 3010 1091 3050 uti-v
1131 3005 1220 3050 οὐκ

350 3071 549 3124 ’ἔβλεπον
576 3073 689 3113 male
723 3049 971 3125 suspicatur
998 3072 1224 3113 Fritzschi-

350 3148 401 3176 us
440 3136 765 3176 Rostochiensis
800 3137 848 3174 de
880 3137 952 3174 deo
982 3146 1036 3174 ea:
1062 3134 1197 3173 machi

351 3211 430 3238 na:
463 3199 671 3238 xidebant
700 3199 816 3238 enim
843 3209 1000 3249 reapse
1027 3199 1110 3237 iarn
1143 3208 1222 3235 an-

350 3264 417 3301 tea
477 3262 747 3304 machinam,
810 3260 888 3300 sed
938 3259 1006 3299 dei
1063 3258 1219 3298 faciem

350 3334 435 3362 non
468 3322 677 3362 videbant
707 3324 806 3362 ante
849 3331 981 3372 quarn
1018 3320 1219 3359 machina

350 3384 642 3433 versabatur.)
676 3384 725 3423 οἱ
755 3383 939 3431 θεαταί,
974 3384 1074 3421 κατ’
1106 3381 1222 3423 ἐκεί-

353 3460 437 3498 νην
486 3445 533 3487 δὲ
580 3443 666 3499 τὴν
716 3442 901 3504 ἡμέραν
953 3446 1220 3503 στρεφομέ-

1276 844 1334 884 νη
1372 829 1579 872 ἐδείκνυε
1623 827 1678 870 τὸ
1721 827 1806 871 τοῦ
1848 826 1964 871 θεοῦ
1996 826 2150 888 πρόσ-

1278 906 1430 943 ωπον,
1463 889 1528 943 ὠς
1565 891 1710 933 τοῦτο
1746 888 2050 946 καταστολὴν
2086 889 2152 932 εἶ·-

1278 970 1356 997 ναι
1394 954 1478 997 τοῦ
1513 953 1769 1009 δράματος.
1828 953 2054 1010 ἐλέγετο
2095 953 2152 996 δὲ

1278 1015 1415 1069 θεὸς
1451 993 1561 1058 czm‘)
1603 1014 1911 1070 μηχανῆς.)
1945 1018 2153 1058 -inter-

1278 1081 1342 1131 sit]
1386 1081 1462 1120 «in
1493 1079 1743 1131 tragoediae
1774 1079 1861 1119 fine
1892 1080 2154 1120 interveniat

1280 1143 1335 1182 ad
1366 1141 1629 1183 solvendum
1650 1141 1830 1182 tandem
1860 1142 1955 1182 eius
1985 1141 2154 1182 nodum

1281 1204 1472 1255 alioquin
1502 1202 1896 1252 inextricabilem.»
1931 1226 1974 1232 -
2007 1204 2155 1255 dianus

1279 1268 1439 1307 vindice
1466 1266 1610 1318 nodus]
1644 1277 1772 1306 «cum
1801 1265 1926 1306 aliter
1955 1265 2049 1306 fieri
2079 1277 2156 1306 ne-

1282 1330 1396 1380 quit,
1428 1331 1477 1368 ut
1505 1327 1622 1380 apud
1643 1327 1908 1379 Sophoclem
1929 1329 2022 1369 sine
2043 1329 2155 1368 Her-

1282 1389 1391 1431 culis
1408 1391 1657 1430 interventu
1671 1389 1934 1430 Philoctetes
1950 1400 2038 1429 non
2053 1391 2157 1430 Tro-

1283 1454 1385 1502 iam,
1408 1452 1488 1492 sed
1509 1453 1552 1492 in
1572 1453 1760 1504 patriam
1779 1452 2153 1504 proficisceretur,

1283 1517 1326 1555 in
1356 1515 1574 1567 Euripidis
1611 1514 1865 1567 Hippolyto,
1907 1515 1990 1556 nisi
2019 1515 2154 1555 Diana

1283 1577 1604 1626 intercederet,
1635 1575 1703 1617 ille
1726 1587 1827 1616 cum
1847 1578 1972 1629 patre
1993 1577 2035 1616 in
2056 1586 2157 1627 gra-

1282 1641 1388 1679 tiam
1405 1650 1491 1679 non
1510 1639 1688 1679 rediret.
1714 1640 1870 1679 Vindex
1884 1639 2013 1690 igitur
2027 1638 2159 1691 (Ent-

1283 1701 1541 1753 scheider)
1576 1702 1675 1752 «qui
1697 1712 1873 1742 summo
1894 1701 1937 1741 in
1957 1698 2156 1753 periculo

1283 1765 1537 1804 versantem
1567 1763 1713 1804 subito
1743 1763 1903 1804 liberat
1922 1765 1965 1804 et
1985 1763 2154 1815 eripit.»

1284 1827 1408 1865 Gsssx.
1436 1827 1642 1877 Apposite
1664 1825 1845 1867 Proclus
1867 1826 1923 1867 ad
1944 1826 2155 1867 Alcibiad.

1283 1888 1313 1926 I.
1348 1898 1390 1938 p.
1417 1887 1509 1927 444.
1545 1888 1647 1927 edit.
1682 1888 1861 1927 Creuz.:
1895 1887 1946 1929 ἐν
1974 1901 2157 1946 τραγῳ-

1284 1946 1406 1998 ὁὶαις
1436 1947 1487 1988 ἐκ
1517 1947 1743 2001 ιιηχανῆς
1765 1947 1995 2001 πολλάκις
2013 1946 2159 2002 θεοὺς

1285 2007 1415 2080 τινας
1445 2008 1724 2064 εἰσάγουσιν
1754 2012 1805 2051 οἱ
1841 2013 2036 2065 ποιηταὶ
2065 2025 2159 2053 των

1286 2069 1534 2129 παρόντων
1578 2070 1870 2131 πραγμάτων
1913 2073 1940 2114 δ
1949 2088 1965 2116 ι
1978 2087 2005 2115 ο
2015 2089 2042 2133 ρ
2053 2075 2084 2115 θ
2094 2088 2159 2115 ω-

1286 2133 1402 2186 τάς.
1435 2158 1478 2163 -
1510 2147 1584 2176 nec
1614 2141 1769 2186 quarta
1790 2139 1894 2191 cet.]
1926 2139 2158 2189 «Tragicus

1285 2197 1330 2237 id
1360 2208 1521 2238 cavere
1549 2197 1707 2247 debet,
1740 2209 1795 2239 ne
1817 2200 2034 2240 attentum
2053 2210 2159 2252 spe-

1287 2260 1464 2300 ctatoris
1494 2261 1692 2300 animum
1723 2272 1776 2301 eo
1807 2261 1993 2312 dividat,
2039 2261 2159 2314 quod

1286 2324 1329 2362 in
1367 2321 1524 2362 eadem
1565 2332 1699 2363 scena
1727 2325 1828 2374 post
1857 2335 2160 2382 πρωταγωνι-

1287 2381 1432 2436 στήν,
1464 2381 1911 2442 δευτεραγωνιστήν,
1934 2397 2159 2443 τριταγω-

1285 2443 1466 2499 νιστήν,
1485 2447 1666 2487 inducat
1681 2448 1813 2488 etiam
1830 2450 2032 2499 quartam
2053 2459 2160 2500 per-

1286 2521 1462 2559 sonam,
1495 2511 1619 2550 cuius
1648 2512 1797 2562 partes
1826 2521 1969 2562 paene
2000 2521 2159 2563 super-

1285 2583 1507 2612 vacaneae
1529 2572 1628 2621 sint,
1653 2572 1765 2612 adeo
1787 2574 1834 2612 ut
1852 2573 1965 2623 loqui
1984 2573 2156 2623 laboret,

1287 2633 1520 2675 difficulter
1549 2645 1600 2674 ac
1630 2633 1816 2677 moleste
1843 2636 2037 2676 sermoni
2057 2645 2158 2676 sese

1285 2697 1522 2737 intrudat.»
1582 2696 1706 2744 Quod
1743 2696 1939 2737 studiose
1968 2697 2162 2738 vitarunt

1286 2758 1531 2810 Aeschylus
1549 2761 1592 2798 et
1606 2757 1860 2809 Sophocles.
1885 2759 1954 2799 Sic
1969 2759 2011 2798 in
2021 2759 2161 2800 Choe-

1285 2822 1435 2874 phoris
1467 2820 1614 2871 Pyladi
1645 2820 1897 2860 tribuuntur
1917 2822 2006 2861 tres
2026 2820 2158 2861 dum-

1287 2886 1404 2923 taxat
1430 2893 1586 2922 versus
1616 2882 1836 2932 eoo-902„
1869 2882 1986 2923 idem
2013 2883 2056 2922 in
2077 2883 2159 2923 So-

1286 2943 1453 2997 phoclis
1492 2943 1660 2984 Electra
1699 2947 1819 2984 muta
1851 2946 1918 2985 est
1947 2954 2154 2996 persona.

1285 3009 1330 3046 ln
1352 3006 1568 3058 Euripidis
1588 3006 1895 3046 Andromacha
1917 3005 2010 3046 490.
2036 3007 2160 3057 quat-

1286 3071 1384 3108 tuor
1399 3069 1578 3119 quidem
1595 3079 1811 3120 personae
1829 3069 1870 3108 in
1889 3078 2022 3108 scena
2038 3069 2155 3118 sunt,

1286 3132 1401 3182 ipsa,
1425 3130 1536 3171 filius
1557 3129 1788 3180 Molossus,
1812 3128 2051 3179 Menelaus,
2074 3131 2159 3170 Pe-

1285 3194 1403 3243 leus;
1438 3193 1517 3234 sed
1539 3191 1803 3244 simulatque
1825 3194 2056 3245 comparet
2075 3193 2158 3232 Pe-

1285 3256 1400 3305 leus,
1448 3254 1662 3296 Molossus
1707 3256 1827 3294 muta
1868 3254 1916 3294 fit
1950 3263 2153 3306 persona.

1287 3316 1480 3368 (Martial.
1500 3318 1539 3365 6,
1565 3318 1609 3357 6:
1635 3317 1822 3358 Comoedi
1842 3321 1924 3356 tres
1941 3319 2057 3363 sunt,
2089 3316 2158 3355 sed

1285 3386 1400 3421 amal
1421 3386 1493 3421 tua
1513 3381 1666 3429 Paula,
1699 3381 1902 3430 Luperco,
1927 3379 2132 3429 Quattuor
2141 3389 2156 3425 ,·

1285 3449 1320 3484 ει
1359 3440 1526 3494 κωφὸν
1555 3443 1685 3483 Paula
1720 3438 1978 3500 πρόσωπον
2006 3438 2153 3489 amat.)
