2231 3787
203 232 269 282 80

845 231 1060 271 HORATII
1091 229 1394 271 SATIRARUM

274 362 490 415 Lividus
533 370 583 415 et
624 361 845 415 mordax
884 360 1073 414 videor
1111 360 1244 413 tibi?
1284 358 1478 413 Mentio
1521 356 1561 410 si
1604 374 1710 428 qua

272 466 351 518 De
395 462 675 535 Capitolini
718 463 866 516 furtis
909 463 1103 516 iniecta
1143 460 1313 514 Petilli

274 569 344 619 'sc
385 583 567 619 coram
609 565 788 625 suerit,
833 563 1126 623 defendam,

1169 570 1225 614 ut
1262 570 1385 614 tuus
1427 568 1508 614 est
1547 577 1686 613 mos:
1962 559 2029 609 95

277 668 358 721 Me
402 665 730 737 Capitolinus
770 666 1076 719 convictore
1117 681 1248 716 usus
1289 662 1572 732 amicoque

277 773 318 822 A
357 786 526 839 puero
566 777 648 821 est
688 784 963 837 causaque
1003 782 1124 818 mea
1162 763 1428 835 permulta
1466 770 1683 833 rogatus

274 871 446 931 Fecit,
492 879 543 922 et
581 868 864 922 incolumis
905 868 1075 920 laetor
1114 864 1262 937 quod
1302 865 1429 917 vivit
1466 865 1519 916 in
1557 864 1720 928 urbe;

277 971 383 1025 Sed
422 980 599 1024 tamen
641 969 905 1031 admiror,
948 986 1057 1039 quo
1096 975 1253 1038 pacto
1294 966 1554 1019 iudicium
1596 965 1723 1018 illud

275 1072 506 1143 Fugerit.

275 1178 488 1244 Aerugo
527 1190 693 1226 mera.

583 1071 681 1124 Hic
721 1071 906 1142 nigrae
948 1087 1111 1123 sucus
1150 1068 1406 1140 loliginis,
1458 1068 1593 1122 haec
1633 1076 1714 1121 cst

1932 1066 1950 1119 ll
1966 1069 2033 1119 00

770 1172 929 1237 Quod
966 1172 1153 1225 vitium
1191 1170 1381 1242 procul
1421 1170 1566 1224 afore
1606 1168 1830 1232 chartiS,

274 1279 445 1348 Atque
486 1275 661 1329 animo
699 1274 880 1346 priUS,
921 1281 979 1327 ut
1017 1274 1060 1327 si
1101 1273 1233 1345 quid
1270 1273 1583 1345 promittere
1624 1272 1692 1326 de
1730 1289 1817 1324 me

277 1381 506 1432 Possum
547 1376 692 1430 aliud
731 1393 887 1439 vere,
930 1376 1197 1447 promitto.

1272 1375 1522 1428 Liberius
1562 1375 1606 1427 si

276 1480 471 1533 Dixero
512 1478 673 1550 quid,
718 1478 763 1531 si
802 1477 936 1531 forte
976 1478 1236 1540 iocosiUS,
1278 1476 1382 1531 hoc
1420 1476 1548 1529 mihi
1589 1476 1718 1529 iuris

314 1654 380 1692 935.
415 1652 603 1703 defensas
633 1653 674 1690 S.
714 1672 757 1678 —
794 1651 887 1691 1100.
919 1651 1040 1702 fucus
1074 1662 1126 1691 ex
1156 1661 1244 1690 uno
1277 1650 1440 1691 Codice
1474 1651 1517 1699 F,
1551 1661 1696 1690 succus
1722 1661 1766 1702 p.
1805 1673 1849 1677 —
1884 1650 1976 1690 402.

261 1721 302 1755 ut
333 1725 559 1766 superscr.
593 1719 630 1754 et
660 1715 702 1754 S.
739 1736 786 1742 -—
822 1714 914 1753 403.
949 1713 1080 1765 aliud]
1114 1714 1214 1763 quid
1244 1713 1286 1753 d.

205 1842 320 1880 hanc
353 1839 483 1879 edita.
521 1862 565 1867 -
601 1839 823 1888 Capitolini
843 1860 866 1866 —
885 1861 908 1867 -
937 1838 1082 1889 Petilli]

207 1903 354 1943 Gentis
385 1900 576 1942 Petilliae
627 1911 875 1952 cognomen
921 1900 1085 1951 Capito-

206 1966 314 2005 linus
361 1966 546 2016 apparet
605 1964 738 2003 etiam
794 1975 848 2003 ex
902 1963 1085 2004 Morellii

206 2028 335 2067 Thes.
380 2028 410 2066 I.
456 2037 497 2076 p.
541 2025 635 2064 3015.
676 2026 820 2064 Riccio
860 2026 919 2065 M.
957 2026 1003 2064 F.
1036 2026 1107 2079 R„

205 2102 248 2141 p.
283 2090 376 2128 465.
412 2089 573 2138 «Fingit
605 2099 652 2127 se
674 2086 792 2138 loqui
816 2098 919 2127 Cum
941 2089 1085 2127 amico

206 2150 357 2191 Petillii
397 2149 647 2201 Capitolini,
696 2151 769 2200 qui
810 2161 913 2189 cum
952 2161 1088 2201 prae-

207 2216 326 2255 esset
371 2211 608 2264 Capitolio,
659 2213 778 2252 unde
819 2211 1087 2264 Capitolinus

206 2280 349 2319 dictus
372 2280 458 2327 est,
493 2280 729 2318 accusatus
753 2280 843 2326 est,
875 2277 995 2328 quod
1018 2288 1090 2316 co—

205 2353 363 2381 ronam
406 2341 519 2380 lovis
566 2339 795 2391 Capitolini
834 2340 1084 2391 rapuisset,

207 2416 343 2456 quare
384 2404 478 2455 ipse
521 2402 722 2443 sublatae
756 2413 947 2442 coronae
981 2413 1089 2441 cau-

207 2479 303 2508 sam
334 2467 440 2506 dixit
476 2467 518 2505 et
559 2464 789 2506 absolutus
822 2467 889 2505 est
919 2476 942 2504 a
974 2464 1090 2503 iudi-

206 2529 333 2569 cibus
376 2530 418 2567 in
463 2529 648 2577 gratiam
697 2528 911 2577 Augusti,
964 2527 1088 2565 cuius

207 2592 377 2630 amicus
416 2591 554 2629 erat.»
606 2590 746 2629 Comi.
782 2589 914 2633 CRUQ.
967 2587 1090 2639 («Die

205 2654 382 2693 Notizen
415 2653 483 2692 cles
514 2651 651 2691 Acron
683 2652 769 2690 und
799 2651 933 2690 Schol.
960 2651 1085 2699 Crth.

206 2716 307 2755 ‘iiber
337 2715 412 2753 das
442 2714 675 2765 Coqnomen
699 2714 767 2752 des
794 2712 976 2752 Ρθίὶίἰὶιιε
1004 2713 1090 2750 und

207 2779 272 2816 clie
289 2787 424 2828 yanze
442 2776 611 2827 Anyabe
629 2786 723 2814 vom
743 2774 957 2814 Diebscahl
977 2774 1090 2813 einer

208 2851 372 2880 corona
404 2840 484 2889 auf
507 2840 597 2878 clem
624 2838 787 2888 Capitol
815 2838 866 2876 ist
896 2837 1090 2876 erclichtet

206 2903 315 2941 ‘nach
343 2900 480 2941 Plaut.
523 2902 638 2940 Trin.
674 2901 721 2949 sl,
754 2901 800 2948 2,
835 2899 886 2940 40
918 2899 961 2938 ff.
1003 2899 1089 2938 und

207 2964 482 3006 Menaechm.
517 2964 563 3012 5,
597 2964 646 3010 5,
681 2962 765 3010 38.,
811 2962 942 3001 wobei
986 2973 1088 3000 man

208 3027 290 3076 auf
322 3027 398 3065 den
426 3025 600 3064 wahren
628 3024 733 3063 Sinn
773 3025 845 3063 cler
882 3024 1089 3063 Plautini-

207 3090 326 3129 schen
357 3088 505 3127 Stellen
535 3087 652 3126 lceine
674 3087 887 3126 Riielcsicht
916 3086 1085 3124 nalem.»

209 3152 256 3191 O.
289 3151 401 3189 Jahn
432 3150 505 3188 Rh.
529 3150 638 3188 Mus.
662 3149 716 3187 N.
738 3149 784 3187 F.
809 3149 877 3187 VI.
908 3159 951 3198 p.
974 3147 1085 3197 590.)

210 3213 295 3253 Cfr.
331 3213 417 3251 Sat.
453 3212 498 3259 1¹,
535 3212 606 3258 110,
640 3210 718 3249 ⁵26:
751 3220 845 3248 cum
872 3211 998 3250 Dura
1019 3209 1089 3248 tibi

203 3274 446 3325 peragenda
476 3275 540 3311 re'e'
565 3272 617 3310 sit
636 3282 765 3310 causa
783 3272 927 3310 Petilli.
955 3295 999 3298 —
1024 3272 1090 3310 cle-

206 3335 366 3386 fendas]
407 3346 494 3374 non
528 3344 632 3385 «per
672 3343 743 3372 me
782 3331 996 3372 defendas
1036 3331 1088 3371 li—

210 3400 336 3445 cet,»
384 3397 463 3437 sed
496 3395 765 3442 «defendes,
814 3395 1002 3433 credo.»
1037 3416 1083 3422 —

208 3461 274 3500 Me
311 3459 566 3510 Capitolinus
603 3457 706 3506 cet]
739 3454 895 3496 Similis
934 3467 1088 3496 narra-

1147 1837 1340 1878 tiuncula
1398 1838 1550 1878 nescio
1613 1837 1731 1878 unde
1791 1837 2030 1889 desumpta

1150 1903 1284 1953 (certe
1313 1902 1546 1952 antiquum
1567 1900 1763 1941 colorem
1791 1900 1940 1947 habet)
1965 1903 2034 1941 est

1149 1963 1267 2016 apud
1314 1965 1528 2003 Ioannem
1577 1964 1741 2004 Sarisb.
1790 1964 1845 2003 de
1895 1963 2028 2013 Nugis

1151 2027 1254 2066 Cur.
1280 2026 1318 2075 7,
1352 2025 1425 2066 ⁶24:
1470 2027 1565 2065 Tale
1592 2031 1648 2065 est
1678 2027 1780 2065 illud
1810 2027 2036 2065 oratoris.-

1152 2088 1328 2127 «Ιιιίὶιινη
1375 2089 1654 2127 Fortunatam
1700 2089 1838 2139 fateor
1892 2089 2034 2127 virum

1148 2151 1300 2202 fortem
1330 2154 1367 2190 et
1397 2162 1517 2199 quem
1537 2154 1696 2190 constat
1724 2155 1888 2190 strenae
1909 2151 2036 2201 eyisse

1152 2224 1279 2263 quam
1301 2213 1514 2263 plurima:
1555 2225 1634 2262 quo
1661 2217 1798 2253 tamen
1822 2217 1953 2263 paeto
1975 2213 2041 2251 iu-

1152 2276 1305 2314 dicium
1348 2276 1678 2324 repetundarum
1723 2277 1838 2326 apud
1886 2275 2040 2315 iudices

1151 2338 1279 2377 iustos
1308 2338 1506 2387 evaserit,
1548 2338 1734 2377 mirarer
1772 2338 1961 2388 quidem,
2002 2338 2038 2377 si

1150 2401 1213 2440 vis
1252 2401 1403 2449 eloquii
1446 2401 1533 2440 etus
1567 2401 1668 2440 mihi
1706 2404 1806 2440 esset
1844 2401 2037 2452 incogni-

1151 2467 1242 2503 ta.»
1291 2463 1378 2501 Hoc
1406 2474 1542 2502 nonne
1559 2474 1761 2502 venenum
1791 2462 1876 2502 est?
1899 2485 1943 2491 —
1967 2474 2040 2501 su—

1151 2525 1236 2577 cas]
1275 2526 1319 2564 in
1348 2534 1483 2575 prosa
1514 2535 1578 2564 or.
1611 2525 1755 2574 virus,
1797 2525 1891 2564 sine
1922 2525 2039 2563 ima-

1153 2588 1276 2637 gine,
1311 2585 1558 2636 malignitas
1590 2597 1642 2625 ac
1673 2585 1796 2625 livor.
1834 2609 1879 2614 -
1903 2586 2038 2637 loligi-

1152 2648 1228 2699 nis]
1264 2647 1435 2697 «Loligo
1467 2658 1607 2698 genus
1631 2650 1698 2687 est
1723 2648 1858 2698 piscis
1880 2649 2039 2688 marini

1154 2721 1313 2750 sucum
1332 2710 1506 2750 habens
1528 2711 1701 2761 nIgrum
1725 2712 1767 2750 et
1788 2712 2036 2751 atramento

1154 2771 1395 2813 similem.»
1467 2773 1606 2812 Comi.
1656 2774 1786 2818 Caro.
1853 2774 2035 2825 «sepia,

1150 2834 1421 2885 Blaclcfisch.»
1444 2834 1710 2874 Pseudovid.
1732 2834 1918 2874 Halieut-.
1941 2836 2034 2877 7129:

1150 2898 1204 2936 Et
1231 2897 1402 2947 myrum
1430 2897 1547 2936 niveo
1586 2901 1762 2947 portans
1791 2898 1833 2936 in
1864 2909 2039 2947 corpore

1149 2960 1267 2998 virus
1308 2959 1466 3010 Lolligo
1515 2958 1590 3009 (sic
1635 2960 1678 2999 in
1718 2959 1797 2999 Ed.
1831 2961 2035 3012 Ilauptii).

1152 3020 1262 3061 Plut.
1297 3021 1337 3060 S.
1371 3022 1420 3060 N.
1446 3021 1495 3060 V.
1528 3033 1573 3073 p.
1597 3023 1698 3062 565:
1733 3019 1972 3062 κακόνοια
2002 3021 2038 3062 δ’

1151 3079 1333 3124 ἐνοῦσα
1363 3080 1436 3140 (τῇ
1479 3082 1638 3142 ψυχῇ)
1676 3082 1799 3138 μετὰ
1840 3083 2035 3136 φθόνου

1152 3146 1285 3185 τουτὶ
1315 3141 1370 3184 τὸ
1404 3143 1537 3196 ι’ὦόες
1567 3148 1648 3187 καὶ
1680 3141 1910 3196 ὕπουλον,
1944 3142 2039 3188 ὦσ-

1153 3220 1239 3265 πεζ)
1270 3208 1323 3247 αἱ
1341 3210 1512 3261 σηπίαι
1535 3206 1588 3250 τὸ
1608 3209 1775 3263 μέλαν,
1808 3205 2033 3264 ἀφίησιν.

1157 3294 1200 3298 ——
1234 3271 1413 3323 Aerugo]
1447 3273 1515 3312 Sic
1546 3272 1728 3313 Martial.
1762 3274 1837 3322 40,
1873 3274 1950 3323 33,
1984 3275 2033 3313 5:

1152 3333 1278 3371 >viridi
1300 3335 1446 3373 tinctos
1466 3336 1667 3386 aei-affine
1685 3347 1852 3384 versus,
1886 3335 1930 3374 id
1953 3337 2033 3384 est,

1155 3394 1411 3436 maledicos.
1473 3397 1597 3436 Idem
1618 3397 1666 3446 2,
1701 3398 1775 3446 611,
1810 3396 1847 3437 li.
1883 3396 1937 3436 de
1960 3397 2039 3436 lio-

1155 3458 1272 3497 mine
1304 3457 1551 3499 maledico:
1597 3460 1808 3509 titaniaque
1838 3460 2037 3510 aerum-ne
