2231 3787
229 249 328 302 1196

298 382 565 433 Incuteret
601 377 846 431 violenta.

863 248 1077 288 lIORATll
1108 247 1407 288 SATIRARUM

924 378 1031 431 Sed
1071 378 1155 431 hic
1194 376 1345 430 stilus
1383 374 1527 427 haud
1564 381 1710 445 petet
1748 374 1884 427 ultro

297 482 636 551 Quemquam
675 480 996 532 animantem
1037 487 1090 531 et
1126 494 1212 530 me
1251 476 1411 529 veluti
1451 475 1718 529 custodiet
1755 476 1900 530 ensis
1972 475 2040 527 40

297 583 495 653 Vagina
534 590 731 644 tectusj.
774 597 937 650 quem
976 596 1071 632 cur
1110 577 1446 647 destringere
1487 595 1654 631 coner

296 685 458 735 Tutus
498 682 564 735 ab
604 681 804 734 infestis
845 678 1175 732 latronibus?
1215 679 1260 732 O
1303 687 1456 749 pater
1494 687 1547 732 et
1582 696 1677 732 rex

295 784 558 854 Iuppiter,
601 791 657 834 ut
695 790 883 852 pereat
919 781 1152 851 positum
1190 779 1435 850 rubigine
1476 779 1664 841 telum,

295 887 403 938 Nec
441 884 726 955 quisquam
765 890 957 935 noceat
994 881 1190 952 cupido
1230 880 1355 932 mihi
1395 881 1569 951 pacis!
1610 882 1673 934 At
1712 881 1823 942 ille,

295 986 397 1050 Qui
436 1003 520 1038 me
560 983 862 1045 commorit,
885 982 1166 1036 —melius
1208 1000 1314 1035 non
1352 982 1596 1053 tangere!
1638 982 1833 1046 clamO,
1867 1014 1937 1021 -—
1974 983 2042 1036 45

340 1150 408 1189 39.
438 1150 539 1199 petit
574 1149 615 1187 S.
668 1168 712 1175 -
761 1146 827 1187 41.
875 1147 1120 1197 distrinyere
1156 1157 1199 1197 p,
1241 1157 1354 1186 corr.
1394 1157 1431 1186 c.
1476 1148 1520 1186 et
1549 1148 1578 1186 t.
1616 1170 1661 1175 —
1700 1146 1766 1187 43.
1798 1148 1989 1200 rubiyine

284 1212 530 1263 l)Scp‚LCt:
570 1211 754 1262 robigine
783 1208 1026 1259 Bentleius‚
1066 1209 1176 1249 FMJ.
1206 1232 1250 1236 —
1274 1208 1341 1249 45.
1374 1210 1619 1248 commordit
1649 1209 1799 1250 Codex
1828 1211 1986 1261 Regius

281 1351 426 1392 39-46.
474 1351 552 1391 Sed
580 1351 644 1390 hic
673 1350 788 1390 stilus
817 1350 920 1402 cet.]
953 1351 1101 1401 Oppo—

228 1417 391 1456 nuntur
406 1415 516 1453 haec
533 1413 684 1453 verbis
706 1414 866 1463 Sequor
885 1413 991 1451 hunc
1012 1413 1096 1451 eet.

228 1477 282 1526 (v.
300 1476 382 1525 34.)
415 1475 621 1515 «Videtur
642 1474 786 1526 lepide
809 1475 936 1526 quasi
958 1476 1102 1513 terro-

225 1549 321 1578 rem
366 1539 583 1577 incutiens
624 1536 890 1577 adversariis
934 1535 1102 1586 signifi-

226 1611 351 1640 casse
384 1599 465 1639 sibi
505 1600 702 1638 animum
740 1610 840 1639 esse
873 1600 1026 1637 natura
1058 1599 1102 1636 et

225 1662 390 1712 origine
411 1661 466 1699 ad
497 1660 807 1711 pugnandum,
842 1661 877 1700 si
899 1670 1010 1710 opus
1034 1670 1102 1699 es-

226 1726 314 1772 set,
349 1733 529 1773 semper
557 1725 791 1773 paratum3
827 1722 989 1773 quippe
1023 1732 1101 1760 eo-

226 1795 324 1824 rum
355 1796 403 1825 se
435 1796 533 1824 esse
565 1786 848 1835 sanguinem,
892 1785 965 1835 qui
996 1783 1100 1823 olim

224 1847 463 1886 Venusiam
495 1847 616 1886 missi
650 1849 799 1886 essent
821 1846 876 1885 ad
897 1846 1006 1885 fines
1033 1857 1102 1884 ar-

225 1911 309 1949 mis
338 1908 548 1948 tutandos
574 1919 858 1959 pugnasque,
891 1909 927 1948 si
947 1919 1022 1947 res
1042 1909 1100 1947 ita

225 1971 383 2019 ferret,
432 1970 627 2020 quotidie
670 1970 907 2013 ineundas;
949 1971 1017 2009 sed
1057 1970 1099 2008 in

224 2045 278 2073 eo
317 2043 494 2084 quoque
531 2033 765 2071 retinuisse
803 2042 977 2071 morem
1017 2043 1100 2082 pa-

225 2097 366 2143 trum,
413 2093 574 2145 quibus
619 2092 889 2144 propulsatio
928 2095 1099 2133 tantum

223 2157 418 2196 hostium
438 2155 645 2195 mandata
669 2155 843 2203 fuisset,
879 2155 997 2205 quod
1020 2167 1101 2194 ne—

224 2219 392 2257 minem
420 2216 534 2256 ultro
555 2219 752 2268 peteret,
784 2227 941 2256 verum
963 2215 1101 2256 laces-

222 2281 344 2320 situs.
404 2279 510 2319 Inde
542 2290 648 2319 sane
679 2289 765 2317 non
795 2279 958 2318 mirum
981 2289 1096 2328 esse,

222 2342 258 2381 si
286 2343 355 2389 iis,
390 2352 503 2392 quae
527 2352 550 2379 a
573 2342 727 2380 natura
747 2339 832 2379 sibi
856 2342 1099 2380 monstrata

223 2405 395 2451 essent,
420 2403 555 2442 armis
572 2414 619 2443 se
639 2401 914 2451 defenderet,
934 2412 1096 2453 nempe

221 2465 334 2514 stilo,
353 2467 379 2504 i.
395 2464 650 2504 e.versibus
668 2463 840 2503 acerbis
855 2466 898 2502 et
918 2465 1096 2503 amaris.

221 2529 329 2568 Hinc
368 2526 515 2566 lucem
559 2526 781 2577 accipiunt
820 2526 957 2566 etiam
1001 2524 1093 2564 illa:

219 2591 413 2631 Lucanus
440 2600 497 2627 an
524 2588 680 2638 Apulus
713 2598 883 2637 anceps,
932 2587 1096 2638 quibus

221 2663 308 2691 non
343 2650 487 2690 solum
525 2661 571 2689 se
605 2651 645 2689 in
676 2650 914 2700 municipio
946 2651 1098 2688 natum

221 2712 403 2765 opponit
440 2710 602 2750 Lucilio
634 2712 769 2761 equiti
809 2712 1004 2751 Romano
1039 2711 1099 2760 (ut

220 2772 437 2814 Iuvenalis
469 2773 511 2820 6,
540 2773 631 2811 467.
664 2773 934 2812 Venusinam
962 2771 1096 2811 nobili

223 2836 476 2884 Romanae),
512 2834 591 2873 sed
622 2835 706 2874 hoc
738 2845 914 2885 quoque
937 2833 1098 2884 signifi-

223 2899 313 2938 cat:
349 2898 383 2936 si
405 2897 563 2946 ingenii
587 2907 674 2935 non
695 2897 823 2936 nimis
845 2895 949 2935 lenti
978 2906 1093 2944 sum,

222 2958 301 3000 sed
333 2959 436 2998 satis
467 2957 680 3005 bellicosi,
714 2958 893 2997 minime
917 2958 1092 2996 mirum.

220 3024 332 3063 Nam
376 3023 564 3070 utraque
610 3031 717 3070 gens
768 3020 846 3060 fuit
890 3020 1001 3059 dura
1045 3030 1096 3058 ac

221 3082 456 3130 bellicosa,
505 3083 693 3130 pernices
734 3080 880 3132 Apuli,
934 3082 1095 3120 Lucani

222 3145 380 3187 saltem
421 3149 700 3182 venatores.»
761 3144 1092 3182 RAECHENSTEIN.

226 3230 271 3236 —
293 3205 417 3257 ultro]
443 3206 560 3244 «sine
592 3206 701 3244 iusta
725 3206 767 3243 et
798 3203 916 3254 gravi
945 3214 1091 3252 causa,

224 3267 389 3310 scilicet
420 3268 602 3318 propter
622 3266 743 3311 vitia,
779 3264 939 3315 quihus
961 3264 1094 3315 stulti,

225 3341 336 3381 quos
368 3328 575 3375 derideo,
623 3326 800 3366 obnoxii
838 3328 986 3375 sunt,»
1027 3325 1096 3365 vel

227 3391 333 3431 «nisi
355 3391 447 3442 ipse
469 3390 589 3442 prius
610 3387 880 3436 lacessitus»,
914 3387 957 3426 id
979 3387 1097 3438 quod

228 3462 332 3492 sane
382 3451 436 3490 de
487 3450 692 3490 omnibus
741 3448 820 3489 illis
869 3449 1093 3500 personis,

1165 1359 1276 1399 quas
1291 1347 1479 1398 vellicat,
1504 1359 1764 1389 asseverare
1783 1350 2042 1401 neutiquam

1163 1412 1352 1461 poterat.
1380 1434 1424 1439 —-
1458 1412 1728 1464 animantem]
1768 1423 1866 1463 gen.
1897 1423 2038 1452 masc.

1166 1473 1299 1512 etiam
1329 1473 1447 1524 apud
1470 1474 1558 1514 Cic.
1583 1475 1691 1514 Tim.
1718 1475 1760 1513 Μ
1785 1486 1793 1512 :
1824 1475 1890 1513 Ita
1909 1475 2043 1514 orien-

1164 1539 1233 1574 tur
1262 1535 1513 1584 animantes,
1555 1547 1656 1584 quos
1693 1539 1731 1575 et
1763 1536 1882 1575 vivos
1914 1536 2043 1575 alatis

1164 1600 1201 1649 et
1229 1601 1489 1647 consumptos
1517 1598 1611 1636 sina
1639 1597 1864 1646 recipiatis.
1892 1620 1937 1625 —
1967 1598 2042 1637 de-

1161 1659 1386 1710 stringere]
1432 1670 1516 1698 «ex
1558 1651 1715 1710 vagina
1760 1660 2038 1699 extrahere.»

1163 1722 1281 1760 Lect.
1301 1721 1548 1772 distrinqere
1576 1720 1785 1773 praetulit
1818 1721 2039 1761 Heindor-

1164 1782 1247 1821 fius
1278 1782 1522 1834 explicans:
1563 1783 1845 1834 «stringendo
1876 1783 2039 1822 distra-

1163 1844 1292 1884 here:
1327 1856 1417 1884 aus
1446 1846 1697 1885 einander
1723 1846 1917 1886 ziehnm
1949 1844 2038 1885 Sed

1164 1906 1241 1946 cfr.
1275 1905 1400 1946 Halm
1430 1907 1488 1947 ad
1510 1908 1598 1947 Cic.
1624 1909 1733 1948 Sest.
1754 1907 1829 1957 35,
1862 1908 1938 1948 76:
1972 1909 2041 1948 de-

1161 1969 1314 2007 strictis
1340 1969 1492 2019 yladiis
1521 1974 1558 2009 et
1586 1971 1780 2009 cruentis.
1817 1993 1861 1998 -—
1898 1970 2037 2020 Tutus]

1166 2030 1298 2069 «dum
1353 2029 1463 2069 latro
1512 2030 1656 2070 nullus
1705 2042 1777 2070 me
1835 2031 2037 2080 infestat;

1164 2092 1285 2142 quod
1321 2092 1398 2131 ubi
1435 2092 1532 2141 fiet,
1580 2094 1684 2132 tunc
1725 2092 1918 2144 gladium
1958 2094 2040 2134 de-

1163 2154 1417 2203 stringam.»
1445 2177 1488 2182 —
1515 2154 1546 2193 Ο
1566 2159 1691 2204 pater
1721 2155 1823 2207 cet.]
1858 2156 1948 2195 Cic.
1981 2156 2039 2197 de

1163 2215 1269 2265 Rep.
1314 2215 1359 2263 4,
1408 2214 1482 2264 36,
1530 2216 1603 2255 56:
1659 2215 1721 2267 (ut
1760 2217 1964 2269 Iuppiter)
2002 2222 2041 2258 et

1160 2287 1240 2315 rea>-
1269 2280 1307 2315 et
1336 2280 1463 2325 pater
1498 2277 1720 2317 haberetur
1755 2279 1952 2319 omnium.
1988 2301 2036 2308 —

1161 2343 1206 2377 ut
1242 2338 1412 2389 pereat]
1457 2338 1604 2379 Simile
1651 2339 1926 2391 aliquatenus
1971 2343 2040 2381 est

1164 2399 1418 2440 Callimachi
1439 2400 1544 2440 illud
1565 2401 1718 2442 Blomf.
1742 2413 1786 2452 p.
1811 2403 1883 2442 32⁴
1907 2415 1915 2441 :
1948 2399 2039 2444 Ζεῦ

1162 2459 1324 2518 πάτερ,
1348 2457 1413 2512 (ὃς
1428 2460 1672 2511 Χαλύβων
1692 2459 1787 2503 πᾶν
1803 2458 2039 2505 ἀπόλοιτο

1161 2524 1312 2577 γένος,
1344 2521 1557 2576 Τηλόθεν
1577 2520 1865 2565 ἀντέλλοντα
1884 2522 2038 2566 κακὸν

1161 2582 1317 2634 φυτὸν
1362 2584 1415 2625 οἳ
1450 2599 1534 2638 μιν
1575 2581 1761 2639 ἔφηναν
1800 2587 2034 2640 (chalyba).

1161 2648 1222 2687 Ex
1253 2659 1340 2698 quo
1372 2647 1566 2688 Catullus
1595 2649 1672 2698 66,
1705 2648 1787 2689 48:
1827 2650 2034 2700 Iuppiter,

1159 2713 1205 2749 ut
1253 2709 1479 2758 Chalybum
1528 2720 1645 2750 omne
1691 2721 1820 2761 glenus
1858 2714 2037 2762 pereat!

1164 2793 1208 2799 ——
1241 2775 1387 2811 noceat
1415 2793 1438 2799 -
1465 2771 1580 2822 mihi]
1614 2770 1829 2813 «lacessat
1862 2785 1934 2814 me
1966 2775 2038 2815 in-

1160 2833 1312 2872 iuria.»
1348 2853 1391 2860 -
1416 2833 1512 2884 Nec]
1546 2843 1627 2884 pro
1656 2835 1770 2884 Neu,
1804 2837 1851 2875 ut
1881 2835 1959 2875 Od.
1984 2837 2030 2886 4,

1160 2895 1234 2943 Μ,
1267 2895 1307 2934 2.
1344 2916 1388 2922 ῌ
1422 2895 1652 2946 commorit]
1690 2898 2032 2948 «commoverit,

1157 2955 1421 3004 lacessierit,
1461 2957 1758 3007 provocarit.»
1807 2959 1910 2998 Aen.
1962 2958 2036 2998 Sic

1159 3019 1332 3058 Terent.
1362 3017 1496 3057 Andr.
1528 3018 1574 3067 2,
1606 3019 1651 3068 6,
1681 3019 1755 3058 25:
1799 3019 2032 3070 Commovi,

1161 3090 1240 3119 «ex
1269 3078 1441 3130 placido
1465 3079 1768 3121 turbulentum
1795 3080 1919 3130 feci»,
1943 3092 2037 3121 me-

1159 3141 1342 3192 taphora
1378 3152 1400 3181 a
1433 3142 1542 3180 mari
1576 3141 1823 3193 desumpta.
1881 3143 2036 3183 Graeci

1158 3206 1330 3251 κινεῖν,
1369 3203 1536 3252 piquer.
1587 3202 1684 3242 Vid.
1715 3203 1944 3253 Wyttenb.
1978 3203 2036 3244 ad

1159 3264 1268 3304 Plut.
1307 3265 1347 3303 S.
1385 3266 1434 3304 N.
1472 3264 1522 3303 V.
1557 3274 1600 3315 p.
1638 3263 1731 3303 548.
1767 3264 1813 3304 C.
1847 3265 2035 3315 Rutger-

1161 3327 1334 3366 sianum
1363 3325 1469 3365 illud
1498 3327 1542 3365 et
1571 3326 1698 3365 unius
1731 3325 1904 3366 Codicis
1925 3337 2035 3366 com-

1159 3389 1313 3427 mordit
1354 3387 1534 3427 Horatio
1579 3397 1864 3438 nequaquam
1902 3386 2034 3427 tribui

1161 3450 1326 3500 potest,
1374 3459 1477 3488 cum
1517 3459 1557 3487 v.
1596 3449 1875 3490 commordere
1914 3459 2032 3490 nunc
