2231 3787
860 249 952 288 ΗΒ.
991 250 1017 286 l.
1073 248 1183 287 SAT.
1219 249 1284 286 w.

243 380 373 431 Cum
415 379 626 432 Tiburte
667 379 750 430 via
791 387 1095 448 praetorem
1134 378 1372 448 quinque
1414 387 1712 447 sequuntur

242 482 311 532 Te
353 480 505 550 pueri
548 480 788 532 lasanum
827 488 1100 550 portantes
1141 478 1638 549 oenophornnique.

242 582 354 633 lloe
395 600 495 651 ego
535 581 868 634 conniioilius
908 598 1071 651 quain
1114 590 1193 635 tu,
1237 580 1514 650 praeclare.
1555 589 1790 638 senator,

241 681 451 734 Milibus
492 691 652 752 atque
692 682 808 734 aliis
852 683 987 734 rivo.

1894 578 1987 630 ilo

1067 684 1402 752 Quacunque
1443 681 1607 734 libido
1650 690 1754 735 est.

244 783 442 836 lncedo
483 783 654 847 solus,
697 792 1003 854 percontor,
1047 784 1228 854 quanti
1269 782 1388 836 olus
1427 802 1489 836 ao
1529 785 1630 845 sai-3

243 883 507 937 Fallacein
549 885 759 938 Circum
800 886 1276 956 vespertinumque
1316 902 1539 956 pererro

241 985 415 1056 Saepe
460 988 676 1048 Forum,
719 986 921 1040 adsisto
961 987 1183 1049 divinis,
1225 987 1347 1040 inde
1387 987 1605 1040 domun}
1645 1007 1729 1041 me

282 1136 374 1176 408.
410 1140 603 1175 secuntur
632 1135 734 1175 bcd.
766 1159 808 1164 —-
844 1137 935 1175 111.
970 1137 1111 1176 Μιιίίίε
1142 1136 1379 1177 Lambinus
1412 1139 1543 1185 coni.,
1579 1141 1609 1178 C
1643 1142 1685 1179 et
1707 1141 1930 1180 lleindort'.

231 1221 271 1225 ἡ
309 1199 400 1237 112.
428 1203 678 1248 percunctor
700 1199 774 1250 dp.

170 1297 441 1347 libertatem,
485 1310 570 1350 qua
609 1301 751 1339 utor.»
795 1323 831 1328 -
865 1302 1046 1353 senator]

169 1363 320 1412 utique
353 1363 395 1401 et
435 1364 535 1401 ante
573 1363 828 1412 praeturam
861 1364 903 1402 et
947 1365 1045 1414 post

171 1436 284 1465 eam.
333 1447 375 1452 —
417 1425 640 1474 praeclare
669 1447 692 1453 -
720 1447 743 1454 -
771 1425 878 1476 vivo]
924 1427 1044 1465 Haec

170 1488 307 1527 eiecta
349 1485 485 1526 voluit
529 1487 763 1537 Reisigius,
811 1490 855 1526 ut
903 1489 1042 1527 essct:

170 1561 296 1600 quam
338 1553 395 1588 tu.
486 1550 741 1599 Quocunque
791 1550 914 1588 libido
963 1554 1041 1589 est:

169 1622 326 1663 parum
343 1622 449 1652 sane
470 1610 772 1662 probabiliter.
808 1612 911 1660 Quis
926 1612 1044 1651 enim

170 1673 268 1714 talia
314 1674 592 1714 intrusisset?
637 1697 681 1701 —
714 1674 880 1714 Milibus
923 1678 1046 1724 atque

169 1737 278 1787 aliis]
309 1738 415 1776 Gen.
440 1738 583 1776 neutr.
608 1737 851 1787 respondet
881 1748 922 1776 v.
944 1737 1044 1776 Hoc.

172 1800 290 1839 «Non
322 1797 465 1839 solum
501 1810 581 1850 per
622 1799 776 1839 itinera
810 1811 890 1849 ego
921 1811 1047 1839 com-

168 1861 344 1901 modius
364 1861 488 1909 vivo,
523 1861 604 1900 sed
634 1862 677 1901 in
708 1862 930 1901 sexcentis
953 1860 1046 1901 aliis

168 1922 347 1971 rebus,»
380 1933 490 1973 quas
512 1925 673 1973 partim
695 1924 840 1963 statim
865 1934 1047 1962 enume-

169 1986 256 2033 rat,
307 1985 469 2036 partim
513 1986 620 2026 scite
670 1986 738 2025 his
788 1984 1046 2037 complexus

170 2050 236 2087 est
273 2048 407 2087 etiam
438 2050 613 2088 ceteros
651 2049 834 2099 ingenii,
874 2049 1043 2099 poesis,

169 2108 414 2149 litterarum
451 2110 644 2158 fructus,
695 2121 833 2161 «quos
864 2110 1047 2161 quidem

168 2182 271 2220 vos,
311 2171 513 2212 homines
544 2170 768 2222 volgares,
802 2183 856 2211 ne
889 2171 1049 2212 intelli-

170 2244 273 2284 gere
306 2233 487 2283 quidem
518 2234 747 2284 potestis.»
809 2236 922 2274 Sane
946 2246 1050 2274 eon-

170 2298 236 2334 tra
281 2306 410 2335 usum
459 2294 687 2345 volgarem
732 2295 838 2335 dixit
886 2296 1050 2335 milibus

171 2357 265 2396 aliis
292 2368 372 2408 pro
402 2357 513 2396 ⁴mille
542 2357 654 2403 aliis3
690 2368 791 2397 nam
821 2359 940 2397 milia
960 2359 1050 2397 alia

170 2419 345 2470 proprie
393 2421 459 2459 est
501 2420 633 2458 andro
679 2420 911 2466 Tausencle,
960 2431 1047 2459 non

171 2481 344 2519 lausensi
390 2481 542 2520 Andre.
617 2480 820 2533 Plerique
866 2481 1048 2532 quidem

171 2541 337 2582 habent
367 2553 448 2594 pro
479 2554 579 2593 gen.
613 2554 775 2583 maso:
812 2554 973 2594 «quam
1003 2545 1050 2583 tu

171 2606 215 2644 et
245 2604 360 2644 mille
392 2604 505 2644 alii.»
566 2606 651 2645 Sed
692 2607 953 2646 inconcinna
984 2607 1051 2645 vi-

171 2666 302 2706 detur
330 2666 517 2719 duplicis
549 2670 893 2720 comparationis
924 2680 1050 2709 com-

170 2730 327 2781 positio
373 2732 416 2770 et
464 2731 593 2771 nimis
643 2731 809 2772 infinite
854 2743 901 2772 se
948 2742 1050 2771 cum

169 2792 280 2832 mille
308 2793 403 2832 aliis
432 2794 676 2844 conferret,
710 2795 751 2834 in
784 2794 946 2845 quibus
966 2805 1052 2845 po-

172 2856 317 2894 terant
345 2866 444 2895 esse
477 2855 695 2897 cerdones
734 2858 777 2896 et
812 2856 1047 2905 libitinarii,

173 2927 259 2956 non
282 2916 430 2956 addito
452 2916 653 2972 ἐπιθέτῳ
675 2918 827 2970 «longe
851 2931 922 2959 me
945 2931 1053 2971 opu-

173 2979 485 3020 lentioribus:»
518 2982 636 3032 quod
669 2984 826 3031 sensit,
860 2983 941 3023 sed
963 2994 1049 3022 non

174 3044 404 3082 assecutus
436 3046 503 3082 est
524 3045 661 3084 mirus
683 3044 751 3084 ille
773 3045 1048 3094 Praedikow,

175 3104 311 3144 edens
341 3105 534 3144 Mollibus
553 3111 678 3156 atque
697 3108 813 3154 aliis-3
847 3119 929 3148 nee
952 3119 1052 3159 pro-

172 3167 363 3208 babilior
407 3171 473 3208 est
523 3169 719 3209 Lambini
765 3171 877 3210 coni.
910 3171 1053 3210 Multis

174 3235 298 3281 utque
341 3231 463 3278 aliis,
522 3230 652 3271 ducta
699 3243 751 3271 ex
801 3231 1051 3284 corruptela

176 3293 281 3332 Cld.
315 3293 512 3334 Multibus
543 3295 670 3343 (unus
701 3294 881 3344 Cruquii
911 3295 1054 3334 Militi-

176 3355 262 3407 bus)
294 3358 337 3395 et
367 3358 543 3407 recepta
577 3354 632 3394 ab
664 3355 932 3395 lleindorsio.

231 3417 430 3459 ἨΞ-114.
477 3422 702 3469 percontor
743 3418 846 3467 eet]
894 3419 1052 3457 «animi

178 3491 353 3529 eausa»,
386 3492 495 3530 non,
521 3484 567 3521 ut
590 3479 781 3521 nonnulli
803 3480 1049 3529 voluerunt,

1109 1312 1196 1351 quo
1251 1301 1396 1340 minus
1453 1300 1736 1353 deciperetur
1785 1315 1808 1342 a
1857 1314 1988 1344 servo

1109 1363 1402 1411 obsonatore‚
1427 1363 1467 1402 id
1491 1364 1610 1414 quod
1633 1365 1762 1404 nimis
1784 1366 1988 1416 putidum

1109 1427 1241 1465 esset.
1257 1426 1541 1478 —Fallacennj
1565 1426 1639 1465 ubi
1661 1437 1842 1479 semper
1864 1427 1988 1468 multi

1109 1489 1211 1527 sunt
1227 1487 1529 1537 circulatores,
1556 1488 1764 1529 Chaldaei
1787 1491 1878 1530 sive
1899 1502 1990 1530 nla-

1108 1551 1354 1598 thematiei,
1388 1550 1604 1602 sortilegi,
1647 1553 1781 1592 etiam
1811 1564 1990 1603 grassa-

1109 1615 1228 1652 tores
1246 1615 1289 1652 et
1311 1614 1659 1654 crumenisecae.
1685 1615 1848 1655 Ennius
1871 1615 1988 1666 apud

1111 1675 1198 1714 Cic.
1244 1674 1298 1714 de
1344 1675 1484 1714 Divin.
1531 1676 1575 1724 4,
1622 1676 1697 1723 58,
1746 1677 1845 1716 432:
1896 1678 1990 1716 Non

1108 1737 1234 1776 habeo
1265 1738 1439 1786 denique
1469 1738 1592 1777 nauci
1621 1739 1813 1778 Marsum
1850 1751 1990 1790 ctum(-

1108 1813 1219 1851 rem,
1266 1802 1359 1841 Non
1398 1802 1568 1841 vicanos
1603 1802 1862 1851 haruspices,
1908 1815 1988 1841 non

1109 1866 1156 1904 de
1185 1866 1295 1903 circo
1317 1865 1565 1915 astrolossos,‚
1598 1865 1691 1904 Non
1719 1866 1870 1904 Isiacos
1890 1877 1992 1905 eon-

1111 1928 1296 1975 iectores,
1350 1939 1432 1966 ‘non
1481 1928 1721 1977 interpretes
1764 1929 1985 1967 somnium.

1109 1986 1463 2046 Σαμαρόάκοτς
1502 1989 1816 2040 (ecclesiastica
1848 1993 1986 2030 Grae-

1111 2053 1239 2091 citate
1291 2063 1344 2091 ex
1394 2052 1600 2091 Afrorum
1649 2051 1792 2103 lingua
1843 2053 1989 2109 dueta)

1111 2116 1153 2153 et
1196 2113 1425 2165 sortilegos
1474 2114 1610 2154 hosce
1662 2115 1865 2155 homines
1910 2125 1992 2166 ap-

1110 2175 1244 2227 pellat
1275 2177 1445 2217 Comm.
1473 2177 1625 2227 Cruq„
1658 2177 1702 2216 id
1724 2179 1814 2226 est,
1850 2189 1900 2216 ex
1923 2188 1992 2216 re-

1111 2239 1306 2279 centiore
1366 2239 1620 2278 Latinorum
1669 2239 1990 2279 consuetudine

1112 2302 1364 2351 impostores.
1389 2323 1433 2328 —
1452 2301 1742 2352 vespertinum]
1765 2302 1859 2348 Quo
1882 2303 1994 2341 tem-

1110 2373 1218 2414 pore
1250 2363 1453 2402 homines
1485 2362 1808 2413 splendidiores
1841 2365 1883 2402 et
1914 2374 1991 2402 ne-

1111 2424 1235 2475 gotiis
1266 2422 1335 2463 vel
1377 2423 1576 2464 civilibus
1607 2423 1676 2463 vel
1717 2424 1992 2465 feneratoriis

1112 2484 1319 2537 implicati
1349 2486 1611 2526 iamdudum
1634 2485 1819 2526 domum
1851 2497 1898 2526 se
1923 2497 1993 2526 re-

1112 2549 1348 2599 ceperunt,
1382 2559 1527 2599 neque
1561 2549 1600 2587 in
1635 2548 1726 2588 soro
1758 2553 1994 2588 remanent

1112 2611 1192 2650 nisi
1222 2609 1335 2660 volgi
1366 2609 1537 2659 circuli,
1586 2610 1747 2662 quibus
1790 2609 1847 2650 illi
1891 2622 1991 2651 sese

1113 2673 1366 2712 immiscere
1409 2671 1692 2712 erubescunt.
1738 2696 1783 2700 ——
1826 2673 1990 2725 divinis]

1114 2733 1340 2784 «hariolis,
1388 2733 1627 2784 sortilegis,
1675 2734 1994 2786 interpretibus

1113 2796 1434 2845 somniorum‚»
1468 2798 1511 2836 et
1536 2796 1718 2847 quidem
1740 2795 1994 2836 delectatio-

1114 2859 1179 2898 nis
1207 2869 1359 2906 causa,
1396 2859 1497 2909 quia
1528 2859 1689 2898 horum
1719 2859 1992 2910 impudentia

1113 2932 1165 2960 ac
1210 2920 1510 2969 mendacitas,
1557 2919 1719 2972 popelli
1763 2931 1840 2960 eos
1886 2932 1994 2960 con-

1113 2982 1296 3022 sulentis
1328 2985 1482 3034 stupor
1513 2985 1556 3022 et
1587 2982 1823 3022 credulitas
1854 2984 1993 3023 risum

1115 3046 1153 3085 ei
1185 3045 1439 3084 movebant.
1503 3044 1679 3084 Talibus
1720 3045 1774 3084 de
1815 3044 1993 3085 hariolis

1118 3111 1267 3148 luven.
1293 3109 1337 3156 6,
1370 3108 1470 3147 582:
1504 3108 1551 3146 Si
1579 3108 1796 3147 mediocris
1816 3108 1894 3147 erit
1916 3107 1996 3158 (fe—

1115 3171 1232 3209 mina
1259 3169 1595 3221 superstitiosa),
1626 3170 1809 3219 spatium
1837 3169 1994 3207 lustra-

1114 3233 1169 3272 bit
1198 3233 1393 3280 utrinque
1412 3233 1626 3271 Meam-um
1649 3231 1787 3281 (Circi)
1811 3235 1848 3270 et
1867 3235 1995 3269 sorles

1114 3296 1231 3334 ducet
1249 3295 1508 3345 frontemque
1521 3304 1775 3342 manumque
1784 3291 1995 3332 Praebebit

1112 3358 1219 3397 vati
1248 3357 1439 3396 crebrmn
1481 3367 1716 3406 poppysma
1763 3354 1992 3404 (Schmalz)

1116 3419 1296 3470 roganti.
1373 3418 1588 3459 Maximus
1629 3416 1785 3466 Tyrius
1833 3415 1903 3463 19,
1951 3415 1989 3453 3.

1116 3480 1286 3521 divinos
1319 3481 1373 3520 ita
1415 3479 1646 3520 describit:
1683 3475 1774 3517 τῶν
1812 3476 1861 3518 ἐν
1892 3481 1992 3526 τοῖς
