2231 3787
888 192 988 231 ARS
1025 191 1264 231 POETICA.

243 324 305 379 Ut
345 323 470 376 nihil
512 323 744 384 intersit,
786 323 1038 375 Davusne
1079 321 1332 392 loquatur
1371 329 1422 373 et
1461 320 1636 373 audax

243 425 460 498 Pythias
501 432 751 478 emuncto
791 423 994 478 lucrata
1034 423 1251 476 Simone
1294 422 1574 482 talentum,

243 529 319 580 An
360 535 541 581 custos
581 525 922 597 famulusque
962 525 1048 579 dei
1091 524 1303 579 Silenus
1345 524 1559 578 alumni.

242 629 316 682 Ex
357 637 482 681 noto
523 627 706 681 fictum
746 645 964 681 carmen
1005 644 1226 698 sequar,
1269 635 1327 680 ut
1365 626 1468 680 sibi
1508 626 1684 697 quivis

1898 628 2001 679 1240

227 789 289 839 (Ut
319 798 422 835 nos,
456 786 520 836 Β.)
557 810 601 814 —-
635 786 731 827 ali-0.
767 797 937 826 carmen
966 788 1109 837 fictum
1139 798 1181 837 p.
1220 810 1264 815 —
1300 788 1371 837 qui
1400 787 1462 826 ris
1490 788 1544 836 B,
1579 787 1800 837 quisquam
1830 788 1875 826 T.

170 931 338 970 starum
370 928 640 969 feminarum
672 937 838 966 nomen
870 927 966 966 erat
997 926 1048 975 (v.

168 993 291 1043 Diog.
324 993 369 1031 L.
403 992 450 1039 5,
481 990 548 1030 53.
584 992 627 1029 et
658 988 876 1029 Stobaeus
908 987 1049 1028 Floril.

169 1055 212 1095 3¹¹
233 1087 241 1105 ,
266 1054 346 1105 8.)‚
385 1053 502 1106 apud
535 1052 851 1092 Phoenicidem
883 1052 958 1091 aut
986 1049 1053 1090 le-

170 1129 252 1158 nae
284 1119 359 1157 aut
380 1115 629 1157 meretricis
650 1126 814 1154 nomen
835 1114 969 1153 fuisse
991 1115 1055 1152 vi-

169 1181 340 1221 detur.»
373 1179 617 1220 Meretricis
652 1178 759 1217 item
790 1187 954 1216 nomen
987 1177 1054 1215 est

168 1242 286 1295 apud
330 1241 604 1282 Simonidem
639 1238 816 1280 Anthol.
850 1238 984 1279 Palat.
1017 1239 1048 1277 Ι.

166 1317 210 1358 p.
246 1306 338 1345 4⁶28.
378 1307 421 1345 et
460 1303 578 1355 apud
616 1302 905 1354 Posidippum
942 1300 1048 1341 ibid.

166 1379 210 1420 p.
236 1367 329 1408 1¹46.
358 1391 402 1395 -—
437 1367 641 1415 emuncto]
665 1363 882 1405 Caecilius
904 1375 946 1416 p.
973 1364 1048 1403 117:

167 1431 297 1470 Hodie
324 1441 389 1469 me
418 1434 515 1469 ante
545 1439 683 1469 omnes
712 1428 889 1467 comicos
909 1427 1054 1466 stultos

167 1504 278 1534 senes
312 1493 504 1533 ror-saris
533 1496 658 1542 atque
687 1490 927 1530 emmam-is
956 1490 1052 1529 lau-

166 1557 349 1596 tissume:
390 1555 467 1595 ubi
499 1553 760 1606 Spengelius
801 1553 929 1592 affert
957 1554 1053 1593 Me-

167 1619 323 1659 nandri
362 1619 417 1659 M.
456 1628 500 1669 p.
537 1618 638 1656 472:
686 1617 836 1673 γέρων
871 1610 1052 1668 ἀπε-με’-

165 1683 304 1736 ,ιιυκτ’
336 1675 508 1730 ἄθλιος
537 1678 740 1732 λέμφος.
773 1680 862 1720 Nos
895 1679 1053 1719 abza-

160 1745 296 1797 pfen.
320 1743 460 1785 Plaut.
483 1743 645 1783 Bacch.
666 1742 706 1791 4,
726 1741 767 1791 4,
786 1743 862 1782 50:
886 1743 1053 1781 Emun-

164 1819 265 1860 9am
313 1807 447 1847 hercle
494 1806 700 1846 hominem
741 1804 872 1855 probe
916 1805 1048 1844 hodie.

166 1872 342 1910 Terent.
379 1869 557 1909 Phorm.
596 1868 643 1917 4,
681 1867 727 1915 4,
763 1868 808 1907 4:
859 1868 1047 1907 Emunxi

166 1937 341 1985 argento
377 1943 503 1972 senes.
542 1954 586 1960 —
624 1935 760 1970 custos
786 1931 1053 1982 famulasque

166 1997 230 2036 dei
254 1996 418 2035 Silenus
447 1994 622 2043 alumni]
655 1993 875 2034 Diodorus
905 1995 987 2033 Sic.
1008 1992 1049 2042 4,

166 2058 210 2099 4:
251 2059 377 2108 φασὶ
414 2055 465 2097 δὲ
504 2057 585 2097 καὶ
625 2053 931 2110 παιδαγωγὸν
971 2057 1049 2095 καὶ

166 2122 352 2179 τροφέα
367 2119 664 2161 συνέπεσθαι
679 2116 804 2159 κατὰ
815 2116 901 2170 τὰς
914 2131 1054 2177 στρα-

165 2186 295 2235 τείας
335 2179 466 2237 αὗτῷ
507 2179 763 2236 (Διονύσῳ)
806 2179 1048 2235 Σειληνόν,

167 2243 429 2302 εἰσηγητὴν
472 2247 552 2286 καὶ
594 2243 888 2286 διδάσκαλον
918 2242 1053 2299 γινό-

165 2323 314 2364 μενον
358 2308 452 2350 τῶν
496 2308 764 2350 καλλίστων
805 2307 1052 2362 ἐπιτηδευ-

165 2370 347 2427 μάτων,
371 2373 454 2413 καὶ
472 2369 660 2427 μεγάλα
681 2370 1054 2426 συμβάλλεσθαι

167 2435 230 2491 τῷ
271 2434 493 2490 Διονύσῳ
533 2432 654 2494 πρὸς
684 2432 860 2494 ἀρετήν
890 2448 940 2476 τε
970 2436 1053 2475 καὶ

167 2497 328 2551 δόξαν.
362 2500 525 2540 Bacchi
543 2499 830 2552 paedagogus
862 2501 906 2539 et
933 2500 1054 2551 post-

168 2575 220 2604 ea
263 2564 509 2615 perpetuus
555 2573 731 2611 comes,
780 2563 891 2602 mire
938 2563 1052 2602 mix-

167 2628 237 2666 tus
269 2637 324 2665 ex
353 2625 570 2665 ebrietate
603 2627 646 2665 et
679 2625 896 2676 sapientia
926 2625 1052 2665 ioco-

167 2699 239 2737 sa,
274 2685 412 2744 εἴρων
434 2687 630 2737 divinus,
655 2698 790 2739 quem
811 2689 1052 2739 propterea

167 2762 258 2790 non
300 2751 431 2791 decet
467 2750 589 2801 loqui
625 2750 788 2790 eodem
818 2750 953 2790 modo
985 2752 1054 2790 at-

168 2824 255 2864 que
277 2812 507 2854 servulum
527 2814 750 2853 comicum
768 2825 776 2860 ;
802 2813 1052 2853 cuiusmodi

168 2878 317 2915 tamen
363 2887 571 2916 sermone
608 2874 763 2916 humili
808 2877 850 2915 et
890 2876 1051 2926 agresti

168 2938 304 2977 utitur
328 2937 500 2978 Silenus
522 2938 641 2990 apud
662 2938 877 2978 Naevium
899 2938 1049 2988 (Bothe

169 3001 340 3051 Fragm.
356 3001 482 3041 Com.
498 3012 541 3052 p.
558 3002 624 3040 22.
649 2999 842 3040 Klussm.
863 3011 904 3052 p.
923 3000 1048 3050 1¹89),

169 3074 272 3103 cum
303 3065 558 3114 Lycurgum
579 3064 797 3103 Thracem
828 3064 886 3103 ita
911 3064 1051 3104 incre—

169 3126 270 3177 pat:
317 3126 591 3165 Pessimorum
634 3126 832 3176 pessime,
879 3127 1046 3174 audax,

167 3198 322 3239 glauco,
354 3188 494 3237 lim-co,
537 3188 650 3228 aleo!
697 3187 1049 3228 pulcherrimum

168 3249 300 3290 Sileni
330 3250 545 3291 infantem
573 3250 802 3292 alumnum
833 3250 947 3291 ulnis
978 3262 1051 3302 ge—

168 3313 324 3353 stantis
366 3312 653 3354 simulacrum
690 3314 791 3354 vide
829 3315 872 3353 in
908 3315 1050 3355 Museo

170 3375 457 3416 Chim-amomi
475 3377 526 3416 11.
552 3377 658 3417 Tab.
682 3378 770 3416 XII.
797 3379 840 3416 et
861 3376 914 3416 cs.
940 3378 1048 3415 Ger-

170 3439 281 3499 hard
312 3439 468 3490 Coupes
497 3452 562 3491 qr.
596 3444 633 3481 et
663 3444 739 3480 e‘tr.
774 3452 813 3491 p.
840 3440 904 3479 ⁶27.
948 3439 1048 3480 Cal-

1118 938 1247 978 purn.
1282 925 1370 966 Ecl.
1404 927 1476 976 «10,
1511 927 1586 967 27:
1638 927 1746 977 Quin
1775 931 1813 968 ec
1841 928 2003 968 Silenus

1114 1001 1298 1039 parvum
1326 994 1548 1030 veneratus
1568 990 1787 1030 alumnum
1805 990 1886 1030 Aut
1903 1002 2002 1043 qro-

1116 1053 1199 1092 mio
1219 1053 1328 1104 fovet
1350 1058 1424 1093 aut
1443 1054 1664 1103 resupinus
1685 1055 1855 1094 sustinet
1874 1055 1997 1095 ulnis.

1172 1115 1375 1156 ato-243.
1409 1116 1480 1155 Ex
1498 1120 1595 1155 noto
1612 1117 1715 1166 cet]
1738 1116 1860 1156 Idem
1878 1128 2003 1168 pror-

1117 1190 1193 1219 sus
1224 1181 1291 1218 est
1323 1190 1374 1218 ac
1397 1190 1438 1218 v,
1462 1177 1558 1218 ⁶243.
1589 1180 1636 1218 de
1660 1180 1794 1218 medio
1813 1180 1999 1230 sumptis.

1116 1243 1223 1281 Tota
1254 1243 1405 1281 autem
1427 1241 1750 1281 sententiarum
1773 1243 1913 1282 series
1933 1244 2003 1283 in-

1116 1305 1184 1344 ter
1233 1303 1551 1355 praecedentia
1592 1305 1636 1343 et
1679 1305 1909 1355 sequentia
1943 1307 1998 1356 (V.

1116 1366 1228 1417 ςὶ44.)
1274 1378 1354 1407 nos
1394 1367 1504 1406 haec
1543 1378 1722 1418 quoque
1763 1366 1818 1407 de
1851 1367 2004 1408 elocu-

1116 1430 1234 1469 tione
1266 1430 1359 1469 sive
1393 1428 1515 1479 stilo,
1549 1440 1637 1469 non
1658 1429 1714 1469 de
1738 1432 2003 1480 argumento

1117 1493 1330 1533 dramatis
1361 1493 1541 1544 satyrici
1567 1483 1847 1544 interpretari
1870 1494 2000 1544 cogit,

1116 1558 1165 1596 ut
1206 1556 1458 1595 rectissime
1497 1555 1706 1595 viderunt
1734 1556 1866 1595 Vicus
1899 1556 2001 1606 (etsi

1117 1620 1221 1659 noto
1263 1619 1562 1669 antiquiorum
1604 1619 1899 1669 interpretum
1931 1630 2005 1658 er—

1112 1682 1207 1721 rori
1228 1681 1446 1720 obnoxius
1468 1680 1580 1720 haec
1602 1681 1847 1720 annotavit:
1882 1682 2003 1721 «Non

1116 1745 1188 1783 hic
1219 1744 1307 1793 agit
1336 1743 1543 1782 Horatius
1565 1741 1620 1781 (le
1642 1744 1906 1793 argumento
1928 1754 2003 1783 sa-

1117 1809 1244 1857 tyrae
1275 1804 1366 1857 (sic)
1387 1804 1644 1855 deligendO,
1678 1804 1760 1844 sed
1790 1805 1845 1845 de
1877 1808 2003 1856 saty-

1116 1870 1195 1908 rici
1235 1867 1318 1908 stili
1356 1866 1613 1907 difficultate
1646 1868 1799 1918 cetu),
1844 1870 2000 1920 postea

1115 1930 1323 1972 Wieland
1364 1931 1425 1970 sic
1464 1931 1504 1970 in
1539 1931 1853 1970 Germanicum
1893 1942 2003 1971 con-

1118 1995 1326 2034 vertens:
1383 1992 1467 2032 Aus
1510 1993 1648 2032 lauter
1689 1993 2002 2042 jedermann

1118 2057 1410 2097 bekannten
1444 2056 1642 2095 il='(>'2·tern
1669 2056 1796 2095 wollt'
1826 2056 1890 2095 ich
1918 2057 2004 2095 mir

1117 2121 1206 2160 eine
1235 2131 1367 2159 neue
1387 2119 1614 2169 Sprache
1635 2118 1767 2158 bilden
1790 2120 1875 2158 cet.
1903 2119 1999 2169 (nisi

1118 2182 1239 2233 quod
1273 2181 1423 2222 verbis
1460 2191 1613 2220 novam
1651 2181 1841 2232 linquam
1870 2182 2000 2221 nimis

1116 2245 1242 2285 verbi
1272 2246 1416 2297 fictum
1446 2244 1715 2295 potestatem
1736 2244 1884 2294 auxit),
1919 2244 2002 2283 de—

1118 2309 1251 2359 nique
1291 2309 1500 2348 Diintzer.
1549 2307 1624 2346 Est
1663 2308 1817 2357 igitur:
1867 2308 2001 2347 «stu-

1118 2370 1235 2411 debo
1258 2402 1265 2420 ,
1291 2372 1340 2410 ut
1360 2374 1456 2410 noto
1477 2371 1610 2421 atque
1634 2369 1890 2420 quotidiano
1911 2379 2003 2409 ser-

1117 2445 1276 2483 mone,
1325 2434 1446 2473 omni
1492 2431 1754 2472 elocutionis
1799 2430 2000 2473 insolitae

1117 2500 1250 2549 atque
1272 2497 1466 2547 tragicae
1490 2496 1768 2536 affectatione
1790 2495 1997 2544 devitata,

1116 2562 1216 2600 utar
1246 2561 1288 2599 in
1321 2559 1515 2609 satyrica
1546 2557 1691 2598 fabula
1724 2568 2002 2610 componen-

1118 2624 1217 2663 da.»
1266 2624 1357 2662 Hoc
1390 2622 1527 2671 enim,
1563 2620 1666 2661 nihil
1690 2620 1832 2669 aliud,
1868 2621 1935 2660 est
1950 2620 2000 2671 fi-

1115 2691 1249 2734 ctum,
1285 2696 1422 2725 «cum
1452 2686 1546 2724 arte
1569 2684 1918 2736 compositum,»
1949 2683 1999 2721 ut

1117 2760 1252 2800 saepe
1283 2748 1403 2799 apud
1428 2746 1754 2796 Quintilianum.
1792 2743 1998 2795 (Consule

1116 2812 1252 2852 modo
1269 2809 1437 2851 Bonelli
1453 2808 1675 2857 Lexicon.)
1703 2806 1829 2856 Quod
1850 2808 1997 2859 ipsum

1114 2874 1305 2915 verbum
1337 2885 1440 2914 cum
1470 2874 1616 2913 minus
1639 2872 1759 2909 recte
1782 2868 1998 2921 intellige-

1115 2940 1237 2987 rent,
1293 2936 1494 2989 plerique
1541 2934 1818 2985 interpret-ati
1867 2935 1992 2973 sunt:

1117 3001 1284 3040 «Etiam
1326 3001 1371 3039 in
1414 2995 1562 3039 fabula
1605 2996 1819 3047 satyrica,
1866 2998 1914 3036 ut
1952 2996 1996 3036 in

1114 3062 1340 3114 tragoedia
1364 3061 1420 3111 (v.
1444 3059 1524 3100 ⁴29
1544 3058 1654 3111 sq.),
1686 3057 1890 3099 tractabo
1919 3069 1996 3109 po-

1115 3127 1199 3166 tius
1230 3123 1545 3174 argumentum
1581 3120 1790 3162 omnibus
1822 3122 1991 3169 notum,

1113 3187 1182 3228 vel
1213 3188 1360 3238 ipsum
1382 3183 1648 3238 Cyclopem,
1683 3185 1740 3223 ita
1763 3185 1927 3230 tamen,
1947 3183 1996 3221 ut

1114 3251 1267 3290 drama
1289 3250 1396 3290 scita
1418 3248 1676 3296 mutatione,
1702 3246 1825 3285 novis
1851 3239 1995 3297 ἤθεσι

1114 3313 1194 3353 καὶ
1223 3310 1437 3366 γνώμαις
1455 3312 1597 3363 fictum
1619 3310 1693 3357 sit,
1728 3308 1771 3347 id
1793 3309 1874 3357 est,
1899 3318 1994 3347 me-

1112 3388 1210 3425 um,
1259 3387 1347 3415 non
1384 3385 1509 3414 mera
1551 3371 1877 3423 interpretatiO,
1927 3370 1994 3420 (ut

1114 3440 1161 3488 Q.
1188 3439 1413 3480 Ciceronis
1434 3436 1562 3484 illam)
1596 3447 1683 3476 non
1705 3432 1875 3475 servilis
1897 3432 1992 3472 imi·
