2231 3787
301 266 394 317 192

368 399 498 450 Cum
539 411 624 448 res
667 395 780 465 ipsa
820 393 964 447 seret.

923 265 1134 305 llORATll
1168 263 1464 304 SATmARUM

1042 393 1148 446 Nisi
1189 393 1374 445 dextro
1417 400 1682 459 tempore,
1724 389 1898 443 Flacci

367 497 537 550 Verba
575 514 671 567 per
708 503 958 548 attentam
996 511 1101 547 non
1143 493 1291 545 ibunt
1332 491 1578 545 Caesaris
1618 507 1828 551 aurem,

367 599 460 652 Cui
501 597 637 651 malo
677 597 720 649 si
762 595 1007 667 palpore,
1051 593 1350 647 recalcitrat
1387 591 1627 662 undique
1673 598 1830 644 tutus.

2036 589 2103 641 20

367 702 575 764 Quanto
615 698 810 751 rectius
850 696 951 749 hoc
990 712 1152 765 quam
1190 693 1323 746 tristi
1362 691 1579 745 laedere
1618 708 1778 745 versu

366 799 702 853 Pantolabum
737 815 970 850 scurram
1012 795 1487 864 Nomentanumque
1527 801 1777 864 nepotem,

408 973 471 1012 48.
504 972 612 1010 Dum
635 981 661 1020 p
684 971 727 1009 et
747 980 860 1008 corr.
885 968 928 1007 b.
953 991 996 995 —
1020 966 1282 1016 “20.palparc
1301 977 1398 1018 ρ,μ.
1423 986 1466 992 -
1490 965 1730 1004 recalcitrat
1748 963 2051 1016 bScp„ic‚LCt:

351 1035 582 1074 recalcitret
611 1045 663 1077 ω,
696 1029 935 1079 Bentleius,
970 1029 1054 1069 FM.
1091 1030 1154 1080 (Ut
1175 1038 1270 1076 nos,
1304 1028 1455 1076 nostri,
1482 1025 1678 1075 Bentleii,
1702 1028 1880 1078 praeter
1900 1035 2053 1073 unum,

353 1098 396 1135 ot
431 1093 619 1134 Pottierii
651 1092 840 1141 omnes.)
876 1114 920 1119 -
960 1091 1027 1129 at.
1070 1090 1177 1129 tristi
1207 1100 1333 1139 quam
1362 1099 1474 1128 unus
1506 1089 1639 1136 Feae,
1672 1089 1720 1127 ut:
1749 1087 1938 1127 coniecit
1967 1087 2057 1126 Cu-

351 1157 645 1208 ninghamius.
682 1177 726 1183 —
759 1155 825 1193 22.
857 1152 1134 1193 Pantalabmn
1165 1153 1205 1191 S.
1241 1173 1287 1179 -
1330 1152 1720 1199 Momentanumque
1750 1150 1797 1198 S,
1835 1150 2057 1188 Nomenta-

353 1231 499 1259 numre
529 1229 630 1259 cum
661 1215 794 1268 κλμσρ
827 1217 871 1255 et
901 1214 1075 1255 duobus
1104 1213 1364 1254 Bersmanni
1394 1211 1630 1253 Bentleius.

303 1393 343 1399 -
372 1369 473 1409 Cum
504 1376 567 1405 res
599 1366 688 1415 ipsa
726 1362 840 1414 feret]
874 1362 1013 1402 «Cum
1053 1363 1170 1400 tem-

300 1443 380 1484 pus
428 1429 599 1469 venerit
646 1427 992 1478 opportunum.»
1063 1423 1168 1462 Mire

300 1491 575 1534 Feldbausch
622 1489 676 1528 de
723 1487 898 1528 Horatio
943 1483 1169 1524 adulatore

300 1567 341 1607 p.
375 1555 439 1594 28.
484 1561 696 1591 arcanum
740 1550 858 1588 hunc
901 1556 1084 1587 sensum
1128 1546 1171 1584 in

299 1615 552 1657 clarissimis
584 1612 747 1652 lloratii
775 1609 924 1649 verbis
955 1607 1038 1648 sibi
1067 1618 1172 1658 rep-

299 1679 467 1730 perisse
497 1677 617 1715 visus
640 1675 727 1713 est:
764 1672 831 1711 «Si
861 1682 908 1710 re
929 1680 1037 1710 vera
1059 1669 1172 1709 Cae-

301 1741 409 1781 saris
465 1737 672 1777 iustitiam
731 1737 986 1785 temporum
1038 1741 1172 1770 cursu

300 1801 533 1854 probat-am
577 1806 880 1848 cognovero.»
928 1816 974 1822 -
1026 1795 1173 1833 dextro

301 1865 492 1915 tempore]
539 1864 626 1901 Sat.
660 1862 706 1908 ΞΖ,
751 1859 804 1907 4,
851 1858 889 1898 4.
938 1857 1174 1909 opponitur

303 1934 483 1977 tempore
511 1925 641 1963 laevo.
701 1919 953 1961 Admodum
975 1919 1083 1958 scite
1105 1919 1175 1956 to-

302 1992 390 2029 tam
422 1997 517 2026 rem
547 1987 588 2024 in
619 1984 813 2023 futurum
844 1979 1021 2031 aliquod
1058 1981 1174 2019 tem-

302 2062 384 2103 pus
406 2049 543 2099 magis
565 2047 864 2098 opportunum
884 2042 1042 2090 differt,
1071 2050 1174 2080 cum

304 2125 349 2152 re
380 2121 487 2150 vera
526 2119 663 2160 genus
699 2106 816 2146 istud
854 2104 1174 2156 panegyricum

303 2175 432 2213 Vario
465 2175 506 2212 et
536 2169 710 2210 Rabirio
741 2166 1006 2217 reliquisset.

360 2235 423 2274 49.
460 2234 526 2273 20.
571 2243 649 2282 per
691 2233 893 2269 attentam
912 2249 935 2255 —
960 2250 983 2255 -
1003 2224 1172 2276 aurern]

305 2296 533 2338 «Caesaris
569 2303 723 2333 aurem
759 2289 898 2330 verba
943 2300 1043 2328 mea
1087 2298 1175 2326 non

305 2358 526 2399 invenient
556 2357 791 2401 attentam,
830 2353 911 2391 nisi
943 2352 979 2390 si
1009 2360 1176 2401 oppor-

306 2426 409 2461 tuno
440 2423 663 2470 tempore,
697 2426 799 2456 cum
829 2426 850 2454 a
886 2413 1067 2464 negotiis
1097 2422 1177 2450 va-

306 2486 393 2532 cat,
429 2483 467 2522 ei
498 2480 695 2521 oblatum
725 2478 805 2517 erit
835 2486 1016 2516 carmen
1038 2473 1175 2524 ipsius

304 2545 458 2586 laudes
488 2541 794 2594 praedicans.»
855 2537 978 2578 Conf.
1003 2537 1111 2587 Epp.
1132 2535 1172 2583 2,

313 2610 355 2655 l,
391 2609 405 2645 4
443 2616 540 2655 sqq.
577 2626 621 2631 —
662 2602 737 2641 Cui
781 2599 883 2650 cet.]
930 2599 1097 2645 «Quem
1141 2596 1176 2635 si

306 2669 403 2719 quis
433 2665 637 2706 laudibus
660 2661 835 2703 extollat
863 2660 1021 2710 ineptis
1043 2660 1175 2708 atque

307 2727 629 2773 immoderatis,
681 2723 748 2764 ille
794 2733 868 2762 eas
913 2720 1176 2771 dedignatur

307 2795 350 2833 et
369 2791 578 2842 respuit.»
601 2811 644 2816 -
658 2786 778 2837 male]
797 2783 1174 2835 «intempestive»

308 2853 430 2894 Cons.
465 2854 550 2891 Sat.
584 2851 631 2897 4,
664 2850 708 2896 9,
744 2849 809 2887 65.
846 2869 889 2875 -
921 2844 1176 2896 recalcitrat]

309 2917 396 2956 Cic.
422 2925 501 2965 pro
533 2910 678 2951 Caelio
712 2911 782 2958 45,
817 2909 881 2948 36.
917 2907 971 2947 de
1003 2908 1087 2946 hoc
1110 2907 1177 2946 iu-

307 2988 419 3018 vene
438 2974 634 3015 Clodiam
652 2973 876 3012 amantem
892 2970 1172 3021 aspernante:

307 3040 522 3085 calcitrat,
567 3036 736 3085 respuit.
804 3033 907 3073 Mira
947 3043 998 3071 ac
1037 3042 1175 3082 prope

309 3099 509 3152 ignobilis
540 3098 700 3137 nostris
730 3093 981 3134 hominibus
1005 3092 1179 3132 videtur

309 3164 419 3202 haec
450 3160 550 3211 equi
590 3156 904 3198 recalcitrantis
946 3156 1090 3205 imago
1122 3155 1176 3195 de

311 3225 498 3265 Caesare
521 3222 752 3271 usurpata;
784 3228 940 3257 verum
957 3217 1174 3265 Horatius,

311 3286 344 3325 si
377 3285 474 3335 quis
511 3281 643 3329 alius,
687 3280 877 3331 optimus
919 3278 1177 3318 urbanitatis

312 3345 440 3386 iudex
471 3346 583 3385 scire
618 3340 770 3394 procul
801 3340 934 3380 dubio
966 3339 1174 3389 debebat,

311 3419 412 3448 eam
441 3407 530 3446 suis
559 3402 833 3455 temporibus
863 3400 964 3441 nihil
987 3401 1173 3449 habere,

312 3468 430 3520 quod
463 3471 533 3507 aut
571 3467 789 3507 fautorem
820 3463 1064 3506 offenderet
1105 3465 1179 3503 aut

1234 1361 1355 1399 certe
1399 1358 1602 1411 putidum
1649 1360 1693 1398 et
1736 1357 1817 1409 ipsi
1863 1359 1908 1397 et
1950 1357 2110 1397 criticis

1234 1422 1386 1461 amicis
1430 1421 1672 1460 videretur.
1754 1421 1905 1470 Aeque
1952 1417 2110 1459 nobilis

1235 1485 1303 1523 est
1324 1483 1462 1533 figura
1482 1483 1632 1533 Eurip.
1648 1480 1917 1522 Bacch.794:
1945 1478 2112 1534 Θύοιμ“

1234 1540 1293 1584 ἄν
1337 1539 1464 1597 αὐτῷ
1507 1541 1693 1596 μᾶλλον
1733 1538 1765 1596 ἢ
1802 1540 2111 1596 θυμούμενος

1235 1603 1354 1663 πρὸς
1383 1607 1556 1663 κέντρα
1595 1604 1887 1657 λακτίζοιμι,
1931 1601 2109 1658 θνητὸς

1235 1664 1301 1708 ὢν
1330 1666 1442 1722 θεῷ.
1503 1670 1656 1719 Neque
1682 1677 1790 1707 vero
1822 1667 1966 1707 minus
1998 1668 2109 1707 mire

1235 1733 1455 1781 Augustus
1487 1731 1530 1769 et
1561 1741 1664 1770 cum
1693 1729 1901 1780 accipitre
1932 1731 1977 1768 et
2007 1739 2110 1768 cum

1235 1793 1337 1845 lupo
1379 1794 1661 1844 comparatur
1699 1791 1755 1831 ab
1795 1790 1948 1830 Ovidio
1982 1791 2109 1830 Trist.

1238 1856 1284 1904 4,
1334 1855 1378 1903 4,
1425 1855 1476 1893 75
1521 1864 1618 1904 sqq.
1670 1876 1715 1882 —-
1759 1853 1942 1902 undique
1983 1852 2108 1904 tutus]

1239 1915 1496 1964 «Quomodo
1529 1925 1670 1966 equus
1701 1913 2023 1955 recalcitrando
2044 1925 2112 1954 ar-

1238 1980 1309 2018 cet
1338 1989 1362 2017 a
1383 1989 1430 2018 se
1462 1976 1699 2017 molestum
1730 1975 2027 2028 palpatorem,
2050 1977 2115 2018 sic

1239 2040 1404 2080 Caesar
1433 2040 1605 2090 ineptos
1645 2037 1921 2088 adulatores,
1968 2039 2027 2078 ita
2063 2040 2113 2078 ut

1239 2112 1417 2153 quoquo
1460 2111 1617 2140 versus
1658 2111 1706 2140 se
1747 2100 1802 2140 ab
1844 2111 1999 2140 eorum
2043 2101 2113 2141 in-

1239 2175 1372 2205 cursu
1403 2165 1611 2204 tutetur.»

1293 2227 1441 2266 624-Ξ6.
1489 2227 1651 2275 Quanto
1680 2226 1832 2265 rectius
1861 2225 1966 2276 cet]
2005 2225 2114 2265 Tre-

1240 2290 1346 2329 batii
1384 2290 1485 2329 sunt
1523 2289 1611 2328 tres
1642 2298 1799 2329 versus
1830 2287 2059 2328 Horatium
2089 2298 2114 2327 a

1242 2352 1387 2392 satiris
1432 2348 1682 2390 scribendis
1726 2348 2014 2388 dehortantis.
2065 2371 2111 2376 —

1241 2414 1362 2464 tristi]
1396 2411 1620 2453 «mordaci
1652 2412 1696 2450 et
1719 2412 1939 2451 satirico.»
1972 2411 2111 2451 Coum.

1242 2478 1314 2517 Cn.
1352 2499 1395 2503 —
1428 2473 1701 2515 Pantolabum
1730 2473 1833 2524 cet.]
1867 2471 1989 2513 Cons.
2023 2473 2111 2511 Sat.

1242 2540 1287 2586 4,
1321 2537 1368 2586 8,
1404 2537 1487 2585 44.,
1522 2547 1576 2575 ex
1607 2546 1695 2586 quo
1724 2547 1765 2575 v.
1799 2534 2001 2574 firmatur
2024 2534 2115 2573 No-

1237 2603 1558 2647 mentanumque
1601 2598 1754 2636 contra
1797 2595 1979 2636 Bentleii
2023 2597 2114 2635 No-

1238 2665 1541 2700 mentanumve.
1566 2679 1609 2686 -
1640 2658 1746 2707 Ouid
1765 2656 1967 2709 faciaonP]
2001 2655 2115 2697 «Ali-

1240 2725 1306 2762 ter
1350 2720 1558 2771 equidem
1602 2719 1747 2759 facere
1791 2730 2018 2770 nequeo3»
2063 2721 2112 2759 ut

1240 2787 1359 2824 Pers.
1387 2784 1430 2831 4,
1465 2783 1536 2821 42ῑ
1574 2782 1680 2832 Quid
1705 2781 1895 2832 faciam?
1924 2782 2005 2821 Sed
2024 2792 2115 2821 sum

1234 2845 1439 2897 petulanti
1468 2845 1602 2894 splene
1631 2844 1843 2883 cachinno.
1881 2866 1926 2871 —
1956 2844 2108 2893 Saltat]

1240 2911 1390 2949 contra
1429 2907 1658 2947 decorum.
1706 2906 1882 2946 Lucian.
1904 2906 2013 2946 Tim.
2041 2906 2108 2946 55.

1239 2968 1502 3020 Thrasycles
1539 2969 1736 3020 sophista
1778 2967 1994 3020 μέθυσος
2029 2969 2112 3010 καὶ

1241 3029 1469 3089 πάροινος
1500 3025 1589 3070 οὐκ
1619 3024 1734 3087 ἄχρι
1762 3025 1890 3083 ᾠδῆς
1918 3030 2000 3069 καὶ
2030 3024 2113 3085 ὀρ-

1240 3090 1454 3148 χηστύος
1482 3089 1659 3145 μόνον,
1692 3085 1814 3131 ἀλλὰ
1842 3092 1924 3131 καὶ
1953 3088 2113 3131 λοιδο-

1241 3157 1343 3213 ρίας
1374 3154 1453 3194 καὶ
1487 3148 1647 3211 ὀργῆς.
1709 3153 1800 3193 Cic.
1823 3163 1904 3204 pro
1934 3153 2044 3192 Mur.
2069 3151 2109 3199 6,

1243 3218 1315 3258 43:
1366 3218 1494 3257 Nemo
1531 3216 1618 3267 fere
1653 3215 1780 3254 saltat
1807 3213 1988 3263 sobrius,
2032 3212 2114 3252 nisi

1238 3280 1344 3330 forte
1363 3279 1539 3318 insanit:
1559 3300 1578 3307 -
1587 3299 1605 3306 -
1618 3277 1848 3316 multarum
1868 3276 2112 3315 deliciarum

1239 3352 1371 3382 comes
1405 3345 1462 3380 cst
1504 3344 1694 3380 eactrema
1730 3338 1913 3377 saltatio.
1950 3360 1993 3365 —
2026 3337 2112 3378 Mi-

1240 3403 1386 3454 lonius]
1410 3402 1593 3442 «Scurra
1615 3398 1786 3440 illorum
1812 3400 2109 3450 temporum.»

1243 3467 1393 3506 Ponpn.
1431 3484 1474 3492 -
1508 3467 1552 3503 ut
1580 3461 1714 3513 semel]
1747 3471 1825 3501 «eo
1857 3461 1952 3513 ipso
1991 3461 2109 3499 tem-
