2231 3787
326 267 426 318 608

924 266 1137 330 HORATJI
1169 266 1532 308 EPISTOLARUM

397 397 760 467 Composituni
805 395 1087 466 illepideve
1127 405 1364 466 putetur.
1422 394 1517 446 sed
1557 392 1682 462 quia
1720 409 1916 463 nuper3

395 500 501 552 Nec
540 497 748 550 veniam
793 497 1049 567 antiquis,
1105 495 1201 548 sed
1242 495 1500 546 honorem
1543 502 1594 546 et
1632 493 1871 563 praemia
1907 493 2074 563 posci.

396 601 556 653 Recte
595 615 763 652 necne
803 614 1021 651 crocum
1059 595 1330 665 floresque
1369 593 1706 665 perambulet
1743 595 1891 646 Attae

397 700 597 754 Fabula
637 700 678 753 si
720 699 984 752 dubitem.
1039 695 1268 749 clament
1306 695 1534 765 periisse
1572 693 1838 765 pudorem

2074 694 2142 744 80

399 802 582 855 Cuncti
622 816 794 871 paene
836 807 1035 869 patres,
1089 813 1153 849 ea
1192 813 1313 849 cum
1353 795 1752 866 reprehendere
1792 811 1980 856 coner,

437 944 501 981 77.
548 941 802 991 inlepideque
841 940 894 987 E,
937 939 1044 979 Cod.
1086 938 1371 978 Lovaniensis
1402 940 1445 977 et
1476 936 1684 976 Schmidii
1715 937 1906 988 quintus.
1944 959 1987 964 —
2021 935 2087 975 79.

379 1004 646 1055 perambulat
683 1003 775 1043 bEc
811 1004 855 1042 et
892 1004 983 1041 tres
1021 1000 1229 1041 Schmidii
1262 1000 1362 1049 (non
1393 999 1448 1048 S).
1486 1021 1530 1026 —
1563 998 1630 1038 80.
1663 999 1846 1038 clamant
1882 1009 1910 1050 p
1945 999 1989 1037 et
2023 995 2092 1036 alii

385 1067 523 1107 Codd.
557 1066 674 1105 baud
704 1065 856 1116 pauci.
891 1063 1100 1103 Schmidii
1132 1065 1238 1102 tres.
1291 1063 1357 1112 (Ut
1389 1072 1469 1102 nos
1499 1061 1652 1111 bSEc.)
1690 1085 1732 1089 —
1765 1062 1831 1102 84.
1865 1072 1989 1100 coner
2016 1071 2092 1100 su-

330 1195 375 1239 9,
411 1192 481 1239 42,
518 1193 553 1230 ’2.
589 1190 833 1229 orationem
863 1199 989 1228 suam
1016 1199 1096 1239 pro
1118 1188 1208 1226 De-
1273 1197 1311 1224 a.
1350 1197 1392 1225 u.
1431 1196 1467 1224 e.
1508 1186 1602 1225 676.
1642 1188 1755 1225 teste
1791 1186 2062 1235 Hieronymo
2106 1185 2147 1223 in

330 1257 467 1294 iotaro
511 1255 639 1293 vocat
680 1251 968 1291 munusculum
1011 1250 1210 1289 levidense
1275 1248 1438 1288 Chron.
1474 1247 1543 1287 ed.
1568 1246 1840 1299 Roncalliip.
1864 1246 1958 1287 395.
1991 1247 2150 1286 Fronto

331 1327 470 1355 crasso
496 1315 580 1366 filo.

331 1380 461 1425 sior-e,
496 1382 539 1416 ut
560 1380 731 1424 vocant,
763 1377 914 1422 Musa3
948 1373 1207 1424 metaphora

333 1441 567 1490 desumpta
599 1450 622 1477 a
650 1437 861 1484 lanificio,
894 1439 941 1476 ut
956 1436 1106 1487 pingui
1125 1435 1210 1474 Mi-

333 1512 459 1540 nerva
491 1500 546 1539 ab
571 1500 802 1539 obesitate.
848 1499 1107 1550 Oppositum
1128 1497 1210 1535 ha—

331 1563 412 1603 bes
444 1562 560 1614 apud
592 1565 756 1601 Auson.
789 1562 896 1601 Mos.
930 1559 1031 1599 396:
1064 1559 1211 1598 Mollia

332 1626 468 1665 subtili
500 1624 649 1663 nebunt
679 1624 776 1662 mihi
807 1623 998 1662 carmi-na
1027 1621 1097 1672 filo
1125 1621 1212 1660 Pie-

333 1689 453 1726 rides.
489 1686 550 1726 Cf.
574 1698 615 1724 x:
643 1686 740 1724 ⁴225:
776 1685 885 1723 tenui
913 1685 1088 1723 deducta
1111 1684 1212 1732 poe'-

334 1754 449 1788 mata
474 1748 558 1799 filo.
589 1769 633 1774 —
666 1745 819 1786 Melius
851 1748 1001 1785 autem
1032 1747 1099 1784 est
1129 1744 1212 1783 ille-

328 1812 474 1860 pideve
493 1819 628 1859 quam
646 1809 904 1857 illepideque;
928 1808 1076 1858 potest
1092 1806 1211 1844 enim

334 1870 497 1922 aliquid
526 1870 710 1919 illepide.
756 1863 1073 1924 ἀχαριέντως,
1111 1867 1213 1905 ohne

332 1932 535 1980 Anmuth,
569 1941 667 1970 esse
691 1930 1012 1981 compositum,
1047 1939 1129 1980 nec
1150 1929 1215 1966 ta-

335 2006 438 2035 men
468 2004 624 2041 crasse⁷
675 2003 857 2044 prorsus
902 1992 1048 2042 inepte
1079 1992 1212 2040 atque

336 2055 483 2097 stulte.
510 2077 557 2083 —
590 2053 799 2105 honorem]
843 2068 862 2089 «
877 2064 1103 2093 summum
1134 2063 1214 2103 ap-

337 2118 584 2170 plausum.»

390 2179 551 2219 79-84.
598 2179 716 2218 Recte
758 2178 860 2229 cet]
907 2175 1070 2217 Fabula
1109 2187 1213 2216 vere

338 2241 520 2293 pulchra
544 2245 671 2288 recte,
705 2239 749 2279 id
771 2242 851 2288 est,
884 2239 1012 2279 firmo
1034 2251 1085 2279 ac
1106 2251 1217 2279 nun-

337 2314 472 2354 quam
502 2301 717 2341 titubante
748 2300 818 2341 vel
849 2300 1122 2341 claudicante
1147 2302 1216 2340 in-

337 2376 492 2416 gressu
524 2375 707 2404 scenam
731 2363 1028 2414 perambulare
1058 2363 1217 2403 dicitur

338 2426 465 2468 simili
510 2427 771 2477 metaphora
803 2428 935 2477 atque
967 2426 1118 2466 dicunt
1145 2426 1216 2476 fa-

338 2489 478 2528 bulam
507 2493 621 2527 stare
640 2486 710 2527 vel
733 2488 787 2526 de
811 2489 1031 2527 contrario
1053 2490 1215 2528 eventu

338 2552 508 2599 cadere,
541 2549 617 2588 ubi
639 2547 901 2600 exploditur.
942 2551 1093 2589 Inesse
1116 2550 1218 2588 Sca-

338 2613 499 2664 ligero,
548 2612 766 2662 Cruqui0‚
799 2611 1056 2651 Weicherto
1088 2613 1132 2651 P.
1167 2613 1212 2650 L.

339 2686 382 2727 p.
416 2674 508 2715 345.
555 2674 731 2714 videtur
769 2672 949 2724 dilogia,
996 2673 1216 2724 siquidem

339 2735 498 2777 Paulus
530 2747 583 2775 ex
613 2737 741 2775 Festo
772 2747 815 2786 p.
839 2736 904 2774 42.
928 2733 1072 2774 Miill.:
1109 2735 1218 2774 «At-

342 2803 420 2838 tae
440 2796 733 2849 appellantur,
762 2798 835 2848 qui
857 2799 1040 2848 propter
1058 2798 1215 2836 vitium

342 2872 522 2900 crurum
552 2862 626 2898 aut
645 2859 813 2910 pedum
831 2857 991 2910 plantis
1012 2859 1218 2899 insistunt

343 2924 386 2961 et
424 2922 638 2971 attingunt
674 2922 812 2972 magis
847 2922 1035 2969 terram,
1081 2930 1217 2972 quam

343 2982 593 3027 ambulant;
642 2982 760 3033 quod
801 2994 1048 3033 cognomen
1080 2983 1217 3030 Quin-

344 3046 428 3085 ctio
445 3046 599 3095 poetae
619 3044 862 3083 adhaesit.»
895 3043 1116 3095 Frigidum
1132 3043 1218 3082 hu-

345 3105 533 3146 iusmodi
565 3106 711 3144 iocum
738 3105 933 3144 futurum
965 3106 1098 3146 fuisse
1120 3115 1218 3144 me-

345 3170 426 3208 rito
456 3167 559 3208 dicit
583 3166 813 3214 Mullerus;
850 3168 984 3206 immo
1015 3168 1109 3207 sine
1131 3166 1217 3207 ulla

345 3230 415 3270 tali
446 3229 761 3281 significatione
792 3229 877 3268 hoc
899 3231 1069 3268 tantum
1090 3228 1214 3268 dicit:

348 3294 529 3334 «Utrum
575 3292 826 3331 etiamnunc
864 3288 1040 3329 laudem
1071 3301 1220 3330 mere-

346 3358 474 3394 antur
489 3356 613 3394 Attae
632 3356 804 3404 togatae
821 3363 1006 3392 necne.»
1025 3353 1069 3391 T.
1091 3353 1220 3400 Quin-

635 1313 807 1362 Quintil.
835 1315 872 1360 4,
898 1313 964 1359 40,
988 1312 1064 1352 ’ἳὸῑ
1096 1322 1211 1350 cras-
1273 1320 1315 1361 p.
1340 1310 1405 1349 70.
1438 1309 1516 1349 Ed.
1546 1310 1671 1349 Rom.
1705 1308 1825 1349 4846.
1860 1308 2153 1358 particulatim

1273 1372 1499 1422 elegantem
1517 1371 1658 1410 Altam
1686 1371 1729 1409 in
1757 1369 1891 1410 verbis
1922 1370 1990 1420 (an
2011 1370 2152 1409 diver-

1272 1433 1390 1483 biis‘YJ
1411 1432 1677 1472 muliebribus
1695 1433 1840 1472 vocat.
1881 1432 2152 1472 Memoratur

1274 1495 1407 1534 etiam
1437 1507 1461 1534 a
1480 1494 1696 1535 Diomede
1717 1506 1760 1546 p.
1785 1493 1879 1534 488.
1905 1496 1970 1544 P.‚
1994 1505 2019 1533 a
2041 1494 2153 1534 Cha-

1272 1557 1376 1596 risio
1406 1568 1448 1607 p.
1479 1558 1570 1596 2215.
1609 1556 1720 1606 <vide
1751 1556 1808 1595 ad
1837 1567 1878 1595 V.
1911 1555 1995 1607 59.)
2036 1558 2080 1595 et
2109 1557 2152 1595 in

1274 1617 1456 1658 Scholiis
1477 1619 1659 1659 Maianis
1684 1618 1741 1658 ad
1760 1620 1877 1670 Virg.
1901 1617 1990 1658 Ecl.
2015 1619 2055 1668 7,
2079 1618 2146 1658 33.

1276 1681 1484 1720 Ceterum
1508 1682 1633 1720 Attae
1665 1691 1913 1732 cognomen
1933 1681 2152 1732 reperitur

1274 1741 1344 1781 vel
1375 1754 1413 1781 a.
1448 1754 1490 1794 p.
1527 1743 1628 1782 Chr.
1660 1743 1754 1782 240.
1791 1744 1834 1782 in
1863 1743 2152 1795 Inscriptione

1275 1803 1393 1855 apud
1412 1803 1693 1844 Kellermann
1712 1805 1805 1855 Vig.
1825 1806 1920 1844 Lat.
1938 1816 1983 1856 p.
1998 1805 2072 1844 27:
2107 1805 2151 1845 C.

1274 1866 1431 1905 IVLIO.
1456 1865 1602 1905 ATTA.
1633 1886 1677 1893 —
1707 1867 1890 1918 crocum]
1921 1865 2152 1917 liquidum,

1276 1927 1677 1977 Safranessenz.
1710 1926 1817 1967 Plin.
1852 1929 1902 1968 H.
1926 1929 1976 1968 N.
2000 1929 2076 1977 24,
2111 1929 2151 1978 6,

1280 1989 1354 2027 47:
1419 1989 1520 2028 Vino
1576 1989 1682 2028 mire
1730 1990 1922 2040 conyruit
1963 2001 2152 2040 crocum,

1270 2051 1498 2100 praecipue
1541 2050 1676 2098 dulci,·
1719 2051 1865 2090 tritum
1906 2052 1962 2091 ad
1989 2052 2155 2092 theatra

1275 2111 1487 2161 replenda.
1520 2110 1632 2162 (vino
1661 2123 1806 2152 crocus
1834 2113 1979 2152 diluta.
2018 2111 2147 2164 Apul.

1277 2174 1379 2213 Met.
1407 2174 1480 2223 40,
1506 2173 1588 2224 34.)
1635 2173 1846 2214 Fabulam
1876 2175 2008 2226 igitur
2027 2177 2162 2216 Attaev

1280 2236 1387 2276 dicit
1416 2237 1459 2275 in
1490 2247 1672 2276 scenam
1701 2237 1993 2288 productam,
2040 2248 2156 2289 quae

1279 2309 1414 2338 scena
1443 2297 1629 2338 floribus
1660 2301 1703 2338 et
1734 2310 1866 2340 croco
1906 2301 2052 2351 spargi
2080 2310 2158 2340 so-

1277 2358 1351 2400 let.
1385 2362 1559 2400 Lucret.
1593 2361 1637 2408 2,
1669 2360 1772 2401 446:
1816 2361 1871 2400 Et
1913 2372 2007 2401 cum
2035 2372 2158 2402 scena

1280 2434 1401 2463 croco
1429 2423 1545 2464 Cilici
1567 2423 1741 2474 perfusa
1764 2434 1906 2463 recens
1922 2428 1993 2464 est.
2028 2423 2152 2464 Ovid.

1278 2489 1327 2525 A.
1360 2488 1408 2525 Α.
1442 2486 1489 2533 4,
1523 2485 1623 2525 404:
1665 2486 1750 2525 Nec
1789 2486 1962 2536 fuerant
2001 2486 2156 2536 liquido

1271 2547 1440 2596 pulpita
1468 2546 1601 2586 rubra
1629 2558 1765 2587 croco,
1807 2546 1988 2588 Martial.
2013 2549 2061 2597 5,
2084 2549 2152 2597 25,

1279 2609 1326 2648 7:
1363 2607 1491 2647 rubro
1513 2608 1683 2659 pulpita
1714 2609 1853 2649 nimbo
1882 2609 2091 2661 Sparyere
2119 2613 2158 2649 et

1279 2672 1405 2721 effuso
1427 2671 1716 2720 permaduisse
1734 2681 1870 2710 croco.
1904 2671 2060 2722 (Minus
2081 2681 2157 2710 re-

1280 2735 1348 2771 cte
1387 2733 1608 2772 Gesnerus
1646 2732 1733 2771 huc
1771 2732 1902 2771 traxit
1929 2733 2081 2771 Iuven.
2112 2732 2152 2780 7,

1280 2795 1383 2834 207:
1416 2794 1496 2843 Di,
1526 2794 1738 2833 maiorum
1764 2793 1923 2833 umbris
1941 2798 2102 2834 tenuem
2118 2798 2157 2834 et

1278 2857 1365 2895 sine
1373 2857 1557 2905 pondere
1568 2860 1725 2895 terram
1740 2851 2037 2906 Sp'irantesque
2053 2867 2158 2896 cro-

1280 2927 1358 2956 cos
1384 2921 1421 2956 et
1450 2917 1492 2955 in
1520 2928 1633 2956 urna
1655 2921 1904 2967 perpetuum
1930 2928 2018 2967 ver,
2051 2919 2154 2968 cet.)

1280 2977 1565 3018 Memorabile
1603 2990 1709 3019 sane
1745 2982 1813 3020 est
1842 2979 2155 3031 Porphyrionis

1281 3038 1506 3079 Scholion:
1543 3042 1666 3080 «Atta
1686 3042 1728 3080 in
1749 3039 1918 3090 sabula,
1951 3051 2066 3092 quae
2087 3041 2157 3080 in-

1281 3100 1487 3140 scribitur
1509 3103 1827 3142 Materterae
1848 3102 2035 3154 (Comm.
2061 3103 2152 3142 Cr.:

1280 3164 1587 3216 Matertera),
1610 3165 1667 3204 ita
1684 3164 1845 3204 florum
1867 3175 2029 3216 genera
2050 3174 2157 3203 enu-

1282 3228 1425 3266 merat
1440 3258 1449 3275 ,
1480 3228 1529 3266 ut
1548 3227 1642 3267 sine
1663 3226 1798 3266 dubio
1818 3225 2156 3278 reprehenden-

1283 3287 1364 3327 dus
1409 3289 1465 3328 sit
1500 3287 1556 3328 ob
1588 3288 1768 3328 nimiam
1797 3287 2154 3338 loquacitatem.»

1283 3351 1331 3391 Id
1374 3352 1493 3402 quod
1538 3363 1694 3392 verum
1738 3354 1870 3403 atque
1910 3361 1963 3390 ex
1992 3351 2155 3390 veteris

348 3417 458 3456 etius
487 3418 583 3456 Atta
614 3416 802 3467 scriptor
830 3416 1097 3465 togatarum,
1145 3424 1219 3453 sa-
1282 3412 1464 3453 alicuius
1525 3414 1780 3465 Interpretis
1828 3412 2155 3452 commentariis

349 3479 530 3518 tirarum
543 3479 1000 3530 epigrammatumque
1018 3478 1219 3516 mortuus
1283 3475 1595 3527 depromptum
1627 3485 1725 3515 esse
1748 3475 1914 3525 potest3
1947 3473 2026 3513 sed
2046 3484 2156 3513 nun·
