2231 3787
267 210 277 261 Ι
293 213 358 261 66

881 210 1091 249 ΗΟΒΑΊῚΙ
1124 209 1421 249 ΞΑΤΙΒΑΙΠῩΜ

926 617 1274 667 SATmA
1310 616 1398 663 X·

329 732 514 795 Lucili,
558 749 710 802 quam
752 730 822 782 sis
860 729 1159 792 mendosa-5,

1200 735 1321 780 teste
1363 727 1548 779 Catone
1562 770 1573 789 ,

331 833 606 903 Defensori)
644 841 756 895 tac,
788 832 1113 902 pert-ineam,
1153 831 1239 900 qui
1275 828 1411 881 male
1449 828 1614 898 factos

333 934 628 987 Emendare
657 941 823 1004 parat
859 949 1068 995 versu&
1103 932 1196 983 hoc
1234 930 1394 983 lenius
1430 930 1536 994 ille,

330 1040 428 1092 Est
467 1056 564 1109 quo
601 1038 680 1090 vir
716 1036 920 1100 melior,
961 1034 1106 1104 longe
1142 1033 1375 1086 subtilior
1417 1032 1526 1097 illo,

369 1197 481 1236 SAT.
513 1196 563 1235 X.
624 1196 704 1234 Vv.
742 1195 858 1234 4-8.
892 1192 1151 1233 subditicios
1182 1192 1393 1232 exhibent
1424 1190 1562 1232 Codd.
1592 1192 1721 1231 Bern.
1746 1191 1796 1230 N.
1820 1190 1888 1231 24.
1923 1191 2019 1230 Sec.

319 1259 368 1298 X.
405 1258 486 1309 (b),
528 1259 578 1297 N.
619 1257 712 1297 54:02.
756 1259 852 1296 Sec.
888 1255 938 1295 X.
975 1256 1052 1306 (c),

1095 1257 1146 1294 N.
1185 1255 1278 1294 649.
1322 1256 1419 1295 sec.
1454 1256 1541 1294 xii.
1577 1254 1657 1304 (h),
1701 1255 1749 1293 N.
1789 1253 1884 1293 327.
1925 1253 2022 1292 sec.

315 1289 422 1360 {mr
459 1321 514 1371 (i),
561 1318 912 1371 Petropolitanus
945 1319 1016 1369 (p),
1049 1316 1203 1357 Aldina
1234 1318 1382 1368 4509.,
1414 1318 1481 1358 LC
1516 1318 1718 1368 (uterque
1759 1317 1802 1356 in
1842 1315 2027 1355 adnota-

317 1382 546 1431 tionibus),
593 1383 676 1421 Fea
709 1384 753 1421 et
782 1380 998 1421 Heindorf
1025 1381 1079 1431 (in
1113 1382 1343 1429 contextu⁷
1391 1380 1473 1420 sed
1501 1379 1654 1419 litteris
1685 1378 1940 1429 inclinatis),
1985 1380 2027 1419 M

321 1445 415 1494 (sed
445 1444 673 1494 seclusos).

734 1445 819 1483 Eos
851 1443 1057 1482 omittunt
1088 1442 1195 1483 Cod.
1223 1442 1539 1493 sangallensis,
1571 1443 1741 1482 Veneta
1773 1442 1920 1492 4484„
1951 1440 2027 1482 Al-

319 1507 420 1547 dina
454 1508 601 1555 4524„
644 1507 927 1553 Torrentius,
975 1503 1218 1553 Bentleius,
1266 1505 1551 1544 Kirchnerus.
1589 1528 1633 1533 —
1668 1505 1706 1544 4.
1739 1504 1887 1556 quam]
1919 1504 2029 1553 quod

320 1569 459 1609 Codd.
494 1567 708 1607 Lambini.
760 1589 805 1595 ——
852 1567 891 1607 4.
928 1568 1015 1616 Quo
1044 1568 1190 1606 melior
1216 1568 1284 1606 vir
1312 1572 1370 1607 est
1397 1567 1481 1617 bL,
1521 1568 1608 1617 Quo
1636 1567 1783 1607 melior
1810 1568 1877 1606 vir
1905 1570 1944 1606 et
1971 1569 2030 1606 est

320 1632 349 1670 h
380 1633 425 1670 et
454 1632 487 1677 i,
538 1632 625 1680 Quo
654 1631 721 1669 vir
749 1634 807 1669 est
834 1629 981 1669 melior
1010 1641 1052 1681 p,
1102 1631 1190 1679 Quo
1220 1629 1366 1668 melior
1392 1630 1460 1668 vir
1488 1630 1552 1668 hic
1581 1634 1639 1669 est
1669 1630 1724 1678 C,
1767 1630 1854 1679 Quo
1882 1627 2030 1668 melior

319 1694 387 1733 vir
416 1695 531 1733 adest
561 1704 613 1732 ex
646 1692 752 1733 Cod.
785 1691 976 1732 Berolin.
1011 1692 1349 1745 interpolatione
1381 1692 1606 1733 Heindorf.

325 1757 444 1808 longe
474 1767 523 1795 ac
553 1756 741 1795 subtilior
771 1756 819 1795 C.

321 1881 372 1919 X.
406 1881 526 1920 Haec
556 1881 687 1920 satira
711 1880 1016 1920 defensionem
1039 1890 1147 1919 con-

270 1943 379 1981 tinet
408 1942 577 1991 iudicii,
620 1942 740 1992 quod
774 1943 977 1982 Horatius
1009 1942 1146 1980 Satira

269 2004 400 2043 huius
429 2003 529 2043 libri
560 2007 715 2054 quarta
738 2005 793 2043 de
814 2003 978 2044 Lucilio
999 2015 1149 2054 prom-

269 2068 439 2117 pserat,
493 2066 546 2105 ab
594 2067 873 2117 antiquariis,
924 2066 1148 2117 perversis

270 2128 400 2167 huius
420 2131 576 2178 po'e'tae
599 2128 863 2176 fautoribus,
900 2129 1059 2167 iniuste
1081 2138 1150 2166 re-

270 2190 501 2240 prehensi,
536 2190 754 2242 simulque
787 2190 923 2230 multa
955 2201 1057 2229 cum
1078 2201 1151 2228 ur-

271 2249 466 2291 banitate
489 2254 720 2299 monstrat,
745 2263 880 2303 quam
901 2253 1043 2292 insciti
1064 2252 1151 2291 sint
1204 2256 1304 2301 ptus
1341 2263 1443 2291 cum
1482 2253 1732 2302 Doeringio.

1661 1693 1726 1743 (Ut
1755 1702 1856 1740 nos,
1890 1690 1945 1741 c.)
1981 1711 2024 1718 —

1207 1878 1274 1918 Ab
1314 1879 1473 1918 eadem
1510 1877 1727 1930 partICula
1756 1879 1908 1931 incipit
1949 1880 2087 1920 Persii

1210 1942 1348 1980 Satira
1387 1942 1532 1981 tertia.
1574 1964 1618 1970 —-
1659 1942 1971 1991 incomposito-
1983 1943 2088 1992 pede

1209 2015 1378 2043 currere
1398 2003 1554 2054 versus]
1582 2015 1788 2055 «asperos
1809 2004 2086 2056 scabrosque

1208 2065 1454 2117 permultos
1494 2077 1652 2106 versus
1695 2078 1837 2107 esse.»
1907 2069 1994 2108 Sat.
2036 2068 2084 2117 ’4,

1211 2127 1257 2177 4,
1297 2128 1341 2168 8;
1388 2129 1518 2167 durus
1557 2139 1800 2178 componere
1836 2140 1992 2170 versus.
2039 2153 2083 2159 —

1208 2190 1352 2240 fautor
1380 2190 1513 2239 inepte
1542 2190 1611 2241 est]
1648 2191 1763 2230 Cave
1795 2190 1966 2232 seribas
1998 2193 2090 2233 ine-

1799 2253 1894 2293 ESt:
1950 2255 2089 2303 «Quis

272 2314 622 2365 hominesatque
640 2317 760 2354 recte
778 2315 999 2354 iudicandi
1020 2312 1153 2353 facul·
1213 2315 1302 2353 iam
1336 2314 1429 2353 tam
1468 2315 1617 2365 inepto
1657 2314 1791 2354 modo
1830 2315 1994 2356 Lucilio
2024 2317 2091 2357 fa-

274 2377 361 2415 tate
395 2376 612 2425 destituti,
656 2378 730 2428 qui
762 2379 945 2429 propter
975 2388 1149 2417 merum

274 2438 426 2478 odium
451 2440 665 2480 adversus
690 2438 926 2491 aequalem
949 2442 1151 2479 veterem

274 2505 453 2551 poetam
497 2503 640 2542 nimiis
684 2501 889 2543 laudibus
928 2501 1149 2542 extollant.

274 2565 457 2616 Egregia
487 2568 636 2606 autem
676 2567 759 2606 hac
798 2567 1066 2606 defendendi
1103 2577 1151 2606 se

279 2626 426 2666 oblata
476 2629 708 2668 occasione
756 2631 994 2680 praecepta
1046 2629 1152 2668 artis

277 2691 477 2741 poeticae
510 2691 674 2741 passim
696 2691 860 2731 inserit.
896 2692 1066 2742 Scripta
1086 2691 1154 2729 vi—

278 2752 408 2792 detur
436 2751 632 2791 Webero
664 2754 704 2792 et
736 2753 1017 2793 Grotefendio
1044 2765 1082 2792 a.
1109 2764 1150 2791 u.

279 2825 317 2853 c.
337 2814 450 2862 7¹8„
476 2815 656 2853 Frankio
678 2826 716 2853 a.
737 2815 849 2863 72¹9,
877 2816 1150 2862 WeichertO,

280 2876 520 2915 Kirchnero
570 2875 751 2927 aliisque
800 2888 838 2916 a.
891 2877 987 2916 723.
1060 2877 1153 2923 Quo

280 2949 388 2977 vero
421 2938 646 2978 intervallo
678 2941 787 2979 intra
810 2941 1013 2990 quartam
1036 2950 1157 2979 com-

283 3001 423 3051 posita
455 3002 527 3049 sit,
562 3002 765 3052 quisnam
792 3002 998 3041 definiet?
1029 3001 1155 3041 Haud

283 3063 410 3102 nimis
441 3062 590 3110 brevi,
624 3065 670 3102 ut
700 3064 805 3102 mihi
834 3063 1016 3114 quidem
1035 3063 1158 3102 vide-

282 3128 366 3163 tur.
401 3147 443 3152 -—
469 3125 531 3164 De
562 3124 766 3165 versibus
788 3125 1033 3165 subditiciis
1055 3124 1154 3165 vide

283 3187 527 3226 Excursum
557 3188 588 3225 Ι.

340 3249 428 3287 4-5.
462 3249 628 3300 Nempe]
663 3249 996 3298 «concedentis,
1031 3250 1155 3300 quasi

286 3310 473 3358 diceret,
509 3310 647 3350 fateor
677 3322 749 3350 me
772 3311 979 3350 dixisse.»
1014 3312 1151 3350 Comi.

285 3373 414 3418 Caro.
468 3373 541 3412 Est
572 3374 766 3412 nostrum
793 3375 843 3422 ja
873 3374 1000 3420 wohl,
1035 3374 1156 3413 aller-

284 3435 415 3485 clinqs.
457 3434 577 3475 Conf.
606 3435 728 3475 Hand
752 3437 875 3476 Turs.
901 3437 967 3476 lv,
992 3446 1033 3487 p.
1062 3437 1151 3475 457.

1211 2378 1309 2425 vet,
1342 2378 1391 2416 ut
1410 2379 1562 2428 aperta
1584 2377 1678 2416 eius
1706 2377 1808 2416 vitia
1829 2380 2016 2428 negem»
2042 2402 2087 2407 -

1210 2440 1309 2492 sale]
1340 2440 1482 2479 «Sales
1510 2438 1736 2490 pluraliter
1764 2439 1939 2479 dicendi
1970 2443 2087 2490 sunt,

1215 2513 1317 2542 cum
1346 2501 1574 2541 urbanitas
1613 2501 1926 2552 significatur.»
1985 2505 2087 2543 Aen.

1215 2565 1302 2604 Sed
1341 2566 1429 2605 Cic.
1464 2564 1519 2603 de
1551 2566 1599 2603 N.
1631 2566 1682 2603 D.
1715 2566 1763 2614 2,
1796 2565 1872 2613 ⁵29,
1907 2564 1981 2606 74:
2027 2566 2094 2605 Ila

1212 2628 1342 2666 salem
1370 2627 1518 2675 istum,
1551 2638 1630 2675 quo
1660 2631 1776 2665 caret
1803 2631 1943 2666 vestra
1974 2628 2091 2679 (Epi-

1216 2688 1466 2738 cureorum)
1498 2688 1635 2736 natio,
1668 2689 1711 2727 in
1738 2689 1961 2728 irridendis
1978 2690 2094 2730 nobis

1214 2752 1381 2791 nolitote
1419 2762 1670 2790 consumere.
1734 2751 1825 2791 Cic.
1869 2753 1997 2792 Tusc.
2039 2754 2090 2801 5,

1218 2814 1288 2861 49,
1329 2815 1405 2853 55:
1453 2813 1495 2852 in
1535 2823 1616 2861 quo
1655 2813 1715 2862 (C.
1751 2813 1956 2865 Caesare)
1993 2815 2095 2854 mihi

1214 2877 1377 2916 videtur
1404 2876 1606 2925 specimen
1643 2876 1768 2926 fuisse
1796 2876 2091 2927 humanitatis,

1215 2938 1334 2987 salis,
1367 2937 1608 2986 suavitatis,
1648 2938 1812 2987 leporis.
1864 2938 1984 2978 Brut.
2017 2938 2092 2988 34,

1219 3000 1318 3040 428:
1364 3001 1406 3038 P.
1440 2999 1578 3049 Scipio
1600 3021 1623 3028 —
1642 3022 1665 3028 -
1685 3010 1823 3039 omnes
1855 2999 1943 3040 sale
1977 3000 2096 3051 face-

1216 3064 1363 3111 tiisque
1403 3062 1644 3112 superabat.
1721 3062 1844 3103 Conf.
1891 3063 1999 3114 Epp.
2043 3063 2091 3112 2,

1218 3125 1262 3173 2,
1297 3124 1362 3163 60.
1390 3147 1433 3153 -
1469 3125 1673 3175 defricuit]
1704 3125 1756 3166 Ut
1784 3123 1910 3164 dolor
1939 3125 2092 3175 oritur,

1218 3186 1293 3225 ubi
1332 3185 1422 3226 sale
1464 3186 1705 3226 defricetur
1734 3186 1846 3226 cutis
1874 3185 2095 3228 vibicibus

1217 3247 1285 3287 vel
1328 3247 1408 3288 alio
1448 3259 1535 3299 quo
1565 3248 1700 3288 modo
1740 3247 1885 3297 laesa,
1933 3248 1996 3288 sic
2024 3246 2093 3289 ille

1218 3309 1427 3351 ridiculos
1471 3312 1514 3350 et
1561 3320 1798 3362 perversos
1842 3309 2095 3361 aequalium

1219 3384 1366 3413 mores
1411 3372 1574 3413 acerbe
1624 3371 1878 3422 castigando
1932 3370 2094 3414 multos

1217 3434 1365 3485 laesit,
1411 3436 1517 3476 dum
1548 3434 1712 3477 salibus
1743 3445 1794 3475 ac
1826 3433 1992 3475 facetiis
2023 3435 2090 3484 iiS,
