2231 3787
180 271 279 321 ⁹288
812 265 1022 304 llORATll
1054 262 1349 302 SATIRARUM

249 399 403 464 Quod
444 397 624 469 pingui
666 396 890 448 miscere
930 411 1079 447 mero
1120 392 1399 461 muriaque
1438 388 1669 449 decebit,
1911 385 1978 437 65

250 504 363 555 Non
403 500 504 553 alia
542 516 704 570 quam
742 514 847 567 qua
887 495 1139 566 Byzantia
1176 484 1348 562 putuit
1385 507 1526 543 orca.

251 605 361 656 Hoc
400 601 489 654 ubi
529 600 806 653 confusum
848 596 1007 650 sectis
1048 594 1297 647 inferbuit
1335 592 1514 645 herbis

255 704 592 776 Corycioque
633 716 790 754 eroco
831 714 1075 768 sparsum
1116 696 1280 751 stetit,
1324 694 1544 764 insuper
1581 692 1749 746 addes

254 810 444 860 Pressa
483 802 807 856 Venafranae
849 798 994 869 quod
1033 797 1167 850 baca
1208 796 1409 849 remisit
1446 794 1634 847 olivae.

291 991 354 1028 65.
390 988 487 1027 Cam
515 984 663 1035 pinam·
693 995 752 1031 cp,
793 982 843 1020 At
873 981 1022 1032 pinyui
1053 991 1075 1019 e
1108 977 1213 1018 Cod.
1248 977 1363 1016 Bosii
1392 974 1637 1024 Bentleius,
1678 975 1752 1026 qui
1782 977 1933 1015 tamen

236 1053 483 1103 suspicatur
513 1047 738 1087 Horatium
772 1043 1031 1094 Quinquenni
1062 1041 1251 1081 dedisse.
1301 1062 1345 1067 —
1393 1038 1459 1078 66.
1490 1038 1653 1087 putruit
1684 1039 1748 1077 Lt.
1781 1037 1933 1089 (putuit

238 1124 392 1154 onmes
424 1111 584 1157 nostri,
617 1107 821 1155 Bentleii,
855 1105 1045 1146 Pottierii
1077 1102 1215 1144 Codd.
1238 1103 1416 1154 praeter
1446 1100 1580 1149 duos,
1615 1101 1688 1151 qui
1718 1100 1927 1140 ridicule:

234 1175 416 1227 puduit.)
449 1195 493 1201 —
528 1183 627 1211 orca
656 1180 878 1222 superscr.
911 1180 939 1207 a
968 1166 1105 1218 (arca)
1134 1165 1179 1204 b.
1222 1187 1265 1193 —
1309 1164 1374 1204 69.
1409 1164 1629 1215 Scriptura
1660 1162 1764 1202 bara
1794 1165 1861 1203 est
1890 1164 1931 1203 in

238 1243 284 1280 S.
319 1238 472 1278 bac-cha
501 1236 552 1283 b,
587 1235 712 1273 bacca
745 1244 782 1271 c.

184 1388 245 1420 tas
264 1391 363 1430 cepa
386 1383 421 1418 et
451 1381 570 1417 rutae
590 1374 800 1426 fasciculo.
826 1394 868 1399 —
889 1371 1050 1422 pinqui]
1071 1406 1074 1407 .

182 1442 458 1484 lslebricht:
506 1438 740 1490 opponitur
771 1437 913 1484 tenui,
962 1437 1053 1473 est-

184 1519 270 1557 que
294 1505 430 1550 idem,
455 1501 576 1553 quod
592 1499 719 1541 Celso
740 1500 777 1546 4,
804 1499 848 1538 6:
875 1497 1051 1547 plenius.

188 1594 230 1597 -
277 1567 442 1615 muria]
494 1563 764 1614 «liquamine
816 1561 1053 1610 praecipue

184 1632 478 1680 thynnorum,
528 1628 577 1665 ut
620 1635 775 1675 garum
820 1622 1055 1662 scombro-

184 1704 304 1732 rum:
342 1690 508 1731 «Lake.
537 1712 580 1716 ——
606 1699 683 1727 non
707 1687 795 1726 alia
816 1684 917 1735 cet]
942 1685 1057 1735 Opti-

184 1767 255 1796 ma
286 1753 556 1796 habebatur,
591 1761 704 1800 quae
727 1760 779 1789 ex
802 1748 978 1798 thynnis
1000 1746 1056 1785 ad

184 1818 443 1868 Byzantium
496 1814 633 1864 captis
687 1810 1052 1863 praeparabatur.

185 1878 491 1928 Euthydemus
536 1874 653 1926 apud
697 1874 852 1913 Athen.
891 1872 938 1918 3,
972 1871 1052 1911 84:

186 1939 379 1982 Θύινων
401 1935 586 1995 ὡραίων
607 1933 864 1986 Βῖζάντιον
888 1928 1056 1972 ἔπλετο

184 2002 359 2058 μήτηρ.
425 2001 696 2051 Antiphanes
741 1997 858 2049 apud
895 1996 1053 2036 Athen.

187 2067 231 2114 3,
265 2067 338 2106 88:
385 2058 644 2114 Βυζάντιόν
665 2073 713 2099 τε
734 2061 942 2111 τέμαχος
963 2056 1059 2097 ἑπι-

185 2122 519 2177 βακχευσάτω.
547 2147 586 2152 -
600 2122 753 2173 putuit]
773 2122 921 2161 «cuius
939 2120 1057 2170 gravi

189 2191 323 2230 odore
368 2188 535 2228 imbuta
571 2188 637 2225 est
680 2195 781 2223 orca
825 2182 1055 2233 Byzantia,

190 2247 336 2310 ἱῖρχη,
368 2263 446 2291 vas
477 2248 628 2295 fictile,
663 2247 940 2288 salsamentis
970 2256 1062 2285 ser-

187 2317 341 2356 vandis
363 2317 556 2366 aptum.»
606 2312 763 2352 Athen.
789 2310 832 2358 3,
856 2310 930 2349 88:
967 2305 1061 2348 Τά-

188 2392 321 2435 ριχος
349 2403 373 2408 -
393 2401 416 2406 -
444 2376 703 2426 Βυζαντίας
746 2371 796 2412 δὲ
838 2369 1058 2421 θυννίδος

184 2439 403 2493 Όσμαῖσι
426 2440 596 2495 χαίρει.
638 2439 757 2477 Pers.
776 2435 822 2484 3,
847 2436 921 2474 76:
943 2436 1061 2474 Mae-

189 2516 324 2554 naque
353 2504 460 2553 quod
488 2502 633 2552 prima
661 2500 843 2538 nondum
873 2497 1061 2549 defecerit

189 2579 304 2607 orca.

245 2628 390 2669 67-69.
422 2627 507 2666 Hoc
536 2626 604 2664 ubi
634 2623 734 2675 cet]
768 2620 958 2673 Simplex
980 2621 1060 2671 igi-

191 2696 260 2731 tur
290 2692 355 2730 ius
387 2701 472 2728 non
495 2686 726 2727 constabat
756 2697 808 2725 ex
831 2683 927 2723 oleo
949 2682 1057 2730 solo,

191 2757 238 2793 ut
292 2751 600 2792 nonnullorum
656 2749 946 2799 interpretum
996 2747 1060 2785 est

193 2816 358 2866 opinio.v
406 2813 486 2853 etsi
523 2811 670 2851 oleum
710 2821 790 2861 per
820 2820 867 2849 se
903 2817 1060 2858 sapore

193 2888 330 2929 prope
363 2876 503 2921 caret;
550 2873 629 2913 sed
674 2884 725 2911 ex
771 2870 888 2919 oleo,
935 2870 1058 2916 vino,

193 2939 357 2978 muria:
391 2936 684 2986 compositum
714 2936 863 2972 autem
886 2943 939 2971 ex
961 2931 1059 2978 hoe,

194 2999 312 3051 quod
342 2999 515 3048 simplex
551 2998 700 3043 vocat,
744 2995 928 3034 decocto
961 3003 1061 3031 cum

194 3061 343 3101 herbis
364 3059 636 3107 aromaticis,
669 3060 715 3096 ut
745 3055 885 3096 solent
906 3056 1063 3094 etiam-

194 3134 310 3163 nunc
341 3121 453 3168 Itali,
486 3121 633 3167 erac-is,
665 3119 788 3158 inuiis
812 3119 911 3167 (Sat.
936 3118 980 3164 2,
1014 3117 1060 3163 8,

194 3186 302 3234 549),
343 3185 519 3233 thymo,
563 3180 815 3228 coriandro,
857 3178 1059 3225 mentha,

196 3247 372 3287 cumino
403 3245 543 3284 fricto.
606 3243 705 3293 (Cfr.
730 3241 930 3292 Apicium
952 3240 996 3287 8,
1024 3241 1059 3278 4.

195 3309 301 3348 locis
360 3317 485 3353 eum,
544 3315 678 3356 quem
728 3302 1060 3352 excerpsimus,

195 3368 596 3424 praecedentibus.)
646 3366 836 3413 Deinde,
871 3364 943 3403 ubi
972 3366 1063 3402 ste—

198 3436 327 3480 terat,
359 3430 696 3483 inspergebatur
716 3438 871 3467 crocus
893 3437 1065 3465 rursus-

197 3506 282 3546 que
313 3493 641 3534 admiscebatur
670 3491 815 3531 oleum
854 3489 1063 3528 Venafra-
1092 3515 1096 3526 .

1116 1379 1222 1408 num
1272 1367 1499 1419 frigidum,
1546 1368 1762 1419 optimum
1801 1366 1903 1409 illud
1934 1379 1986 1408 ex

1117 1431 1370 1482 Campania.
1432 1429 1510 1470 Od.
1543 1430 1588 1478 2,
1632 1430 1679 1478 6,
1723 1431 1773 1469 45
1804 1441 1898 1481 seq.
1940 1454 1985 1458 ——

1117 1494 1369 1542 Corycioque
1410 1493 1549 1541 croco]
1593 1491 1699 1531 Plin.
1736 1493 1787 1531 H.
1824 1493 1873 1531 N.
1910 1493 1985 1541 24,

1119 1557 1190 1596 47ῑ
1221 1556 1364 1595 Prima
1392 1554 1584 1594 nobilitas
1604 1554 1744 1594 Cilicio
1772 1554 1931 1605 (croco)
1953 1558 1991 1593 et

1116 1618 1172 1656 ibi
1214 1618 1258 1656 in
1289 1618 1444 1666 Coryco
1472 1620 1623 1656 monte.
1649 1639 1694 1643 -
1717 1616 1838 1666 stetit]
1878 1627 1993 1667 «per

1118 1679 1393 1731 aliquantum
1422 1679 1635 1730 temporis
1657 1677 1787 1718 desiit
1815 1678 1988 1718 fervere

1119 1744 1251 1793 atque
1283 1742 1518 1793 intepuit3»
1551 1752 1660 1789 non,
1694 1740 1991 1792 quemadmo-

1119 1804 1227 1844 dum
1256 1803 1326 1843 alii
1348 1802 1589 1854 explicant:
1625 1803 1661 1853 4)
1687 1802 1991 1854 «coagulatum

1119 1870 1238 1914 est3»
1271 1867 1307 1916 Ξ)
1342 1866 1486 1905 «stetit
1514 1866 1557 1904 in
1587 1876 1764 1915 mensa,
1803 1867 1852 1905 ut
1879 1864 1992 1916 ligu-

1118 1932 1298 1970 riatur.»

1175 1992 1320 2031 70-75.
1354 1989 1707 2038 Picenis-pomis]
1741 1988 1803 2030 Cf.
1827 1989 1914 2028 Sat.
1937 1989 1988 2037 2,

1121 2055 1169 2103 3,
1202 2054 1296 2093 27⁴2.
1346 2053 1438 2091 Iam
1469 2051 1524 2090 ad
1564 2062 1616 2090 ea
1654 2052 1829 2098 transit,
1877 2061 1991 2102 quae

1123 2115 1330 2156 secundis
1360 2114 1527 2153 mensis
1557 2112 1906 2165 apponebantur.
1941 2134 1988 2140 —

1125 2177 1333 2229 Tiburtia]
1379 2176 1601 2216 Tiburtina
1644 2176 1846 2226 pomaria
1889 2176 1992 2214 nota

1123 2243 1209 2281 iam
1241 2252 1293 2280 ex
1324 2239 1404 2279 Od.
1427 2240 1471 2287 4,
1506 2239 1551 2286 7,
1587 2237 1652 2278 44.
1690 2261 1734 2265 -
1770 2237 1991 2286 Venucula]

1123 2304 1226 2345 Plin.
1262 2304 1311 2343 H.
1346 2304 1395 2342 N.
1429 2301 1503 2349 44,
1537 2302 1583 2349 Ξ,
1626 2300 1701 2341 34:
1757 2300 1994 2340 Veniculam

1124 2365 1293 2417 (uvam)
1326 2364 1496 2403 --oilis
1540 2363 1692 2413 (vasis,
1743 2364 1787 2403 in
1831 2361 1992 2414 quibus

1122 2428 1439 2477 condebantur)
1488 2427 1746 2476 aptissimam
1788 2424 1995 2475 Campani

1122 2492 1283 2531 malunt
1311 2490 1511 2529 sit-culam
1537 2499 1708 2538 vocare,
1750 2488 1824 2527 alii
1852 2492 1994 2527 siacu—

1122 2556 1220 2594 iam.
1257 2574 1302 2581 -—
1342 2553 1455 2604 fumo
1494 2551 1724 2603 duraveris]
1757 2561 1994 2591 «servave-

1123 2618 1226 2657 ris.»
1277 2616 1416 2655 Coun.
1443 2614 1515 2653 Cn.
1567 2612 1672 2653 Plin.
1698 2612 1771 2660 44,
1805 2612 1849 2652 3:
1893 2611 1995 2651 Aliis

1126 2678 1247 2729 (uvis)
1278 2677 1485 2727 qratiam,
1529 2676 1599 2725 qui
1628 2679 1665 2714 et
1690 2675 1816 2723 vinis,
1855 2673 1995 2724 fumus

1123 2743 1245 2792 affert
1271 2739 1446 2790 fabrilis.
1483 2761 1527 2765 —
1550 2738 1669 2776 Hanc
1698 2736 1799 2787 cet.]
1833 2737 1994 2777 «Uvam

1123 2803 1337 2844 Albanam
1393 2810 1572 2852 passam
1635 2800 1679 2838 et
1738 2797 1995 2848 fumigatam

1125 2864 1362 2907 comedere
1411 2863 1575 2902 institui
1615 2872 1716 2901 cum
1754 2859 1882 2901 malis
1919 2871 1994 2900 re-

1125 2926 1343 2975 centibus,
1363 2936 1450 2976 quo
1471 2925 1701 2975 utriusque
1719 2933 1852 2975 sapor
1869 2933 1994 2974 pror-

1125 3001 1200 3031 sus
1222 2989 1444 3036 diversus,
1477 2988 1585 3027 scite
1615 2987 1703 3026 iam
1731 2985 1990 3037 permixtus,

1124 3051 1319 3104 palatum
1350 3049 1581 3089 titillaret.»
1634 3047 1875 3099 (Fumigare
1901 3045 1993 3086 Itali

1126 3125 1242 3154 nunc
1272 3115 1499 3153 castaneas
1529 3110 1702 3160 solent.)
1735 3132 1781 3138 —
1809 3119 1882 3160 690
1901 3119 1996 3147 cum

1125 3177 1266 3225 malis,
1307 3175 1394 3227 ⁶90]
1436 3175 1632 3214 Primum
1668 3182 1799 3212 suum
1838 3172 1996 3210 inven-

1126 3242 1219 3280 tum
1257 3249 1369 3278 uvae
1409 3236 1603 3277 Albanae
1643 3235 1878 3284 fumigatae
1909 3244 1994 3272 una

1127 3313 1227 3342 cum
1258 3299 1384 3341 malis
1422 3299 1647 3351 appositae
1685 3306 1788 3335 cum
1819 3305 1996 3335 memo-

1125 3366 1290 3412 rasset,
1336 3360 1514 3413 gloriola
1552 3363 1758 3400 incensus
1789 3357 1996 3396 continuo

1125 3426 1313 3466 alterum
1355 3424 1487 3464 faecis
1531 3425 1575 3462 et
1617 3420 1763 3460 allecis
1794 3421 1877 3458 cet.
1915 3417 1996 3457 ad-

1127 3489 1210 3536 dit,
1258 3486 1376 3538 quod
1420 3487 1567 3525 utrum
1607 3483 1661 3522 ad
1705 3482 1893 3533 primas,
1940 3491 1996 3519 an

2224 3425 2231 3528 «νὴ-.-
2225 3279 2231 3408 M--ae—
2226 3219 2230 3264 ,..,
2224 3100 2231 3191 ἣ..-,,,
2226 3073 2228 3078 ,
2226 3001 2231 3052 -....
2225 2969 2231 2983 -
2226 2858 2231 2944 --‹**
