2231 3787
203 269 234 320 ⁶2
250 269 260 321 Ι
279 270 305 303 2)
835 267 1048 307 IIORATII
1079 265 1380 306 SATIRARUM

278 309 304 321 Q<

274 401 443 455 Carne
484 408 682 455 tamen,
726 397 971 469 quamvis
1011 395 1170 449 distat
1209 394 1304 455 nil,
1353 393 1451 445 hac
1491 392 1659 463 magis
1700 390 1800 444 illa.
1862 394 1866 398 '

1482 494 1632 547 Esto:
1948 491 2015 544 30

272 603 421 658 Unde
462 602 640 654 1111111111
682 600 867 654 sentis.
910 599 1068 669 lupus
1109 597 1193 650 hic
1233 596 1512 649 Tiberinus
1551 612 1617 649 311
1657 594 1761 649 alto

276 501 572 572 lmparibus
613 499 793 553 formis
833 499 1118 568 deceptum
1158 505 1208 548 tc
1250 503 1405 566 patet.

273 706 470 775 Captus
511 703 642 759 hiet,
686 710 946 772 pontesne
986 701 1123 752 inter
1161 699 1383 751 iactatus
1424 715 1490 750 an
1530 697 1700 750 amnis

272 807 421 859 Ostia
461 805 561 857 5111)
602 802 796 857 Tusci?
835 801 1072 862 Laudas,
1116 800 1327 861 insane,
1370 797 1628 852 trilibrem

271 906 508 966 Mullum,
549 906 599 956 in
624 903 831 974 singula
858 920 1021 974 quem
1046 902 1255 954 minuas
1281 899 1555 971 pulmenta
1577 916 1802 954 necesse
1829 907 1924 954 est.

271 1008 426 1060 Ducit
464 1015 513 1059 tc
551 1005 788 1076 specieS‚
830 1003 1018 1056 video:
1060 1019 1167 1074 quo
1207 1001 1438 1073 pertinet
1476 1019 1605 1072 ergo
1947 1000 2014 1054 35

308 1141 374 1180 ⁶29.
410 1141 511 1180 nihil
539 1138 677 1179 Bentl.
729 1161 773 1166 —
815 1138 915 1177 haec
945 1138 989 1176 F.
1041 1159 1085 1164 —
1131 1136 1249 1175 illam
1278 1135 1337 1175 bS
1369 1137 1415 1175 et
1443 1134 1610 1187 aliquot
1640 1135 1868 1175 Torrentii.
1913 1154 1957 1163 -

255 1204 319 1243 30.
347 1203 477 1255 palei]
503 1207 643 1253 petere
674 1212 786 1241 unus
817 1203 950 1252 atque
981 1198 1091 1239 alter
1113 1198 1219 1238 Cod.
1245 1199 1482 1247 Torrentii,
1517 1199 1543 1237 S
1573 1209 1797 1249 superscr.
1826 1202 1958 1248 patet,

254 1277 367 1306 corr.
400 1265 428 1304 b
464 1265 622 1316 (fuerat
645 1262 780 1315 patet)
813 1265 856 1302 et
884 1273 950 1314 pr.
985 1273 1022 1301 c.
1057 1261 1186 1312 (patet
1217 1271 1329 1300 corr.
1370 1260 1424 1311 c.)
1474 1282 1520 1288 -
1566 1260 1633 1299 34.
1678 1264 1824 1300 ratum
1866 1261 1958 1301 Nic.

255 1328 471 1367 Heinsius.
509 1350 552 1354 —
587 1326 656 1377 an]
689 1327 731 1364 in
761 1325 837 1376 bp.
875 1347 918 1352 —-
952 1324 1003 1363 32
1029 1324 1220 1374 pontisne
1239 1333 1282 1374 p.
1310 1345 1353 1351 --
1379 1322 1445 1362 35.
1470 1322 1564 1374 quo]
1598 1324 1706 1372 quod
1727 1334 1769 1374 p,
1794 1323 1894 1372 quid
1913 1322 1957 1362 b.

253 1436 318 1475 29.
344 1436 409 1475 30.
444 1435 578 1475 Carne
606 1439 742 1474 lamen
766 1435 870 1483 cet]
901 1431 1077 1484 Simpli-

199 1500 377 1539 cissima
412 1498 495 1538 loci
539 1497 808 1537 vexatissimi
854 1497 1076 1546 interpre-

198 1562 303 1601 tatio
324 1561 499 1600 ridetur
529 1572 602 1608 ea,
637 1571 771 1610 quam
803 1558 944 1598 secuti
975 1558 1078 1597 sunt

199 1624 354 1673 exiguo
367 1624 480 1662 inter
496 1634 542 1662 se
561 1622 814 1661 discrimine
834 1622 1071 1668 Gesnerus,

198 1686 464 1725 Kirchnerus
483 1717 489 1733 ,
554 1685 766 1734 Doering,
827 1681 1071 1730 Obbarius,

198 1748 437 1788 Haackius:
473 1748 592 1786 «Non
612 1747 807 1786 vesceris
829 1745 897 1784 illa
924 1743 1073 1796 pluma

197 1810 444 1862 splendoris
474 1808 626 1860 plena,
663 1811 811 1848 tamen
839 1819 970 1847 carne
993 1817 1075 1858 pa-

195 1874 337 1921 vonis,
375 1882 648 1922 quamquam
665 1870 766 1910 nihil
786 1871 930 1909 differt
947 1881 969 1908 a
989 1868 1075 1920 gal-

195 1933 309 1974 linae
333 1945 480 1981 carne,
515 1934 654 1984 magis
675 1933 872 1972 vesceris
894 1943 928 1972 5.
952 1931 1074 1971 vesci

197 1997 320 2048 cupis
349 2007 384 2035 s.
415 1998 588 2045 tergere
618 1993 812 2046 palatum
841 1995 907 2034 vis
939 2003 1074 2044 quam

196 2070 327 2098 carne
358 2057 584 2109 gallinae.»
616 2056 812 2097 Aliorum
834 2056 1073 2096 sententias

194 2120 296 2160 vide
327 2122 370 2159 in
402 2120 612 2159 Excursu.
650 2142 692 2147 —
727 2120 852 2157 distat
882 2117 952 2168 nil]
988 2117 1076 2155 «ni-

194 2182 253 2222 hil
284 2183 604 2233 interestjnter
623 2182 805 2232 pavonis
828 2191 1010 2219 carnem
1032 2181 1075 2218 et

194 2244 420 2296 gallinae.»
474 2243 535 2283 Cf.
562 2244 648 2282 Sat.
673 2244 717 2291 Ξ,
742 2243 786 2291 3,
812 2243 904 2281 2¹0.
928 2265 971 2269 —
997 2242 1074 2279 hac

191 2309 328 2359 magis
360 2306 447 2358 illa]
485 2307 728 2358 «pavonina
764 2306 903 2356 magis
939 2315 1074 2354 quam

194 2369 482 2422 gallinacea.»
545 2369 608 2407 De
655 2368 818 2407 omissa
857 2365 1072 2418 particula

194 2444 321 2483 quam
358 2430 470 2471 conf.
506 2430 583 2469 Od.
620 2431 662 2476 4,
706 2429 778 2478 43,
811 2430 878 2468 ⁶20.
912 2428 958 2477 4,
995 2428 1069 2478 44,

196 2494 260 2534 43.
299 2517 343 2522 --
374 2494 489 2543 Esto]
521 2491 643 2532 Conf.
669 2492 756 2530 Sat.
780 2492 827 2540 Ξ,
862 2491 907 2539 3,
942 2491 1007 2533 65.

249 2554 409 2595 34-33.
466 2556 576 2593 Unde
620 2555 764 2592 dacum
806 2553 927 2592 sentis
970 2552 1071 2603 cet]

194 2619 385 2657 «Verum
402 2617 518 2657 unde
538 2616 612 2655 tibi
630 2626 909 2663 concessum,
938 2612 1075 2654 δυνα-

194 2676 292 2727 τόν,
318 2682 398 2727 851,
422 2681 469 2717 ut
489 2688 647 2729 sapore
670 2677 910 2727 distinguas
933 2678 1069 2717 cet.‘?»

195 2742 392 2782 Imitatus
427 2743 493 2780 est
522 2741 696 2779 Persius
722 2741 768 2788 5,
794 2738 893 2779 424:
929 2738 1074 2777 «Liber

195 2816 311 2856 eqo.»
349 2804 458 2843 Unde
483 2803 714 2842 datumhoc
729 2803 870 2850 sentis,
905 2800 1074 2840 1013110-

195 2867 277 2905 dite
296 2866 428 2905 rebus.
447 2888 491 2893 -
509 2864 641 2915 lupus]
665 2860 863 2920 λάβραξ,
894 2865 938 2903 Μ
955 2874 975 2902 e
990 2874 1009 2902 e
1027 2875 1074 2901 r-

193 2927 328 2977 wolf.
367 2949 410 2954 —
449 2926 657 2965 Tiberinus
687 2926 789 2974 cet.]
822 2923 1074 2964 Macrobius

196 2990 368 3028 Saturn.
400 2989 448 3033 Ξ,
484 2989 547 3027 12.
582 2988 773 3027 maximo
813 2986 930 3038 apud
968 2997 1074 3037 pro-

196 3051 319 3102 digos
351 3052 516 3090 honore
559 3050 691 3089 fuisse
730 3050 862 3088 tradit
905 3048 1075 3088 Tiberi-

195 3124 301 3153 num
334 3112 506 3163 lupum.
543 3114 585 3151 ct
616 3112 797 3162 quidem
829 3122 955 3159 eum,
1000 3110 1073 3161 qui

196 3177 310 3215 inter
340 3174 451 3213 duos
492 3176 649 3224 pontes
689 3175 842 3224 captus
883 3174 970 3218 est,
1018 3170 1073 3210 ad

197 3237 318 3289 quod
340 3234 735 3276 demonstrandum
760 3235 893 3272 utitur
914 3237 955 3273 et
978 3245 1076 3272 ver-

197 3300 266 3340 bis
296 3299 389 3339 Titii
420 3309 499 3349 pro
534 3296 629 3347 lege
671 3297 829 3335 Fannia
866 3297 898 3345 ἶ-
918 3319 940 3324 -
961 3317 982 3323 -
1003 3296 1076 3334 bo-

198 3372 378 3410 numque
422 3361 576 3409 piscem
618 3358 759 3407 lupum
802 3369 1072 3409 qermareum,

201 3425 271 3473 qui
301 3424 407 3463 inter
436 3424 537 3461 duos
559 3425 705 3471 pontes
724 3425 871 3470 captus
896 3419 1009 3470 suit.)
1033 3421 1075 3459 et

1140 1431 1239 1481 ¹14·.)2
1284 1432 1405 1470 Illum
1446 1432 1612 1470 sumina
1655 1431 1855 1471 ducebant
1892 1436 2017 1481 atque

1138 1494 1317 1532 altilium
1337 1494 1467 1533 lanx:
1497 1494 1615 1532 Hunc
1637 1497 1784 1543 pontes
1813 1493 2014 1534 Tiberinu’

1137 1557 1218 1596 duo
1260 1557 1369 1596 inter
1410 1557 1547 1606 captu’
1594 1557 1746 1595 catillo.
1821 1557 1868 1595 In
1912 1556 2016 1608 lupo

1136 1619 1266 1669 igitur
1294 1619 1373 1657 tria
1404 1619 1573 1670 saporis
1595 1629 1758 1669 genera
1780 1618 2018 1670 distingue-

1135 1680 1241 1720 bant
1283 1679 1512 1728 lurcones;
1558 1680 1685 1732 lupos
1718 1683 1871 1732 captos
1900 1681 2017 1721 inter

1136 1743 1248 1783 duos
1278 1745 1462 1794 pontes,
1502 1742 1546 1782 id
1577 1744 1664 1791 est,
1706 1741 1941 1783 sublicium
1972 1744 2017 1782 et

1136 1806 1434 1854 senatorium,
1468 1806 1516 1844 ut
1536 1806 1595 1844 ait
1624 1806 1731 1853 Fea,
1766 1806 1881 1844 inter
1901 1815 2016 1856 quos

1137 1866 1294 1907 Cloaca
1353 1868 1544 1907 maxima
1601 1867 1756 1907 sordes
1805 1868 2014 1917 antiquae

1135 1929 1260 1971 Urbis
1293 1929 1524 1980 egerebat,
1559 1929 1721 1980 quibus
1753 1930 1900 1980 pisces
1921 1927 2017 1968 alli-

1136 1991 1387 2041 ciebantur,
1419 1990 1511 2040 vel,
1544 1993 1592 2031 ut
1612 1990 1681 2030 alii
1702 1990 1876 2040 volunt,
1900 1991 2016 2031 inter

1135 2052 1370 2093 sublicium
1402 2055 1444 2092 et
1475 2053 1745 2101 Fabricium,
1781 2052 1908 2105 lupos
1938 2064 2016 2093 ca-

1134 2118 1233 2167 ptos
1255 2115 1308 2155 ad
1341 2115 1509 2155 Tiberis
1536 2117 1662 2163 ostia3
1700 2114 1828 2166 lupos
1859 2116 1902 2155 in
1924 2114 2012 2156 alto

1136 2179 1245 2218 mari
1278 2180 1453 2229 captos,
1488 2179 1561 2229 qui
1592 2178 1775 2229 pessimi
1798 2180 1937 2218 erant.
1965 2201 2010 2207 —

1134 2241 1228 2292 hiet]
1263 2241 1433 2292 «pisces
1456 2241 1620 2289 statim,
1645 2251 1748 2280 cum
1765 2241 2012 2292 capiuntur,

1136 2304 1304 2343 hiant.»
1369 2304 1520 2342 SCHOL.
1585 2303 1749 2352 Etiam,
1795 2307 1924 2353 puto,
1970 2302 2015 2343 111

1135 2366 1302 2406 mensis
1333 2365 1534 2416 appositi.
1571 2386 1617 2393 -
1653 2364 1848 2416 iactatus]
1881 2363 2016 2404 Colu-

1135 2426 1266 2466 mella
1297 2428 1343 2466 R.
1368 2428 1415 2466 R.
1441 2427 1488 2475 8,
1523 2427 1596 2475 46,
1629 2425 1678 2466 4:
1712 2428 1846 2466 Docta
1864 2430 1903 2466 et
1922 2437 2017 2466 eru-

1135 2490 1221 2529 dita
1244 2491 1400 2539 palata
1426 2488 1616 2539 fastidire
1645 2488 1782 2527 docuit
1811 2488 2014 2539 (Marcius

1135 2551 1381 2603 Philippus)
1439 2551 1651 2603 fiuvialem
1703 2550 1874 2600 lupum,
1932 2550 2013 2590 nisi

1135 2624 1256 2662 quem
1288 2613 1438 2652 Tiberis
1469 2613 1642 2652 adverso
1683 2616 1864 2651 torrente
1893 2612 2014 2663 defa-

1134 2675 1316 2725 tiqasset.
1354 2697 1398 2701 —
1432 2673 1567 2712 amnis
1586 2695 1604 2701 -
1622 2695 1641 2701 -
1663 2673 1794 2723 Tusci]
1824 2671 2010 2722 Tiberis,

1135 2736 1208 2786 qui
1239 2736 1283 2774 in
1314 2735 1483 2774 Etruria
1515 2735 1666 2773 oritur.

1190 2796 1336 2836 34-36.
1383 2797 1466 2836 trib.
1491 2795 1680 2848 Mullum]
1713 2796 1789 2836 Est
1816 2793 2008 2853 τρίγλη,

1134 2859 1248 2900 113115
1267 2860 1520 2899 etiamnunc
1541 2859 1698 2909 triqlia.
1732 2858 2010 2910 (Rothbart,

1135 2921 1537 2971 Schmeerbucte,
1570 2920 1663 2961 aliis
1692 2920 2014 2972 Hdrinqsko'-

1133 2984 1251 3035 mss.)
1283 2983 1389 3023 Plin.
1415 2985 1464 3023 H.
1490 2985 1539 3023 N.
1565 2983 1608 3033 9,
1642 2983 1720 3023 30:
1751 2984 1821 3023 Ea:
1849 2983 2014 3032 reliqua

1103 3047 1345 3086 ,nobilitate
1391 3047 1510 3097 (post
1553 3046 1744 3096 scarum)
1789 3050 1828 3085 et
1868 3046 2015 3097 qratia

1134 3109 1327 3147 maxima
1363 3112 1420 3147 est
1463 3112 1500 3147 ct
1542 3108 1664 3158 copia
1704 3107 1864 3156 mullis,
1910 3107 2015 3146 sicut

1134 3172 1378 3222 magnitudo
1414 3170 1600 3219 modica,
1647 3170 1847 3217 binasque
1885 3169 2016 3209 libras

1130 3234 1327 3283 ponderis
1355 3243 1458 3271 raro
1487 3232 1712 3271 admodum
1741 3235 2011 3280 exsuperant.

1136 3294 1368 3335 Mullorum
1399 3293 1516 3333 iubas
1544 3294 1765 3333 memorat
1794 3293 1944 3332 Iuven.
1970 3292 2010 3342 6,

1137 3357 1226 3406 40„
1271 3356 1388 3396 unde
1426 3353 1617 3412 τρίγλαν
1656 3350 1868 3408 γενεᾶτιν
1907 3352 2014 3392 dixit

1138 3419 1340 3469 Sophron
1370 3417 1488 3469 apud
1517 3416 1674 3456 Athen.
1707 3416 1747 3454 7.
1771 3426 1814 3467 p.
1837 3413 1931 3455 324.
1964 3415 2009 3454 F.

200 3485 405 3525 versibus
437 3482 585 3524 Lucilii
614 3485 699 3523 Sat.
734 3482 777 3531 4,
811 3483 836 3522 5
869 3480 993 3531 (Gerl.
1030 3492 1072 3533 p.
1105 3499 1109 3521 ι
1138 3480 1270 3531 (mulli
1301 3478 1464 3519 barbati
1495 3479 1583 3519 Cic.
1608 3477 1664 3518 ad
1684 3478 1769 3517 Att.
1793 3477 1841 3526 2,
1876 3477 1920 3525 4,
1953 3472 2010 3524 7.)

2206 78 2216 100 κ’
2197 0 2215 67 ’,υἷι

2203 215 2217 346 «πρῴ
2198 102 2217 205 M

2214 1876 2225 1891 ,l

2224 1939 2225 1947 l

2199 1985 2226 1994 „1

2166 2022 2228 2289 q
