2231 3787
970 254 1090 292 viri
1125 254 1350 292 uom'ru.
1965 252 2065 303 907

262 382 310 431 lu
356 382 569 451 Epodo:

534 508 651 547 albis
686 509 883 547 Libui-nis
918 510 1028 548 inter
1060 508 1142 548 alta
1183 510 1379 549 naxium.

612 587 784 628 Amice,
819 586 1146 637 propugnacula
1164 588 1204 627 ¹).
1223 604 1239 620 »

262 703 313 752 lu
356 701 733 754 Sermonihus:

535 837 644 883 «Qui
676 838 741 880 tit,
779 838 1030 882 Maecenas,
1064 840 1108 876 ut
1142 849 1297 878 nenio.
1335 851 1466 888 quani
1501 840 1580 879 sibi
1614 843 1778 879 soi-tvm

534 915 618 952 Seu
650 914 757 952 ratio
790 912 1024 956 dederis-W.
1045 931 1060 947 υ
1095 918 1177 953 cot.

266 1015 315 1063 lu
363 1013 636 1083 lipistolis:

539 1150 711 1187 «Prima
745 1149 858 1188 dicte
892 1149 1016 1193 mihi,
1052 1161 1225 1189 summa
1258 1151 1443 1190 (liceum¹
1478 1154 1764 1197 (laun-nain.»

262 1265 454 1317 Tantus
505 1265 645 1316 enim
704 1264 795 1316 suit
835 1265 977 1335 apud
1020 1265 1407 1321 Maecenatem,
1469 1276 1521 1317 ut
1561 1267 1714 1319 simul
1756 1285 1875 1319 cum
1917 1287 1980 1319 co
2024 1269 2070 1319 in

262 1364 448 1418 lectica
488 1374 803 1434 portaretur.
869 1366 1064 1420 Habuit
1103 1367 1373 1437 Virgilium
1426 1368 1560 1421 inter
1598 1368 1906 1421 carissimos
1946 1370 2075 1421 zuni-

264 1484 386 1519 cos:
431 1484 551 1519 nam
593 1467 659 1518 illi
702 1474 891 1537 poetae
933 1468 1086 1520 simul
1128 1469 1349 1522 eosdem
1390 1471 1589 1523 amicos
1629 1480 1680 1523 et
1715 1470 1955 1523 inimicos
1984 1470 2074 1522 ha-

265 1567 476 1620 bebant.
556 1570 671 1621 Fuit
711 1570 868 1622 etiam
904 1571 1259 1623 amicissimus
1299 1572 1550 1630 Ovidius,
1599 1590 1759 1642 quem
1801 1571 1866 1624 ad
1909 1574 2076 1642 poeti-

264 1686 378 1722 cam
421 1672 681 1723 convertit
720 1680 912 1730 artem,
956 1689 1076 1725 cum
1119 1681 1269 1742 pater
1308 1691 1429 1726 eum
1463 1673 1528 1726 ad
1557 1674 1923 1727 detendendas
1951 1691 2076 1726 cau—

263 1788 350 1824 sas
390 1780 441 1824 et
480 1771 799 1825 rhetoricam
834 1772 1169 1843 disciplinam
1209 1774 1337 1827 lucri
1372 1776 1540 1845 gratia
1567 1774 1939 1829 adhortaretur
1966 1794 2076 1828 am-

264 1872 613 1943 plectendam.
676 1873 736 1926 Et
774 1891 893 1927 cum
935 1874 1144 1927 divitias
1186 1877 1398 1946 optimis
1436 1877 1548 1929 suis
1589 1876 1778 1929 studiis
1811 1877 2078 1930 cumulas-

264 1984 364 2030 set.
426 1975 639 2028 tandem
688 1978 883 2029 Romae
939 1977 1172 2030 'moriens
1223 1995 1361 2030 anno
1415 1978 1601 2031 aetatis
1651 1996 1781 2031 suae
1831 1980 1913 2030 57.
1956 1996 2077 2032 cum

264 2078 594 2138 Maecenate,
655 2078 744 2147 qui
799 2087 917 2131 ante
965 2096 1087 2131 eum
1128 2079 1479 2140 moriebatur,
1540 2079 1781 2150 sepultus
1821 2089 1901 2133 est
1939 2081 2077 2133 omui

266 2179 492 2231 maxima
551 2196 747 2250 pompa
806 2180 947 2232 iuxta
1006 2179 1265 2233 tumulum
1324 2181 1584 2234 eiusdem.
1674 2182 1731 2233 Et
1787 2184 2078 2251 Augustum

267 2281 554 2333 Caesarem
594 2298 772 2334 rerum
813 2282 1048 2334 omnium
1087 2299 1306 2335 suarum
1346 2282 1601 2336 heredem
1642 2283 1874 2335 instituit.
1954 2284 2081 2336 Car-

268 2382 467 2434 minum
518 2399 739 2435 suorum
792 2383 1033 2437 elimator
1081 2385 1174 2436 l'uit
1220 2384 1451 2438 Tharsus
1499 2385 1747 2453 <tersus‘?)
1802 2384 1885 2438 ille
1926 2392 2082 2455 poeta

269 2492 320 2535 et
375 2483 629 2537 Tibullus.
708 2486 930 2556 Scripsit
979 2487 1283 2540 Carminum
1338 2486 1503 2540 libros
1544 2495 1799 2557 quatu0r3
1862 2487 2082 2558 Epodon

269 2585 489 2656 insuper
557 2585 761 2662 [unum]
829 2597 881 2640 et
943 2588 1168 2642 Carmen
1228 2586 1512 2647 Seculare:
1573 2587 1641 2641 (le
1694 2590 1815 2641 Arte
1871 2589 2083 2642 Poetica

272 2686 464 2740 librum
505 2706 696 2747 unum,
751 2689 1064 2760 Satyrarum
1105 2690 1265 2749 duos,
1319 2689 1673 2759 Epistolarum
1714 2689 1948 2743 totidem.
2027 2691 2085 2742 Et

272 2788 388 2842 illos
442 2788 604 2842 libros
648 2789 1003 2860 Epistolarum
1043 2791 1092 2842 in
1133 2800 1338 2844 matura
1379 2792 1494 2844 eius
1534 2800 1705 2844 aetate
1748 2800 1799 2844 et
1836 2807 2085 2845 consum-

272 2899 411 2942 mata
463 2893 605 2944 omni
657 2893 1039 2945 sententiarum
1089 2893 1279 2963 peritia
1333 2893 1513 2946 edidit.
1591 2893 1674 2946 Ol)
1718 2892 1768 2945 id
1809 2893 1908 2946 hoc
1948 2911 2084 2963 opus

273 2991 528 3049 ostendit,
581 2992 844 3047 elimatius
892 3012 999 3065 quo
1052 2994 1175 3047 nihil
1233 2996 1366 3048 inter
1406 3012 1569 3065 opera
1609 3013 1706 3048 sua
1747 2994 1844 3065 legi
1887 3004 2081 3064 potest.

275 3092 405 3162 quid
459 3111 640 3146 veram
698 3094 1022 3166 voluptatem
1077 3106 1128 3150 et
1185 3096 1458 3150 utilitatem
1511 3096 1709 3150 asserat.
1790 3098 1858 3148 Ex
1912 3095 2084 3148 modia

276 3194 416 3246 enim
444 3194 778 3265 philosophia
807 3206 857 3249 et
884 3197 1043 3249 sectis
1072 3200 1307 3250 omnium
1337 3198 1775 3269 philosophorum
1804 3195 2084 3249 Athenien-

278 3295 413 3347 sium
454 3296 672 3366 copiose
713 3296 1135 3367 elegantissimas
1175 3300 1463 3353 sententias
1504 3298 1732 3351 morales
1774 3298 1821 3349 in
1852 3297 2086 3351 medium

397 3494 418 3542 ¹)
450 3493 586 3544 Epod.
623 3494 659 3541 1,
700 3494 709 3531 1
748 3504 814 3544 sq.
867 3517 907 3521 -
955 3494 977 3542 ²]
1015 3496 1099 3534 Sat.
1140 3496 1172 3543 t,
1209 3496 1245 3543 ⁴,
1282 3497 1294 3533 t
1333 3506 1398 3545 sq.
1448 3518 1485 3523 —
1537 3491 1562 3544 ⁵³)
1598 3495 1704 3546 Epp.
1742 3496 1778 3542 l,
1806 3495 1840 3537 t.
1877 3495 1911 3532 4.
