2231 3787
817 279 914 318 LlB.
949 277 1000 321 Π.

1060 278 1171 318 SAT.
1205 279 1255 317 11.

792 587 1143 638 SAtrmA
1190 586 1288 635 11.

195 712 346 775 Quae
388 710 554 762 virtus
599 717 651 762 ct
689 716 913 780 quanta,
954 705 1109 767 boni,
1152 704 1219 758 sit
1254 703 1438 757 vivere
1479 719 1672 774 parm,
1713 734 1784 742 —

195 814 303 866 Nec
342 829 497 865 meus
537 810 622 864 liic
662 826 840 863 sermo
880 816 986 871 est,
1029 806 1126 860 sed
1166 823 1306 878 quae
1346 805 1625 877 praecepit
1664 804 1836 859 Ofella

234 963 345 1002 SAT.
394 963 443 1001 ΙΙ.
506 962 542 1000 4.
587 960 701 999 bonis
740 959 768 998 F
814 969 837 998 e
883 955 1187 1009 compluribus
1236 955 1376 995 Codd.

810 1031 930 1070 quem
959 1021 1167 1071 quattuor
1202 1019 1419 1067 Pottierii,
1465 1018 1567 1058 LCt.
1602 1018 1726 1069 (quae
1756 1019 1895 1058 nostri

181 1024 372 1064 Pottierii
404 1022 593 1071 omnes.)
629 1043 675 1049 —
722 1022 761 1061 ⁶2.

1440 956 1504 1006 (Ut
1533 966 1638 1005 nos,
1679 956 1818 994 nostri
1851 957 1894 995 et

179 1097 358 1131 omncs3
391 1083 612 1125 Bentleius
644 1084 813 1134 recepit
831 1094 852 1121 e
872 1082 1012 1121 trihus
1031 1080 1258 1120 codicibus
1286 1081 1532 1129 Torrentii.)
1558 1103 1601 1108 —-
1628 1081 1759 1131 Ofella
1775 1091 1889 1120 corr.

180 1150 229 1189 S,
264 1148 382 1188 unde
414 1146 595 1187 Bentleii
628 1147 955 1194 coniecturam,
989 1155 1105 1183 nunc
1138 1143 1384 1191 firmatam,
1418 1145 1597 1183 secutus
1629 1154 1728 1182 sum
1761 1143 1894 1182 ethic

180 1212 223 1249 et
253 1221 324 1248 vv.
359 1209 424 1248 53.
461 1209 552 1248 412.
590 1207 691 1247 1¹33:
740 1207 892 1257 Ofellus
921 1206 1009 1257 bcp
1041 1207 1084 1245 ct
1113 1215 1180 1257 pr.
1215 1206 1264 1254 S,
1298 1205 1409 1254 LCt,
1457 1203 1680 1245 Bentleius
1712 1205 1755 1244 in
1787 1216 1895 1244 con—

180 1273 321 1320 textu,
356 1271 465 1311 FMJ.

177 1389 226 1427 Il.
259 1388 421 1427 Tenuis
452 1388 496 1426 et
516 1384 703 1437 simplex
723 1385 881 1433 victus,
916 1393 1003 1435 quo

122 1452 299 1489 veteres
329 1449 511 1489 Romani
542 1448 644 1488 inde
667 1446 722 1486 ab
753 1446 865 1486 urbe
896 1456 1005 1485 con-

123 1511 212 1551 dita
241 1522 323 1562 per
353 1512 549 1562 quinque
581 1509 732 1551 secula
764 1510 831 1549 usi
854 1509 1000 1557 erant,

124 1575 288 1614 Horatii
325 1575 470 1614 aetate
509 1574 553 1612 in
590 1573 658 1613 his
690 1572 909 1623 corruptis
940 1571 1004 1610 ci—

122 1637 244 1676 vium
273 1647 457 1676 suorum
493 1634 693 1675 moribus
729 1633 859 1686 plane
897 1644 1004 1673 eva-

123 1701 294 1738 nuerat.
356 1698 442 1737 Cfr.
467 1696 618 1737 Vellei.
644 1697 691 1745 ⁶2,
726 1698 764 1736 4.
814 1695 1004 1735 Kartha-

124 1761 232 1812 ginis
255 1760 498 1809 excidium,
525 1760 707 1799 Graecia
727 1757 1003 1809 voluptatum

123 1824 266 1864 omnis
321 1823 495 1873 generis
544 1823 754 1872 magistra
803 1823 848 1860 et
901 1820 1003 1860 Asia

123 1884 458 1937 opulentissima
517 1883 753 1932 subactae,
816 1883 1002 1922 Orientis

123 1958 255 1999 gazae
292 1949 477 1986 Romam
509 1946 770 1998 deportatae
808 1945 1004 1985 incredi-

98 2009 259 2050 ·bilem
294 2009 513 2048 luxuriam
544 2012 587 2049 et
625 2008 854 2049 mollitiem
885 2007 1003 2060 apud

122 2074 314 2112 victores
352 2074 632 2122 pepererant.
695 2070 782 2111 Sed
819 2073 867 2111 ut
907 2069 1004 2122 ple-

124 2145 313 2185 rumque
345 2134 578 2173 contrariis
606 2133 720 2172 vitiis
751 2144 890 2183 genus
925 2133 1006 2172 hu-

126 2206 309 2235 manum
340 2194 395 2234 ab
417 2197 605 2246 utraque
636 2197 761 2246 parte
783 2193 913 2235 simul
935 2206 1007 2234 ur-

125 2258 217 2308 geri
237 2256 370 2305 solet,
403 2257 461 2296 ita
482 2257 525 2296 in
555 2257 639 2297 hac
661 2259 889 2298 communi
910 2257 1003 2297 fere

124 2320 399 2372 prodigentia
419 2329 507 2358 non
538 2318 794 2368 defuerunt,
832 2320 907 2369 qui
937 2318 1005 2358 ni-

126 2383 262 2422 miam
282 2381 596 2432 parsimoniam
617 2383 748 2431 atque
771 2379 883 2419 adeo
905 2391 1005 2420 sor-

126 2444 278 2484 didam
336 2443 563 2482 avaritiam
615 2444 997 2482 consectarentur.

126 2505 250 2547 Nulla
270 2516 343 2545 res
365 2505 505 2556 magis
526 2507 709 2556 poetae,
744 2503 879 2544 seculi
900 2505 1001 2544 vitia

128 2567 443 2617 emendaturo,
495 2567 619 2607 cordi
669 2577 768 2608 esse
819 2566 1000 2617 debuit,

127 2642 262 2683 quam
297 2631 409 2671 haec
451 2631 545 2682 ipsa
588 2628 734 2677 labes;
781 2629 863 2670 sed
901 2640 1005 2670 cum

126 2694 393 2735 Maecenatis
430 2695 474 2732 et
505 2693 704 2731 virorum
741 2691 844 2732 huic
881 2693 1006 2732 simi-

126 2755 234 2796 lium
275 2756 577 2796 convictorem
620 2765 781 2806 parum
825 2754 1007 2794 deceret

129 2819 332 2859 censoria
361 2817 599 2857 severitate
636 2817 681 2856 in
717 2816 803 2856 hoc
841 2828 1005 2868 genere

128 2881 212 2929 uti,
257 2878 340 2919 sub
377 2877 563 2928 Ofellae,
609 2879 761 2918 rustici
798 2880 1003 2929 Romani,

128 2952 320 2993 persona
340 2943 580 2991 praecepta
600 2939 753 2990 tradit,
787 2941 876 2991 qui,
908 2940 1008 2980 nul-

129 3003 212 3043 lius
247 3001 498 3054 philosophi
528 3002 755 3042 doctrinae
787 3003 1004 3053 addictus,

129 3065 354 3118 perversis
397 3065 553 3104 aetatis
595 3075 701 3104 suae
751 3064 1006 3106 hominibus

129 3130 332 3168 veterem
360 3124 479 3165 illam
510 3125 822 3167 abstinentiam
853 3129 897 3167 et
921 3127 1010 3167 fru-

131 3187 355 3241 galitatem
391 3186 618 3227 liberrimo
655 3189 1006 3240 gravissimoque

131 3261 341 3293 sermone
373 3248 678 3298 commendat,
711 3260 844 3300 quam
874 3252 1010 3291 virtu-

132 3315 225 3353 tem
259 3313 354 3364 ipse
391 3311 604 3364 optimam
639 3309 900 3352 adiutricem
931 3323 1009 3352 ex-

132 3376 285 3426 pertus
316 3375 412 3414 erat
440 3373 496 3413 ad
530 3372 662 3412 beate
692 3372 934 3413 vivendum
965 3375 1010 3414 et

133 3434 204 3475 vel
245 3436 377 3476 totius
419 3436 485 3475 rei
527 3432 751 3476 familiaris
793 3434 1009 3475 iacturam

135 3507 278 3548 aequo
316 3499 462 3540 animo
492 3496 737 3539 ferendam.
798 3497 920 3537 ZELL.
954 3507 1010 3538 ex

1068 1382 1218 1422 Hem).
1255 1382 1422 1434 Scripta
1451 1381 1628 1423 videtur
1657 1394 1696 1422 a.
1720 1393 1763 1423 u.
1790 1393 1827 1422 c.
1853 1383 1945 1422 747.

1068 1444 1334 1493 Kirchnero,
1369 1456 1408 1484 a.
1439 1444 1532 1484 7119.
1569 1443 1871 1495 Grotefendio‚
1907 1456 1945 1484 a.

1067 1507 1162 1548 720.
1188 1506 1386 1546 Frankio.

1123 1569 1160 1607 4.
1184 1569 1224 1608 ⁶2.
1266 1567 1374 1620 boni]
1408 1567 1495 1608 Cfr.
1527 1568 1614 1607 Sat.
1645 1568 1692 1616 ⁶2,
1726 1568 1772 1616 6,
1805 1569 1872 1608 51.
1907 1570 1951 1608 et

1066 1630 1132 1670 95.
1184 1631 1293 1681 Epp.
1324 1631 1371 1679 2,
1415 1631 1460 1679 2,
1496 1629 1561 1669 37.
1623 1629 1735 1669 Nihil
1779 1629 1951 1682 langui-

1067 1694 1165 1735 dius
1195 1695 1263 1734 est
1297 1693 1435 1733 altera
1464 1691 1653 1732 lectione
1684 1693 1818 1741 bonis,
1853 1698 1949 1732 orta

1067 1768 1119 1796 ex
1150 1757 1446 1808 geminatione
1478 1755 1647 1796 litterae
1689 1768 1708 1795 s
1737 1757 1779 1796 in
1811 1756 1949 1797 verbo

1064 1820 1129 1859 sit.
1168 1841 1212 1847 -—
1235 1820 1320 1858 Nec
1348 1819 1476 1868 meus]
1508 1819 1681 1858 Primus
1702 1818 1948 1859 versiculus

1067 1892 1170 1922 cum
1208 1881 1374 1921 habeat
1416 1880 1501 1921 loci
1545 1882 1796 1922 communis
1829 1881 1950 1922 colo-

1067 1955 1187 1993 rem,
1221 1945 1369 1984 statim
1395 1954 1494 1983 sese
1517 1954 1570 1982 eo
1592 1946 1795 1993 excusat,
1830 1945 1950 1996 quod

1067 2018 1215 2047 sermo
1237 2006 1309 2045 hie
1330 2006 1385 2045 sit
1404 2006 1556 2044 rustici
1577 2006 1782 2055 Romani⁷
1813 2017 1951 2057 quem

1067 2070 1259 2108 maxima
1281 2067 1442 2107 deceat
1462 2066 1735 2118 simplicitas.
1760 2091 1804 2095 —
1827 2066 1947 2118 quae]

1066 2131 1213 2172 Altera
1257 2129 1388 2170 lectio
1424 2140 1547 2179 quem
1582 2130 1816 2170 manifesto
1854 2131 1952 2169 orta

1069 2196 1137 2234 est
1166 2204 1220 2233 ex
1239 2203 1364 2233 mera
1386 2191 1802 2232 accommodatione
1825 2192 1882 2231 ad
1903 2203 1946 2231 v.

1067 2267 1216 2296 sermo.
1282 2256 1492 2295 Ceterum
1538 2256 1853 2305 argumentum
1898 2264 1951 2294 ac

1069 2318 1312 2359 sententias
1333 2328 1381 2357 se
1404 2316 1746 2368 desumpturum
1768 2316 1873 2356 dicit
1893 2315 1949 2356 ab

1070 2379 1226 2428 Ofella,
1274 2389 1441 2429 easque
1485 2389 1566 2418 suo
1598 2378 1732 2417 modo
1765 2389 1950 2429 expres—

1070 2452 1239 2490 surum;
1265 2440 1342 2480 cfr.
1361 2441 1578 2492 imprimis
1593 2452 1633 2479 v.
1654 2441 1747 2479 442.
1768 2439 1950 2480 Ofellam

1070 2508 1221 2544 autem
1240 2504 1388 2555 ipsum
1407 2502 1664 2553 loquentem
1687 2501 1854 2542 inducit
1875 2502 1951 2542 de—

1069 2577 1194 2606 mum
1212 2577 1253 2605 v.
1279 2565 1372 2605 446.
1424 2563 1504 2604 Alii
1526 2564 1731 2615 quidem,
1764 2566 1813 2603 ut
1832 2564 1950 2604 Diin-

1071 2632 1186 2677 tzer,
1238 2627 1386 2667 omnia
1434 2629 1613 2679 praeter
1661 2626 1949 2684 παρένθεσιν

1069 2701 1139 2730 vv.
1162 2690 1203 2730 2.
1228 2689 1268 2729 3.
1319 2687 1480 2728 Ofellae
1512 2687 1731 2738 tribuunt,
1766 2699 1854 2728 non
1879 2699 1951 2728 co-

1070 2753 1279 2803 gitantes,
1313 2761 1450 2802 quam
1478 2751 1684 2802 putidum
1704 2750 1860 2790 fuisset
1879 2761 1952 2790 ru-

1071 2815 1180 2855 stico
1212 2814 1398 2865 sapienti
1426 2812 1626 2852 tribuere
1652 2813 1950 2863 cognitionem

1070 2876 1312 2917 effrenatae
1334 2876 1491 2915 ditium
1522 2874 1718 2915 luxuriae
1741 2877 1832 2914 tam
1850 2885 1951 2925 per—

1069 2939 1234 2979 fectam
1263 2948 1315 2978 ac
1344 2936 1514 2989 singula
1546 2936 1638 2978 fere
1669 2947 1950 2988 persequen-

1071 3004 1184 3049 tem3
1243 3001 1510 3052 praesertim
1559 3009 1694 3050 quam
1748 2999 1949 3050 ineptum

1071 3062 1344 3114 stultumque
1365 3063 1570 3102 Horatius
1605 3061 1804 3101 finxisset
1833 3058 1950 3100 Ofel-

1070 3124 1183 3175 lam,
1229 3124 1389 3165 talihus
1421 3136 1445 3164 a
1479 3124 1595 3164 vitiis
1631 3133 1853 3175 pauperes
1897 3132 1950 3162 ac

1070 3185 1294 3239 simplices
1335 3197 1440 3227 suos
1480 3187 1660 3226 vicanos
1704 3184 1949 3224 dehortan-

1071 3252 1187 3298 tem;
1221 3260 1309 3301 quo
1331 3250 1583 3289 acroamate
1612 3257 1695 3300 pro
1717 3248 1838 3286 certo
1858 3256 1947 3285 non

1072 3310 1283 3363 egebant,
1314 3311 1364 3350 ut
1391 3309 1710 3362 temperantiae
1739 3308 1946 3347 virtutem

1071 3375 1209 3414 totam
1247 3383 1330 3424 per
1357 3373 1493 3412 vitam
1523 3371 1638 3411 ultro
1669 3369 1943 3410 exercerent.

1076 3458 1121 3463 —
1145 3434 1289 3486 Ofella]
1311 3435 1460 3475 Lectio
1483 3433 1634 3484 Ofellus
1662 3430 1850 3472 librariis
1871 3429 1947 3469 de-

1071 3496 1224 3547 betur,
1256 3496 1419 3548 quibus
1448 3494 1698 3536 terminatio
1728 3504 1756 3533 a
1775 3493 1819 3533 in
1851 3492 1945 3533 viro
