2231 3787
917 229 1011 267 [AB.
1049 229 1075 267 l.

1140 229 1236 267 sA'r
1268 229 1334 267 ιγ.
1974 223 2037 273 75

284 360 487 423 Saevit,
534 359 681 431 quod
723 358 1008 412 meretrice
1049 376 1220 428 nepos
1261 359 1480 410 insanus
1521 356 1688 409 amica

281 462 443 515 Filius
486 479 708 514 uxorein
751 459 938 531 grandi
981 478 1104 513 cum
1143 459 1268 513 dote
1309 468 1548 520 recuset,
1972 459 2037 507 550

282 563 476 616 Ebrius
517 573 568 616 et
605 596 675 601 —
716 580 968 633 magnum
1007 562 1153 633 quod
1199 561 1441 615 dedecus
1479 593 1549 599 —-—
1588 559 1826 613 ambulet
1866 567 1986 612 ante

282 668 504 718 Noctem
547 683 668 719 cum
707 664 928 718 facibus,

1004 663 1277 735 Numquid
1316 663 1646 734 Pomponius
1694 662 1805 714 istis

283 768 505 821 Audirct
543 767 769 827 leviora,
812 776 965 839 pater
1007 768 1050 819 si
1090 766 1335 820 viveret?
1377 767 1514 836 Ergo

283 873 397 923 Non
438 870 566 924 satis
607 879 688 923 est
726 870 876 941 puris
916 887 1133 923 versum
1172 867 1515 939 perscribere
1555 866 1764 924 verbis,

287 974 461 1036 Quem
501 973 543 1025 si
583 972 875 1033 dissolvas,
919 971 1094 1042 quivis
1135 970 1501 1024 stomachetur
1539 969 1733 1023 eodem
1978 970 2043 1019 :4355

288 1080 406 1138 Quo
447 1082 769 1145 personatus
808 1081 964 1144 pacto
1005 1081 1176 1143 pater.

1253 1072 1373 1135 His,
1417 1090 1518 1143 ego
1559 1089 1699 1143 quae
1731 1088 1899 1123 nune.

288 1175 430 1229 Olim
469 1193 611 1246 quae
652 1175 867 1245 scripsit
905 1174 1167 1236 Lucilius,
1211 1174 1410 1244 eripias
1452 1174 1494 1225 si

288 1280 551 1348 Tempora
575 1286 722 1331 certa
742 1276 1046 1347 modosque
1068 1284 1133 1339 et,
1154 1275 1301 1347 quod
1322 1275 1470 1346 prius
1494 1274 1684 1327 ordine
1701 1273 1926 1327 verbum
1948 1284 2043 1327 est.

289 1379 566 1433 Posterius
602 1379 790 1441 facias,
833 1396 1177 1450 praeponens
1218 1377 1402 1430 ultima
1442 1377 1652 1448 primis,

287 1484 429 1543 Non,
474 1490 531 1534 ut
569 1482 612 1534 si
654 1480 831 1534 solvas
876 1483 1199 1552 «Postquam
1237 1478 1520 1533 Discordia
1559 1487 1693 1532 tetra
1981 1482 2048 1531 (50

287 1583 419 1637 Belli
460 1583 685 1637 ferratos
725 1592 910 1655 postes
950 1592 1245 1655 portasque
1285 1583 1560 1654 refregit,»

332 1767 399 1807 49.
446 1767 601 1806 insanit
645 1767 697 1815 d,
745 1765 813 1806 alii
861 1765 1049 1806 Codices
1081 1767 1232 1817 (etiam
1267 1765 1499 1815 Pottierii),
1534 1763 1687 1824 Aldus,
1723 1787 1769 1792 —
1803 1764 1868 1804 50.
1903 1775 1997 1803 cum

274 1830 429 1882 arande·
458 1840 501 1881 p.
538 1852 583 1856 —
616 1830 682 1869 52.
716 1829 956 1879 Poonpztnius
985 1829 1054 1868 cd.
1094 1853 1137 1856 -
1173 1830 1238 1869 601.
1268 1829 1400 1879 postis
1430 1841 1466 1867 c.

223 1972 402 2011 tatione.
439 1993 486 1998 —
520 1981 619 2009 acer
647 1970 833 2022 spiritus]
864 1970 1106 2021 feurigyer
1171 1968 1378 2021 explicari
1417 1969 1577 2020 possit,
1628 1967 1837 2019 equidem
1869 1978 1956 2007 non
1988 1968 2052 2006 vi-

218 2035 287 2074 Au
298 2035 344 2086 fs
357 2034 412 2073 ch
427 2045 462 2072 w
477 2044 586 2084 unq.
635 2033 812 2072 Kirchn.
842 2056 887 2060 —
911 2034 995 2072 Nec
1014 2044 1107 2072 ‹ver-

221 2097 280 2136 bis
321 2107 395 2135 ‘nec
436 2095 571 2145 rebus]
619 2095 794 2144 Quintil.
836 2097 942 2135 Inst.
985 2095 1102 2134 Orat.

224 2160 294 2207 10,
330 2160 373 2207 4,
406 2159 480 2197 ⁶27:
515 2158 566 2197 ab
595 2159 656 2197 his
678 2159 715 2209 (a
742 2157 898 2209 poetis)
922 2158 964 2196 in
987 2157 1107 2196 rebus

225 2222 307 2271 («in
341 2222 611 2271 sententiis»)
635 2222 807 2271 spiritus
835 2224 872 2260 et
902 2221 944 2259 in
973 2220 1108 2259 *verbis

221 2285 452 2323 sublimitas
481 2308 504 2314 -
533 2307 555 2312 -
580 2285 753 2333 petitur.
793 2307 835 2311 —
879 2283 957 2322 nisi
997 2284 1107 2331 quod

225 2346 326 2397 cet]
361 2346 630 2386 «Comoedia
662 2357 811 2385 sermo
841 2357 991 2385 merus
1014 2348 1102 2393 est,

225 2409 306 2448 nisi
347 2408 468 2458 quod
509 2410 652 2447 metro
694 2407 749 2447 ab
791 2408 875 2446 hoc
916 2407 1105 2446 differt.»

224 2472 367 2511 Minus
412 2473 533 2510 recte
579 2469 648 2510 alii
693 2472 796 2521 post
838 2481 880 2508 v,
928 2469 1108 2508 sermoni

226 2545 314 2572 non
344 2533 635 2584 distinguunt,
670 2535 717 2572 ut
748 2533 822 2572 sit:
860 2532 965 2571 »nisi
988 2531 1105 2582 quod

226 2596 297 2635 hic
338 2606 487 2635 sermo
524 2606 675 2635 merus
714 2595 830 2647 pede
868 2596 992 2634 certo
1026 2593 1109 2632 dif-

227 2658 309 2697 fert
339 2669 362 2696 a
393 2669 645 2698 sermone.»
675 2680 718 2685 -
742 2657 894 2709 merus]
930 2657 1026 2696 «cui
1048 2656 1111 2695 ni-

227 2720 285 2760 hil
317 2723 499 2761 ornatus
529 2721 690 2773 poetici
723 2721 972 2760 admixtum
995 2722 1106 2760 est.»

282 2783 430 2824 48-62.
462 2784 515 2824 Ac
544 2784 646 2835 cet.]
681 2785 817 2835 Fingit
848 2783 931 2823 sibi
953 2783 1111 2823 adver-

229 2847 421 2895 sarium,
469 2857 605 2897 quem
649 2846 813 2886 refutat
854 2857 894 2885 V.
942 2847 1010 2885 52.
1061 2865 1105 2872 —

229 2908 392 2960 ardens]
434 2909 520 2957 ira,
566 2910 616 2948 ut
653 2909 771 2960 Virg.
804 2910 913 2948 Aen.
947 2909 994 2955 ⁶2,
1029 2907 1101 2947 44:

229 2972 419 3010 Laocoon
451 2972 614 3010 ardens.
652 2992 695 2999 -
732 2971 889 3022 Saevit]
926 2981 1111 3020 «magna

232 3043 334 3071 cum
356 3033 418 3071 ira
441 3034 774 3083 reprehendit.»
820 3032 960 3073 Plaut.
984 3032 1110 3080 Epid.

231 3095 276 3143 5,
321 3095 369 3144 11,
416 3096 492 3134 51:
543 3096 623 3134 Sed
664 3100 891 3144 memento,
937 3096 971 3134 st
1016 3095 1115 3144 quid

231 3157 419 3196 saeviant
447 3169 582 3206 seneS,
629 3158 849 3208 Suppetias
891 3159 992 3197 mihi
1021 3168 1114 3197 cum

232 3231 374 3259 sorore
421 3220 544 3271 ferre.
603 3241 644 3247 —
694 3221 842 3270 nepos]
893 3215 1111 3269 ἄσωτος,

234 3276 467 3334 ἀσελγής,
524 3281 851 3322 «dissolutus».
917 3282 1010 3321 Vid.
1059 3282 1113 3321 ad

235 3344 373 3395 Epod.
400 3345 444 3393 st,
479 3344 545 3385 34.
584 3367 628 3372 -
663 3348 760 3383 ante
789 3344 973 3395 Noctem]
1009 3355 1114 3383 «co-

236 3407 446 3446 missatur
492 3407 579 3447 iam
628 3417 709 3458 per
753 3405 1114 3457 crepusculum3»

241 3470 364 3508 «ante
403 3469 599 3510 mediam
637 3470 839 3509 noctem»
891 3467 1116 3518 quomodo

1170 2032 1270 2072 deo.
1309 2055 1352 2059 —
1385 2031 1649 2081 Pomponius]
1692 2029 1954 2071 adolescens
1984 2029 2054 2069 lu-

1168 2095 1396 2143 xuriosus,
1444 2093 1639 2145 alioquin
1674 2094 1868 2144 ignotus,
1917 2103 2052 2143 quem

1170 2158 1232 2197 sic
1253 2156 1303 2197 ἐν
1325 2153 1519 2212 παρόδῳ
1541 2157 1705 2196 acriter
1724 2155 1914 2195 vellicat.
1952 2157 2055 2194 «Pa-

1170 2222 1313 2268 tres,»
1359 2220 1520 2270 inquit,
1571 2218 1805 2270 «quotidie
1850 2219 1910 2257 ita
1956 2216 2054 2257 filiis

1171 2283 1261 2322 suis
1292 2283 1486 2333 prodigis
1509 2284 1778 2322 succensent
1804 2291 1971 2331 eosque
1996 2280 2056 2318 in-

1171 2347 1376 2394 crepant:
1421 2354 1568 2394 neque
1610 2343 1739 2393 igitur
1776 2344 1958 2393 propter
1988 2343 2056 2380 ta-

1171 2405 1223 2445 lia
1270 2406 1499 2444 dumtaxat
1543 2404 1776 2444 comoedia
1821 2414 1900 2455 pro
1945 2407 2056 2454 poe-

1173 2470 1291 2507 mate
1314 2468 1471 2507 haberi
1494 2469 1684 2519 potest.»
1707 2466 1902 2518 —puris]
1928 2466 2057 2506 «sim-

1173 2530 1362 2582 plicibus
1390 2533 1434 2570 et
1463 2531 1746 2579 inaffectatis,
1781 2531 1874 2570 sine
1906 2529 2056 2579 figuris

1174 2595 1217 2633 et
1247 2604 1409 2644 magno
1442 2605 1596 2633 sono.»
1649 2592 1737 2633 Cfr.
1762 2590 1901 2631 Bentl.
1926 2591 1983 2630 ad
2004 2593 2051 2630 A.

1173 2657 1218 2695 Ρ.
1257 2656 1323 2695 99.
1391 2654 1567 2703 Quintil.
1605 2656 1652 2704 8,
1701 2654 1747 2703 3,
1797 2653 1876 2694 44:
1922 2664 2058 2703 purus

1173 2729 1307 2757 sermo
1345 2722 1382 2757 et
1421 2718 1630 2757 dissimilis
1665 2728 1806 2757 carae.
1842 2739 1888 2745 —
1914 2727 2059 2766 perso-

1173 2782 1312 2831 natus]
1346 2782 1389 2820 in
1421 2791 1578 2829 scena,
1614 2781 1829 2820 comicus.
1868 2802 1912 2807 —
1948 2780 2061 2819 Tem-

1171 2856 1281 2894 pora
1302 2843 1580 2895 -modosque]
1615 2843 1783 2895 «pedes
1815 2843 1858 2882 et
1890 2842 2059 2894 pedum

1176 2907 1341 2947 seriem
1378 2906 1682 2956 rhythmicam
1720 2917 1822 2945 cum
1863 2905 2060 2945 caesuris

1174 2968 1427 3020 legitimis.»
1479 2968 1565 3008 Cfr.
1599 2980 1640 3008 v.
1675 2969 1723 3007 7:
1766 2968 1939 3018 pedibus
1978 2978 2060 3006 nu—

1175 3032 1383 3080 morisque
1412 3031 1598 3070 mutatis.
1638 3051 1681 3058 —
1711 3031 1936 3079 Postquam
1955 3029 2059 3080 cet]

1176 3095 1343 3134 Versus
1366 3093 1490 3132 Ennii
1522 3091 1710 3133 testibus
1733 3091 1876 3132 Schol.
1903 3094 1946 3132 et
1965 3093 2063 3131 Ser-

1177 3157 1247 3195 vio
1280 3156 1335 3195 ad
1365 3158 1474 3195 Aen.
1510 3156 1531 3194 7
1556 3188 1563 3201 ,
1598 3156 1691 3194 62¹2.
1731 3176 1773 3182 -
1799 3155 1902 3194 Belli
1930 3155 1960 3205 f.
1980 3166 2061 3204 po-

1177 3222 1255 3258 stes
1287 3217 1530 3269 portasque]
1571 3219 1722 3268 Imago
1761 3217 1994 3267 desumpta
2037 3228 2059 3253 a

1178 3282 1283 3320 Iano
1328 3282 1497 3332 aperto.
1559 3280 1675 3330 Virg.
1718 3280 1826 3319 Aen.
1869 3279 1913 3326 4,
1956 3276 2057 3316 aar:

1181 3344 1436 3383 Claudentur
1479 3342 1581 3382 Belli
1621 3346 1784 3392 portae.
1860 3341 1967 3379 Aen.
2012 3339 2057 3386 6,

1180 3406 1281 3445 <2792
1330 3406 1673 3455 mortiferumque
1712 3404 1889 3443 adverso
1927 3402 1984 3440 ἱη-
2009 3401 2061 3439 li—

1180 3469 1293 3508 mine
1335 3468 1507 3511 Bellum.
1570 3469 1675 3506 Aen.
1718 3466 1762 3514 7,
1811 3464 1913 3504 62⁵2:
1961 3463 2062 3503 Belli
