2231 3787
268 257 368 308 770

1075 250 1288 290 HORATlI

337 385 548 440 Ludere
586 382 676 454 qui
717 381 908 441 nescit,
952 378 1345 450 campestribus
1385 372 1615 430 abstinet
1652 376 1840 438 armiS,
1873 447 1876 450 ὴ

339 486 699 555 Indoctusque
738 482 878 553 pilae
917 480 1119 533 discive
1157 477 1395 531 trochive
1434 477 1691 548 quiescit,

1979 477 2083 529 380

337 590 411 641 Nc
451 587 657 657 spissae
698 584 862 635 risum
899 580 1080 634 tollant
1119 579 1334 649 impune
1378 594 1634 632 coronae:

339 689 441 754 Qui
481 687 650 740 nescit
686 700 876 737 versus
915 690 1092 736 tamen
1132 680 1295 734 audet
1329 678 1547 750 fingere.
1623 678 1859 744 Quidni?

338 777 497 843 Liber
536 796 588 840 et
625 787 915 855 ingenuuS,
956 781 1275 853 praesertim
1313 797 1510 834 census
1549 788 1859 852 equestrem

338 892 611 944 Summam
649 902 991 939 nummorum
1028 883 1265 953 vitioque
1304 891 1542 935 remotus
1580 881 1646 935 ab
1685 882 1845 935 omni.

337 993 410 1043 Tu
450 988 574 1042 nihil
616 987 777 1040 invita
816 985 964 1039 dices
1004 984 1235 1037 faciesve
1275 983 1534 1047 Minerva,

1981 982 2083 1035 385

373 1133 466 1172 385.
505 1130 712 1181 faciesque
741 1128 831 1168 ch
864 1129 970 1178 (non
1002 1125 1132 1175 BSd).
1171 1148 1214 1153 —
1254 1124 1347 1164 386.
1380 1124 1580 1164 iudicium
1609 1128 1668 1164 est
1696 1135 1746 1164 ea
1775 1123 1927 1165 bSTcd
1950 1125 2027 1174 (iii-

319 1195 507 1233 diciumst
527 1203 577 1232 ea
596 1191 659 1241 B),
684 1191 770 1231 LCt
790 1193 833 1229 et
860 1187 1112 1229 Bentleius:
1143 1186 1343 1226 iudicium
1370 1190 1472 1235 esto,
1504 1197 1554 1226 ea
1580 1187 1665 1226 Fea
1694 1187 1809 1227 coni.
1836 1187 1879 1226 et
1899 1188 1954 1228 M.
1982 1209 2027 1215 ——

266 1301 416 1341 «haud
460 1298 614 1352 procul
661 1300 743 1337 iam
787 1300 853 1337 est
893 1308 915 1335 a
947 1295 1142 1348 pessimo
1204 1298 1330 1334 strem
1361 1293 1462 1345 cet.]
1507 1305 1633 1334 «cum
1664 1305 1827 1335 census
1858 1296 1943 1336 sim
1973 1306 2086 1347 qua-

278 1368 438 1404 meta.»

264 1377 276 1416 l
319 1424 533 1466 379-384·.
574 1424 730 1463 Ludere
760 1421 861 1473 cet]
907 1420 1141 1469 «Quamvis

263 1490 374 1528 haec
405 1489 487 1536 (vv.
519 1485 761 1534 372-378.)
808 1494 940 1523 nemo
978 1492 1140 1532 negare

262 1551 447 1598 audeat,
494 1552 642 1588 tamen
675 1547 825 1587 nescio
857 1557 941 1596 qua
973 1545 1141 1584 insania

263 1613 370 1660 acti,
414 1611 601 1662 imperiti
639 1607 845 1660 permulti
879 1607 1032 1659 poesin
1064 1618 1142 1645 ex-

264 1676 457 1714 ercent.»
491 1674 605 1712 Dum
627 1670 921 1710 mediocrium
943 1670 1008 1709 sui
1025 1671 1142 1709 tem-

262 1738 381 1788 poris
430 1736 664 1786 poetarum
716 1731 892 1771 turbam
942 1730 1139 1779 deridet,

262 1800 412 1838 monet
435 1798 660 1842 Pisonem,
691 1806 745 1833 ne
768 1792 824 1832 illi
846 1804 894 1833 se
917 1793 1138 1844 aggreget.

263 1862 474 1900 Ceterum
506 1856 657 1897 similis
689 1856 905 1896 sententia
938 1858 1005 1895 est
1031 1855 1137 1905 Epp.

262 1924 307 1969 Ξ,
335 1923 375 1970 4,
404 1920 480 1960 414
502 1931 599 1970 sqq.
640 1942 680 1947 -—
717 1917 1051 1966 campestribus-
1073 1928 1144 1955 ar-

260 1984 356 2036 mis]
407 1981 601 2033 «quibus
643 1983 825 2020 utuntur
864 1979 1068 2019 ludentes
1100 1980 1142 2018 in

265 2049 432 2097 Campo
464 2045 669 2090 Martio,»
703 2053 986 2093 quorumque
1009 2052 1143 2081 versu

263 2120 357 2159 seq.
384 2105 590 2147 nonnulla
621 2106 855 2144 memorat.
886 2127 929 2131 —
948 2104 1065 2153 pilae
1085 2104 1145 2142 di—

260 2170 379 2220 scire]
414 2170 476 2209 Cf.
502 2170 587 2207 Sat.
612 2168 659 2215 ἓ,
691 2168 740 2215 ⁶2,
775 2167 817 2206 44
847 2177 946 2216 sqq.
975 2188 1018 2193 —
1054 2169 1144 2205 tro-

262 2234 388 2282 chive]
421 2232 484 2271 Cf.
510 2230 588 2270 Od.
614 2229 661 2277 3,
685 2228 752 2275 ⁶24,
778 2230 843 2267 57.
872 2252 915 2256 —
949 2229 1142 2279 coronae]

265 2296 593 2347 «spectatorum
617 2294 819 2331 catervae
835 2306 870 2339 ,n
906 2292 952 2329 ut
974 2291 1082 2341 Epp.
1103 2291 1141 2340 4,

267 2358 341 2405 48,
365 2357 430 2396 53.
460 2380 504 2384 -
540 2355 618 2405 Qui
648 2353 773 2393 nescit
804 2352 906 2404 cet.]
941 2351 1045 2392 «Alii
1077 2352 1145 2391 di-

266 2420 491 2471 stinguunt
529 2418 606 2467 Qui
646 2416 796 2464 nescit,
835 2426 979 2454 versus
1008 2419 1146 2454 tamen

266 2485 369 2530 cet,
411 2480 481 2520 alii
520 2480 673 2520 contra
707 2479 767 2528 (ut
797 2476 1032 2526 Bentleius)
1068 2477 1146 2527 Qui

267 2545 392 2584 nescit
433 2552 599 2590 versus,
646 2544 784 2579 tamen
827 2540 911 2578 cet.
968 2540 1145 2579 Rectius

268 2606 389 2646 omni
427 2603 679 2644 interductu
718 2599 985 2650 abstinebis,
1034 2612 1148 2652 quo-

269 2669 386 2709 niam
419 2665 636 2707 sententia
663 2665 752 2703 est:
788 2663 868 2711 Qui
889 2663 1031 2703 nescit
1050 2674 1150 2703 ver—

270 2742 344 2771 sus
388 2729 579 2779 fingere,
626 2728 775 2766 tamen
821 2724 955 2765 audet
989 2736 1147 2766 versus

270 2791 479 2842 fingere.»
511 2791 707 2829 Dirrsxss.
746 2810 790 2815 —-
825 2787 977 2836 Quidni
992 2786 1032 2837 [²]
1075 2798 1149 2826 re-

271 2852 459 2904 spondet
490 2861 604 2890 unus
626 2861 676 2889 ex
703 2850 785 2889 isto
807 2847 1026 2889 malorum
1046 2852 1151 2900 poe-

271 2919 417 2956 tarum
448 2924 604 2964 grege:
639 2912 769 2959 «Quis
791 2911 897 2950 mihi
918 2910 1152 2950 interdicet

271 2987 428 3017 versus
471 2984 693 3026 pangere,
741 2982 842 3011 cum
888 2972 971 3011 sim
1013 2970 1148 3017 liber,

273 3039 423 3080 liberis
464 3035 721 3089 parentibus
757 3036 884 3074 natus
917 3035 982 3083 et,
1031 3032 1150 3084 quod

274 3103 416 3141 maius
449 3100 581 3140 etiam
614 3099 701 3145 est,
742 3107 880 3147 eques
911 3097 1149 3143 Romanus,

276 3165 369 3204 sine
408 3161 494 3201 ullo
527 3161 709 3200 crimine
752 3159 871 3209 (Epp.
899 3159 1014 3206 4,7,
1048 3158 1149 3207 56.),

277 3235 503 3275 nunquam
547 3222 758 3261 censoriae
791 3221 1019 3259 severitatis
1054 3223 1154 3257 nola

273 3287 493 3325 inustus&
529 3285 632 3335 (Cic.
659 3281 830 3323 Cluent.
855 3281 939 3331 46.)
965 3304 1009 3309 —
1043 3282 1154 3332 insse-

277 3347 396 3398 nuus]
432 3345 684 3397 «generosis
707 3342 964 3396 parentibus
986 3344 1150 3382 ortus.»

277 3408 490 3449 Videlicet
520 3409 652 3448 etiam
682 3405 911 3447 libertinus
942 3406 1010 3444 cst
1035 3404 1150 3453 liber,

279 3482 364 3510 non
396 3472 501 3510 item
532 3471 746 3520 inqenuus.
785 3491 827 3495 —
860 3477 1003 3506 census
1029 3476 1153 3515 eque—

1207 1354 1476 1405 dringenties
1523 1357 1829 1406 sestertium,»
1876 1358 2084 1398 senatorii

1207 1428 1368 1457 census
1401 1417 1630 1456 dimidiam
1667 1420 1856 1469 partem.
1904 1420 2010 1459 Rein
2042 1421 2085 1460 in

1206 1478 1344 1529 Pauly
1373 1478 1552 1529 Encycl.
1578 1479 1748 1529 Equites
1766 1481 1812 1519 R.
1836 1491 1878 1532 p.
1902 1481 1997 1520 24⁴.
2019 1481 2082 1522 Cf.

1206 1542 1313 1592 Epp.
1336 1542 1373 1589 4,
1395 1542 1432 1589 4,
1452 1541 1518 1580 58.
1552 1543 1616 1581 De
1643 1543 1970 1583 constructione
1989 1554 2087 1583 ver-

1205 1603 1249 1642 bi
1279 1604 1434 1642 censeri
1465 1603 1518 1643 cf.
1554 1604 1643 1644 Cic.
1668 1615 1710 1654 p.
1740 1603 1893 1644 Flacco
1916 1604 1982 1654 32,
2006 1605 2084 1645 80:

1209 1666 1378 1705 Voluisti
1415 1677 1616 1716 magnum
1652 1666 1748 1717 assri
1785 1667 1955 1706 modum
1988 1677 2086 1706 cen-

1205 1729 1299 1768 seri.
1334 1749 1357 1756 —
1391 1750 1414 1756 -
1444 1727 1594 1768 Census
1623 1739 1663 1767 es
1686 1733 1910 1778 praeterea
1937 1740 2087 1769 nume-

1205 1795 1326 1830 ratae
1361 1791 1566 1839 pecuniae
1595 1795 1757 1830 centum
1795 1792 1972 1842 triyinta
1999 1793 2082 1833 HS.

1204 1853 1336 1893 milia.
1383 1853 1573 1892 Externa
1604 1852 1719 1892 bona
1744 1852 1850 1893 dum
1871 1855 1952 1894 iste
1975 1865 2087 1894 enu-

1207 1917 1374 1964 merat,
1408 1926 1463 1954 ne
1495 1914 1634 1954 verbo
1656 1915 1839 1966 quidem
1869 1917 2006 1967 tangit
2026 1917 2089 1956 in-

1207 1978 1385 2028 genium
1418 1978 1461 2016 et
1490 1975 1736 2016 litterarum
1768 1977 1935 2028 studia,
1981 1989 2088 2030 pro-

1206 2041 1305 2091 pter
1336 2050 1449 2090 quae
1472 2038 1529 2078 ad
1548 2041 1754 2090 poemata
1778 2039 2087 2092 componenda

1208 2103 1337 2154 aptus
1381 2102 1448 2141 sit.
1511 2102 1725 2149 Quocirca
1770 2102 1975 2143 Horatius
2005 2102 2089 2142 ho-

1208 2164 1313 2204 mini
1334 2174 1449 2203 vano
1481 2174 1568 2203 non
1589 2163 1858 2214 respondet,
1891 2164 1971 2204 sed
1992 2175 2088 2204 rur-

1209 2237 1284 2265 sus
1314 2226 1522 2265 Pisonem
1552 2223 1800 2276 alloquitur.

1263 2286 1463 2327 385-390.
1516 2288 1573 2326 Tu
1603 2287 1706 2339 cet.]
1742 2288 1828 2327 «Tu
1857 2299 1964 2327 vero
2000 2286 2087 2328 noli

1208 2351 1394 2390 istorum
1425 2348 1578 2389 similis
1610 2360 1734 2398 esse;
1782 2351 1977 2401 primum
2008 2361 2088 2390 ex-

1208 2410 1331 2463 plora
1374 2412 1417 2450 te
1463 2411 1633 2461 ipsum,
1679 2412 1829 2451 utrum
1867 2412 2087 2463 poeticam

1209 2472 1404 2513 indolem
1430 2472 1509 2512 tibi
1538 2472 1691 2524 largita
1721 2474 1777 2514 sit
1804 2476 1959 2514 natura
1980 2485 2089 2515 nec-

1210 2547 1288 2584 ne3
1329 2537 1425 2575 tum
1469 2534 1651 2575 consule
1695 2536 1907 2576 amicos.»
1943 2559 1987 2566 -
2019 2537 2088 2576 in-

1208 2599 1372 2637 vita——
1391 2597 1598 2649 Minerva]
1622 2597 1712 2638 Cic.
1732 2597 1787 2638 de
1810 2597 1931 2638 Offic.
1956 2599 1994 2648 4,
2015 2597 2084 2648 34,

1213 2660 1315 2699 44οε
1361 2660 1518 2710 invita,
1555 2663 1602 2699 ut
1630 2660 1769 2709 aiunt,
1801 2660 2014 2710 Minerva,
2045 2660 2090 2700 id

1210 2725 1291 2771 est,
1315 2722 1564 2761 adversante
1580 2725 1618 2761 et
1635 2725 1895 2773 repuqnante
1913 2725 2085 2762 natura.

1213 2785 1334 2832 Quae
1379 2783 1415 2824 si
1444 2793 1534 2823 non
1562 2782 1680 2822 favet
1708 2783 1935 2834 scriptoris
1966 2784 2089 2824 ince-

1210 2847 1311 2899 pto,
1344 2845 1599 2886 necessario
1630 2845 1750 2885 omni
1779 2855 1992 2886 successu
2012 2857 2089 2886 ca-

1213 2909 1295 2947 ret.
1323 2930 1367 2935 —
1392 2907 1499 2946 dices
1524 2906 1715 2958 faciesve]
1746 2907 1796 2945 V.
1822 2908 1929 2948 dices
1946 2907 2090 2948 refer-

1213 2971 1284 3009 tur
1303 2969 1584 3020 potissimum
1605 2968 1661 3008 ad
1681 2968 1819 3009 verba
1841 2980 2089 3022 eorumque

1215 3031 1611 3083 compositionem,
1671 3031 1800 3082 facies
1845 3032 1901 3072 ad
1948 3034 2091 3074 totum

1215 3104 1350 3145 opus,
1384 3092 1503 3144 quod
1535 3091 1713 3133 molitur
1743 3094 1945 3145 scriptor.
1973 3117 2015 3125 —
2044 3095 2092 3135 Id

1214 3155 1285 3195 tibi
1315 3156 1417 3208 cet.]
1454 3155 1744 3205 Frequentius
1773 3166 1855 3208 per
1882 3154 2086 3196 relativa:

1217 3217 1373 3268 «quod
1409 3219 1534 3256 tuum
1564 3217 1800 3266 iudicium,
1859 3228 1973 3268 quae
2016 3219 2090 3257 tua

1216 3290 1344 3319 mens
1375 3280 1468 3326 est;
1513 3289 1594 3330 pro
1624 3280 1699 3318 tuo
1729 3278 1916 3329 iudicio,
1948 3278 2090 3330 probe

1216 3342 1323 3381 mihi
1352 3343 1496 3380 noto.»
1525 3362 1568 3369 -
1595 3342 1665 3391 est]
1697 3341 1844 3381 Lectio
1863 3344 1947 3380 esto
1966 3351 2091 3381 mera

1217 3405 1285 3443 est
1314 3403 1566 3442 coniectura
1597 3404 1708 3443 Feae
1754 3400 1942 3453 (nullam
1971 3403 2090 3442 enim

1217 3464 1343 3504 affert
1373 3464 1720 3514 auctoritatem),
1755 3463 1998 3515 etquidem
2020 3463 2089 3504 in-
