2231 3787
886 251 981 290 LlB.
1017 252 1046 290 1.
1109 252 1218 290 ΒΧΓ.
1254 252 1319 290 lV.
1954 249 2018 299 79

263 383 364 448 Qui
405 381 620 453 nequit:
662 381 746 435 hic
773 381 925 452 niger
953 390 1058 443 est,
1101 381 1348 441 hunela,
1392 382 1650 440 Romane,
1695 388 1898 433 caveto.
1950 381 2016 431 313

263 485 438 555 Saepe
480 484 648 537 trihus
688 483 838 537 lectis
875 482 1062 536 videas
1103 499 1335 536 coenare
1375 490 1695 553 quaternos,

262 587 300 638 E
342 586 540 657 quihus
579 604 719 639 unus
760 594 902 639 amet
939 585 1131 656 quavis
1172 583 1504 655 adspergere
1545 591 1766 637 cunctos

258 690 480 741 Praeter
502 706 641 750 eum,
674 688 766 759 qui
792 687 1018 759 praebet
1038 704 1258 758 aquam3
1288 694 1410 757 post
1430 685 1571 739 hunc
1596 702 1816 756 quoque
1840 695 2012 756 potus,

260 789 485 843 Condita
524 807 647 844 cum
685 807 850 843 verax
889 789 1061 860 aperit
1098 787 1420 860 praecordia
1456 787 1631 841 Liber.

258 892 354 945 llic
394 892 485 945 tihi
526 892 695 945 comis
735 900 787 946 et
825 891 1064 945 urbanus
1103 890 1352 962 liberque
1390 889 1631 946 videtur.

259 994 454 1048 Infesto
494 994 676 1065 nigris.

1948 891 2015 940 90

753 995 888 1065 Ege,
933 994 975 1047 si
1016 993 1133 1049 risi,
1177 992 1325 1064 quod
1365 992 1577 1063 ineptus

255 1095 588 1149 Pastillos
627 1095 930 1149 Rufillus
970 1095 1136 1156 olet,
1181 1095 1576 1165 Gargonius
1616 1093 1902 1155 hircum,

291 1246 356 1285 87.
394 1247 499 1285 imus
529 1257 552 1285 e
586 1245 726 1285 Codd.
764 1246 910 1296 (etiam
943 1245 1136 1284 Pottierii
1167 1244 1321 1295 tribus)
1356 1245 1399 1284 F.
1449 1268 1482 1272 —
1525 1249 1634 1284 amet
1666 1256 1770 1284 cum
1804 1247 1956 1285 vetere

236 1307 465 1348 Blandinio
495 1307 742 1349 Bentleius:
790 1312 883 1347 avet
919 1307 1068 1359 bScdp
1111 1310 1153 1347 et
1183 1318 1360 1356 omnes,
1408 1309 1453 1346 ut
1492 1307 1692 1354 videtur,
1741 1309 1954 1356 Pottierii,

236 1372 342 1410 item
373 1372 549 1411 LCtFM.
597 1395 640 1399 —
689 1372 756 1411 88.
793 1371 863 1421 qui
889 1371 1081 1421 praebet,

1131 1382 1246 1419 aqua
1286 1370 1610 1420 Pantagathus,
1659 1372 1871 1410 Muretus.
1909 1392 1956 1398 -—

237 1434 302 1473 92.
338 1434 575 1485 Goryonius
606 1434 832 1486 cdp,LCtF
867 1434 966 1484 (non
998 1433 1167 1483 bS‚m·).

181 1559 421 1599 Verissime
461 1558 704 1599 Bentleius:
756 1558 895 1607 «Quid
938 1560 1058 1607 tum,

180 1621 214 1661 si
259 1625 351 1660 avet
399 1623 676 1673 aspergere?
725 1621 854 1662 Modo
899 1631 1058 1672 reapse

180 1694 267 1722 non
297 1686 523 1735 aspergat,
565 1683 670 1723 nihil
703 1686 792 1732 est,
833 1696 910 1723 car
936 1684 1063 1723 comis

179 1750 215 1785 cl
233 1745 421 1786 urbanus
439 1746 621 1796 liberque
639 1748 848 1786 videatur.
889 1748 1059 1794 Quanto

179 1809 320 1848 maius
366 1810 409 1847 et
453 1809 798 1859 significantius,
854 1808 974 1859 quod
1018 1809 1058 1847 in

177 1873 328 1910 vetere
351 1869 578 1910 Blandinio
603 1873 759 1917 exstat,
791 1875 901 1910 amet
923 1882 1063 1920 asper-

176 1932 305 1984 gere?
334 1933 379 1972 id
410 1935 500 1981 est,
533 1934 686 1982 soleat,
720 1943 801 1984 pro
834 1944 922 1984 quo
954 1931 1060 1972 illud

181 2000 274 2035 avet
302 1994 561 2046 languidum
591 1995 720 2047 plane
743 1997 785 2035 et
808 1994 954 2035 debile
977 1997 1057 2036 est.

179 2058 291 2106 Quid
323 2057 443 2108 quod
475 2059 568 2109 ipsa
601 2059 870 2098 constructio
908 2058 1061 2108 requi-

178 2121 234 2159 rit
273 2120 456 2160 modum
503 2119 849 2160 subiunctivum.
916 2121 1061 2159 Videas

179 2185 418 2233 quaternos
449 2193 662 2232 coenare,
698 2194 720 2222 e
752 2182 914 2234 quibus
943 2193 1058 2222 unus

178 2249 330 2284 amet.»
392 2245 553 2285 Contra
575 2247 770 2285 Diintzer
789 2256 945 2285 rursus
966 2247 1061 2285 tue-

179 2310 249 2346 tur
279 2311 396 2346 avet:
449 2319 514 2346 «es
553 2308 782 2347 bezeichnel
811 2309 887 2347 das
914 2308 1061 2359 eifriqe

182 2369 426 2420 Verlangsen.
489 2370 575 2408 Sat.
610 2370 653 2417 l,
695 2371 740 2416 11,
775 2369 840 2409 94.
883 2371 1056 2409 Lucret.

179 2433 224 2480 3,
262 2432 410 2471 1096.»
471 2433 583 2470 Sane
615 2432 778 2471 mirum
810 2433 897 2479 est,
932 2433 995 2470 tot
1016 2431 1059 2470 in

179 2493 318 2534 Codd.
353 2494 494 2533 rarius
525 2492 716 2533 verbum
747 2492 914 2544 volgari
950 2492 1059 2532 suh-

178 2557 378 2596 stitutum
423 2567 549 2603 esse3
600 2555 806 2595 videlicet
850 2557 934 2595 hoc
980 2554 1059 2595 illis

177 2618 466 2658 tribuendum
497 2620 585 2667 est,
620 2619 694 2669 qui
715 2618 831 2658 hanc
851 2630 892 2659 v.
914 2629 1061 2657 amare

179 2681 545 2732 significationem
566 2692 725 2733 parum
747 2683 950 2721 nossent:
984 2692 1061 2720 ve-

177 2754 278 2783 rum
308 2746 429 2794 quis,
464 2754 656 2794 quaeso,
690 2742 882 2794 probare
913 2744 1060 2794 potest

179 2806 540 2846 consecutionem
571 2807 699 2846 istam
730 2804 967 2845 modorum
992 2806 1059 2844 vi-

179 2869 275 2907 deas
294 2891 316 2896 —
335 2891 358 2897 -
380 2873 473 2907 avec
513 2879 594 2919 pro
632 2869 745 2908 vides
764 2891 787 2897 —
807 2891 830 2897 —
851 2872 945 2907 avet
987 2866 1055 2907 vel

177 2931 318 2969 videas
337 2953 359 2958 -
374 2952 397 2958 -
418 2931 566 2969 aveat?
592 2953 636 2958 -
661 2930 821 2982 quavis]
844 2941 932 2969 non
953 2940 1059 2978 qua-

177 2991 239 3030 vis
275 3002 410 3040 aqua,
455 2993 505 3030 ut
544 2990 636 3031 volt
678 2993 783 3041 Fea,
831 2991 912 3032 sed
957 2993 1052 3031 est:

182 3069 201 3089 «
221 3054 374 3103 quavis
428 3054 621 3102 ratione,
679 3054 814 3094 modo
870 3054 1053 3103 festive,

181 3114 314 3154 modo
351 3113 603 3166 petulanter
633 3126 684 3154 ac
714 3116 938 3163 rustice;»
984 3127 1052 3167 pr.

179 3177 308 3216 nach
346 3177 609 3228 jeylicher
654 3178 906 3229 Richtuny
953 3179 1052 3217 hin.

182 3238 336 3278 Catull.
370 3238 450 3288 40,
484 3240 530 3279 6:
579 3239 794 3288 Quidvis?
837 3250 923 3289 qua
952 3240 1059 3280 lubet

181 3311 263 3340 esse
290 3305 411 3340 notus
446 3300 593 3351 optas?
636 3301 709 3349 76,
744 3300 816 3341 44:
862 3302 937 3341 hoc
973 3313 1058 3351 qua

181 3363 288 3402 lubet
328 3364 497 3416 efficias.
533 3387 576 3392 -—
611 3363 872 3414 adspergere]
906 3362 1058 3403 «salsis

183 3423 310 3465 dictis
340 3437 525 3477 carpere
548 3427 592 3465 et
610 3424 859 3465 vellicare.»
899 3425 1054 3476 Script.

184 3485 240 3524 ad
276 3487 376 3526 Her.
416 3487 460 3537 4,
508 3487 584 3535 49,
632 3487 697 3526 62.
738 3486 793 3526 de
838 3484 1057 3527 maledico

1126 1557 1325 1598 rabioso:
1373 1559 1722 1608 circumspectans
1741 1558 1819 1597 hac
1840 1563 1875 1598 el
1896 1559 2009 1602 illuc,

1124 1622 1158 1659 si
1199 1632 1318 1671 quem
1351 1622 1555 1671 reperiat,
1601 1621 1668 1660 cui
1708 1621 1868 1670 aliquid
1908 1623 2013 1661 mali

1124 1683 1318 1734 faucibus
1367 1684 1539 1735 afflare,
1592 1695 1711 1733 quem
1762 1695 1832 1722 ore
1879 1685 2012 1723 attin—

1124 1757 1242 1797 gyere,
1287 1745 1474 1785 (lentibus
1509 1746 1716 1794 insecarc,
1759 1746 1901 1797 linqua
1938 1748 2012 1785 acl-

1124 1820 1316 1859 spergyere
1340 1809 1483 1858 possit.
1548 1810 1636 1847 Cic.
1662 1808 1718 1847 ad
1740 1809 1859 1848 Fam.
1886 1809 1932 1857 6,
1967 1809 2004 1851 6,

1125 1871 1170 1911 9;
1204 1872 1274 1910 Ea:
1303 1871 1444 1910 eodem
1471 1871 1583 1922 fonte
1601 1882 1642 1910 se
1671 1871 1920 1910 hausturum
1942 1871 2009 1910 in—

1124 1933 1269 1984 telliyit
1298 1933 1441 1972 laudes
1469 1944 1587 1981 suas,
1621 1944 1640 1972 e
1672 1944 1751 1983 qao
1781 1934 1832 1972 sit
1863 1934 2004 1972 leviter

1125 1997 1358 2046 adspersas.
1419 1997 1552 2035 Tacit.
1588 1996 1695 2035 Hist.
1732 1997 1777 2045 ¹1,
1811 1995 1887 2036 48:
1925 2007 2009 2034 ser-

1126 2059 1198 2097 vili
1219 2059 1409 2109 -probro
1430 2070 1640 2108 respersus
1660 2063 1730 2098 esc.
1774 2057 1911 2098 Plaut.
1937 2059 2011 2097 Ci-

1125 2120 1238 2161 stell.
1265 2122 1280 2161 4
1304 2153 1312 2171 ,
1348 2123 1362 2160 4
1387 2153 1395 2169 ,
1430 2121 1496 2161 36.
1533 2121 1587 2161 de
1609 2121 1820 2160 matronis
1852 2122 1895 2160 in
1919 2132 2011 2160 me-

1123 2184 1308 2223 retrices
1340 2183 1588 2223 dicacibus:
1634 2184 1751 2223 Clam
1780 2184 1814 2222 si
1844 2184 2009 2222 occasio

1122 2258 1301 2296 usquam
1330 2251 1406 2296 est,
1439 2246 1603 2296 Aquam
1621 2246 1825 2297 frigidam
1845 2246 2010 2285 subdole

1123 2310 1380 2360 suffundam.
1456 2310 1524 2348 Sic
1571 2310 1641 2348 Gr.
1692 2306 1883 2348 πλύνειν
1928 2319 2009 2358 pro

1125 2369 1373 2427 λοιδορεῖν.
1421 2394 1464 2398 ——
1507 2371 1576 2419 qui
1615 2371 1788 2419 praebet
1831 2370 2004 2421 aquam]

1126 2434 1280 2474 festiva
1323 2433 1632 2472 extenuatione
1676 2443 1757 2483 pro
1799 2433 2010 2471 conxiva-

1126 2498 1242 2545 tore,
1277 2496 1527 2546 quasivero
1546 2493 1648 2533 nihil
1672 2493 1790 2533 aliud
1818 2495 1852 2534 is
1874 2505 2009 2546 prae-

1124 2558 1254 2597 beret
1283 2557 1365 2597 nisi
1397 2567 1561 2607 aquam
1592 2557 1753 2607 partim
1781 2556 1837 2595 ad
1867 2556 2007 2607 pedes

1124 2619 1336 2659 lavandos
1372 2618 1530 2669 (plaut.
1569 2620 1689 2658 Pers.
1728 2619 1777 2666 5,
1830 2619 1875 2666 2,
1926 2617 2004 2657 tl:

1123 2683 1243 2721 Ferte
1279 2691 1437 2730 aquam
1466 2681 1651 2730 pedibas.
1713 2680 1897 2720 Praeben
1936 2683 2005 2728 la,

1116 2743 1313 2796 paere?),
1346 2744 1509 2795 partim
1532 2744 1575 2782 et
1605 2742 1807 2793 frigidam
1830 2744 1874 2782 et
1895 2740 2008 2781 cali-

1123 2807 1228 2847 dam
1249 2798 1306 2846 ad
1335 2805 1599 2845 bibendum.
1663 2806 1750 2844 Sat.
1775 2805 1821 2853 2,
1846 2805 1892 2852 ⁶2,
1926 2804 2001 2844 68:

1120 2881 1193 2909 nec
1229 2870 1287 2908 sic
1324 2873 1370 2908 at
1405 2868 1581 2918 simplex
1618 2868 1802 2907 Naevius
1837 2871 2008 2906 unctam

1122 2932 1312 2972 Convivis
1338 2930 1550 2981 praebebit
1579 2941 1750 2979 aquam.
1801 2952 1846 2957 ——
1888 2925 2003 2979 post]

1123 2995 1347 3045 «postea»
1369 3015 1413 3020 —
1432 3003 1568 3032 verax
1583 3014 1606 3020 —
1621 3014 1644 3020 -
1659 2990 1794 3042 Liber]
1818 2991 2003 3030 Theocr.

1120 3056 1195 3105 29,
1231 3056 1279 3094 4:
1313 3051 1477 3104 Οἱνος,
1510 3047 1550 3092 a?
1580 3053 1691 3104 φίλε
1722 3056 1832 3101 παῖ,
1885 3050 2008 3105 λέγε-

1119 3129 1195 3157 ται
1226 3117 1307 3157 καὶ
1342 3112 1542 3156 ἀλάθεα.
1608 3116 1670 3156 Cf.
1705 3115 1888 3165 Diogen.
1921 3116 2007 3154 Pa-

1120 3190 1262 3219 roem.
1297 3180 1346 3226 7,
1380 3178 1446 3218 28.

1176 3239 1378 3280 90-404.
1440 3240 1565 3288 liber]
1616 3232 1998 3294 παῤῥησιαστής.

1123 3302 1246 3343 Conf.
1281 3314 1321 3341 v.
1357 3302 1450 3341 432.
1489 3324 1533 3330 —-
1555 3301 1704 3351 Infeslo
1726 3299 1871 3350 myris]
1901 3299 2003 3348 «qui

1123 3363 1232 3404 dicis
1261 3365 1304 3403 te
1334 3364 1480 3404 odisse
1512 3362 1754 3402 malitiosos
1772 3363 1903 3411 atque
1925 3361 2006 3398 im—

1123 3425 1336 3477 probos.»
1382 3448 1426 3454 —
1475 3424 1691 3472 Pastillos]
1733 3423 1900 3462 Versus
1929 3432 2005 3460 re-

1122 3488 1284 3538 petitus
1335 3498 1386 3526 ex
1443 3487 1529 3526 Sat.
1580 3488 1593 3524 4
1619 3518 1626 3534 ,
1678 3486 1726 3530 2,
1778 3485 1844 3523 27.
1902 3485 2002 3522 ante
