2231 3787
858 276 952 315 ΗΒ.
988 276 1035 315 11.

1099 276 1210 315 sAT.
1247 276 1311 315 ιιι.
1902 278 1993 330 <241

267 405 490 475 «Accipe
531 406 674 476 qnod
718 423 989 477 nunquam
1031 406 1227 459 reddas
1269 405 1391 459 mihi
1416 431 1455 466 υ,
1501 408 1540 458 si
1586 408 1673 460 tibi
1719 409 1914 471 dicam,

264 507 409 559 Tune
453 507 672 560 insanus
713 508 847 566 eris,
892 508 933 560 si
976 507 1292 578 acceperis?
1332 525 1396 560 an
1439 509 1605 579 inagis
1647 526 1836 563 excors

261 607 475 661 Reiccta
516 609 740 678 praeda.
784 626 945 681 quani
986 626 1243 680 praesens
1285 610 1580 662 Mercurius
1621 610 1756 663 sert?

246 701 451 762 ¹Scribe
492 709 682 763 decem
723 728 752 762 a
793 711 978 768 Nerio;
1021 728 1123 764 non
1166 719 1247 763 est
1286 711 1444 763 satis:
1488 710 1626 764 adde
1671 712 1888 766 Cicutae

261 810 461 863 Nodosi
504 810 709 863 tabulas
749 820 985 870 centum,
1029 811 1169 865 inille
1210 811 1348 865 adde
1388 822 1635 865 catenas:
1939 816 2006 866 70

266 910 491 981 Effugiet
531 922 704 965 tamen
746 912 878 966 haec
918 913 1212 967 sceleratus
1252 913 1461 967 vincula
1503 916 1742 969 Proteus.

300 1062 366 1100 67.
406 1063 504 1101 Tum
533 1062 714 1103 Bentleii
746 1074 909 1114 operae
940 1063 1119 1103 Ainstel.
1161 1087 1202 1091 ——
1251 1065 1315 1102 titi.
1351 1076 1375 1102 a
1409 1075 1584 1104 erasum
1618 1066 1658 1104 in
1691 1068 1716 1103 S
1748 1067 1951 1107 omittunt

249 1122 427 1164 Aldinae
461 1128 502 1164 et
535 1124 678 1164 Schol.
716 1126 849 1165 Persii
881 1126 919 1165 ε2.
956 1125 1020 1165 14.

192 1266 375 1307 compos
421 1260 488 1297 est
539 1258 632 1298 eius
683 1257 889 1297 creditor.
966 1258 1068 1296 Esto

190 1318 336 1357 hocf»
385 1318 426 1357 id
465 1323 559 1359 est:
610 1319 946 1359 «Concedamus
991 1318 1069 1358 ali-

192 1381 450 1432 quantisper
480 1382 747 1422 creditorem
785 1381 903 1421 illum
937 1392 1069 1433 sape—

192 1453 264 1491 re3
311 1454 468 1482 verum
499 1455 601 1484 mox
630 1443 921 1496 probabimus
954 1445 1069 1484 hunc

189 1505 335 1556 ipsum
365 1506 504 1556 magis
535 1507 667 1546 etiam
703 1507 894 1547 insanire
936 1517 1069 1558 quam

190 1568 554 1619 Damasippum.»
577 1567 779 1620 Plerique
801 1571 901 1620 post
917 1580 958 1608 v.
977 1580 1067 1608 cre-

189 1631 300 1670 ditor
319 1631 492 1681 signum
523 1631 874 1682 interrogationis
904 1641 1070 1683 posue—

190 1695 313 1741 runt,
347 1705 435 1745 quo
458 1692 616 1734 clarius
638 1694 960 1745 significarent,
985 1695 1068 1733 hac

191 1755 246 1795 de
278 1766 324 1795 re
356 1756 603 1807 sapientem
633 1756 925 1796 vehementer
944 1755 1070 1795 dubi-

192 1820 300 1857 tare.
324 1817 490 1857 Verum
507 1811 750 1868 ἀντίθεσις
772 1818 936 1857 directa
955 1818 1069 1857 inter

190 1891 260 1918 vv.
282 1878 348 1920 64.
375 1880 498 1919 et65
532 1881 684 1931 utique
716 1881 858 1932 aptior
876 1879 1065 1919 videtur.

245 1941 390 1981 67-70.
421 1943 571 1994 massis]
605 1943 818 1994 «potius.»
869 1943 938 1982 Sic
973 1953 1070 1981 ma-

188 2005 252 2055 yis
294 2014 421 2053 quam
463 2014 543 2055 pro
588 2004 886 2056 frequentiore
930 2005 1072 2054 potius

191 2076 319 2114 quam
348 2066 465 2105 haud
497 2077 596 2106 raro
617 2067 732 2118 apud
756 2068 939 2106 Livium.
981 2066 1067 2106 Cfr.

191 2127 318 2167 fabri
362 2128 418 2168 ad
458 2127 551 2168 Lib.
596 2129 670 2177 24,
712 2129 750 2168 5.
799 2152 843 2157 -
883 2129 1069 2182 Reiectus]

193 2189 492 2241 «repudiata»
546 2213 588 2218 —
631 2190 848 2242 praesens]
893 2192 1071 2242 «propi-

193 2252 321 2290 tius.»
395 2251 516 2292 Conf.
567 2253 654 2292 Sat.
696 2253 745 2301 2,
799 2253 848 2300 2,
906 2253 972 2293 -l-l.
1023 2275 1066 2281 ——

191 2314 426 2352 Mercurius
453 2315 597 2354 omnis
626 2313 736 2354 lucri
768 2315 918 2364 dator,
951 2315 1069 2355 unde

193 2388 216 2414 a
271 2376 449 2417 Graecis
506 2378 691 2417 vocatur
744 2372 921 2434 Ἑρμῆς
976 2377 1071 2434 ἐρι-

193 2434 384 2488 ούνιος,
440 2435 660 2496 κερδῷος.
706 2460 748 2466 -
788 2440 927 2479 Scribe
967 2440 1069 2492 cet]

194 2500 495 2547 Creditorem,
531 2501 570 2539 id
603 2501 721 2552 quod
752 2501 891 2552 probe
914 2505 1070 2541 notan—

193 2561 300 2601 dum
331 2565 417 2610 est,
456 2574 541 2602 non
572 2563 844 2612 debitorem,
879 2564 946 2603 liis
974 2575 1073 2603 ver-

192 2624 260 2665 bis
299 2623 545 2676 alloquitur.
622 2627 762 2665 «Cura
808 2625 1068 2667 scribendas

192 2685 268 2725 tibi
326 2698 350 2726 a
407 2687 608 2727 debitore
673 2687 832 2727 decem
900 2687 1070 2728 tabulas

193 2748 866 2800 (Schulclschcinsormcln)‚
916 2749 1069 2801 quales

191 2824 214 2850 a
246 2812 398 2861 Nerio,
432 2812 599 2852 famoso
630 2811 741 2853 illius
775 2815 987 2865 temporis
1011 2814 1071 2854 se-

193 2876 421 2920 uenatore,
451 2875 592 2913 morte
615 2875 850 2925 coniugum
871 2874 1070 2926 locuple-

193 2937 282 2974 tato
304 2934 461 2985 (Schol.
482 2935 536 2975 ad
558 2938 679 2976 Pers.
704 2938 790 2976 Sat.
816 2937 860 2985 2,
888 2937 970 2986 lli.)
1001 2937 1070 2976 di-

195 2997 301 3036 ctari
347 2995 489 3036 solent
544 2996 844 3047 debitoribus,
909 2997 1066 3050 plenae

195 3058 491 3098 cautionum.»
527 3081 570 3087 —-
613 3071 642 3098 a
674 3060 816 3110 Nerio]
858 3060 1064 3110 dictatas,

193 3122 241 3159 ut
271 3120 360 3159 Cic.
399 3119 454 3158 ad
492 3121 574 3159 Att.
615 3120 691 3169 46,
723 3122 772 3171 7,
803 3122 856 3161 7:
901 3122 1070 3162 Antonii

192 3182 368 3221 edictum
409 3181 488 3232 legi
526 3192 553 3220 a
593 3181 725 3222 Bruto
767 3183 1064 3235 (acceptum).

193 3241 394 3283 Formula
417 3243 566 3282 autem
584 3243 698 3283 haec
719 3247 836 3284 erat:
869 3246 914 3285 L.
943 3246 1068 3285 Titius

193 3305 338 3354 scripsi
355 3315 420 3343 mc
440 3304 644 3355 accepisse
658 3315 685 3343 a
704 3305 746 3344 Ρ.
764 3307 928 3346 Maeuio
949 3308 1068 3356 quin-

193 3366 322 3406 decim
349 3370 496 3406 mulua
515 3370 738 3406 numerata,
756 3367 856 3406 mihi
881 3368 929 3407 cle
947 3369 1067 3408 domo

197 3427 253 3478 (id
283 3430 370 3477 est,
403 3439 455 3469 ex
486 3439 610 3477 arca,
649 3439 736 3468 non
768 3440 790 3467 a
823 3439 978 3469 mensa
999 3441 1068 3470 ar-

195 3490 405 3540 gentarii).
468 3490 644 3530 Tabulas
673 3493 821 3530 autem
852 3501 954 3530 cum
984 3502 1068 3532 nu-

335 3566 487 3604 Honixr.
515 3576 604 3603 vor..
635 3567 676 3603 ΙΙ.
729 3577 791 3605 ει).
820 3576 903 3603 sm.
933 3566 989 3603 111.

1134 1260 1273 1296 meret
1298 1259 1453 1303 decem,
1488 1264 1671 1305 (faulum,
1708 1271 2005 1313 nequaquam.

1132 1322 1180 1358 ut
1209 1319 1361 1358 volunt
1405 1319 1496 1363 alii,
1545 1323 1778 1371 significari
1823 1328 2011 1375 possunt

1134 1380 1308 1421 tabulae
1341 1383 1510 1434 accepti
1551 1386 1591 1422 et
1633 1386 1837 1436 expensi,
1883 1387 2012 1425 Rech-

1132 1444 1389 1495 nunysbuch,
1437 1456 1525 1496 quo
1558 1445 1738 1496 quidem
1776 1446 2011 1488 inclinabat

1132 1507 1260 1546 Beier
1279 1506 1335 1546 ad
1357 1508 1446 1547 Cic.
1467 1507 1588 1548 Osiic.
1609 1510 1732 1549 Tom.
1759 1511 1806 1549 ll.
1833 1521 1875 1561 p.
1896 1511 2007 1551 ⁵285:

1132 1580 1288 1609 verum
1320 1569 1552 1610 manifesto
1594 1573 1695 1611 sunt
1735 1573 2013 1624 syngrapha—

1133 1642 1232 1671 rum
1264 1631 1476 1672 formulae
1509 1644 1645 1684 quam
1676 1635 1867 1675 maxime
1893 1636 2015 1675 certis

1132 1697 1167 1732 cl
1197 1693 1458 1734 sollemnibus
1483 1695 1617 1734 verbis
1646 1696 1788 1746 (Gaius
1826 1698 1864 1746 l,
1900 1698 2011 1749 41¹2.)

1134 1757 1429 1806 compositae,
1496 1757 1742 1796 cuiusmodi
1801 1757 2013 1809 plurimas

1135 1818 1433 1867 excogitarant
1473 1819 1628 1858 Nerius
1659 1820 1701 1857 et
1733 1819 1909 1869 Cicuta,
1958 1831 2013 1860 ne

1134 1878 1359 1920 debitores
1381 1879 1646 1920 solutionem
1680 1892 1874 1932 unquam
1905 1882 2014 1922 sub—

1136 1940 1356 1992 terfugere
1397 1944 1592 1993 possent.
1662 1943 1743 1991 Qui
1783 1955 1888 1983 vero
1927 1956 2014 1984 non

1135 2004 1225 2042 tam
1281 2003 1491 2044 formulas
1541 2015 1675 2055 quam
1735 2007 2013 2058 syngraphas

1134 2065 1253 2116 ipsas
1275 2068 1598 2117 exposuerunt,
1645 2066 1762 2105 haud
1802 2069 1906 2108 satis
1938 2080 2017 2108 co-

1135 2127 1324 2178 gitarunt
1352 2129 1482 2169 unius
1514 2127 1650 2168 debiti
1683 2140 1769 2169 non
1800 2129 1898 2181 plus
1929 2142 2013 2170 una

1136 2200 1235 2229 esse
1279 2201 1412 2241 posse
1459 2192 1726 2242 syngrapha.
1790 2193 2015 2243 (Ceterum

1133 2253 1286 2292 Nerius
1306 2254 1554 2304 quaestoris
1575 2253 1734 2294 urbani
1765 2266 1927 2295 nomen
1950 2260 2017 2297 est

1134 2315 1178 2354 in
1209 2316 1416 2355 nummis.
1469 2316 1614 2355 Riccio
1643 2318 1699 2356 M.
1726 2317 1770 2356 F.
1793 2319 1838 2357 R.
1865 2329 1906 2368 p.
1931 2318 2014 2368 61.)

1139 2398 1183 2404 -
1207 2376 1374 2416 Cicutae
1403 2377 1569 2428 Nodosi]
1608 2377 1803 2417 Perillius
1827 2380 1880 2429 (v.
1907 2380 2010 2428 75),

1136 2437 1204 2475 cui
1239 2439 1423 2489 propter
1451 2439 1738 2490 asperitatem
1770 2443 1810 2479 ct
1851 2442 2016 2480 amari-

1136 2498 1334 2539 tudinem
1385 2511 1630 2551 cognomen
1683 2504 1777 2541 erat
1822 2502 2012 2551 Cicutae,

1135 2561 1359 2601 fenerator
1381 2563 1550 2601 cautior
1571 2563 1703 2602 etiam
1727 2564 1878 2612 Nerio,
1904 2575 2016 2615 qua-

1136 2626 1316 2675 propter
1345 2626 1528 2664 vocatur
1549 2627 1747 2674 nodosus,
1784 2627 1883 2677 «qui
1907 2627 2017 2678 opti-

1134 2696 1206 2725 mc
1238 2685 1366 2726 callet
1398 2686 1537 2726 nodos
1570 2689 1611 2726 et
1652 2686 1835 2738 laqueos
1866 2687 2012 2739 legum

1134 2758 1186 2787 ac
1209 2748 1497 2788 formularum
1521 2750 1625 2789 iuris
1649 2749 1827 2790 civilis.»
1861 2752 2010 2791 iuven.

1133 2810 1183 2858 8,
1217 2811 1291 2849 5οῑ
1328 2811 1406 2860 Qui
1436 2811 1542 2850 iuris
1572 2813 1698 2851 nodos
1717 2816 1752 2851 el
1783 2813 1918 2864 lcgyum
1939 2824 2013 2852 ac-

1131 2872 1322 2922 uiqmala
1354 2873 1500 2911 solvat.
1530 2897 1572 2900 —
1598 2874 1784 2926 calenas]
1819 2873 2011 2926 intellige

1133 2933 1187 2973 de
1221 2934 1378 2974 iisdem
1411 2935 1689 2975 cautionibus
1726 2936 1843 2975 iuris.

1187 2997 1253 3036 71.
1278 2998 1344 3036 72.
1378 2997 1612 3049 sceleratus]
1634 3000 1871 3049 propterea
1893 2998 2012 3049 quod

1130 3059 1350 3099 sexcentis
1397 3058 1541 3099 modis
1593 3058 1868 3099 consultores
1916 3059 2012 3100 elu—

1131 3120 1279 3161 debat.
1342 3121 1478 3160 Petita
1511 3124 1575 3161 cst
1608 3122 1750 3171 imago
1774 3133 1825 3160 ex
1847 3120 2006 3172 Odyss.

1129 3179 1174 3231 δ,
1199 3181 1277 3222 455
1299 3193 1417 3233 sqq,
1449 3182 1525 3222 ubi
1556 3181 1778 3223 Menelaus
1801 3185 2008 3223 Proteum

1128 3243 1312 3284 vinculis
1353 3244 1531 3284 tandem
1573 3245 1742 3284 iniectis
1782 3246 2008 3283 vaticinari

1131 3306 1213 3346 sibi
1245 3305 1391 3356 adigit.
1453 3307 1557 3345 Tota
1599 3308 1747 3346 autern
1789 3306 2005 3345 sententia

1129 3368 1240 3407 haec
1272 3370 1361 3407 est:
1398 3367 1502 3409 «Ubi
1533 3371 1734 3407 mutuam
1767 3366 1892 3405 dabis
1924 3367 2005 3406 de—

1129 3429 1258 3469 bitori
1289 3440 1471 3481 prorsus
1504 3430 1618 3479 inopi
1647 3427 1867 3478 simulque
1889 3430 2006 3468 astu-

1129 3492 1300 3532 tissimo
1323 3492 1579 3542 pecuniam,
1604 3488 1706 3530 nihil
1728 3490 1905 3530 omnino
1930 3489 2005 3530 tibi

1679 3568 1717 3603 16
