2231 3787
780 316 876 355 l.lB.
913 317 940 353 l.

1005 314 1166 354 EplsT.
1201 313 1306 353 xlv,

1855 309 1945 360 2511

212 451 542 503 Disiunctum
577 464 735 501 curas
774 454 828 499 et
866 445 1062 498 strictis
1100 443 1378 496 frondibus
1418 442 1630 513 exples,

209 550 367 603 Addit
404 567 540 620 opus
581 550 732 619 pigro
773 548 944 607 rivuS‚
988 546 1030 599 si
1072 544 1270 599 decidit
1309 543 1503 598 imber.

210 651 369 704 Multa
408 651 547 704 mole
587 649 864 702 docendus
904 648 1085 719 aprico
1125 663 1350 718 parcere
1390 654 1559 716 prat0.
1891 645 1958 696 30

209 755 360 806 Nunc
399 770 525 824 age,
567 751 697 822 quid
737 759 977 804 nostrum
1020 757 1337 803 concentum
1376 747 1602 808 dividat,
1646 745 1786 799 audi.

209 855 381 918 Quem
423 863 610 907 tenues
649 852 885 906 decuere
925 860 1079 921 togae
1120 849 1380 920 nitidique
1420 848 1617 919 capilli,

211 957 386 1021 Quem
425 955 529 1008 scis
571 955 861 1006 immunem
901 952 1125 1006 Cinarae
1167 951 1434 1021 placuisse
1475 950 1677 1021 rapaci,

199 1177 242 1182 —
268 1153 335 1193 30.
377 1152 582 1191 ducendus
611 1161 676 1202 pr.
718 1161 755 1189 c.
793 1172 835 1177 -
870 1149 948 1187 Vv.
982 1148 1033 1188 33
1056 1149 1099 1188 et
1121 1147 1186 1188 34.
1222 1147 1576 1199 transponendos
1606 1148 1810 1199 opinatus
1841 1148 1908 1186 est

194 1215 348 1254 Bothe.

142 1361 284 1402 lorum
315 1360 508 1401 civilium
539 1363 731 1401 terrores
753 1362 797 1399 et
825 1360 1017 1411 rapinas,

142 1424 304 1476 quibus
335 1435 463 1474 agros
491 1424 627 1463 satius
649 1425 743 1462 erat
763 1434 851 1462 non
873 1422 1019 1462 colere

142 1497 278 1538 quam
291 1485 430 1534 cultos
448 1484 621 1525 militari
639 1485 802 1524 ferocia
813 1485 1018 1524 vastari.»

141 1550 326 1588 Prorsus
372 1548 492 1587 enim
538 1547 822 1597 ignoramus,
869 1548 1021 1585 utrum

143 1609 303 1650 fundus
351 1608 420 1648 ille
467 1608 655 1648 Sabinus
704 1609 847 1648 avitus
893 1607 1023 1647 fuerit

142 1672 431 1719 Maecenatis,
479 1682 535 1711 an
577 1683 631 1710 ex
661 1670 913 1710 decoctoris
944 1669 1023 1709 ali-

143 1734 268 1772 cuius
309 1734 529 1781 sectione,
576 1744 632 1772 an
677 1744 728 1771 ex
774 1731 1021 1772 hereditate

144 1793 287 1845 aliqua
321 1794 376 1833 ad
399 1805 502 1834 eum
533 1794 812 1846 pervenerit,
847 1805 902 1834 an
924 1796 1024 1846 post

143 1857 511 1907 proscriptionem
534 1857 572 1895 ei
595 1858 843 1907 assignatus
865 1858 946 1904 sit;
979 1856 1024 1896 id

144 1918 263 1969 quod
293 1920 476 1970 propter
506 1917 631 1969 agelli
662 1919 799 1969 ipsius
830 1919 1024 1958 tenuita-

143 1983 235 2019 tem
265 1981 467 2020 omnium
498 1981 687 2020 maxime
728 1980 1022 2030 improbabile

145 2043 226 2081 est.
271 2043 505 2081 Praeterea
526 2043 613 2080 iam
635 2043 737 2081 ante
760 2041 1026 2081 decennium

146 2102 304 2143 saltem
334 2102 545 2142 Sabinum
576 2104 753 2143 Horatio
779 2104 1026 2143 donaverat

147 2165 338 2211 amicus,
378 2164 490 2204 adeo
530 2166 578 2203 ut
608 2164 680 2203 tali
711 2166 805 2205 eius
834 2165 1026 2204 vastitati

147 2226 406 2266 iamdudum
458 2225 637 2265 obviam
685 2227 747 2265 ire
811 2227 1028 2277 potuisset

147 2288 314 2327 domini
360 2286 518 2327 familia
564 2289 743 2328 rustica.
808 2288 1027 2338 Equidem

148 2351 404 2389 etiamnunc
425 2349 615 2401 intelligo
637 2361 764 2401 agros
781 2350 950 2401 aliquos
971 2349 1026 2389 ab

147 2413 241 2463 ipsa
285 2410 384 2450 villa
429 2413 711 2460 remotiores,
759 2411 1028 2463 aliquamdiu

149 2472 374 2525 neglectos
411 2485 462 2514 ac
494 2473 620 2514 malis
661 2474 812 2514 herbis
843 2474 1026 2521 obsitos,

150 2547 260 2586 quos
305 2536 486 2576 tandem
518 2535 736 2588 ligonibus
773 2536 1027 2588 purgandos

149 2597 330 2638 videbat
358 2597 527 2647 vilicus,
560 2600 642 2639 nisi
672 2611 695 2638 a
724 2598 919 2647 domino,
951 2597 1028 2637 ubi

150 2670 204 2699 ex
232 2659 343 2700 urbe
366 2660 641 2709 advenisset,
675 2663 816 2701 totum
842 2660 1028 2700 fundum

148 2713 436 2773 perreptante
461 2733 617 2763 severe
645 2722 881 2774 aliquando
904 2723 1032 2763 casti—

151 2783 242 2834 gari
261 2782 417 2831 vellet;
452 2795 556 2835 ergo
578 2785 680 2826 huic
703 2787 826 2837 operi
847 2787 1027 2834 rustico,

152 2855 259 2884 sane
290 2856 314 2884 a
344 2847 504 2887 ceteris
532 2849 673 2888 servis
694 2848 895 2895 adiutus,
929 2858 1029 2888 sese

154 2907 354 2956 accingit.
387 2907 511 2947 Ovid.
546 2919 599 2948 ex
624 2911 763 2949 Ponto
796 2911 840 2958 ⁴,
871 2909 921 2958 8,
951 2909 1026 2948 59;

153 2968 237 3006 Nec
266 2967 443 3007 dubitem
472 2969 604 3020 lonqis
618 2982 809 3022 purgare
828 2971 1032 3022 ligonibus

155 3040 276 3069 arva.
305 3049 348 3056 —
373 3031 525 3070 strictis
540 3032 769 3084 frondibus]
800 3034 918 3083 Virg.
938 3030 1028 3073 Ecl.

155 3091 195 3140 9,
220 3092 287 3131 60:
319 3092 398 3141 hic,
420 3093 490 3132 ubi
508 3094 655 3133 densas
671 3095 892 3146 Ayricolae
909 3096 1033 3134 strin-

153 3157 258 3205 9unt
284 3154 464 3204 frondes.
498 3155 604 3195 Cato
629 3157 677 3196 R.
701 3158 748 3196 R.
772 3159 812 3207 5,
845 3157 884 3197 8.
918 3158 1033 3196 inter

154 3214 270 3254 vilici
300 3215 443 3255 officia
472 3217 733 3256 nominatim
753 3217 838 3257 hoc
856 3228 1034 3258 memo—

156 3279 252 3317 rat:
299 3278 504 3317 Frondem
526 3277 804 3328 populneam,
834 3279 1030 3329 ulmeam,

158 3349 384 3388 quen-neam
411 3340 569 3379 caedito
580 3350 595 3386 ‚·
640 3340 746 3379 item
775 3339 851 3379 30:
897 3341 1036 3381 Bubus

157 3401 346 3451 frondem
373 3401 574 3450 ulmeam,
604 3401 876 3451 populneam,
908 3413 1034 3451 quer-

159 3474 303 3513 neam,
331 3464 575 3515 ficulneam,
606 3463 836 3512 usquedum
855 3462 1031 3513 habebis,

161 3527 273 3565 dato.
302 3549 346 3554 —-
370 3525 522 3576 emples]
569 3526 796 3572 «saturas,
843 3526 1032 3575 pascis.»

1087 1358 1150 1398 Cs.
1173 1359 1289 1408 Virg.
1316 1360 1471 1408 Georg.
1495 1357 1535 1407 3,
1558 1356 1652 1398 431.
1678 1359 1786 1396 Aen.
1806 1356 1846 1404 3,
1866 1355 1959 1396 630:

1083 1421 1271 1471 expletus
1299 1420 1488 1469 dapibus.
1515 1443 1559 1448 -
1592 1419 1714 1458 Addit
1739 1430 1840 1468 opus
1860 1418 1962 1469 cet]

1087 1484 1355 1522 «Praeterea
1372 1483 1488 1521 rivus
1517 1482 1753 1533 (Digentia;
1778 1480 1831 1520 cs.
1851 1481 1961 1531 Epp.

1087 1546 1130 1592 4,
1162 1545 1233 1591 ⁴8,
1274 1543 1382 1592 404.)
1428 1545 1529 1595 post
1571 1542 1739 1582 imbres
1785 1553 1966 1593 semper

1085 1605 1169 1645 alta
1201 1608 1244 1645 et
1274 1605 1400 1645 firma
1429 1606 1554 1654 mole,
1587 1603 1799 1657 χώματι,
1832 1614 1966 1654 agge-

1085 1668 1207 1708 ribus
1239 1668 1515 1708 coercendus
1548 1670 1635 1715 est,
1685 1679 1739 1707 ne
1781 1666 1967 1706 inundet

1086 1732 1210 1782 prata
1242 1730 1530 1769 adiacentia.»
1583 1729 1690 1768 Cato
1720 1730 1767 1767 R.
1793 1730 1839 1767 R.
1862 1729 1962 1767 455:

1087 1793 1189 1833 Cum
1218 1793 1364 1842 pluere
1406 1792 1593 1841 incipiet,
1636 1791 1846 1842 familiam
1873 1800 1968 1828 cum

1084 1856 1232 1907 ferreis
1260 1855 1438 1894 sarculis
1467 1854 1584 1893 exire
1609 1857 1790 1902 oportet,
1824 1852 1969 1890 incilia

1088 1918 1274 1967 aperire,
1309 1927 1467 1964 aquam
1487 1916 1684 1953 deducere
1702 1915 1747 1951 in
1767 1914 1860 1951 vias
1879 1914 1964 1952 cet.

1090 1979 1208 2016 «Hoc
1228 1978 1358 2027 igitur
1378 1987 1490 2027 opus
1511 1974 1640 2026 plane
1663 1975 1967 2014 necessarium

1089 2039 1313 2079 interdum
1344 2039 1475 2089 auget
1504 2036 1704 2076 laborem
1725 2038 1893 2075 tuum.»
1921 2059 1965 2063 —

1088 2102 1292 2141 docendus
1321 2099 1423 2151 cet]
1458 2099 1520 2140 Cf.
1544 2102 1592 2139 A.
1618 2101 1664 2138 P.
1688 2099 1764 2138 67:
1806 2097 1964 2144 aramis,

1088 2165 1245 2203 Doctus
1272 2164 1351 2202 iter
1378 2162 1536 2201 melius.

1145 2286 1292 2327 34-36.
1339 2287 1460 2325 Nunc
1489 2295 1567 2336 aye
1597 2285 1698 2334 cet]
1745 2285 1862 2324 «Iam
1892 2283 1968 2323 tibi

1092 2347 1343 2399 explicabo,
1393 2358 1473 2387 cur
1511 2358 1592 2397 ego
1622 2357 1697 2385 rus
1735 2348 1967 2396 tantopere

1093 2411 1292 2462 diligam,
1333 2411 1609 2461 quantopere
1648 2411 1691 2447 tu
1723 2420 1745 2447 a
1777 2409 1865 2446 vita
1893 2418 1971 2447 ru-

1093 2474 1199 2512 stica
1231 2472 1489 2511 abhorres.»
1517 2494 1561 2499 —
1590 2470 1842 2521 concentum]
1877 2471 1966 2510 Cic.

1093 2535 1148 2575 de
1179 2534 1300 2574 Offic.
1326 2536 1364 2582 ⁴,
1389 2533 1456 2581 40,
1481 2532 1580 2573 445:
1613 2534 1752 2572 maior
1772 2537 1807 2572 et
1826 2533 1972 2572 melior

1092 2598 1305 2636 actionum
1348 2607 1477 2646 quam
1517 2606 1715 2635 sonorum
1756 2599 1974 2634 concentus

1090 2663 1160 2699 est.
1195 2658 1334 2698 Codd.
1369 2657 1534 2708 aliquot
1569 2669 1592 2696 e
1637 2656 1767 2707 gloss.
1800 2667 1974 2696 consen-

1091 2733 1204 2769 sum;
1253 2721 1341 2760 mei
1376 2730 1532 2759 veram
1565 2718 1802 2759 lectionem
1847 2719 1973 2758 exhi-

1093 2783 1216 2824 bent.
1252 2807 1296 2812 —
1332 2784 1459 2832 Quem
1489 2786 1628 2821 tenues
1657 2781 1760 2832 cet.]
1807 2782 1883 2822 «Ut
1911 2785 1973 2820 te-

1094 2857 1194 2885 nues
1222 2850 1343 2896 t09ae
1375 2846 1543 2896 (oppos.
1567 2845 1718 2883 crassis
1748 2844 1834 2883 Sat.
1860 2844 1899 2891 4,
1930 2842 1969 2890 3,

1096 2908 1177 2956 45.)
1208 2907 1439 2946 hominum
1479 2904 1798 2956 elegantiorum
1830 2906 1970 2953 erant,

1095 2970 1150 3008 ita
1182 2969 1302 3008 nitidi
1331 2968 1473 3018 capilli
1503 2968 1528 3006 i.
1563 2979 1601 3007 e.
1629 2967 1867 3018 unguentis
1898 2966 1976 3005 de-

1095 3030 1220 3070 libuti
1250 3030 1488 3081 (odoratum
1508 3033 1635 3079 caput
1655 3030 1741 3068 Sat.
1760 3029 1801 3076 2,
1825 3029 1864 3076 7,
1888 3027 1971 3075 55.)

1096 3094 1440 3133 convivantium.
1488 3092 1612 3132 Ovid.
1644 3093 1693 3131 A.
1718 3093 1766 3130 A.
1791 3090 1836 3138 3,
1866 3089 1970 3130 443:

1095 3157 1180 3196 Nec
1222 3166 1344 3195 coma
1370 3165 1443 3194 vos
1469 3154 1594 3204 fallat
1620 3153 1783 3202 liquida
1809 3151 1975 3191 nitidis-

1095 3218 1204 3257 sima
1242 3218 1381 3257 nardo
1396 3227 1410 3263 ,·
1441 3238 1506 3245 --
1533 3217 1618 3256 Nec
1655 3219 1754 3266 toqa
1797 3213 1975 3261 decipiat

1094 3281 1164 3332 filo
1194 3279 1475 3320 tenuissima.»
1509 3279 1660 3318 OnnAn.
1691 3297 1735 3304 —-
1768 3276 1974 3315 Cinarae-

1094 3341 1260 3392 rapaci]
1294 3341 1440 3389 «Quae
1457 3339 1565 3379 alios
1580 3339 1802 3378 amatores
1819 3346 1974 3374 emun-

1097 3414 1202 3453 gere
1219 3401 1403 3450 solebat,
1423 3402 1525 3441 huic
1540 3411 1622 3452 per
1637 3399 1806 3438 memet
1825 3397 1973 3448 ipsum

1098 3465 1229 3503 etiam
1259 3465 1354 3503 sine
1385 3463 1512 3502 donis
1542 3459 1728 3511 placui.»
1774 3457 1973 3497 Eandem

1097 3525 1250 3564 bonam
1279 3525 1320 3573 (i.
1345 3535 1383 3562 e.
1409 3523 1590 3562 minime
1618 3519 1810 3569 avaram)
1842 3521 1974 3558 vocat
