2231 3787
834 362 931 401 LIB.
968 363 994 401 1.
1058 362 1220 401 EPIST.
1255 364 1341 402 xli.

1901 361 2001 412 497

245 494 403 547 Utere
443 492 700 563 Pompeio
741 491 986 561 Grospho
1027 501 1107 555 et,
1152 493 1193 545 si
1236 493 1368 564 quid
1406 501 1575 564 petet,
1618 493 1756 546 ultro

242 594 432 658 Defer3
474 593 544 645 nil
588 593 866 665 Grosphus
906 593 1008 647 nisi
1048 611 1238 648 verum
1279 594 1453 648 orabit
1492 604 1544 648 et
1582 611 1834 666 aequum.

243 694 368 749 Vilis
408 695 706 749 amicorum
747 705 829 749 est
868 713 1102 757 annona,
1155 696 1311 749 bonis
1351 696 1442 748 ubi
1483 695 1614 767 quid
1653 695 1821 750 deest.

240 799 315 850 Ne
354 806 534 850 tamen
574 798 813 868 ignores,
859 815 968 869 quo
1009 798 1075 851 sit
1114 801 1353 851 Romana
1391 797 1511 851 loco
1554 814 1669 850 res:

1936 797 2003 850 25

244 898 509 953 Cantaber
547 899 843 970 Agrippae,
888 899 1074 955 Claudi
1113 899 1308 953 virtute
1346 898 1572 953 Neronis

278 1074 345 1114 22.
363 1073 467 1123 petit
489 1074 578 1124 (sic)
602 1083 826 1124 superscr.
852 1085 898 1121 a,
923 1076 971 1112 ut
1001 1074 1056 1113 sit
1078 1077 1217 1122 petat,
1252 1071 1295 1112 d.
1334 1097 1377 1102 —
1402 1073 1468 1113 23.
1493 1074 1643 1114 orabat
1672 1087 1894 1128 superscr.
1920 1080 1934 1117 i

230 1139 270 1176 S.
308 1159 352 1165 —
386 1135 452 1176 ί24.
487 1137 587 1176 ἀθέι
617 1136 705 1186 (sic)
736 1136 950 1187 scriptum
984 1137 1079 1175 erat
1108 1136 1150 1174 in
1184 1135 1291 1175 Cod.
1324 1134 1521 1175 Blandin.
1560 1138 1880 1188 antiquissimo.

176 1286 281 1335 bus,
316 1297 449 1338 porro
481 1297 532 1325 ac
558 1285 813 1336 similibus),
846 1285 1056 1336 benigne,

176 1359 366 1399 quaeso,
413 1349 586 1400 recipe,
634 1359 769 1398 quem
814 1347 892 1387 tibi
933 1358 1060 1386 com-

175 1411 363 1459 mendo,
416 1412 668 1463 Grosphum
713 1411 899 1461 eiusque
950 1420 1059 1450 con-

177 1474 411 1514 suetudine
444 1474 586 1513 amice
617 1476 787 1513 utere.»
825 1496 869 1501 —
910 1472 1057 1525 pisces]

176 1536 318 1575 Etiam
337 1536 526 1587 piscium
546 1535 615 1575 vel
639 1546 797 1575 recens
824 1537 1059 1586 captorum

176 1597 245 1637 vel
275 1595 568 1653 ταριχευτῶν
600 1599 642 1637 in
668 1597 810 1637 Sicilia
839 1597 963 1636 vilius
982 1597 1062 1636 fuit

177 1661 397 1711 pretium;
445 1671 592 1711 neque
624 1671 752 1708 vero,
798 1661 846 1699 ut
877 1659 1059 1710 quidam

177 1723 258 1762 rati
303 1725 426 1770 sunt,
473 1735 514 1762 V.
550 1723 685 1773 pisces
724 1722 942 1774 significat
970 1721 1062 1761 lau-

179 1786 311 1825 tiores
356 1785 504 1833 cibos,
550 1797 728 1836 porrum
764 1790 800 1826 et
838 1797 962 1835 caepe
994 1787 1061 1834 (ex

179 1848 339 1899 quibus
378 1851 600 1888 moretum
632 1848 780 1899 fiebat)
820 1847 1061 1900 simplicio—

177 1922 265 1951 res.
326 1911 549 1963 Significat
576 1913 742 1951 Iccium
773 1912 933 1963 spretis
963 1910 1060 1950 lau-

178 1974 279 2013 titiis
327 1975 534 2014 Romanis
583 1975 734 2014 vivere
789 1976 1060 2013 Graecorum

178 2037 431 2076 tenuiorum
476 2048 616 2076 more.
692 2037 862 2076 Festive
909 2037 1060 2075 autem

179 2099 364 2137 trucidas
394 2098 717 2149 (abwuryst)
750 2098 806 2137 ad
837 2099 1061 2148 Pythagoss

179 2171 255 2199 rae
278 2162 321 2198 et
342 2159 623 2211 Empedoclis
645 2162 937 2207 sectatorem,
963 2159 1063 2198 Hie-

179 2232 275 2260 ron.
308 2220 400 2260 Lib.
424 2223 463 2260 ⁶2.
498 2221 597 2260 adV.
631 2222 840 2261 Iovinian.
872 2222 917 2260 T.
941 2221 981 2259 2.
1014 2231 1058 2272 p.

180 2283 275 2323 334.
299 2282 501 2323 Vallars.:
536 2283 721 2323 Probabo
750 2295 834 2322 non
854 2284 1062 2332 Empedo-

180 2345 254 2384 clis
282 2350 320 2385 et
337 2346 599 2397 Pythaqorae
629 2357 703 2385 nos
723 2347 876 2397 doyma
894 2345 1059 2393 sectari,

181 2409 253 2456 qui
292 2413 468 2458 propter
512 2408 899 2461 μετεμψύχωσιν
944 2418 1063 2447 omne

181 2472 291 2520 quod
331 2476 520 2510 movetur
553 2476 590 2510 et
619 2472 722 2510 vivit
751 2472 951 2510 edendum
979 2482 1063 2510 non

178 2537 354 2582 putant,
388 2537 425 2573 et
455 2534 633 2573 eiusdem
662 2534 850 2573 criminis
874 2544 966 2573 reos
987 2545 1063 2572 ar-

183 2593 418 2645 biti-antur,
465 2597 537 2645 qai
580 2596 753 2635 abietem
785 2607 1065 2646 quercumque

183 2657 453 2706 succiderint,
486 2659 604 2697 cuius
629 2659 875 2707 parricidae
905 2662 999 2697 sunt
1027 2661 1065 2696 et

181 2719 361 2769 venefici.
421 2720 545 2770 Diog.
578 2722 721 2760 Laert.
756 2721 804 2769 8,
838 2721 905 2759 77.
957 2720 1063 2759 Em—

183 2779 356 2830 pedocli
378 2779 595 2832 placuisse
619 2782 724 2822 dicit
743 2794 751 2821 :
783 2778 871 2834 τὴν
891 2778 1073 2834 ψυχὴν

185 2845 389 2881 παντοῖα
446 2841 545 2896 εἶ’δη
595 2842 728 2895 ζώων
771 2845 852 2884 καὶ
897 2842 1064 2894 φυτῶν

183 2901 452 2943 ἐνδύεσθαι.
500 2906 624 2957 Φησὶ
653 2904 771 2960 γοῦν
791 2919 800 2928 ·
822 2904 942 2959 ’Ἠδη
972 2904 1063 2963 γάρ

185 2965 286 3004 ποτ’
316 2961 406 3018 ἐγώ
438 2965 648 3020 γενόμην
672 2967 850 3026 κοῦρός
869 2982 920 3009 τε
939 2966 1062 3026 κόρη

185 3039 263 3066 τε·
313 3024 510 3078 Θάμνος
544 3031 583 3068 τ’
621 3028 793 3081 οἰωνός
821 3043 872 3070 τε
900 3032 984 3072 καὶ
1012 3029 1064 3084 ἐξ

186 3084 303 3139 ἁλὸς
344 3083 547 3140 οε-’λλοπος
594 3089 746 3142 ἰχθύς.
808 3093 894 3134 Cfr.
938 3096 1064 3134 Sturz

184 3163 229 3203 p.
266 3151 360 3192 484.
427 3152 637 3193 Ceterum
688 3155 840 3204 negari
882 3157 1061 3207 nequit,

186 3214 325 3254 iocosi
355 3212 522 3265 aliquid
551 3214 698 3254 inesse
728 3216 772 3254 in
800 3217 940 3257 verbo
971 3222 1065 3258 tru-

186 3275 320 3324 cidas,
365 3277 415 3315 ut
458 3285 562 3315 cum
598 3275 787 3316 Lucilius
827 3279 945 3328 apud
974 3281 1064 3319 No—

186 3338 310 3378 nium
339 3349 382 3390 p.
415 3337 511 3378 449.
571 3339 705 3379 Merc.
742 3338 868 3389 (Gerl.
900 3351 945 3391 p.
977 3341 1061 3393 88.)

188 3398 318 3440 dicit:
364 3401 552 3449 Durum,
594 3400 715 3439 molle
741 3412 868 3439 voras
882 3412 896 3448 ,·
939 3402 1064 3453 fray-

187 3465 327 3501 menta
353 3462 541 3513 interfici’
566 3463 708 3512 panis.
740 3486 784 3490 —
816 3463 942 3514 ultro]
972 3465 1065 3503 Ari-

189 3524 287 3563 stot.
319 3524 444 3564 Rhet.
468 3525 513 3574 2,
545 3524 593 3574 4,
617 3525 698 3565 29:
743 3520 983 3577 Ποιητικὰ
1013 3523 1063 3565 δὲ

190 3581 353 3634 φιλίας
381 3582 520 3644 χάρις
541 3587 624 3627 καὶ
642 3582 700 3627 τὸ
717 3582 787 3639 μὴ
809 3584 1063 3639 δεηθέντος

284 3660 436 3698 nonu.
463 3672 542 3699 von
582 3662 624 3699 ΙΙ.
677 3673 743 3702 ΕΙ).
771 3673 855 3700 MAI.
885 3662 944 3699 ΠΙ.

1124 1281 1329 1337 ποιῆσαι
1358 1284 1439 1324 καὶ
1460 1283 1516 1325 τὸ
1539 1283 1812 1339 ποιήσαντα
1830 1285 1899 1340 μη
1921 1287 2005 1342 ὁη-

1123 1344 1290 1386 λῶσαι.
1340 1371 1384 1375 —
1429 1347 1588 1399 verum]
1652 1350 1892 1389 «iustum.»
1941 1351 2003 1390 Cf.

1123 1410 1233 1461 Epp.
1269 1411 1316 1458 4,
1350 1410 1398 1459 7,
1433 1410 1500 1450 98.
1539 1433 1578 1440 -
1622 1412 1718 1450 Vilis
1748 1413 1851 1464 cet.]
1896 1415 2006 1452 Pro-

1122 1471 1329 1512 verbium
1358 1472 1553 1521 videtur,
1598 1474 1668 1512 cui
1700 1475 1899 1525 proxime
1931 1486 2008 1513 ac-

1125 1534 1243 1574 cedit
1270 1534 1473 1586 Xenoph.
1507 1536 1638 1575 Mem.
1664 1537 1711 1584 2,
1737 1537 1803 1585 40,
1827 1536 1875 1577 4;
1923 1535 2008 1577 νῦν

1122 1593 1202 1637 διὰ
1222 1594 1279 1637 τὰ
1303 1596 1562 1654 πράγματα
1581 1599 1779 1650 (propter
1800 1599 1918 1640 hunc
1942 1601 2006 1639 rei

1124 1659 1330 1711 publicae
1352 1661 1530 1712 statum)
1558 1655 1887 1711 εὐωνοτάτους
1907 1657 2008 1701 ἔστι

1124 1721 1298 1772 φίλους
1318 1717 1536 1776 ἀγαθοὺς
1557 1723 1849 1774 κτησασθαι.
1881 1726 2010 1763 «Pro-

1124 1784 1287 1825 borum
1327 1785 1558 1824 hominum
1598 1786 1789 1824 amicitia
1830 1781 2010 1825 εὐωνο-

1124 1847 1243 1900 τάτη
1267 1850 1355 1896 est,
1391 1848 1512 1886 tenui
1532 1848 1696 1898 pretio,
1735 1847 1848 1887 facili
1872 1859 2008 1899 opera

1125 1913 1328 1962 paratur,
1364 1911 1398 1948 si
1430 1921 1518 1960 qua
1549 1921 1597 1949 re
1620 1909 1840 1959 indigent,
1875 1921 2010 1961 quam

1124 1984 1205 2012 nos
1238 1973 1300 2012 eis
1324 1973 1553 2024 impertire
1580 1982 1846 2023 possumus,
1883 1971 2011 2012 simul

1126 2035 1313 2074 comiter
1342 2034 1386 2073 id
1418 2034 1646 2074 facientes.
1692 2035 1760 2073 Sic
1793 2039 1837 2074 tu
1867 2036 2012 2086 primo

1127 2108 1305 2148 quoque
1339 2095 1504 2144 officio,
1546 2095 1624 2135 tibi
1655 2097 1838 2136 minime
1869 2096 2012 2136 mole-

1126 2161 1217 2207 sto,
1266 2157 1391 2198 facile
1438 2158 1625 2210 Grosphi
1664 2159 1903 2198 amicitiam
1934 2159 2010 2198 tibi

1126 2220 1361 2260 conciliare
1392 2221 1604 2271 poteris.»
1640 2244 1685 2248 -—
1720 2221 1846 2272 bonis]
1895 2221 2013 2261 «ho-

1125 2282 1319 2322 minibus
1340 2282 1492 2334 probis
1515 2294 1567 2322 ac
1589 2285 1828 2335 propterea
1851 2283 2009 2334 dignis,

1127 2356 1240 2396 quos
1272 2344 1582 2384 demereare.»

1181 2408 1328 2447 25:28.
1360 2409 1423 2447 Ne
1453 2412 1590 2448 tamen
1611 2409 1712 2460 cet]
1749 2411 1835 2449 «Ne
1859 2413 2008 2450 tamen

1126 2472 1195 2518 tu,
1253 2473 1452 2510 remotus
1510 2482 1612 2510 cum
1667 2472 1727 2512 sis
1781 2472 1836 2512 ab
1896 2473 2011 2514 Urbe

1128 2535 1170 2572 et
1214 2531 1518 2584 philosophiae
1552 2533 1708 2574 studiis
1740 2538 2006 2587 occupatus,

1127 2596 1338 2645 ignores»
1381 2596 1465 2634 cet.
1527 2596 1590 2635 De
1629 2596 1795 2636 omisso
1826 2597 1866 2636 in
1901 2609 2011 2650 apo-

1127 2657 1222 2696 dosi
1266 2667 1307 2695 v.
1345 2658 1485 2696 «scito
1502 2673 1520 2692 »
1560 2657 1614 2697 cf.
1648 2659 1735 2697 Sat.
1768 2660 1817 2707 Ξ,
1862 2661 1907 2708 4,
1941 2660 2008 2699 84.

1126 2720 1193 2761 Ad
1252 2720 1347 2759 soni
1395 2718 1727 2760 similitudinem
1775 2722 1891 2761 inter
1938 2733 2009 2761 vv.

1126 2783 1293 2834 iqnores
1333 2784 1377 2821 et
1416 2783 1503 2821 loco
1532 2794 1598 2822 res
1628 2782 1682 2822 cf.
1716 2783 1826 2835 Epp.
1861 2785 1908 2833 4,
1944 2784 2009 2832 44,

1128 2846 1167 2884 7.
1216 2868 1259 2872 —-
1309 2845 1516 2884 Cantaber
1561 2845 1787 2897 A91·ippae]
1839 2846 1889 2885 Hi
1938 2858 2010 2886 vv.

1127 2907 1368 2958 praecipue
1400 2907 1580 2956 Augusti
1627 2907 1811 2958 eiusque
1843 2908 2014 2948 amico-

1126 2979 1228 3008 rum
1259 2979 1393 3009 causa
1424 2968 1560 3007 additi
1582 2971 1697 3008 sunt.
1747 2969 2010 3019 Cantabros,

1128 3041 1232 3070 cum
1274 3029 1506 3081 aliquoties
1544 3031 1833 3080 pertinaciter
1861 3031 2013 3071 rebel—

1126 3092 1314 3141 lassent,
1361 3093 1417 3132 M.
1450 3093 1641 3144 Agrippa
1677 3093 1859 3134 tandem
1890 3106 1929 3134 a.
1963 3106 2007 3134 u.

1128 3167 1165 3195 c.
1191 3154 1285 3195 734.
1318 3150 1434 3204 τούς
1462 3166 1513 3193 τε
1542 3153 1593 3194 ἐν
1622 3152 1680 3211 τῇ
1702 3150 1866 3210 ἡλικίᾳ
1886 3152 2009 3195 ποίν-

1126 3229 1212 3267 τας
1262 3212 1428 3270 ὀλίγου
1486 3215 1728 3274 διέφθειρε
1770 3218 1854 3257 καὶ
1893 3213 2008 3266 τοὺς

1126 3275 1327 3329 λοιποὺς
1355 3276 1415 3318 τά
1444 3291 1494 3318 τε
1516 3273 1642 3318 ὅπλα
1671 3276 1896 3329 ἀφείλετο
1926 3279 2008 3318 καὶ

1126 3342 1175 3392 ἐς
1203 3339 1263 3382 τὰ
1294 3340 1432 3382 πεδία
1461 3341 1513 3382 ἐκ
1549 3339 1643 3381 τῶν
1672 3339 1890 3398 ἐρυμνῶν
1918 3353 2006 3379 κα-

1126 3403 1398 3453 τεβίβασεν.
1445 3405 1526 3444 Dio
1558 3405 1680 3443 Cass.
1714 3403 1790 3451 54,
1824 3403 1889 3442 44.
1939 3402 2002 3442 Cf.

1127 3465 1205 3505 Od.
1228 3467 1275 3515 2,
1299 3467 1339 3515 6,
1362 3467 1402 3505 2.
1434 3467 1546 3517 Apte
1570 3467 1719 3503 autem
1739 3464 1884 3514 primo
1905 3462 2003 3503 loco

1126 3529 1403 3568 memoratur
1416 3527 1629 3577 Agrippa,
1653 3525 1753 3564 Iccii
1772 3527 2000 3576 patronus.

1130 3611 1176 3617 —
1199 3587 1589 3638 Claudi-Neronis]
1613 3586 1675 3626 Cf.
1699 3587 1808 3638 Epp.
1835 3588 1872 3636 4,
1897 3586 1936 3637 3,
1959 3588 1999 3627 2.

1674 3663 1720 3700 32
