2231 3787
875 323 970 360 ΜΒ.
1009 323 1036 360 ι.
1100 323 1262 361 nrisr.
1298 323 1383 361 xii.
1946 324 2047 374 ,499

296 450 475 504 ltaliae
517 451 674 522 pleno
717 451 957 505 defundit
997 454 1163 523 Copia
1205 470 1388 506 cornu.

334 641 395 680 29.
430 640 615 690 defundit
647 653 870 692 superser.
907 645 950 693 if,
984 645 1032 681 ut
1062 644 1117 683 sit
1147 644 1339 693 dislimdit
1368 643 1411 683 b.
1446 644 1601 694 defudit
1627 645 1703 692 SE,
1735 647 1799 697 γς,
1834 646 1995 696 diffudit

277 703 318 751 d,
355 706 382 741 t.
419 702 485 753 (Ut
510 714 611 751 nos,
646 705 745 755 Sep,
770 705 828 753 κ.)
853 706 916 744 De
939 705 1087 744 verbis
1109 706 1339 755 diffundere
1361 709 1403 744 ot
1434 707 1654 756 defundere
1677 708 1790 745 inter
1810 718 1857 747 se
1890 720 1997 747 con—

279 767 385 805 fusis
418 764 470 804 cf.
507 765 562 804 ad
596 767 702 817 Epp.
739 768 774 805 [Ι.
810 768 849 808 5,
885 767 921 806 l.

225 938 290 976 liis
334 937 484 977 verbis
523 938 716 977 Monuni.
758 941 919 988 Aneyr.
964 950 1005 989 p.
1039 939 1104 977 35.

225 1063 334 1103 bes:
369 1063 543 1102 Parthos
575 1064 706 1103 trium
737 1064 996 1103 caeercituum
1029 1065 1109 1102 Ro·
1140 1065 1142 1073 '

223 1136 450 1165 manorum
498 1126 632 1176 spolia
679 1130 717 1165 et
769 1127 891 1178 siqua
938 1127 1110 1165 reddere

223 1190 323 1228 mihi
362 1189 733 1238 supplicesque
771 1189 1005 1228 amicitiam
1030 1199 1110 1238 po-

223 1252 311 1301 puli
342 1252 519 1291 Romani
543 1256 686 1300 petere
714 1253 844 1303 cochi.
884 1252 950 1291 Εα
971 1256 1110 1290 autem

224 1316 348 1366 siqua
367 1316 411 1353 in
427 1316 658 1365 penetrali,
693 1317 802 1364 quod
822 1319 879 1354 est
900 1316 941 1354 in
962 1315 1110 1364 templo

225 1379 378 1418 Martis
401 1378 567 1426 Ultoris,
589 1378 769 1427 reposui.
813 1377 937 1417 Idem
959 1378 1110 1416 autem

227 1442 294 1481 est
324 1441 386 1479 ius
415 1445 453 1479 et
474 1441 696 1490 imperium
717 1438 900 1479 alieuius
922 1440 1113 1489 accipere

226 1506 359 1554 atque
407 1503 623 1555 «imperio
655 1513 840 1554 parere,
886 1503 930 1542 in
958 1503 1024 1542 ius
1052 1503 1113 1541 di-

225 1567 465 1614 cionemque
495 1565 678 1605 alicuius
710 1566 891 1614 reeipi,»
925 1566 1015 1604 Liv.
1041 1565 1108 1612 Ἣ,

227 1630 293 1669 61.
329 1628 414 1668 Cfr.
449 1628 527 1668 Od.
554 1628 599 1676 3,
636 1629 681 1676 5,
716 1628 739 1667 3
763 1638 830 1678 sq.
864 1628 965 1667 Tae.
1001 1627 1108 1667 Hist.

226 1693 272 1739 2,
305 1691 380 1730 49:
420 1691 599 1740 imperia
638 1690 902 1739 accipientes,
951 1689 995 1729 id
1028 1691 1109 1738 est,

229 1755 471 1805 «imperata
518 1753 775 1792 facientes.»
846 1751 955 1793 Male
1000 1752 1112 1791 haee

228 1826 406 1866 quoque
439 1815 540 1854 olim
573 1816 865 1866 acceperunt,
900 1815 958 1854 ita
981 1815 1114 1854 inter—

226 1880 416 1931 pretati:
455 1880 693 1919 «Phraates
725 1880 900 1930 accepit
931 1879 996 1918 ius
1028 1879 1114 1918 im-

228 1941 516 1992 periumque,
550 1941 593 1980 id
623 1943 711 1987 est,
745 1952 933 1991 regnum
954 1943 1114 1980 Arme—

229 2004 349 2052 niae,
396 2007 635 2043 veneratus
680 2006 923 2055 propterea
961 2006 1114 2053 Augu-

229 2069 404 2107 stumzn
465 2069 598 2117 atque
656 2068 756 2107 ideo
806 2065 876 2106 vel
926 2067 1114 2117 turpiter

232 2140 405 2169 errasse
445 2128 516 2168 vel
561 2129 847 2180 impudenter
877 2129 1113 2167 mentitum

232 2202 331 2231 esse
378 2192 607 2230 Horatium
645 2191 873 2238 dixerunt,
917 2201 1020 2229 eum
1050 2191 1118 2229 Ti-

232 2264 392 2305 granes
438 2253 480 2292 in
524 2264 713 2303 regnum
750 2251 855 2291 illud
895 2251 1115 2291 deductus

232 2317 315 2364 sit3
349 2327 436 2367 qua
467 2314 595 2367 eulpa
616 2317 665 2354 ut
689 2316 867 2366 poetam
888 2313 1113 2362 liberaret,

173 2377 177 2380 “
231 2378 454 2419 Bentleius
519 2389 704 2430 prorsus
762 2376 1118 2429 improbabiliter

235 2443 435 2494 Tigranes
454 2451 534 2492 pro
556 2441 756 2480 Phraates
775 2441 1021 2492 proposuit.
1051 2440 1116 2479 De

234 2505 419 2544 Phraate
453 2503 505 2542 cf.
541 2503 676 2542 etiam
708 2502 786 2541 Od.
821 2503 868 2549 ⁶2,
902 2503 948 2550 2,
983 2503 1051 2541 47.

288 2567 356 2606 29.
406 2565 549 2617 Copia]
583 2565 881 2605 abundantiae
913 2567 957 2605 et
986 2565 1121 2605 uber-

236 2630 335 2670 tatis
366 2629 472 2677 dea,
507 2631 554 2667 ut
584 2629 731 2668 Carm.
767 2630 863 2669 See.
898 2629 965 2669 60.
1008 2630 1117 2669 Eam

235 2704 411 2732 auream
440 2693 594 2740 vocat,
637 2691 683 2730 id
714 2694 802 2740 est,
835 2691 1037 2741 beatam,
1070 2693 1120 2730 ut

235 2754 327 2794 fere
359 2755 438 2794 Od.
464 2756 508 2802 11,
539 2756 585 2803 5,
619 2753 658 2793 9.
691 2755 737 2801 ⁶2,
774 2754 848 2803 40,
881 2755 920 2793 5.
973 2755 1119 2793 «Haec

237 2818 386 2856 autem
403 2817 547 2857 omnis
565 2817 740 2867 generis
761 2816 909 2867 fruges
926 2815 1120 2856 fructus-

239 2889 324 2928 que
357 2879 480 2929 quasi
513 2879 568 2918 de
604 2877 727 2918 eaelo
751 2879 792 2918 in
813 2880 980 2918 terram
1001 2889 1120 2919 nunc

1139 940 1386 990 ,defun(lit,
1448 952 1470 979 e
1522 951 1659 980 cornu
1718 953 1798 981 suo
1848 946 2055 985 omnibus

225 1000 297 1040 ed.
334 1001 504 1049 Franz.⁷
540 1012 654 1051 quae
687 1011 820 1052 supra
844 1003 1010 1039 Graece
1036 1001 1110 1039 lia-
1140 1011 1142 1022 ζ

1173 1001 1456 1041 abundanter
1499 1001 1721 1053 largitur.»
1795 1007 1859 1044 «Si
1903 1008 2057 1058 defudil

1174 1063 1357 1114 legeris,
1408 1068 1506 1115 post
1543 1077 1740 1106 messem
1781 1070 1942 1120 scripta
1976 1073 2055 1111 erit

1175 1127 1393 1179 Epistola:
1446 1129 1481 1166 si
1521 1129 1728 1179 defundit,
1773 1133 1867 1182 ipso
1898 1135 2056 1173 messis<

1176 1192 1426 1241 tempore.»
1476 1191 1629 1229 BENTL.
1707 1195 1855 1232 Lectio
1903 1196 2059 1246 defudit

1175 1254 1270 1291 orta
1334 1253 1511 1291 videtur
1573 1265 1623 1292 ex
1682 1256 2057 1305 praecedentibus

1175 1314 1385 1365 perfectis
1416 1316 1560 1353 cecidit
1582 1317 1626 1354 et
1655 1319 1825 1367 accepit.
1878 1321 2057 1359 Inverso

1176 1388 1316 1416 cornu
1334 1388 1543 1429 expressa
1565 1380 1634 1419 est
1650 1380 1783 1431 Copia
1803 1382 1894 1421 sive
1911 1383 2061 1422 Abun-

1176 1439 1324 1479 dantia
1356 1440 1438 1479 dea
1464 1441 1506 1480 in
1527 1442 1854 1492 Imperatorum
1876 1444 2057 1488 demum

1175 1504 1476 1554 posteriorum
1499 1505 1708 1545 nummis.
1755 1505 1841 1545 Cfr.
1866 1507 2060 1558 Bottiger

1176 1567 1230 1605 lec.
1265 1566 1470 1617 Schriften
1500 1567 1548 1605 ΙΙ.
1583 1578 1626 1618 p.
1659 1567 1753 1607 376.
1816 1567 2062 1620 Elegantis-

1177 1630 1288 1668 sime
1330 1628 1552 1680 sculptum
1591 1640 1731 1670 cornu
1769 1633 1924 1683 copiae
1956 1634 2062 1673 sini-

1178 1691 1269 1731 stra
1300 1693 1423 1731 tenet
1448 1692 1665 1732 Fortunae
1698 1693 1988 1734 simulacrum
2019 1697 2059 1734 in

1177 1756 1319 1794 Museo
1342 1754 1555 1794 Cinaram.
1577 1756 1626 1793 ΙΙ.
1652 1755 1757 1794 Tab.
1778 1756 1884 1795 XIV.
1920 1759 2060 1808 Atque

1179 1818 1358 1856 omnino
1391 1827 1526 1868 saepe
1546 1817 1723 1856 videtur
1744 1819 1961 1859 Fortunae
1984 1822 2065 1859 tri-

1179 1879 1338 1918 butum
1361 1889 1475 1918 esse.
1502 1879 1589 1919 Csr.
1614 1878 1778 1919 Arnob.
1799 1880 1838 1929 6,
1863 1882 1939 1922 252
1963 1883 2065 1921 For-

1179 1946 1283 1980 tuna
1339 1952 1434 1980 cum
1475 1952 1607 1980 cornu
1643 1942 1804 1991 pomis,
1857 1943 1948 1994 ficis
1991 1950 2065 1984 aut

1177 2003 1369 2055 frugibus
1404 2003 1740 2043 auctumnalibus
1772 2004 1911 2054 pleno.
1973 2006 2064 2046 Ad—

1181 2065 1394 2106 mirabilis
1427 2067 1579 2106 autem
1616 2068 1683 2106 est
1725 2067 1856 2107 huius
1903 2079 2064 2108 cornus

1181 2129 1337 2179 copiae
1380 2129 1550 2179 pictura
1601 2129 1718 2180 apud
1766 2129 2065 2171 Rabelaisium

1182 2192 1431 2240 Gargantua
1475 2191 1543 2231 Ch.
1579 2191 1632 2231 8:
1677 2203 1758 2231 une
1801 2192 1899 2232 belle
1942 2205 2067 2233 corne

1181 2252 1493 2302 d’abundance,
1537 2253 1627 2293 telle
1657 2265 1735 2303 que
1761 2266 1892 2304 voyez
1922 2266 1962 2295 es
1992 2267 2066 2295 an-

1182 2315 1441 2365 tioquailles,
1488 2319 1525 2355 et
1560 2316 1649 2355 telle
1679 2328 1757 2366 que
1786 2318 1927 2356 donna
1956 2319 2067 2358 Rhea

1183 2389 1223 2417 es
1266 2379 1378 2417 deuoe
1420 2378 1618 2427 nymphes
1658 2379 1865 2419 Adrastea
1900 2384 1938 2419 et
1965 2381 2063 2430 Ida,

1181 2440 1398 2479 nourr-ices
1427 2441 1475 2479 de
1500 2441 1672 2490 Iupiter.
1723 2441 1945 2482 Tousiours
1961 2455 2068 2494 qua-

1183 2503 1317 2552 lame,
1363 2502 1617 2552 succulente,
1661 2504 1904 2553 resudante,
1951 2509 2067 2544 tous-

1182 2566 1299 2604 iozcrs
1330 2566 1605 2615 verdoyante,
1653 2567 1860 2606 tousiours
1899 2568 2066 2619 sleuris-

1183 2632 1324 2677 sante,
1370 2628 1579 2667 tousiours
1621 2629 1896 2680 fruecifiante,
1944 2630 2068 2679 plene

1184 2691 1443 2740 d'humeurs,
1471 2691 1590 2740 plene
1619 2692 1668 2730 de
1694 2693 1841 2742 fleurs,
1867 2691 1989 2741 plene
2018 2693 2066 2731 de

1183 2758 1314 2794 toules
1335 2754 1492 2794 deliees.
1547 2753 1718 2793 Similes
1740 2756 1890 2794 autem
1910 2753 2064 2794 laudes

1185 2817 1390 2856 Caesaris
1434 2817 1565 2855 aetati
1597 2817 1792 2867 impertit
1819 2818 1950 2868 poeta
1982 2816 2060 2856 Od.

1183 2879 1231 2928 4,
1257 2880 1303 2927 5,
1329 2879 1378 2918 47
1401 2889 1498 2929 sqq.
1532 2877 1577 2927 4,
1605 2880 1675 2926 45,
1699 2880 1723 2917 5
1747 2889 1844 2929 sqq.

961 3155 1267 3164 flmme-
