2231 3787
178 259 280 311 408
779 256 992 297 HonArn
1022 253 1389 295 EPISTOLARUM

247 392 471 444 Pectore
510 388 699 450 verba,
742 405 900 458 puer,
942 403 1083 441 nunc
1120 395 1171 439 te
1211 383 1525 438 melioribus
1565 382 1713 437 offer.

250 492 369 556 Quo
398 489 566 544 semel
605 499 686 544 est
725 489 926 543 imbuta
963 505 1169 551 recens,
1212 485 1447 540 servabit
1485 484 1712 539 odorem

247 595 404 647 Testa
442 592 548 645 diu.

625 590 831 657 Quodsi
870 607 1054 644 cessas
1093 597 1184 642 aut
1221 596 1472 642 strenuus
1510 586 1707 650 anteis‚
1927 586 1995 639 70

248 697 357 750 Nec
396 694 608 749 tardum
646 693 902 765 opperior
938 708 1039 745 nec
1079 688 1530 762 praecedentibus
1569 689 1723 743 inst0.

174 858 357 887 monere
395 844 581 885 aliorum
622 843 767 883 adhibe
801 853 1051 895 repugnare

175 913 334 950 metro.
371 931 416 937 --
458 907 584 958 puer]
620 906 760 945 «dum
803 917 916 957 puer
959 916 1050 946 es.»

176 973 253 1013 Od.
280 971 326 1021 4,
352 973 367 1011 4
389 1004 396 1021 ‚
423 972 487 1010 45.
537 969 697 1010 Fabius
718 969 933 1010 Maximus
954 979 1053 1008 een-

173 1041 260 1075 tum
282 1046 392 1085 puer
421 1034 577 1073 artium
596 1034 796 1073 vocatur.
844 1032 912 1070 Sic
933 1031 1051 1070 enim

174 1094 555 1155 ὑποκοριστικῶς
584 1108 608 1136 a
648 1093 935 1135 familiaribus
972 1105 1053 1145 ap-

173 1161 450 1214 pellabantur
466 1158 776 1199 adolescentes
788 1158 876 1197 XX.
897 1158 940 1196 et
958 1155 1054 1208 plu-

173 1236 245 1265 res
277 1234 416 1263 annos
447 1222 550 1262 nati.
572 1243 618 1249 —
637 1220 887 1272 melioribus]
913 1230 1053 1270 «quo—

172 1298 271 1326 rum
301 1285 586 1337 prudentiam
615 1295 667 1324 ac
695 1284 881 1324 virtutes
912 1284 959 1322 tu
983 1281 1054 1322 ul-

174 1354 240 1389 tro
272 1348 519 1400 agnoscis.»
565 1347 676 1398 Epp.
701 1347 749 1395 4,
783 1347 832 1396 4,
865 1345 937 1386 48:
970 1356 1054 1384 me-

172 1412 267 1452 liori
297 1412 462 1451 credere
484 1421 565 1449 non
582 1408 675 1448 vis?
697 1430 744 1436 —
768 1408 884 1460 offer]
909 1409 1053 1457 «Roga

176 1486 274 1523 eos,
299 1475 345 1513 ut
367 1475 408 1513 te
427 1473 639 1519 doceant3
664 1470 752 1511 noli
773 1472 1050 1523 exspectare,

175 1538 282 1577 dum
314 1538 355 1576 te
380 1537 629 1576 moneant.»
674 1536 826 1574 SCHOL.
871 1531 1056 1572 «Liben-

172 1603 240 1640 ter
270 1598 429 1639 talibus
460 1600 502 1638 te
533 1597 684 1647 trade,
718 1599 766 1637 ut
793 1607 949 1637 veram
980 1606 1055 1636 sa-

174 1663 386 1715 pientiam
410 1663 451 1701 te
484 1661 675 1701 doceant
705 1661 749 1700 et
768 1659 825 1699 ad
844 1659 1055 1699 virtutem

175 1725 466 1777 perducant.»

233 1851 378 1890 69-74.
426 1849 586 1889 imbuta
627 1848 781 1900 recens]
827 1849 1054 1899 Frequens

178 1915 342 1963 imago,
393 1911 529 1952 veluti
572 1912 661 1951 iam
705 1911 821 1963 apud
866 1910 1057 1950 Ennium

177 1978 289 2015 Ann.
315 1976 360 2024 7,
395 1975 461 2015 87.
497 1985 549 2013 ex
580 1975 706 2014 Festo
737 1985 780 2025 p.
806 1973 906 2013 376:
955 1972 1058 2011 Cum

178 2039 303 2087 illud,
338 2049 417 2088 quo
449 2037 534 2076 iam
563 2037 685 2076 semel
714 2040 770 2075 est
798 2035 958 2074 *imbuta
985 2045 1058 2074 ve·-

179 2112 280 2140 neno
306 2132 312 2139 .
343 2132 349 2139 .
379 2132 385 2139 .
420 2098 539 2139 Philo
563 2098 688 2147 Quod
709 2098 822 2138 liber
843 2099 917 2146 sit,
942 2097 1060 2148 quis-

179 2165 278 2214 quis
307 2163 457 2202 x‘irtuti
487 2162 636 2203 studet
666 2174 709 2213 p.
748 2162 847 2200 6711:
896 2156 1058 2216 ὥσπερ

181 2224 269 2283 γάρ
313 2239 437 2276 φασι
482 2221 539 2264 τὰ
579 2222 694 2264 κενά
733 2220 825 2264 τῶν
855 2218 1058 2277 ἀγγείων

180 2286 439 2346 ἀναφέρειν
460 2285 543 2338 τὰς
564 2286 655 2328 τῶν
679 2285 866 2345 πρῶτον
889 2289 956 2336 είς
976 2282 1059 2326 αὗ-

184 2349 240 2393 Τὰ
270 2352 567 2406 ἑγχυθὲντων
604 2347 785 2404 ὀσμάς,
820 2344 945 2391 οὕτω
976 2350 1057 2389 καὶ

181 2417 233 2455 αἱ
260 2413 353 2455 τῶν
374 2416 493 2455 νέων
513 2416 688 2465 ψυχαί.
722 2415 900 2454 Hieron.
920 2414 1055 2465 Epist.

185 2480 248 2518 10.
277 2480 413 2518 extr.:
459 2479 636 2517 Etiamsi
673 2489 788 2528 aqua
816 2477 946 2527 plena
981 2477 1056 2526 sit,

181 2546 319 2581 {citizen
345 2541 516 2580 eundem
536 2542 703 2581 odorem
733 2542 885 2592 lagena
903 2544 1056 2589 servat,

183 2617 263 2655 quo
285 2606 384 2643 dum
414 2605 529 2643 rudis
549 2608 666 2654 essee,
700 2604 858 2644 imbuta
877 2608 946 2644 est.
994 2605 1058 2644 De

183 2666 310 2707 doliis
366 2665 574 2706 fictilibus
623 2667 782 2719 (testis)
832 2666 1057 2719 picandis,

182 2731 337 2780 postea
377 2728 696 2779 perfundendis
737 2731 907 2770 marina
946 2740 1062 2781 aqua

184 2792 259 2829 aut
307 2789 449 2840 salsa,
502 2791 603 2831 dein
654 2792 801 2832 cinere
850 2793 1062 2834 sarmenti

183 2854 470 2903 aspergendis
491 2853 560 2893 vel
582 2854 729 2905 argilla
751 2857 834 2896 cet.
855 2857 1062 2896 accurata

187 2918 424 2967 praecepta
458 2916 531 2955 dat
561 2916 724 2958 Plinius
746 2919 795 2957 H.
820 2921 867 2958 N.
895 2918 966 2967 ¹¹4,
990 2919 1057 2966 24,

189 2980 251 3018 27.
290 3001 332 3005 —
370 2979 497 3030 Tesla]
541 2980 677 3020 cadus
714 2980 783 3020 xel
823 2981 1058 3032 amphora:

186 3042 241 3081 de
264 3041 431 3081 concha
465 3044 776 3093 unguentaria,
811 3055 925 3094 quac
948 3044 1061 3082 ficti-

186 3104 250 3144 les
282 3115 368 3143 non
401 3107 549 3154 erant,
584 3106 661 3145 scd
696 3117 746 3145 ex
770 3107 968 3156 onyche,
1002 3106 1062 3144 xi-

187 3170 278 3215 tro,
324 3178 431 3206 auro
471 3170 709 3218 argentoxc
752 3168 938 3216 fiebant,
981 3179 1061 3207 no-

188 3230 262 3270 lim
291 3229 510 3281 accipere.
549 3254 586 3257 —
625 3231 775 3279 Quodsi
796 3241 927 3270 cessas
958 3230 1059 3281 cet]

1115 843 1166 883 Ut
1207 842 1295 881 iam
1332 839 1498 892 aliquot
1543 840 1694 881 Satiris
1738 841 1782 880 et
1824 839 1995 891 prImae

1115 903 1361 956 Epistolae‚
1422 904 1486 944 sic
1536 904 1669 942 etiam
1716 902 1820 942 huic
1866 897 1997 959 παρὰ

1117 964 1413 1024 προσδοκίαν
1461 965 1598 1005 finem
1649 965 1858 1016 imponit3
1920 964 1997 1015 qui

1116 1029 1300 1079 modus,
1344 1030 1381 1069 si
1410 1028 1521 1068 forte
1553 1027 1682 1068 nobis
1711 1028 1857 1079 primo
1888 1038 1997 1067 con-

1116 1094 1273 1143 spectu
1303 1091 1456 1131 durior
1484 1090 1661 1130 videtur
1681 1090 1725 1130 et
1753 1090 1899 1132 minus
1919 1101 1997 1130 ur-

1114 1154 1279 1204 banus,
1313 1152 1643 1194 adolescentulo
1673 1154 1824 1193 tamen
1844 1152 1994 1203 Lollio,

1115 1220 1164 1257 ut
1204 1217 1408 1257 Horatius
1439 1217 1605 1268 optime
1637 1217 1785 1265 norat,
1827 1214 1998 1255 lentum

1115 1281 1255 1321 risum
1299 1290 1484 1319 movere
1529 1278 1746 1328 debebat,
1796 1278 1997 1318 iunctum

1117 1354 1220 1383 cum
1268 1342 1496 1394 proposito
1544 1340 1646 1381 talia
1695 1339 1876 1381 consilia
1924 1351 1998 1381 se-

1118 1405 1296 1457 quendi.
1349 1405 1602 1445 Sententiae
1638 1405 1702 1444 sic
1731 1405 1995 1444 nectuntur:

1119 1470 1358 1509 «Ceterum
1378 1469 1607 1508 memento
1625 1478 1698 1507 me
1717 1467 1866 1507 omnia
1884 1467 1998 1506 haec

1118 1532 1359 1583 praecepta
1402 1530 1481 1570 tibi
1524 1532 1599 1569 tua
1643 1531 1815 1569 tantum
1860 1529 1998 1580 gratia

1118 1593 1374 1641 tradidisse3
1409 1591 1642 1633 consilium
1662 1602 1817 1632 meum
1837 1590 1996 1638 habes;

1119 1667 1237 1697 nunc
1267 1658 1314 1696 tu
1344 1655 1435 1705 fac,
1477 1655 1597 1707 quod
1627 1654 1705 1694 tibi
1742 1653 1913 1706 placet:
1962 1653 2000 1693 si

1119 1718 1345 1770 negligens
1377 1718 1486 1767 eris,
1521 1719 1596 1757 tua
1625 1728 1698 1757 res
1719 1718 1898 1767 agetur3
1931 1716 1999 1757 sin

1117 1784 1301 1835 propter
1339 1781 1612 1821 acerrimum
1653 1779 1850 1820 studium
1878 1777 2000 1819 velut

1120 1845 1270 1896 auriga
1302 1845 1345 1884 in
1375 1843 1619 1884 certamine
1641 1853 1714 1882 me
1733 1852 2000 1894 praecesse—

1119 1908 1204 1957 ris,
1238 1908 1416 1958 gratum
1443 1907 1597 1957 utique
1627 1905 1737 1945 mihi
1769 1905 1872 1953 erit3
1917 1914 1999 1955 ego

1120 1973 1295 2019 tamen,
1330 1970 1400 2008 cui
1431 1971 1603 2008 certam
1633 1967 1861 2019 quandam
1881 1967 2000 2007 viam

1121 2044 1173 2072 ac
1203 2032 1422 2072 rationem
1452 2032 1496 2071 in
1527 2031 1647 2070 omni
1677 2041 1778 2070 mea
1807 2030 1895 2070 vita
1925 2041 2000 2070 re-

1121 2095 1264 2146 genda
1294 2096 1447 2134 tenere
1469 2093 1749 2145 propositum
1770 2093 1857 2141 est,
1890 2103 2002 2132 nun-

1122 2168 1258 2209 quam
1289 2155 1578 2208 negligentior
1607 2154 1713 2195 fiam
1741 2156 1996 2206 propterea,

1121 2219 1243 2271 quod
1267 2221 1308 2259 te
1332 2218 1497 2258 aliosve
1520 2217 1699 2257 differre
1720 2218 1853 2268 atque
1876 2216 2002 2256 omit-

1120 2284 1215 2322 tere
1232 2292 1365 2321 verae
1384 2281 1626 2332 sapientiae
1644 2279 1789 2321 studia
1805 2278 1997 2328 videam,

1122 2356 1268 2396 neque
1298 2345 1398 2384 ideo
1421 2344 1541 2396 quod
1561 2343 1631 2383 alii
1657 2343 1792 2383 nimio
1812 2342 2001 2382 fortasse

1122 2409 1283 2449 mentis
1331 2407 1506 2448 fervore
1551 2406 1594 2446 in
1638 2418 1690 2447 ea
1738 2403 2003 2445 incumbunt

1123 2472 1255 2524 (ultra
1285 2483 1413 2522 quam
1440 2471 1542 2510 satis
1569 2475 1626 2511 est
1653 2470 1848 2510 virtutem
1875 2469 2002 2518 sipe-

1123 2540 1186 2576 tat
1218 2536 1353 2585 ipsam
1383 2533 1554 2585 aliquis.
1608 2534 1718 2585 Epp.
1752 2534 1797 2582 4,
1832 2532 1881 2581 6,
1916 2530 1998 2581 46.)

1124 2599 1287 2649 magis,
1330 2609 1467 2649 quam
1508 2598 1620 2637 ratio
1668 2596 1772 2636 mihi
1816 2593 1998 2643 suadet,

1123 2663 1240 2702 vires
1271 2671 1395 2701 meas
1427 2659 1693 2700 contendam
1732 2669 1783 2696 ac
1820 2658 2002 2709 propter

1123 2725 1209 2764 hoc
1247 2723 1524 2764 conficiam.»
1575 2719 1785 2762 Consulto
1825 2721 1998 2768 autem,

1125 2798 1213 2838 quo
1245 2786 1388 2825 omnis
1411 2785 1580 2824 offensa
1603 2784 1847 2831 devitetur,
1875 2792 2003 2832 prae-

1124 2850 1355 2891 cedentibus
1402 2849 1534 2897 dicit,
1586 2859 1674 2886 non
1715 2846 1995 2896 praecedenti.

1128 2912 1351 2954 «Ostendit
1368 2923 1456 2951 non
1471 2910 1527 2950 ad
1545 2910 1737 2950 alienum
1750 2907 1997 2957 arbitrium,

1125 2977 1204 3018 sed
1236 2977 1292 3016 ad
1321 2987 1453 3016 suum
1474 2987 1521 3016 se
1542 2975 1806 3027 proficere.»
1845 2973 1996 3012 Scuoi.

1125 3043 1281 3080 «Poeta
1300 3052 1347 3080 se
1370 3039 1687 3079 mediocritatis
1707 3036 1840 3086 illius,
1864 3047 2000 3088 quam

1126 3104 1289 3155 ubique
1312 3105 1353 3143 in
1376 3102 1512 3142 rebus
1531 3102 1685 3141 ethicis
1706 3111 1812 3152 prae
1829 3109 1877 3140 se
1899 3098 1997 3147 fert,

1124 3167 1373 3207 studiosum
1404 3165 1638 3206 ostendit.»
1670 3166 1829 3204 IAcoBs.
1859 3185 1900 3190 —-
1926 3173 2002 3201 crn-

1123 3230 1208 3282 leis]
1242 3230 1305 3270 Cf.
1331 3228 1408 3269 Od.
1436 3229 1478 3279 4,
1513 3230 1585 3276 35,
1622 3228 1686 3268 117.
