<?xml version="1.0" encoding="UTF-8"?>
<!DOCTYPE html PUBLIC "-//W3C//DTD XHTML 1.0 Transitional//EN"
    "http://www.w3.org/TR/xhtml1/DTD/xhtml1-transitional.dtd">
<html xmlns="http://www.w3.org/1999/xhtml" xml:lang="en" lang="en">
 <head>
  <title>
</title>
<meta http-equiv="Content-Type" content="text/html;charset=utf-8" />
  <meta name='ocr-system' content='tesseract 3.04.00' />
  <meta name='ocr-capabilities' content='ocr_page ocr_carea ocr_par ocr_line ocrx_word'/>
</head>
<body>
  <div class='ocr_page' id='page_1' title='image "./qhoratiusflaccus02horauoft_0567.png"; bbox 0 0 2231 3787; ppageno 0'>
   <div class='ocr_carea' id='block_1_1' title="bbox 241 286 1993 693">
    <p class='ocr_par' dir='ltr' id='par_1_1' title="bbox 241 286 1993 693">
     <span class='ocr_line' id='line_1_1' title="bbox 817 286 1992 337; baseline 0 -9"><span class='ocrx_word' id='word_1_1' title='bbox 817 290 913 328; x_wconf 70' lang='grc' dir='ltr'>ΗΒ.</span> <span class='ocrx_word' id='word_1_2' title='bbox 950 290 978 330; x_wconf 91' lang='lat'>1.</span> <span class='ocrx_word' id='word_1_3' title='bbox 1042 289 1202 328; x_wconf 77' lang='lat' dir='ltr'>EpisT.</span> <span class='ocrx_word' id='word_1_4' title='bbox 1236 289 1342 328; x_wconf 77' lang='lat' dir='ltr'>xvi.</span> <span class='ocrx_word' id='word_1_5' title='bbox 1890 286 1992 337; x_wconf 61' lang='lat'>525</span> 
     </span>
     <span class='ocr_line' id='line_1_2' title="bbox 245 418 1593 491; baseline -0.001 -18"><span class='ocrx_word' id='word_1_6' title='bbox 245 420 490 473; x_wconf 78' lang='lat' dir='ltr'>pomisne</span> <span class='ocrx_word' id='word_1_7' title='bbox 532 430 584 473; x_wconf 91' lang='lat' dir='ltr'>et</span> <span class='ocrx_word' id='word_1_8' title='bbox 623 419 810 491; x_wconf 77' lang='lat' dir='ltr'>pratiS,</span> <span class='ocrx_word' id='word_1_9' title='bbox 854 436 920 472; x_wconf 88' lang='lat' dir='ltr'>an</span> <span class='ocrx_word' id='word_1_10' title='bbox 960 419 1153 472; x_wconf 86' lang='lat' dir='ltr'>amicta</span> <span class='ocrx_word' id='word_1_11' title='bbox 1191 418 1386 471; x_wconf 78' lang='lat' dir='ltr'>vitibus</span> <span class='ocrx_word' id='word_1_12' title='bbox 1425 418 1593 478; x_wconf 89' lang='lat' dir='ltr'>ulmo,</span> 
     </span>
     <span class='ocr_line' id='line_1_3' title="bbox 241 520 1628 592; baseline -0.002 -17"><span class='ocrx_word' id='word_1_13' title='bbox 241 521 518 575; x_wconf 91' lang='lat' dir='ltr'>Scribetur</span> <span class='ocrx_word' id='word_1_14' title='bbox 559 521 647 574; x_wconf 83' lang='lat' dir='ltr'>tibi</span> <span class='ocrx_word' id='word_1_15' title='bbox 691 521 858 574; x_wconf 86' lang='lat' dir='ltr'>forma</span> <span class='ocrx_word' id='word_1_16' title='bbox 902 520 1199 592; x_wconf 77' lang='lat' dir='ltr'>loquaciter</span> <span class='ocrx_word' id='word_1_17' title='bbox 1237 529 1290 574; x_wconf 88' lang='lat' dir='ltr'>et</span> <span class='ocrx_word' id='word_1_18' title='bbox 1328 520 1461 573; x_wconf 91' lang='lat' dir='ltr'>situs</span> <span class='ocrx_word' id='word_1_19' title='bbox 1500 521 1628 590; x_wconf 79' lang='lat' dir='ltr'>agri.</span> 
     </span>
     <span class='ocr_line' id='line_1_4' title="bbox 243 621 1993 693; baseline -0.001 -15"><span class='ocrx_word' id='word_1_20' title='bbox 243 622 489 678; x_wconf 86' lang='lat' dir='ltr'>Continui</span> <span class='ocrx_word' id='word_1_21' title='bbox 530 631 763 682; x_wconf 83' lang='lat' dir='ltr'>monteS,</span> <span class='ocrx_word' id='word_1_22' title='bbox 806 622 857 674; x_wconf 93' lang='lat' dir='ltr'>ni</span> <span class='ocrx_word' id='word_1_23' title='bbox 899 621 1260 676; x_wconf 81' lang='lat' dir='ltr'>dissocientur</span> <span class='ocrx_word' id='word_1_24' title='bbox 1289 639 1460 693; x_wconf 89' lang='lat' dir='ltr'>opaca</span> <span class='ocrx_word' id='word_1_25' title='bbox 1962 624 1993 676; x_wconf 81' lang='lat'>5</span> 
     </span>
    </p>
   </div>
   <div class='ocr_carea' id='block_1_2' title="bbox 243 723 1831 795">
    <p class='ocr_par' dir='ltr' id='par_1_2' title="bbox 243 723 1831 795">
     <span class='ocr_line' id='line_1_5' title="bbox 243 723 1831 795; baseline -0.001 -17"><span class='ocrx_word' id='word_1_26' title='bbox 243 723 414 786; x_wconf 88' lang='lat' dir='ltr'>Valle,</span> <span class='ocrx_word' id='word_1_27' title='bbox 457 723 555 778; x_wconf 90' lang='lat' dir='ltr'>sed</span> <span class='ocrx_word' id='word_1_28' title='bbox 595 733 652 777; x_wconf 93' lang='lat' dir='ltr'>ut</span> <span class='ocrx_word' id='word_1_29' title='bbox 691 725 911 777; x_wconf 82' lang='lat' dir='ltr'>veniens</span> <span class='ocrx_word' id='word_1_30' title='bbox 951 723 1199 778; x_wconf 81' lang='lat' dir='ltr'>dextrum</span> <span class='ocrx_word' id='word_1_31' title='bbox 1238 723 1374 777; x_wconf 88' lang='lat' dir='ltr'>latus</span> <span class='ocrx_word' id='word_1_32' title='bbox 1414 723 1677 795; x_wconf 74' lang='lat' dir='ltr'>adspiciat</span> <span class='ocrx_word' id='word_1_33' title='bbox 1715 723 1831 786; x_wconf 91' lang='lat' dir='ltr'>Sol,</span> 
     </span>
    </p>
   </div>
   <div class='ocr_carea' id='block_1_3' title="bbox 242 825 1558 897">
    <p class='ocr_par' dir='ltr' id='par_1_3' title="bbox 242 825 1558 897">
     <span class='ocr_line' id='line_1_6' title="bbox 242 825 1558 897; baseline -0.002 -17"><span class='ocrx_word' id='word_1_34' title='bbox 242 828 478 880; x_wconf 80' lang='lat' dir='ltr'>Laevum</span> <span class='ocrx_word' id='word_1_35' title='bbox 517 825 806 879; x_wconf 90' lang='lat' dir='ltr'>discedens</span> <span class='ocrx_word' id='word_1_36' title='bbox 846 843 1007 879; x_wconf 92' lang='lat' dir='ltr'>curru</span> <span class='ocrx_word' id='word_1_37' title='bbox 1047 827 1281 897; x_wconf 76' lang='lat' dir='ltr'>fugiente</span> <span class='ocrx_word' id='word_1_38' title='bbox 1319 834 1558 897; x_wconf 88' lang='lat' dir='ltr'>vaporet.</span> 
     </span>
    </p>
   </div>
   <div class='ocr_carea' id='block_1_4' title="bbox 221 967 1945 1205">
    <p class='ocr_par' dir='ltr' id='par_1_4' title="bbox 221 967 1945 1205">
     <span class='ocr_line' id='line_1_7' title="bbox 221 967 1940 1020; baseline 0.001 -10"><span class='ocrx_word' id='word_1_39' title='bbox 221 969 406 1010; x_wconf 82' lang='lat' dir='ltr'>Pomisve</span> <span class='ocrx_word' id='word_1_40' title='bbox 442 969 634 1008; x_wconf 92' lang='lat' dir='ltr'>Pottierii</span> <span class='ocrx_word' id='word_1_41' title='bbox 666 969 730 1008; x_wconf 83' lang='grc'>45.</span> <span class='ocrx_word' id='word_1_42' title='bbox 772 970 816 1007; x_wconf 88' lang='lat' dir='ltr'>et</span> <span class='ocrx_word' id='word_1_43' title='bbox 847 968 930 1016; x_wconf 90' lang='grc'>48.,</span> <span class='ocrx_word' id='word_1_44' title='bbox 965 969 1054 1009; x_wconf 86' lang='lat' dir='ltr'>CM.</span> <span class='ocrx_word' id='word_1_45' title='bbox 1093 991 1137 996; x_wconf 97' lang='lat'><strong>—</strong></span> <span class='ocrx_word' id='word_1_46' title='bbox 1171 973 1207 1007; x_wconf 90' lang='lat' dir='ltr'>et</span> <span class='ocrx_word' id='word_1_47' title='bbox 1236 967 1420 1020; x_wconf 87' lang='lat' dir='ltr'>bSEcdp</span> <span class='ocrx_word' id='word_1_48' title='bbox 1451 970 1494 1008; x_wconf 90' lang='lat' dir='ltr'>et</span> <span class='ocrx_word' id='word_1_49' title='bbox 1532 970 1726 1009; x_wconf 92' lang='lat' dir='ltr'>Pottierii</span> <span class='ocrx_word' id='word_1_50' title='bbox 1767 980 1940 1018; x_wconf 87' lang='lat' dir='ltr'>omnes,</span> 
     </span>
     <span class='ocr_line' id='line_1_8' title="bbox 226 1030 1940 1081; baseline 0 -8"><span class='ocrx_word' id='word_1_51' title='bbox 226 1032 358 1073; x_wconf 80' lang='lat' dir='ltr'>LCtJ:</span> <span class='ocrx_word' id='word_1_52' title='bbox 392 1044 448 1072; x_wconf 90' lang='lat' dir='ltr'>an</span> <span class='ocrx_word' id='word_1_53' title='bbox 469 1043 521 1072; x_wconf 82' lang='lat' dir='ltr'>ex</span> <span class='ocrx_word' id='word_1_54' title='bbox 543 1031 683 1071; x_wconf 86' lang='lat' dir='ltr'>tribus</span> <span class='ocrx_word' id='word_1_55' title='bbox 707 1030 848 1071; x_wconf 89' lang='lat' dir='ltr'>Codd.</span> <span class='ocrx_word' id='word_1_56' title='bbox 883 1031 1088 1081; x_wconf 87' lang='lat' dir='ltr'>Cruquii‚</span> <span class='ocrx_word' id='word_1_57' title='bbox 1124 1031 1306 1071; x_wconf 89' lang='lat' dir='ltr'>totidem</span> <span class='ocrx_word' id='word_1_58' title='bbox 1329 1032 1566 1079; x_wconf 89' lang='lat' dir='ltr'>Torrentii,</span> <span class='ocrx_word' id='word_1_59' title='bbox 1601 1030 1830 1072; x_wconf 89' lang='lat' dir='ltr'>Pulmanni</span> <span class='ocrx_word' id='word_1_60' title='bbox 1851 1043 1940 1073; x_wconf 92' lang='lat' dir='ltr'>uno</span> 
     </span>
     <span class='ocr_line' id='line_1_9' title="bbox 226 1091 1938 1146; baseline 0.001 -12"><span class='ocrx_word' id='word_1_61' title='bbox 226 1094 453 1146; x_wconf 87' lang='lat' dir='ltr'>alteroque</span> <span class='ocrx_word' id='word_1_62' title='bbox 486 1094 748 1134; x_wconf 89' lang='lat' dir='ltr'>Bersmanni</span> <span class='ocrx_word' id='word_1_63' title='bbox 780 1095 823 1132; x_wconf 92' lang='lat' dir='ltr'>et</span> <span class='ocrx_word' id='word_1_64' title='bbox 853 1103 906 1132; x_wconf 83' lang='lat' dir='ltr'>ex</span> <span class='ocrx_word' id='word_1_65' title='bbox 937 1094 1026 1133; x_wconf 89' lang='lat' dir='ltr'>suis</span> <span class='ocrx_word' id='word_1_66' title='bbox 1049 1091 1215 1144; x_wconf 88' lang='lat' dir='ltr'>aliquot</span> <span class='ocrx_word' id='word_1_67' title='bbox 1248 1094 1509 1144; x_wconf 86' lang='lat' dir='ltr'>(anonymis)</span> <span class='ocrx_word' id='word_1_68' title='bbox 1542 1093 1782 1143; x_wconf 88' lang='lat' dir='ltr'>Bentleius‚</span> <span class='ocrx_word' id='word_1_69' title='bbox 1817 1095 1938 1135; x_wconf 89' lang='lat' dir='ltr'>FMO.</span> 
     </span>
     <span class='ocr_line' id='line_1_10' title="bbox 227 1154 1945 1205; baseline 0.001 -9"><span class='ocrx_word' id='word_1_70' title='bbox 227 1178 273 1186; x_wconf 96' lang='lat'><strong>—</strong></span> <span class='ocrx_word' id='word_1_71' title='bbox 308 1168 364 1196; x_wconf 88' lang='lat' dir='ltr'>an</span> <span class='ocrx_word' id='word_1_72' title='bbox 394 1157 538 1196; x_wconf 77' lang='lat' dir='ltr'>iuncta</span> <span class='ocrx_word' id='word_1_73' title='bbox 558 1157 598 1196; x_wconf 90' lang='lat' dir='ltr'>S.</span> <span class='ocrx_word' id='word_1_74' title='bbox 627 1179 670 1184; x_wconf 93' lang='lat'><em>-</em></span> <span class='ocrx_word' id='word_1_75' title='bbox 696 1157 734 1195; x_wconf 83' lang='lat'>7.</span> <span class='ocrx_word' id='word_1_76' title='bbox 760 1156 1002 1195; x_wconf 85' lang='lat' dir='ltr'>descendens</span> <span class='ocrx_word' id='word_1_77' title='bbox 1024 1154 1162 1195; x_wconf 89' lang='lat' dir='ltr'>Codd.</span> <span class='ocrx_word' id='word_1_78' title='bbox 1187 1155 1312 1205; x_wconf 69' lang='lat' dir='ltr'>aliq„</span> <span class='ocrx_word' id='word_1_79' title='bbox 1346 1156 1538 1196; x_wconf 81' lang='lat' dir='ltr'>decedens</span> <span class='ocrx_word' id='word_1_80' title='bbox 1556 1156 1777 1197; x_wconf 89' lang='lat' dir='ltr'>Bentleius</span> <span class='ocrx_word' id='word_1_81' title='bbox 1800 1157 1945 1197; x_wconf 90' lang='lat' dir='ltr'>conie-</span> 
     </span>
    </p>
   </div>
   <div class='ocr_carea' id='block_1_5' title="bbox 226 1219 364 1259">
    <p class='ocr_par' dir='ltr' id='par_1_5' title="bbox 226 1219 364 1259">
     <span class='ocr_line' id='line_1_11' title="bbox 226 1219 364 1259; baseline -0.007 0"><span class='ocrx_word' id='word_1_82' title='bbox 226 1219 364 1259; x_wconf 73' lang='lat' dir='ltr'>ctura.</span> 
     </span>
    </p>
   </div>
   <div class='ocr_carea' id='block_1_6' title="bbox 127 1343 1062 3579">
    <p class='ocr_par' dir='ltr' id='par_1_6' title="bbox 127 1343 1062 3579">
     <span class='ocr_line' id='line_1_12' title="bbox 171 1343 1054 1394; baseline -0.002 -10"><span class='ocrx_word' id='word_1_83' title='bbox 171 1346 251 1393; x_wconf 87' lang='lat' dir='ltr'>sit,</span> <span class='ocrx_word' id='word_1_84' title='bbox 286 1345 334 1383; x_wconf 91' lang='lat' dir='ltr'>ut</span> <span class='ocrx_word' id='word_1_85' title='bbox 363 1343 548 1384; x_wconf 92' lang='lat' dir='ltr'>arbores</span> <span class='ocrx_word' id='word_1_86' title='bbox 580 1343 830 1383; x_wconf 80' lang='lat' dir='ltr'>fructiferae</span> <span class='ocrx_word' id='word_1_87' title='bbox 863 1355 886 1382; x_wconf 88' lang='lat' dir='ltr'>a</span> <span class='ocrx_word' id='word_1_88' title='bbox 917 1343 1054 1394; x_wconf 84' lang='lat' dir='ltr'>pratis</span> 
     </span>
     <span class='ocr_line' id='line_1_13' title="bbox 171 1407 1053 1458; baseline -0.003 -11"><span class='ocrx_word' id='word_1_89' title='bbox 171 1407 498 1458; x_wconf 81' lang='lat' dir='ltr'>disiungantur,</span> <span class='ocrx_word' id='word_1_90' title='bbox 535 1417 651 1446; x_wconf 87' lang='lat' dir='ltr'>nunc</span> <span class='ocrx_word' id='word_1_91' title='bbox 678 1407 931 1457; x_wconf 86' lang='lat' dir='ltr'>recepimus</span> <span class='ocrx_word' id='word_1_92' title='bbox 954 1416 1053 1444; x_wconf 87' lang='lat' dir='ltr'>eam</span> 
     </span>
     <span class='ocr_line' id='line_1_14' title="bbox 170 1468 1055 1520; baseline -0.003 -11"><span class='ocrx_word' id='word_1_93' title='bbox 170 1469 424 1517; x_wconf 86' lang='lat' dir='ltr'>lectionem,</span> <span class='ocrx_word' id='word_1_94' title='bbox 459 1479 574 1520; x_wconf 90' lang='lat' dir='ltr'>quae</span> <span class='ocrx_word' id='word_1_95' title='bbox 602 1478 626 1507; x_wconf 89' lang='lat' dir='ltr'>a</span> <span class='ocrx_word' id='word_1_96' title='bbox 658 1468 887 1508; x_wconf 88' lang='lat' dir='ltr'>codicibus</span> <span class='ocrx_word' id='word_1_97' title='bbox 918 1468 1055 1507; x_wconf 88' lang='lat' dir='ltr'>maio-</span> 
     </span>
     <span class='ocr_line' id='line_1_15' title="bbox 171 1530 1055 1581; baseline -0.003 -10"><span class='ocrx_word' id='word_1_98' title='bbox 171 1543 267 1571; x_wconf 86' lang='lat' dir='ltr'>rem</span> <span class='ocrx_word' id='word_1_99' title='bbox 296 1531 432 1571; x_wconf 87' lang='lat' dir='ltr'>habet</span> <span class='ocrx_word' id='word_1_100' title='bbox 453 1531 779 1570; x_wconf 87' lang='lat' dir='ltr'>auctoritatem.</span> <span class='ocrx_word' id='word_1_101' title='bbox 825 1530 905 1578; x_wconf 88' lang='lat' dir='ltr'>Qui</span> <span class='ocrx_word' id='word_1_102' title='bbox 927 1540 1055 1581; x_wconf 91' lang='lat' dir='ltr'>prae-</span> 
     </span>
     <span class='ocr_line' id='line_1_16' title="bbox 172 1592 1054 1645; baseline -0.002 -11"><span class='ocrx_word' id='word_1_103' title='bbox 172 1595 316 1635; x_wconf 89' lang='lat' dir='ltr'>ferunt</span> <span class='ocrx_word' id='word_1_104' title='bbox 354 1606 431 1642; x_wconf 85' lang='lat' dir='ltr'>an,</span> <span class='ocrx_word' id='word_1_105' title='bbox 478 1594 609 1633; x_wconf 90' lang='lat' dir='ltr'>huius</span> <span class='ocrx_word' id='word_1_106' title='bbox 638 1592 879 1645; x_wconf 81' lang='lat' dir='ltr'>particulae</span> <span class='ocrx_word' id='word_1_107' title='bbox 912 1593 1054 1644; x_wconf 83' lang='lat' dir='ltr'>gemi-</span> 
     </span>
     <span class='ocr_line' id='line_1_17' title="bbox 170 1654 1055 1696; baseline -0.002 0"><span class='ocrx_word' id='word_1_108' title='bbox 170 1657 393 1696; x_wconf 89' lang='lat' dir='ltr'>nationem</span> <span class='ocrx_word' id='word_1_109' title='bbox 435 1654 631 1696; x_wconf 91' lang='lat' dir='ltr'>Bentleio</span> <span class='ocrx_word' id='word_1_110' title='bbox 672 1659 853 1695; x_wconf 89' lang='lat' dir='ltr'>auctore</span> <span class='ocrx_word' id='word_1_111' title='bbox 896 1655 1055 1695; x_wconf 89' lang='lat' dir='ltr'>defen-</span> 
     </span>
     <span class='ocr_line' id='line_1_18' title="bbox 170 1716 1050 1770; baseline -0.002 -12"><span class='ocrx_word' id='word_1_112' title='bbox 170 1718 280 1758; x_wconf 92' lang='lat' dir='ltr'>dunt</span> <span class='ocrx_word' id='word_1_113' title='bbox 300 1717 398 1759; x_wconf 92' lang='lat' dir='ltr'>coll.</span> <span class='ocrx_word' id='word_1_114' title='bbox 424 1718 563 1769; x_wconf 89' lang='lat' dir='ltr'>Epod.</span> <span class='ocrx_word' id='word_1_115' title='bbox 589 1719 628 1765; x_wconf 89' lang='lat'>7,</span> <span class='ocrx_word' id='word_1_116' title='bbox 649 1718 714 1758; x_wconf 87' lang='grc'>43.</span> <span class='ocrx_word' id='word_1_117' title='bbox 748 1719 856 1770; x_wconf 89' lang='lat' dir='ltr'>Epp.</span> <span class='ocrx_word' id='word_1_118' title='bbox 884 1718 922 1766; x_wconf 87' lang='grc'>4,</span> <span class='ocrx_word' id='word_1_119' title='bbox 948 1717 987 1765; x_wconf 89' lang='lat'>3,</span> <span class='ocrx_word' id='word_1_120' title='bbox 1012 1716 1050 1756; x_wconf 88' lang='lat'>3.</span> 
     </span>
     <span class='ocr_line' id='line_1_19' title="bbox 171 1779 1050 1830; baseline -0.002 -10"><span class='ocrx_word' id='word_1_121' title='bbox 171 1782 210 1829; x_wconf 94' lang='grc'>4,</span> <span class='ocrx_word' id='word_1_122' title='bbox 235 1782 301 1829; x_wconf 88' lang='grc'>44,</span> <span class='ocrx_word' id='word_1_123' title='bbox 326 1781 365 1822; x_wconf 76' lang='lat'>4.</span> <span class='ocrx_word' id='word_1_124' title='bbox 401 1783 439 1830; x_wconf 97' lang='grc'>4,</span> <span class='ocrx_word' id='word_1_125' title='bbox 465 1781 532 1829; x_wconf 88' lang='grc'>48,</span> <span class='ocrx_word' id='word_1_126' title='bbox 560 1781 652 1820; x_wconf 71' lang='grc'>402.</span> <span class='ocrx_word' id='word_1_127' title='bbox 689 1781 752 1820; x_wconf 83' lang='lat' dir='ltr'>Cf.</span> <span class='ocrx_word' id='word_1_128' title='bbox 777 1779 902 1820; x_wconf 85' lang='lat' dir='ltr'>Hand</span> <span class='ocrx_word' id='word_1_129' title='bbox 925 1781 1050 1819; x_wconf 86' lang='lat' dir='ltr'>Turs.</span> 
     </span>
     <span class='ocr_line' id='line_1_20' title="bbox 170 1843 1055 1895; baseline -0.002 -12"><span class='ocrx_word' id='word_1_130' title='bbox 170 1844 202 1883; x_wconf 92' lang='grc'>1.</span> <span class='ocrx_word' id='word_1_131' title='bbox 226 1854 269 1895; x_wconf 92' lang='lat' dir='ltr'>p.</span> <span class='ocrx_word' id='word_1_132' title='bbox 292 1844 386 1883; x_wconf 65' lang='grc' dir='ltr'>ς299.</span> <span class='ocrx_word' id='word_1_133' title='bbox 421 1844 679 1883; x_wconf 89' lang='lat' dir='ltr'>Lectionem</span> <span class='ocrx_word' id='word_1_134' title='bbox 701 1846 851 1882; x_wconf 91' lang='lat' dir='ltr'>autem</span> <span class='ocrx_word' id='word_1_135' title='bbox 873 1843 1055 1882; x_wconf 72' lang='lat' dir='ltr'>Pomisve</span> 
     </span>
     <span class='ocr_line' id='line_1_21' title="bbox 171 1904 1051 1956; baseline -0.001 -11"><span class='ocrx_word' id='word_1_136' title='bbox 171 1905 368 1946; x_wconf 88' lang='lat' dir='ltr'>referunt</span> <span class='ocrx_word' id='word_1_137' title='bbox 411 1906 467 1945; x_wconf 90' lang='lat' dir='ltr'>ad</span> <span class='ocrx_word' id='word_1_138' title='bbox 501 1917 544 1946; x_wconf 73' lang='lat' dir='ltr'>v.</span> <span class='ocrx_word' id='word_1_139' title='bbox 579 1905 691 1945; x_wconf 83' lang='lat' dir='ltr'>bacis</span> <span class='ocrx_word' id='word_1_140' title='bbox 727 1907 770 1945; x_wconf 88' lang='lat' dir='ltr'>et</span> <span class='ocrx_word' id='word_1_141' title='bbox 802 1904 1051 1956; x_wconf 82' lang='lat' dir='ltr'>explicant:</span> 
     </span>
     <span class='ocr_line' id='line_1_22' title="bbox 172 1967 1057 2021; baseline 0.001 -16"><span class='ocrx_word' id='word_1_142' title='bbox 172 1968 273 2009; x_wconf 89' lang='lat' dir='ltr'>«vel</span> <span class='ocrx_word' id='word_1_143' title='bbox 305 1967 398 2009; x_wconf 90' lang='lat' dir='ltr'>aliis</span> <span class='ocrx_word' id='word_1_144' title='bbox 428 1969 618 2021; x_wconf 89' lang='lat' dir='ltr'>pomis.»</span> <span class='ocrx_word' id='word_1_145' title='bbox 645 1990 690 1997; x_wconf 93' lang='lat'>—</span> <span class='ocrx_word' id='word_1_146' title='bbox 721 1969 878 2007; x_wconf 84' lang='lat' dir='ltr'>amicta</span> <span class='ocrx_word' id='word_1_147' title='bbox 905 1967 1057 2007; x_wconf 74' lang='lat' dir='ltr'>vitibus</span> 
     </span>
     <span class='ocr_line' id='line_1_23' title="bbox 172 2025 1052 2087; baseline 0.001 -18"><span class='ocrx_word' id='word_1_148' title='bbox 172 2031 298 2082; x_wconf 82' lang='lat' dir='ltr'>ulmo]</span> <span class='ocrx_word' id='word_1_149' title='bbox 359 2030 573 2081; x_wconf 87' lang='lat' dir='ltr'>Singulari</span> <span class='ocrx_word' id='word_1_150' title='bbox 619 2033 712 2070; x_wconf 91' lang='lat' dir='ltr'>arte</span> <span class='ocrx_word' id='word_1_151' title='bbox 757 2027 821 2084; x_wconf 73' lang='grc' dir='ltr'>τῷ</span> <span class='ocrx_word' id='word_1_152' title='bbox 866 2025 1052 2087; x_wconf 70' lang='grc' dir='ltr'>(Σκύρῳ,</span> 
     </span>
     <span class='ocr_line' id='line_1_24' title="bbox 177 2093 1055 2144; baseline 0 -12"><span class='ocrx_word' id='word_1_153' title='bbox 177 2094 302 2144; x_wconf 87' lang='lat' dir='ltr'>quasi</span> <span class='ocrx_word' id='word_1_154' title='bbox 331 2093 468 2132; x_wconf 80' lang='lat' dir='ltr'>ulmus</span> <span class='ocrx_word' id='word_1_155' title='bbox 499 2093 658 2132; x_wconf 89' lang='lat' dir='ltr'>herum</span> <span class='ocrx_word' id='word_1_156' title='bbox 689 2095 918 2144; x_wconf 89' lang='lat' dir='ltr'>pasceret,</span> <span class='ocrx_word' id='word_1_157' title='bbox 966 2104 1055 2132; x_wconf 92' lang='lat' dir='ltr'>non</span> 
     </span>
     <span class='ocr_line' id='line_1_25' title="bbox 172 2156 1055 2206; baseline -0.001 -11"><span class='ocrx_word' id='word_1_158' title='bbox 172 2156 291 2206; x_wconf 82' lang='lat' dir='ltr'>vitis,</span> <span class='ocrx_word' id='word_1_159' title='bbox 338 2166 445 2196; x_wconf 88' lang='lat' dir='ltr'>usus</span> <span class='ocrx_word' id='word_1_160' title='bbox 476 2157 565 2203; x_wconf 79' lang='lat' dir='ltr'>est,</span> <span class='ocrx_word' id='word_1_161' title='bbox 600 2157 647 2194; x_wconf 91' lang='lat' dir='ltr'>ut</span> <span class='ocrx_word' id='word_1_162' title='bbox 676 2156 718 2195; x_wconf 91' lang='lat' dir='ltr'>in</span> <span class='ocrx_word' id='word_1_163' title='bbox 750 2166 926 2195; x_wconf 89' lang='lat' dir='ltr'>summa</span> <span class='ocrx_word' id='word_1_164' title='bbox 957 2166 1055 2195; x_wconf 87' lang='lat' dir='ltr'>ser—</span> 
     </span>
     <span class='ocr_line' id='line_1_26' title="bbox 175 2216 1054 2268; baseline -0.002 -10"><span class='ocrx_word' id='word_1_165' title='bbox 175 2219 318 2258; x_wconf 90' lang='lat' dir='ltr'>monis</span> <span class='ocrx_word' id='word_1_166' title='bbox 380 2216 656 2268; x_wconf 86' lang='lat' dir='ltr'>simplicitate</span> <span class='ocrx_word' id='word_1_167' title='bbox 715 2219 847 2268; x_wconf 81' lang='lat' dir='ltr'>poeta</span> <span class='ocrx_word' id='word_1_168' title='bbox 904 2219 1054 2256; x_wconf 88' lang='lat' dir='ltr'>tamen</span> 
     </span>
     <span class='ocr_line' id='line_1_27' title="bbox 172 2279 1055 2328; baseline -0.002 -8"><span class='ocrx_word' id='word_1_169' title='bbox 172 2281 388 2320; x_wconf 88' lang='lat' dir='ltr'>maneret.</span> <span class='ocrx_word' id='word_1_170' title='bbox 431 2279 601 2319; x_wconf 89' lang='lat' dir='ltr'>Colum.</span> <span class='ocrx_word' id='word_1_171' title='bbox 640 2280 688 2328; x_wconf 81' lang='lat'>5,</span> <span class='ocrx_word' id='word_1_172' title='bbox 724 2279 769 2328; x_wconf 89' lang='lat'>6,</span> <span class='ocrx_word' id='word_1_173' title='bbox 807 2279 882 2318; x_wconf 76' lang='lat'>49:</span> <span class='ocrx_word' id='word_1_174' title='bbox 932 2279 1055 2319; x_wconf 78' lang='lat' dir='ltr'>Circa</span> 
     </span>
     <span class='ocr_line' id='line_1_28' title="bbox 174 2340 1055 2391; baseline -0.002 -9"><span class='ocrx_word' id='word_1_175' title='bbox 174 2353 348 2382; x_wconf 84' lang='lat' dir='ltr'>vernum</span> <span class='ocrx_word' id='word_1_176' title='bbox 405 2342 712 2390; x_wconf 75' lang='lat' dir='ltr'>aequinoctium</span> <span class='ocrx_word' id='word_1_177' title='bbox 771 2340 891 2380; x_wconf 83' lang='lat' dir='ltr'>binae</span> <span class='ocrx_word' id='word_1_178' title='bbox 939 2342 1055 2391; x_wconf 78' lang='lat' dir='ltr'>vites,</span> 
     </span>
     <span class='ocr_line' id='line_1_29' title="bbox 127 2404 1057 2456; baseline -0.001 -11"><span class='ocrx_word' id='word_1_179' title='bbox 127 2434 129 2437; x_wconf 90' lang='lat'>-</span> <span class='ocrx_word' id='word_1_180' title='bbox 173 2417 253 2456; x_wconf 82' lang='lat' dir='ltr'>quo</span> <span class='ocrx_word' id='word_1_181' title='bbox 290 2405 462 2444; x_wconf 82' lang='lat' dir='ltr'>celerius</span> <span class='ocrx_word' id='word_1_182' title='bbox 490 2404 648 2444; x_wconf 82' lang='lat' dir='ltr'>ulmum</span> <span class='ocrx_word' id='word_1_183' title='bbox 682 2405 936 2453; x_wconf 79' lang='lat' dir='ltr'>vestiant,</span> <span class='ocrx_word' id='word_1_184' title='bbox 978 2415 1057 2454; x_wconf 84' lang='lat' dir='ltr'>pe-</span> 
     </span>
     <span class='ocr_line' id='line_1_30' title="bbox 173 2467 1058 2508; baseline -0.002 0"><span class='ocrx_word' id='word_1_185' title='bbox 173 2470 264 2508; x_wconf 87' lang='lat' dir='ltr'>dem</span> <span class='ocrx_word' id='word_1_186' title='bbox 297 2469 405 2507; x_wconf 78' lang='lat' dir='ltr'>inter</span> <span class='ocrx_word' id='word_1_187' title='bbox 441 2478 481 2507; x_wconf 92' lang='lat' dir='ltr'>se</span> <span class='ocrx_word' id='word_1_188' title='bbox 522 2468 720 2506; x_wconf 80' lang='lat' dir='ltr'>distantes</span> <span class='ocrx_word' id='word_1_189' title='bbox 748 2467 958 2506; x_wconf 78' lang='lat' dir='ltr'>scrobibus</span> <span class='ocrx_word' id='word_1_190' title='bbox 985 2467 1058 2506; x_wconf 89' lang='lat' dir='ltr'>de-</span> 
     </span>
     <span class='ocr_line' id='line_1_31' title="bbox 171 2529 1053 2581; baseline -0.001 -11"><span class='ocrx_word' id='word_1_191' title='bbox 171 2531 401 2581; x_wconf 85' lang='lat' dir='ltr'>ponendae.</span> <span class='ocrx_word' id='word_1_192' title='bbox 439 2529 502 2569; x_wconf 89' lang='lat' dir='ltr'>De</span> <span class='ocrx_word' id='word_1_193' title='bbox 534 2541 582 2569; x_wconf 86' lang='lat' dir='ltr'>re</span> <span class='ocrx_word' id='word_1_194' title='bbox 607 2530 660 2569; x_wconf 87' lang='lat' dir='ltr'>cf.</span> <span class='ocrx_word' id='word_1_195' title='bbox 686 2529 764 2568; x_wconf 90' lang='lat' dir='ltr'>Od.</span> <span class='ocrx_word' id='word_1_196' title='bbox 788 2530 828 2577; x_wconf 63' lang='grc' dir='ltr'>ἓ,</span> <span class='ocrx_word' id='word_1_197' title='bbox 854 2530 920 2579; x_wconf 78' lang='grc'>45,</span> <span class='ocrx_word' id='word_1_198' title='bbox 945 2531 984 2569; x_wconf 84' lang='grc'>5.</span> <span class='ocrx_word' id='word_1_199' title='bbox 1009 2552 1053 2557; x_wconf 87' lang='lat'>——</span> 
     </span>
     <span class='ocr_line' id='line_1_32' title="bbox 174 2592 1059 2645; baseline -0.002 -12"><span class='ocrx_word' id='word_1_200' title='bbox 174 2592 327 2645; x_wconf 79' lang='lat' dir='ltr'>forma]</span> <span class='ocrx_word' id='word_1_201' title='bbox 359 2592 428 2632; x_wconf 92' lang='lat' dir='ltr'>Sic</span> <span class='ocrx_word' id='word_1_202' title='bbox 448 2593 587 2632; x_wconf 86' lang='lat' dir='ltr'>Varro</span> <span class='ocrx_word' id='word_1_203' title='bbox 610 2593 656 2632; x_wconf 89' lang='lat' dir='ltr'>R.</span> <span class='ocrx_word' id='word_1_204' title='bbox 680 2592 726 2631; x_wconf 87' lang='lat' dir='ltr'>R.</span> <span class='ocrx_word' id='word_1_205' title='bbox 754 2592 793 2640; x_wconf 91' lang='grc'>4,</span> <span class='ocrx_word' id='word_1_206' title='bbox 819 2592 857 2640; x_wconf 89' lang='grc'>6,</span> <span class='ocrx_word' id='word_1_207' title='bbox 884 2592 922 2631; x_wconf 88' lang='grc'>4;</span> <span class='ocrx_word' id='word_1_208' title='bbox 956 2593 1059 2631; x_wconf 85' lang='lat' dir='ltr'>For-</span> 
     </span>
     <span class='ocr_line' id='line_1_33' title="bbox 172 2655 1057 2707; baseline -0.002 -10"><span class='ocrx_word' id='word_1_209' title='bbox 172 2668 265 2697; x_wconf 88' lang='lat' dir='ltr'>mae</span> <span class='ocrx_word' id='word_1_210' title='bbox 307 2655 474 2707; x_wconf 80' lang='lat' dir='ltr'>(fundi)</span> <span class='ocrx_word' id='word_1_211' title='bbox 521 2667 615 2695; x_wconf 87' lang='lat' dir='ltr'>cum</span> <span class='ocrx_word' id='word_1_212' title='bbox 649 2656 730 2695; x_wconf 79' lang='lat' dir='ltr'>duo</span> <span class='ocrx_word' id='word_1_213' title='bbox 769 2667 924 2707; x_wconf 72' lang='lat' dir='ltr'>qenera</span> <span class='ocrx_word' id='word_1_214' title='bbox 952 2657 1057 2695; x_wconf 83' lang='lat' dir='ltr'>sint:</span> 
     </span>
     <span class='ocr_line' id='line_1_34' title="bbox 172 2719 1059 2769; baseline -0.003 -9"><span class='ocrx_word' id='word_1_215' title='bbox 172 2731 279 2769; x_wconf 85' lang='lat' dir='ltr'>una,</span> <span class='ocrx_word' id='word_1_216' title='bbox 312 2730 442 2768; x_wconf 81' lang='lat' dir='ltr'>quam</span> <span class='ocrx_word' id='word_1_217' title='bbox 460 2722 621 2758; x_wconf 83' lang='lat' dir='ltr'>natura</span> <span class='ocrx_word' id='word_1_218' title='bbox 641 2719 741 2768; x_wconf 85' lang='lat' dir='ltr'>dat,</span> <span class='ocrx_word' id='word_1_219' title='bbox 773 2719 910 2759; x_wconf 81' lang='lat' dir='ltr'>altera</span> <span class='ocrx_word' id='word_1_220' title='bbox 931 2729 1059 2769; x_wconf 82' lang='lat' dir='ltr'>quam</span> 
     </span>
     <span class='ocr_line' id='line_1_35' title="bbox 173 2782 1057 2832; baseline 0 -10"><span class='ocrx_word' id='word_1_221' title='bbox 173 2783 352 2822; x_wconf 85' lang='lat' dir='ltr'>sationes</span> <span class='ocrx_word' id='word_1_222' title='bbox 372 2783 613 2832; x_wconf 82' lang='lat' dir='ltr'>imponunt:</span> <span class='ocrx_word' id='word_1_223' title='bbox 638 2782 784 2832; x_wconf 76' lang='lat' dir='ltr'>prior,</span> <span class='ocrx_word' id='word_1_224' title='bbox 817 2783 927 2830; x_wconf 81' lang='lat' dir='ltr'>quod</span> <span class='ocrx_word' id='word_1_225' title='bbox 948 2782 1057 2822; x_wconf 83' lang='lat' dir='ltr'>alius</span> 
     </span>
     <span class='ocr_line' id='line_1_36' title="bbox 176 2844 1060 2895; baseline 0 -12"><span class='ocrx_word' id='word_1_226' title='bbox 176 2855 280 2895; x_wconf 75' lang='lat' dir='ltr'>ayer</span> <span class='ocrx_word' id='word_1_227' title='bbox 309 2844 406 2884; x_wconf 87' lang='lat' dir='ltr'>bene</span> <span class='ocrx_word' id='word_1_228' title='bbox 435 2848 586 2894; x_wconf 82' lang='lat' dir='ltr'>natus,</span> <span class='ocrx_word' id='word_1_229' title='bbox 619 2844 730 2883; x_wconf 79' lang='lat' dir='ltr'>alius</span> <span class='ocrx_word' id='word_1_230' title='bbox 757 2844 893 2891; x_wconf 83' lang='lat' dir='ltr'>male;</span> <span class='ocrx_word' id='word_1_231' title='bbox 920 2848 1060 2893; x_wconf 80' lang='lat' dir='ltr'>poste-</span> 
     </span>
     <span class='ocr_line' id='line_1_37' title="bbox 176 2907 1061 2958; baseline 0 -12"><span class='ocrx_word' id='word_1_232' title='bbox 176 2908 289 2956; x_wconf 80' lang='lat' dir='ltr'>rior,</span> <span class='ocrx_word' id='word_1_233' title='bbox 323 2907 432 2956; x_wconf 80' lang='lat' dir='ltr'>quod</span> <span class='ocrx_word' id='word_1_234' title='bbox 462 2907 574 2946; x_wconf 84' lang='lat' dir='ltr'>alius</span> <span class='ocrx_word' id='word_1_235' title='bbox 591 2907 745 2958; x_wconf 79' lang='lat' dir='ltr'>fundus</span> <span class='ocrx_word' id='word_1_236' title='bbox 765 2907 862 2946; x_wconf 91' lang='lat' dir='ltr'>bene</span> <span class='ocrx_word' id='word_1_237' title='bbox 881 2907 1061 2947; x_wconf 84' lang='lat' dir='ltr'>consitus</span> 
     </span>
     <span class='ocr_line' id='line_1_38' title="bbox 178 2968 1062 3019; baseline 0 -11"><span class='ocrx_word' id='word_1_238' title='bbox 178 2973 255 3017; x_wconf 87' lang='lat' dir='ltr'>est,</span> <span class='ocrx_word' id='word_1_239' title='bbox 287 2968 394 3007; x_wconf 77' lang='lat' dir='ltr'>alius</span> <span class='ocrx_word' id='word_1_240' title='bbox 421 2969 560 3008; x_wconf 87' lang='lat' dir='ltr'>male:</span> <span class='ocrx_word' id='word_1_241' title='bbox 593 2969 730 3008; x_wconf 87' lang='lat' dir='ltr'>dicam</span> <span class='ocrx_word' id='word_1_242' title='bbox 753 2970 876 3019; x_wconf 77' lang='lat' dir='ltr'>prins</span> <span class='ocrx_word' id='word_1_243' title='bbox 904 2971 952 3009; x_wconf 89' lang='lat' dir='ltr'>de</span> <span class='ocrx_word' id='word_1_244' title='bbox 985 2981 1062 3008; x_wconf 87' lang='lat' dir='ltr'>na—</span> 
     </span>
     <span class='ocr_line' id='line_1_39' title="bbox 178 3030 1060 3083; baseline 0 -13"><span class='ocrx_word' id='word_1_245' title='bbox 178 3030 308 3070; x_wconf 82' lang='lat' dir='ltr'>turali</span> <span class='ocrx_word' id='word_1_246' title='bbox 347 3032 432 3069; x_wconf 90' lang='lat' dir='ltr'>cet.</span> <span class='ocrx_word' id='word_1_247' title='bbox 467 3053 511 3058; x_wconf 85' lang='lat'>——</span> <span class='ocrx_word' id='word_1_248' title='bbox 543 3031 785 3083; x_wconf 82' lang='lat' dir='ltr'>loquaciter]</span> <span class='ocrx_word' id='word_1_249' title='bbox 820 3030 1060 3083; x_wconf 89' lang='lat' dir='ltr'>«complu-</span> 
     </span>
     <span class='ocr_line' id='line_1_40' title="bbox 178 3090 1059 3141; baseline 0.001 -9"><span class='ocrx_word' id='word_1_250' title='bbox 178 3091 302 3132; x_wconf 89' lang='lat' dir='ltr'>ribus</span> <span class='ocrx_word' id='word_1_251' title='bbox 323 3090 474 3131; x_wconf 80' lang='lat' dir='ltr'>verbis</span> <span class='ocrx_word' id='word_1_252' title='bbox 488 3107 524 3141; x_wconf 88' lang='lat'>,»</span> <span class='ocrx_word' id='word_1_253' title='bbox 555 3093 604 3131; x_wconf 91' lang='lat' dir='ltr'>ut</span> <span class='ocrx_word' id='word_1_254' title='bbox 625 3091 820 3134; x_wconf 89' lang='lat' dir='ltr'>solemus</span> <span class='ocrx_word' id='word_1_255' title='bbox 843 3093 899 3133; x_wconf 89' lang='lat' dir='ltr'>de</span> <span class='ocrx_word' id='word_1_256' title='bbox 921 3092 1059 3133; x_wconf 88' lang='lat' dir='ltr'>rebus</span> 
     </span>
     <span class='ocr_line' id='line_1_41' title="bbox 178 3152 986 3195; baseline -0.001 0"><span class='ocrx_word' id='word_1_257' title='bbox 178 3153 308 3195; x_wconf 88' lang='lat' dir='ltr'>nobis</span> <span class='ocrx_word' id='word_1_258' title='bbox 340 3153 453 3193; x_wconf 88' lang='lat' dir='ltr'>caris</span> <span class='ocrx_word' id='word_1_259' title='bbox 484 3152 541 3192; x_wconf 89' lang='lat' dir='ltr'>ad</span> <span class='ocrx_word' id='word_1_260' title='bbox 571 3155 741 3194; x_wconf 90' lang='lat' dir='ltr'>amicos</span> <span class='ocrx_word' id='word_1_261' title='bbox 771 3154 986 3195; x_wconf 89' lang='lat' dir='ltr'>scribere.</span> 
     </span>
     <span class='ocr_line' id='line_1_42' title="bbox 234 3214 1059 3268; baseline -0.001 -12"><span class='ocrx_word' id='word_1_262' title='bbox 234 3216 326 3256; x_wconf 84' lang='lat'>5-7.</span> <span class='ocrx_word' id='word_1_263' title='bbox 375 3214 568 3255; x_wconf 80' lang='lat' dir='ltr'>Continui</span> <span class='ocrx_word' id='word_1_264' title='bbox 594 3215 764 3266; x_wconf 85' lang='lat' dir='ltr'>montes]</span> <span class='ocrx_word' id='word_1_265' title='bbox 808 3218 1059 3268; x_wconf 89' lang='lat' dir='ltr'>«perpetuo</span> 
     </span>
     <span class='ocr_line' id='line_1_43' title="bbox 179 3277 1056 3328; baseline -0.001 -9"><span class='ocrx_word' id='word_1_266' title='bbox 179 3279 314 3319; x_wconf 90' lang='lat' dir='ltr'>dorso</span> <span class='ocrx_word' id='word_1_267' title='bbox 335 3277 451 3316; x_wconf 91' lang='lat' dir='ltr'>inter</span> <span class='ocrx_word' id='word_1_268' title='bbox 471 3287 518 3316; x_wconf 89' lang='lat' dir='ltr'>se</span> <span class='ocrx_word' id='word_1_269' title='bbox 540 3277 707 3316; x_wconf 85' lang='lat' dir='ltr'>iuncti»</span> <span class='ocrx_word' id='word_1_270' title='bbox 741 3277 844 3327; x_wconf 87' lang='lat' dir='ltr'>(Liv.</span> <span class='ocrx_word' id='word_1_271' title='bbox 863 3277 931 3327; x_wconf 77' lang='grc'>44,</span> <span class='ocrx_word' id='word_1_272' title='bbox 957 3278 1056 3328; x_wconf 89' lang='grc'>48.),</span> 
     </span>
     <span class='ocr_line' id='line_1_44' title="bbox 183 3338 1057 3390; baseline -0.001 -9"><span class='ocrx_word' id='word_1_273' title='bbox 183 3341 299 3381; x_wconf 77' lang='lat' dir='ltr'>«nisi</span> <span class='ocrx_word' id='word_1_274' title='bbox 328 3340 676 3381; x_wconf 88' lang='lat' dir='ltr'>dissociarentur</span> <span class='ocrx_word' id='word_1_275' title='bbox 704 3338 815 3379; x_wconf 90' lang='lat' dir='ltr'>valle</span> <span class='ocrx_word' id='word_1_276' title='bbox 847 3342 1057 3390; x_wconf 83' lang='lat' dir='ltr'>angusta»</span> 
     </span>
     <span class='ocr_line' id='line_1_45' title="bbox 181 3402 1062 3455; baseline -0.003 -11"><span class='ocrx_word' id='word_1_277' title='bbox 181 3403 372 3455; x_wconf 73' lang='lat' dir='ltr'>(reducta</span> <span class='ocrx_word' id='word_1_278' title='bbox 391 3402 470 3442; x_wconf 92' lang='lat' dir='ltr'>Od.</span> <span class='ocrx_word' id='word_1_279' title='bbox 499 3402 536 3451; x_wconf 91' lang='grc'>4,</span> <span class='ocrx_word' id='word_1_280' title='bbox 562 3402 628 3451; x_wconf 88' lang='grc'>47,</span> <span class='ocrx_word' id='word_1_281' title='bbox 650 3402 731 3451; x_wconf 87' lang='grc'>47.)</span> <span class='ocrx_word' id='word_1_282' title='bbox 766 3403 836 3441; x_wconf 85' lang='lat' dir='ltr'>«et</span> <span class='ocrx_word' id='word_1_283' title='bbox 855 3404 1062 3454; x_wconf 90' lang='lat' dir='ltr'>propter-</span> 
     </span>
     <span class='ocr_line' id='line_1_46' title="bbox 183 3462 1060 3517; baseline -0.002 -12"><span class='ocrx_word' id='word_1_284' title='bbox 183 3475 236 3505; x_wconf 82' lang='lat' dir='ltr'>ea</span> <span class='ocrx_word' id='word_1_285' title='bbox 265 3475 400 3516; x_wconf 74' lang='lat' dir='ltr'>opaca</span> <span class='ocrx_word' id='word_1_286' title='bbox 427 3465 611 3517; x_wconf 88' lang='lat' dir='ltr'>propter</span> <span class='ocrx_word' id='word_1_287' title='bbox 639 3463 856 3503; x_wconf 86' lang='lat' dir='ltr'>montium</span> <span class='ocrx_word' id='word_1_288' title='bbox 876 3462 1060 3503; x_wconf 89' lang='lat' dir='ltr'>umbras</span> 
     </span>
     <span class='ocr_line' id='line_1_47' title="bbox 185 3523 1060 3579; baseline -0.003 -13"><span class='ocrx_word' id='word_1_289' title='bbox 185 3537 232 3567; x_wconf 76' lang='lat' dir='ltr'>se</span> <span class='ocrx_word' id='word_1_290' title='bbox 268 3538 408 3579; x_wconf 88' lang='lat' dir='ltr'>prope</span> <span class='ocrx_word' id='word_1_291' title='bbox 449 3527 724 3577; x_wconf 81' lang='lat' dir='ltr'>tangentes.»</span> <span class='ocrx_word' id='word_1_292' title='bbox 784 3525 843 3565; x_wconf 81' lang='lat' dir='ltr'>Ex</span> <span class='ocrx_word' id='word_1_293' title='bbox 881 3523 1060 3564; x_wconf 89' lang='lat' dir='ltr'>Sickleri</span> 
     </span>
    </p>
   </div>
   <div class='ocr_carea' id='block_1_7' title="bbox 420 1218 1351 1271">
    <p class='ocr_par' dir='ltr' id='par_1_7' title="bbox 420 1218 1351 1271">
     <span class='ocr_line' id='line_1_48' title="bbox 420 1218 1351 1271; baseline -0.003 -11"><span class='ocrx_word' id='word_1_294' title='bbox 420 1220 484 1270; x_wconf 90' lang='lat' dir='ltr'>(Ut</span> <span class='ocrx_word' id='word_1_295' title='bbox 514 1229 610 1267; x_wconf 84' lang='lat' dir='ltr'>nos,</span> <span class='ocrx_word' id='word_1_296' title='bbox 645 1218 830 1271; x_wconf 89' lang='lat' dir='ltr'>bSEcdp</span> <span class='ocrx_word' id='word_1_297' title='bbox 863 1220 907 1258; x_wconf 92' lang='lat' dir='ltr'>et</span> <span class='ocrx_word' id='word_1_298' title='bbox 936 1229 1093 1258; x_wconf 87' lang='lat' dir='ltr'>omnes</span> <span class='ocrx_word' id='word_1_299' title='bbox 1125 1218 1351 1268; x_wconf 90' lang='lat' dir='ltr'>Pottierii.)</span> 
     </span>
    </p>
   </div>
   <div class='ocr_carea' id='block_1_8' title="bbox 1116 1342 2005 3575">
    <p class='ocr_par' dir='ltr' id='par_1_8' title="bbox 1116 1342 2005 3575">
     <span class='ocr_line' id='line_1_49' title="bbox 1117 1342 1997 1394; baseline 0.005 -13"><span class='ocrx_word' id='word_1_300' title='bbox 1117 1342 1415 1394; x_wconf 89' lang='lat' dir='ltr'>descriptione</span> <span class='ocrx_word' id='word_1_301' title='bbox 1462 1345 1530 1384; x_wconf 93' lang='lat' dir='ltr'>est</span> <span class='ocrx_word' id='word_1_302' title='bbox 1572 1355 1700 1385; x_wconf 87' lang='lat' dir='ltr'>mons</span> <span class='ocrx_word' id='word_1_303' title='bbox 1746 1346 1908 1394; x_wconf 86' lang='lat' dir='ltr'>Ustica,</span> <span class='ocrx_word' id='word_1_304' title='bbox 1954 1346 1997 1385; x_wconf 91' lang='lat' dir='ltr'>in</span> 
     </span>
     <span class='ocr_line' id='line_1_50' title="bbox 1119 1405 1997 1448; baseline 0.005 -4"><span class='ocrx_word' id='word_1_305' title='bbox 1119 1406 1244 1445; x_wconf 91' lang='lat' dir='ltr'>cuius</span> <span class='ocrx_word' id='word_1_306' title='bbox 1289 1405 1516 1446; x_wconf 88' lang='lat' dir='ltr'>radicibus</span> <span class='ocrx_word' id='word_1_307' title='bbox 1561 1405 1658 1446; x_wconf 75' lang='lat' dir='ltr'>villa</span> <span class='ocrx_word' id='word_1_308' title='bbox 1704 1407 1869 1447; x_wconf 88' lang='lat' dir='ltr'>Horatii</span> <span class='ocrx_word' id='word_1_309' title='bbox 1917 1409 1997 1448; x_wconf 88' lang='lat' dir='ltr'>sita</span> 
     </span>
     <span class='ocr_line' id='line_1_51' title="bbox 1118 1467 2000 1521; baseline 0.006 -15"><span class='ocrx_word' id='word_1_310' title='bbox 1118 1469 1237 1517; x_wconf 87' lang='lat' dir='ltr'>erat,</span> <span class='ocrx_word' id='word_1_311' title='bbox 1272 1470 1316 1507; x_wconf 90' lang='lat' dir='ltr'>et</span> <span class='ocrx_word' id='word_1_312' title='bbox 1345 1467 1456 1508; x_wconf 88' lang='lat' dir='ltr'>alter</span> <span class='ocrx_word' id='word_1_313' title='bbox 1487 1468 1647 1518; x_wconf 81' lang='lat' dir='ltr'>clivus,</span> <span class='ocrx_word' id='word_1_314' title='bbox 1681 1470 1724 1509; x_wconf 89' lang='lat' dir='ltr'>in</span> <span class='ocrx_word' id='word_1_315' title='bbox 1750 1481 1837 1521; x_wconf 88' lang='lat' dir='ltr'>quo</span> <span class='ocrx_word' id='word_1_316' title='bbox 1860 1471 2000 1511; x_wconf 88' lang='lat' dir='ltr'>Vacu-</span> 
     </span>
     <span class='ocr_line' id='line_1_52' title="bbox 1118 1529 2000 1581; baseline 0.007 -13"><span class='ocrx_word' id='word_1_317' title='bbox 1118 1540 1199 1569; x_wconf 87' lang='lat' dir='ltr'>nae</span> <span class='ocrx_word' id='word_1_318' title='bbox 1245 1529 1464 1581; x_wconf 90' lang='lat' dir='ltr'>templum</span> <span class='ocrx_word' id='word_1_319' title='bbox 1514 1534 1631 1580; x_wconf 90' lang='lat' dir='ltr'>erat,</span> <span class='ocrx_word' id='word_1_320' title='bbox 1691 1532 1821 1572; x_wconf 91' lang='lat' dir='ltr'>hodie</span> <span class='ocrx_word' id='word_1_321' title='bbox 1866 1535 2000 1574; x_wconf 83' lang='lat' dir='ltr'>Rocca</span> 
     </span>
     <span class='ocr_line' id='line_1_53' title="bbox 1116 1591 2000 1643; baseline 0.007 -13"><span class='ocrx_word' id='word_1_322' title='bbox 1116 1593 1301 1643; x_wconf 70' lang='lat' dir='ltr'>yiovine3</span> <span class='ocrx_word' id='word_1_323' title='bbox 1345 1591 1468 1633; x_wconf 80' lang='lat' dir='ltr'>vallis</span> <span class='ocrx_word' id='word_1_324' title='bbox 1499 1596 1650 1633; x_wconf 88' lang='lat' dir='ltr'>autem</span> <span class='ocrx_word' id='word_1_325' title='bbox 1681 1595 1795 1634; x_wconf 91' lang='lat' dir='ltr'>inter</span> <span class='ocrx_word' id='word_1_326' title='bbox 1823 1597 2000 1636; x_wconf 90' lang='lat' dir='ltr'>utrum-</span> 
     </span>
     <span class='ocr_line' id='line_1_54' title="bbox 1117 1655 1996 1708; baseline 0.006 -15"><span class='ocrx_word' id='word_1_327' title='bbox 1117 1665 1203 1705; x_wconf 86' lang='lat' dir='ltr'>que</span> <span class='ocrx_word' id='word_1_328' title='bbox 1250 1656 1449 1694; x_wconf 90' lang='lat' dir='ltr'>montem</span> <span class='ocrx_word' id='word_1_329' title='bbox 1494 1657 1561 1695; x_wconf 89' lang='lat' dir='ltr'>est</span> <span class='ocrx_word' id='word_1_330' title='bbox 1600 1655 1722 1697; x_wconf 89' lang='lat' dir='ltr'>vallis</span> <span class='ocrx_word' id='word_1_331' title='bbox 1752 1658 1996 1708; x_wconf 83' lang='lat' dir='ltr'>Digentiae,</span> 
     </span>
     <span class='ocr_line' id='line_1_55' title="bbox 1117 1716 2002 1770; baseline 0.006 -15"><span class='ocrx_word' id='word_1_332' title='bbox 1117 1716 1249 1756; x_wconf 89' lang='lat' dir='ltr'>hodie</span> <span class='ocrx_word' id='word_1_333' title='bbox 1286 1718 1359 1756; x_wconf 77' lang='lat' dir='ltr'>Vol</span> <span class='ocrx_word' id='word_1_334' title='bbox 1388 1718 1651 1767; x_wconf 78' lang='lat' dir='ltr'>diLicenza,</span> <span class='ocrx_word' id='word_1_335' title='bbox 1685 1730 1799 1770; x_wconf 93' lang='lat' dir='ltr'>quae</span> <span class='ocrx_word' id='word_1_336' title='bbox 1832 1719 2002 1760; x_wconf 90' lang='lat' dir='ltr'>claudi-</span> 
     </span>
     <span class='ocr_line' id='line_1_56' title="bbox 1118 1778 2000 1828; baseline 0.006 -10"><span class='ocrx_word' id='word_1_337' title='bbox 1118 1782 1188 1819; x_wconf 91' lang='lat' dir='ltr'>tur</span> <span class='ocrx_word' id='word_1_338' title='bbox 1209 1778 1436 1828; x_wconf 88' lang='lat' dir='ltr'>Lucretili,</span> <span class='ocrx_word' id='word_1_339' title='bbox 1460 1782 1600 1820; x_wconf 81' lang='lat' dir='ltr'>Monte</span> <span class='ocrx_word' id='word_1_340' title='bbox 1621 1782 1831 1821; x_wconf 80' lang='lat' dir='ltr'>Gennaro.</span> <span class='ocrx_word' id='word_1_341' title='bbox 1866 1784 2000 1823; x_wconf 86' lang='lat' dir='ltr'>Totus</span> 
     </span>
     <span class='ocr_line' id='line_1_57' title="bbox 1118 1843 2001 1894; baseline 0.005 -13"><span class='ocrx_word' id='word_1_342' title='bbox 1118 1844 1269 1882; x_wconf 90' lang='lat' dir='ltr'>autem</span> <span class='ocrx_word' id='word_1_343' title='bbox 1299 1844 1465 1882; x_wconf 87' lang='lat' dir='ltr'>tractus</span> <span class='ocrx_word' id='word_1_344' title='bbox 1498 1843 1556 1891; x_wconf 83' lang='lat' dir='ltr'>ei,</span> <span class='ocrx_word' id='word_1_345' title='bbox 1591 1844 1664 1894; x_wconf 91' lang='lat' dir='ltr'>qui</span> <span class='ocrx_word' id='word_1_346' title='bbox 1695 1855 1719 1882; x_wconf 91' lang='lat' dir='ltr'>a</span> <span class='ocrx_word' id='word_1_347' title='bbox 1750 1844 1910 1885; x_wconf 89' lang='lat' dir='ltr'>Tibure</span> <span class='ocrx_word' id='word_1_348' title='bbox 1931 1847 2001 1885; x_wconf 65' lang='lat' dir='ltr'>via</span> 
     </span>
     <span class='ocr_line' id='line_1_58' title="bbox 1118 1903 2002 1959; baseline 0.006 -17"><span class='ocrx_word' id='word_1_349' title='bbox 1118 1903 1292 1943; x_wconf 86' lang='lat' dir='ltr'>Valeria</span> <span class='ocrx_word' id='word_1_350' title='bbox 1335 1915 1417 1955; x_wconf 91' lang='lat' dir='ltr'>per</span> <span class='ocrx_word' id='word_1_351' title='bbox 1461 1905 1639 1944; x_wconf 71' lang='lat' dir='ltr'>Variam</span> <span class='ocrx_word' id='word_1_352' title='bbox 1680 1905 1921 1959; x_wconf 78' lang='lat' dir='ltr'>(Vicovaro)</span> <span class='ocrx_word' id='word_1_353' title='bbox 1960 1910 2002 1947; x_wconf 91' lang='lat' dir='ltr'>et</span> 
     </span>
     <span class='ocr_line' id='line_1_59' title="bbox 1119 1965 2001 2019; baseline 0.003 -12"><span class='ocrx_word' id='word_1_354' title='bbox 1119 1965 1369 2008; x_wconf 89' lang='lat' dir='ltr'>Mandelam</span> <span class='ocrx_word' id='word_1_355' title='bbox 1415 1966 1637 2019; x_wconf 82' lang='lat' dir='ltr'>(Bandeta)</span> <span class='ocrx_word' id='word_1_356' title='bbox 1682 1967 1842 2009; x_wconf 83' lang='lat' dir='ltr'>vallem</span> <span class='ocrx_word' id='word_1_357' title='bbox 1883 1969 2001 2010; x_wconf 89' lang='lat' dir='ltr'>illam</span> 
     </span>
     <span class='ocr_line' id='line_1_60' title="bbox 1120 2029 2003 2080; baseline 0.002 -12"><span class='ocrx_word' id='word_1_358' title='bbox 1120 2029 1479 2080; x_wconf 82' lang='lat' dir='ltr'>ingrediebatur,</span> <span class='ocrx_word' id='word_1_359' title='bbox 1513 2029 1568 2069; x_wconf 91' lang='lat' dir='ltr'>ab</span> <span class='ocrx_word' id='word_1_360' title='bbox 1601 2031 1770 2071; x_wconf 90' lang='lat' dir='ltr'>oriente</span> <span class='ocrx_word' id='word_1_361' title='bbox 1802 2031 1858 2071; x_wconf 85' lang='lat' dir='ltr'>ad</span> <span class='ocrx_word' id='word_1_362' title='bbox 1888 2033 2003 2072; x_wconf 91' lang='lat' dir='ltr'>occi-</span> 
     </span>
     <span class='ocr_line' id='line_1_61' title="bbox 1120 2092 2004 2143; baseline 0.002 -11"><span class='ocrx_word' id='word_1_363' title='bbox 1120 2092 1303 2132; x_wconf 88' lang='lat' dir='ltr'>dentem</span> <span class='ocrx_word' id='word_1_364' title='bbox 1343 2103 1531 2143; x_wconf 74' lang='lat' dir='ltr'>vergere</span> <span class='ocrx_word' id='word_1_365' title='bbox 1561 2092 1822 2143; x_wconf 84' lang='lat' dir='ltr'>videbatur,</span> <span class='ocrx_word' id='word_1_366' title='bbox 1869 2095 1925 2133; x_wconf 89' lang='lat' dir='ltr'>ita</span> <span class='ocrx_word' id='word_1_367' title='bbox 1955 2096 2004 2134; x_wconf 90' lang='lat' dir='ltr'>ut</span> 
     </span>
     <span class='ocr_line' id='line_1_62' title="bbox 1120 2153 2003 2196; baseline 0.002 -2"><span class='ocrx_word' id='word_1_368' title='bbox 1120 2153 1184 2194; x_wconf 92' lang='lat' dir='ltr'>sol</span> <span class='ocrx_word' id='word_1_369' title='bbox 1216 2165 1345 2193; x_wconf 89' lang='lat' dir='ltr'>mane</span> <span class='ocrx_word' id='word_1_370' title='bbox 1376 2154 1510 2194; x_wconf 86' lang='lat' dir='ltr'>radiis</span> <span class='ocrx_word' id='word_1_371' title='bbox 1538 2154 1817 2196; x_wconf 88' lang='lat' dir='ltr'>collustraret</span> <span class='ocrx_word' id='word_1_372' title='bbox 1837 2157 2003 2196; x_wconf 89' lang='lat' dir='ltr'>Horatii</span> 
     </span>
     <span class='ocr_line' id='line_1_63' title="bbox 1121 2215 2001 2268; baseline 0.003 -13"><span class='ocrx_word' id='word_1_373' title='bbox 1121 2215 1330 2264; x_wconf 85' lang='lat' dir='ltr'>fundum,</span> <span class='ocrx_word' id='word_1_374' title='bbox 1379 2216 1462 2256; x_wconf 88' lang='lat' dir='ltr'>sub</span> <span class='ocrx_word' id='word_1_375' title='bbox 1507 2227 1744 2268; x_wconf 87' lang='lat' dir='ltr'>vesperam</span> <span class='ocrx_word' id='word_1_376' title='bbox 1775 2219 2001 2258; x_wconf 89' lang='lat' dir='ltr'>sinistrum</span> 
     </span>
     <span class='ocr_line' id='line_1_64' title="bbox 1120 2277 2002 2333; baseline 0.005 -16"><span class='ocrx_word' id='word_1_377' title='bbox 1120 2277 1254 2327; x_wconf 87' lang='lat' dir='ltr'>latus,</span> <span class='ocrx_word' id='word_1_378' title='bbox 1280 2277 1441 2318; x_wconf 85' lang='lat' dir='ltr'>clivum</span> <span class='ocrx_word' id='word_1_379' title='bbox 1459 2279 1680 2319; x_wconf 88' lang='lat' dir='ltr'>Vacunae.</span> <span class='ocrx_word' id='word_1_380' title='bbox 1716 2281 1881 2328; x_wconf 89' lang='lat' dir='ltr'>Quodsi</span> <span class='ocrx_word' id='word_1_381' title='bbox 1904 2282 2002 2333; x_wconf 92' lang='lat' dir='ltr'>quis</span> 
     </span>
     <span class='ocr_line' id='line_1_65' title="bbox 1121 2339 2003 2395; baseline 0.007 -17"><span class='ocrx_word' id='word_1_382' title='bbox 1121 2339 1387 2380; x_wconf 90' lang='lat' dir='ltr'>Lucretilem</span> <span class='ocrx_word' id='word_1_383' title='bbox 1419 2342 1567 2381; x_wconf 91' lang='lat' dir='ltr'>enisus</span> <span class='ocrx_word' id='word_1_384' title='bbox 1609 2342 1651 2380; x_wconf 93' lang='lat' dir='ltr'>in</span> <span class='ocrx_word' id='word_1_385' title='bbox 1681 2346 1840 2392; x_wconf 80' lang='lat' dir='ltr'>poetae</span> <span class='ocrx_word' id='word_1_386' title='bbox 1867 2354 2003 2395; x_wconf 87' lang='lat' dir='ltr'>prae-</span> 
     </span>
     <span class='ocr_line' id='line_1_66' title="bbox 1122 2402 2004 2452; baseline 0.006 -11"><span class='ocrx_word' id='word_1_387' title='bbox 1122 2403 1243 2442; x_wconf 89' lang='lat' dir='ltr'>dium</span> <span class='ocrx_word' id='word_1_388' title='bbox 1276 2402 1597 2452; x_wconf 86' lang='lat' dir='ltr'>descenderet,</span> <span class='ocrx_word' id='word_1_389' title='bbox 1637 2403 1760 2444; x_wconf 89' lang='lat' dir='ltr'>vallis</span> <span class='ocrx_word' id='word_1_390' title='bbox 1802 2405 1857 2445; x_wconf 91' lang='lat' dir='ltr'>ab</span> <span class='ocrx_word' id='word_1_391' title='bbox 1890 2407 2004 2446; x_wconf 90' lang='lat' dir='ltr'>occi-</span> 
     </span>
     <span class='ocr_line' id='line_1_67' title="bbox 1122 2465 2004 2508; baseline 0.002 -2"><span class='ocrx_word' id='word_1_392' title='bbox 1122 2466 1255 2506; x_wconf 89' lang='lat' dir='ltr'>dente</span> <span class='ocrx_word' id='word_1_393' title='bbox 1287 2465 1343 2505; x_wconf 91' lang='lat' dir='ltr'>ad</span> <span class='ocrx_word' id='word_1_394' title='bbox 1375 2466 1592 2506; x_wconf 88' lang='lat' dir='ltr'>orientem</span> <span class='ocrx_word' id='word_1_395' title='bbox 1626 2466 1803 2506; x_wconf 83' lang='lat' dir='ltr'>extendi</span> <span class='ocrx_word' id='word_1_396' title='bbox 1826 2467 2004 2508; x_wconf 86' lang='lat' dir='ltr'>videba-</span> 
     </span>
     <span class='ocr_line' id='line_1_68' title="bbox 1121 2529 2004 2583; baseline 0.002 -15"><span class='ocrx_word' id='word_1_397' title='bbox 1121 2531 1206 2569; x_wconf 90' lang='lat' dir='ltr'>tur.</span> <span class='ocrx_word' id='word_1_398' title='bbox 1235 2552 1278 2558; x_wconf 86' lang='lat'><strong>—</strong></span> <span class='ocrx_word' id='word_1_399' title='bbox 1314 2529 1523 2580; x_wconf 54' lang='lat' dir='ltr'>dextrum]</span> <span class='ocrx_word' id='word_1_400' title='bbox 1565 2529 1774 2569; x_wconf 90' lang='lat' dir='ltr'>nimirum</span> <span class='ocrx_word' id='word_1_401' title='bbox 1819 2531 1880 2579; x_wconf 91' lang='lat' dir='ltr'>ei,</span> <span class='ocrx_word' id='word_1_402' title='bbox 1928 2532 2004 2583; x_wconf 86' lang='lat' dir='ltr'>qui</span> 
     </span>
     <span class='ocr_line' id='line_1_69' title="bbox 1122 2589 2002 2643; baseline 0.002 -12"><span class='ocrx_word' id='word_1_403' title='bbox 1122 2602 1176 2631; x_wconf 86' lang='lat' dir='ltr'>ex</span> <span class='ocrx_word' id='word_1_404' title='bbox 1206 2591 1350 2630; x_wconf 89' lang='lat' dir='ltr'>antica</span> <span class='ocrx_word' id='word_1_405' title='bbox 1380 2589 1508 2630; x_wconf 68' lang='lat' dir='ltr'>villae</span> <span class='ocrx_word' id='word_1_406' title='bbox 1546 2593 1670 2643; x_wconf 90' lang='lat' dir='ltr'>parte</span> <span class='ocrx_word' id='word_1_407' title='bbox 1703 2595 1878 2633; x_wconf 90' lang='lat' dir='ltr'>montes</span> <span class='ocrx_word' id='word_1_408' title='bbox 1907 2592 2002 2633; x_wconf 90' lang='lat' dir='ltr'>val-</span> 
     </span>
     <span class='ocr_line' id='line_1_70' title="bbox 1120 2653 2001 2708; baseline 0.002 -14"><span class='ocrx_word' id='word_1_409' title='bbox 1120 2653 1300 2705; x_wconf 90' lang='lat' dir='ltr'>lemque</span> <span class='ocrx_word' id='word_1_410' title='bbox 1332 2656 1654 2705; x_wconf 88' lang='lat' dir='ltr'>prospectaret.</span> <span class='ocrx_word' id='word_1_411' title='bbox 1693 2676 1736 2684; x_wconf 82' lang='lat'>—-</span> <span class='ocrx_word' id='word_1_412' title='bbox 1783 2656 2001 2708; x_wconf 81' lang='lat' dir='ltr'>discedens]</span> 
     </span>
     <span class='ocr_line' id='line_1_71' title="bbox 1122 2716 2003 2770; baseline 0.001 -12"><span class='ocrx_word' id='word_1_413' title='bbox 1122 2719 1242 2759; x_wconf 90' lang='lat' dir='ltr'>Haec</span> <span class='ocrx_word' id='word_1_414' title='bbox 1281 2716 1604 2768; x_wconf 87' lang='lat' dir='ltr'>simplicissima</span> <span class='ocrx_word' id='word_1_415' title='bbox 1643 2716 1773 2757; x_wconf 88' lang='lat' dir='ltr'>lectio</span> <span class='ocrx_word' id='word_1_416' title='bbox 1810 2720 2003 2770; x_wconf 85' lang='lat' dir='ltr'>apteque</span> 
     </span>
     <span class='ocr_line' id='line_1_72' title="bbox 1122 2779 2000 2832; baseline 0 -11"><span class='ocrx_word' id='word_1_417' title='bbox 1122 2779 1400 2832; x_wconf 88' lang='lat' dir='ltr'>respondens</span> <span class='ocrx_word' id='word_1_418' title='bbox 1413 2779 1551 2819; x_wconf 89' lang='lat' dir='ltr'>verbo</span> <span class='ocrx_word' id='word_1_419' title='bbox 1568 2780 1730 2819; x_wconf 80' lang='lat' dir='ltr'>veniens</span> <span class='ocrx_word' id='word_1_420' title='bbox 1745 2780 1874 2830; x_wconf 83' lang='lat' dir='ltr'>(Virg.</span> <span class='ocrx_word' id='word_1_421' title='bbox 1890 2783 2000 2821; x_wconf 91' lang='lat' dir='ltr'>Aen.</span> 
     </span>
     <span class='ocr_line' id='line_1_73' title="bbox 1124 2841 2005 2891; baseline -0.001 -8"><span class='ocrx_word' id='word_1_422' title='bbox 1124 2843 1190 2891; x_wconf 92' lang='grc'>40,</span> <span class='ocrx_word' id='word_1_423' title='bbox 1214 2841 1317 2882; x_wconf 74' lang='lat'>244:</span> <span class='ocrx_word' id='word_1_424' title='bbox 1355 2842 1764 2891; x_wconf 78' lang='lat' dir='ltr'>Aurora-veniente.)</span> <span class='ocrx_word' id='word_1_425' title='bbox 1797 2843 1902 2882; x_wconf 88' lang='lat' dir='ltr'>satis</span> <span class='ocrx_word' id='word_1_426' title='bbox 1933 2842 2005 2882; x_wconf 89' lang='lat' dir='ltr'>fir-</span> 
     </span>
     <span class='ocr_line' id='line_1_74' title="bbox 1123 2903 2003 2955; baseline 0.001 -11"><span class='ocrx_word' id='word_1_427' title='bbox 1123 2906 1269 2944; x_wconf 89' lang='lat' dir='ltr'>matur</span> <span class='ocrx_word' id='word_1_428' title='bbox 1290 2915 1314 2943; x_wconf 90' lang='lat' dir='ltr'>a</span> <span class='ocrx_word' id='word_1_429' title='bbox 1337 2903 1476 2944; x_wconf 89' lang='lat' dir='ltr'>Codd.</span> <span class='ocrx_word' id='word_1_430' title='bbox 1502 2904 1613 2944; x_wconf 88' lang='lat' dir='ltr'>meis</span> <span class='ocrx_word' id='word_1_431' title='bbox 1635 2906 1787 2944; x_wconf 86' lang='lat' dir='ltr'>contra</span> <span class='ocrx_word' id='word_1_432' title='bbox 1809 2903 2003 2955; x_wconf 89' lang='lat' dir='ltr'>reliquas</span> 
     </span>
     <span class='ocr_line' id='line_1_75' title="bbox 1123 2965 2003 3017; baseline 0.001 -11"><span class='ocrx_word' id='word_1_433' title='bbox 1123 2968 1316 3006; x_wconf 87' lang='lat' dir='ltr'>decedens</span> <span class='ocrx_word' id='word_1_434' title='bbox 1347 2966 1476 3017; x_wconf 83' lang='lat' dir='ltr'>(Virg.</span> <span class='ocrx_word' id='word_1_435' title='bbox 1509 2968 1583 3006; x_wconf 92' lang='lat' dir='ltr'>Ge.</span> <span class='ocrx_word' id='word_1_436' title='bbox 1620 2967 1663 3015; x_wconf 88' lang='grc'>4,</span> <span class='ocrx_word' id='word_1_437' title='bbox 1693 2965 1796 3006; x_wconf 80' lang='grc'>450;</span> <span class='ocrx_word' id='word_1_438' title='bbox 1843 2978 2003 3007; x_wconf 84' lang='lat' dir='ltr'>emenso</span> 
     </span>
     <span class='ocr_line' id='line_1_76' title="bbox 1122 3027 2000 3079; baseline 0.001 -10"><span class='ocrx_word' id='word_1_439' title='bbox 1122 3030 1322 3069; x_wconf 71' lang='lat' dir='ltr'>cumiani</span> <span class='ocrx_word' id='word_1_440' title='bbox 1343 3029 1497 3069; x_wconf 79' lang='lat' dir='ltr'>decedit</span> <span class='ocrx_word' id='word_1_441' title='bbox 1520 3027 1610 3079; x_wconf 78' lang='lat' dir='ltr'>(sol)</span> <span class='ocrx_word' id='word_1_442' title='bbox 1637 3028 1824 3078; x_wconf 79' lang='lat' dir='ltr'>Olympo.</span> <span class='ocrx_word' id='word_1_443' title='bbox 1860 3031 1935 3069; x_wconf 91' lang='lat' dir='ltr'>Ge.</span> <span class='ocrx_word' id='word_1_444' title='bbox 1960 3029 2000 3079; x_wconf 79' lang='lat'>4,</span> 
     </span>
     <span class='ocr_line' id='line_1_77' title="bbox 1122 3091 2005 3140; baseline -0.001 -8"><span class='ocrx_word' id='word_1_445' title='bbox 1122 3091 1225 3132; x_wconf 83' lang='lat'><strong>466:</strong></span> <span class='ocrx_word' id='word_1_446' title='bbox 1274 3091 1324 3131; x_wconf 91' lang='lat' dir='ltr'>Te</span> <span class='ocrx_word' id='word_1_447' title='bbox 1364 3091 1548 3130; x_wconf 82' lang='lat' dir='ltr'>veniente</span> <span class='ocrx_word' id='word_1_448' title='bbox 1587 3091 1671 3140; x_wconf 83' lang='lat' dir='ltr'>die,</span> <span class='ocrx_word' id='word_1_449' title='bbox 1718 3095 1755 3130; x_wconf 86' lang='lat' dir='ltr'>te</span> <span class='ocrx_word' id='word_1_450' title='bbox 1794 3091 2005 3131; x_wconf 83' lang='lat' dir='ltr'>decedente</span> 
     </span>
     <span class='ocr_line' id='line_1_78' title="bbox 1121 3151 2005 3203; baseline -0.001 -11"><span class='ocrx_word' id='word_1_451' title='bbox 1121 3153 1328 3203; x_wconf 80' lang='lat' dir='ltr'>canebat.)</span> <span class='ocrx_word' id='word_1_452' title='bbox 1362 3155 1407 3192; x_wconf 89' lang='lat' dir='ltr'>et</span> <span class='ocrx_word' id='word_1_453' title='bbox 1436 3153 1701 3201; x_wconf 81' lang='lat' dir='ltr'>descendens,</span> <span class='ocrx_word' id='word_1_454' title='bbox 1735 3151 1856 3203; x_wconf 93' lang='lat' dir='ltr'>quod</span> <span class='ocrx_word' id='word_1_455' title='bbox 1887 3154 2005 3193; x_wconf 89' lang='lat' dir='ltr'>esset</span> 
     </span>
     <span class='ocr_line' id='line_1_79' title="bbox 1122 3214 2005 3267; baseline -0.001 -13"><span class='ocrx_word' id='word_1_456' title='bbox 1122 3218 1172 3254; x_wconf 89' lang='lat' dir='ltr'>ut</span> <span class='ocrx_word' id='word_1_457' title='bbox 1201 3215 1319 3267; x_wconf 89' lang='lat' dir='ltr'>apud</span> <span class='ocrx_word' id='word_1_458' title='bbox 1348 3215 1439 3254; x_wconf 81' lang='lat' dir='ltr'>Liv,</span> <span class='ocrx_word' id='word_1_459' title='bbox 1471 3215 1518 3264; x_wconf 87' lang='lat'>9,</span> <span class='ocrx_word' id='word_1_460' title='bbox 1551 3214 1630 3254; x_wconf 74' lang='lat'><strong>⁶23:</strong></span> <span class='ocrx_word' id='word_1_461' title='bbox 1675 3214 1734 3253; x_wconf 87' lang='lat' dir='ltr'>sol</span> <span class='ocrx_word' id='word_1_462' title='bbox 1766 3214 1936 3253; x_wconf 83' lang='lat' dir='ltr'>meridie</span> <span class='ocrx_word' id='word_1_463' title='bbox 1965 3224 2005 3253; x_wconf 88' lang='lat' dir='ltr'>se</span> 
     </span>
     <span class='ocr_line' id='line_1_80' title="bbox 1121 3275 2000 3327; baseline -0.003 -10"><span class='ocrx_word' id='word_1_464' title='bbox 1121 3277 1352 3317; x_wconf 81' lang='lat' dir='ltr'>inclinavit.</span> <span class='ocrx_word' id='word_1_465' title='bbox 1387 3276 1451 3317; x_wconf 92' lang='lat' dir='ltr'>Cf.</span> <span class='ocrx_word' id='word_1_466' title='bbox 1475 3277 1582 3316; x_wconf 90' lang='lat' dir='ltr'>item</span> <span class='ocrx_word' id='word_1_467' title='bbox 1602 3277 1718 3327; x_wconf 85' lang='lat' dir='ltr'>Virg.</span> <span class='ocrx_word' id='word_1_468' title='bbox 1742 3275 1832 3316; x_wconf 88' lang='lat' dir='ltr'>Ecl.</span> <span class='ocrx_word' id='word_1_469' title='bbox 1856 3276 1901 3322; x_wconf 78' lang='lat'>2,</span> <span class='ocrx_word' id='word_1_470' title='bbox 1927 3275 2000 3315; x_wconf 84' lang='lat'>67:</span> 
     </span>
     <span class='ocr_line' id='line_1_81' title="bbox 1122 3336 2005 3379; baseline -0.005 0"><span class='ocrx_word' id='word_1_471' title='bbox 1122 3339 1194 3379; x_wconf 89' lang='lat' dir='ltr'>Sol</span> <span class='ocrx_word' id='word_1_472' title='bbox 1222 3340 1414 3379; x_wconf 83' lang='lat' dir='ltr'>decedens</span> <span class='ocrx_word' id='word_1_473' title='bbox 1435 3349 1538 3378; x_wconf 91' lang='lat' dir='ltr'>cum</span> <span class='ocrx_word' id='word_1_474' title='bbox 1560 3348 1652 3377; x_wconf 89' lang='lat' dir='ltr'>var.</span> <span class='ocrx_word' id='word_1_475' title='bbox 1675 3336 1773 3376; x_wconf 90' lang='lat' dir='ltr'>lect.</span> <span class='ocrx_word' id='word_1_476' title='bbox 1799 3336 2005 3376; x_wconf 86' lang='lat' dir='ltr'>discedens</span> 
     </span>
     <span class='ocr_line' id='line_1_82' title="bbox 1125 3397 2004 3442; baseline -0.005 0"><span class='ocrx_word' id='word_1_477' title='bbox 1125 3404 1169 3442; x_wconf 87' lang='lat' dir='ltr'>et</span> <span class='ocrx_word' id='word_1_478' title='bbox 1197 3401 1451 3442; x_wconf 85' lang='lat' dir='ltr'>descendens.</span> <span class='ocrx_word' id='word_1_479' title='bbox 1499 3401 1649 3440; x_wconf 91' lang='lat' dir='ltr'>Burm.</span> <span class='ocrx_word' id='word_1_480' title='bbox 1684 3398 1740 3437; x_wconf 90' lang='lat' dir='ltr'>ad</span> <span class='ocrx_word' id='word_1_481' title='bbox 1771 3397 1893 3437; x_wconf 84' lang='lat' dir='ltr'>Ovid.</span> <span class='ocrx_word' id='word_1_482' title='bbox 1916 3399 2004 3438; x_wconf 88' lang='lat' dir='ltr'>Me-</span> 
     </span>
     <span class='ocr_line' id='line_1_83' title="bbox 1124 3459 1998 3513; baseline -0.005 -10"><span class='ocrx_word' id='word_1_483' title='bbox 1124 3465 1229 3503; x_wconf 88' lang='lat' dir='ltr'>tam.</span> <span class='ocrx_word' id='word_1_484' title='bbox 1254 3462 1294 3513; x_wconf 82' lang='lat'>4,</span> <span class='ocrx_word' id='word_1_485' title='bbox 1319 3463 1385 3502; x_wconf 89' lang='grc'>94.</span> <span class='ocrx_word' id='word_1_486' title='bbox 1413 3483 1457 3490; x_wconf 87' lang='grc'>-</span> <span class='ocrx_word' id='word_1_487' title='bbox 1491 3472 1622 3500; x_wconf 80' lang='lat' dir='ltr'>curru</span> <span class='ocrx_word' id='word_1_488' title='bbox 1642 3459 1836 3511; x_wconf 64' lang='lat' dir='ltr'>fugiente]</span> <span class='ocrx_word' id='word_1_489' title='bbox 1861 3459 1938 3500; x_wconf 89' lang='lat' dir='ltr'>Od.</span> <span class='ocrx_word' id='word_1_490' title='bbox 1957 3460 1998 3508; x_wconf 92' lang='lat'>3,</span> 
     </span>
     <span class='ocr_line' id='line_1_84' title="bbox 1124 3520 1997 3575; baseline -0.005 -10"><span class='ocrx_word' id='word_1_491' title='bbox 1124 3526 1164 3575; x_wconf 91' lang='grc'>6,</span> <span class='ocrx_word' id='word_1_492' title='bbox 1187 3524 1264 3565; x_wconf 76' lang='grc'>44;</span> <span class='ocrx_word' id='word_1_493' title='bbox 1299 3525 1471 3564; x_wconf 77' lang='lat' dir='ltr'>abeunte</span> <span class='ocrx_word' id='word_1_494' title='bbox 1499 3534 1653 3572; x_wconf 77' lang='lat' dir='ltr'>curru,</span> <span class='ocrx_word' id='word_1_495' title='bbox 1687 3522 1793 3561; x_wconf 88' lang='lat' dir='ltr'>item</span> <span class='ocrx_word' id='word_1_496' title='bbox 1815 3521 1870 3560; x_wconf 94' lang='lat' dir='ltr'>de</span> <span class='ocrx_word' id='word_1_497' title='bbox 1892 3520 1997 3562; x_wconf 90' lang='lat' dir='ltr'>sole.</span> 
     </span>
    </p>
   </div>
  </div>
 </body>
</html>
