2231 3787
235 260 254 312 l
270 261 335 313 78

303 392 415 443 Hoc
453 397 652 442 tantum
693 397 970 442 contentus
1011 396 1151 440 amet
1189 387 1470 457 scripsisse
1512 384 1772 439 ducentos

872 259 1084 299 llORATII
1115 258 1414 299 SATIRARUM

1970 387 2037 437 60

300 495 430 544 Ante
469 491 647 544 cibum
684 507 898 547 versus,
941 489 1160 541 totidem
1199 495 1483 551 coenatus3
1528 486 1734 539 Etrusci

301 592 470 657 Quale
512 593 603 644 suit
643 591 791 645 Cassi
833 590 1021 660 rapido
1063 589 1351 642 ferventius
1390 588 1529 640 anmi

299 694 597 764 Ingenium,
639 691 815 762 capsis
855 708 1017 761 quem
1057 690 1193 742 sama
1237 698 1319 742 est
1355 706 1477 742 esse
1518 688 1777 760 librisque

298 793 612 847 Ambustum
650 792 896 863 propriis.

336 968 400 1006 62.
435 977 555 1005 (inme
585 964 656 1003 Sd.

226 1122 275 1163 4.
324 1120 391 1160 40.
441 1143 484 1147 —
530 1119 615 1158 Hoc
660 1123 822 1158 tantum
865 1118 1096 1169 contentus]

226 1185 317 1222 Non
348 1183 412 1222 est
444 1181 746 1233 parenthesis,
787 1182 836 1219 ut
865 1179 1100 1219 videbatur

223 1243 441 1291 Bentlei0‚
489 1243 570 1282 sed
611 1243 872 1294 pronomine
914 1243 987 1280 hoe
1026 1252 1100 1280 re-

222 1308 434 1358 petuntur
476 1304 615 1344 verba
664 1305 863 1355 proxime
913 1314 1099 1355 praeee-

224 1368 371 1407 dentia
406 1367 580 1417 pedibus
610 1367 708 1415 quid
744 1366 937 1406 claudere
965 1366 1096 1412 senis3

224 1431 334 1469 «hae
363 1440 450 1469 una
483 1440 529 1468 re
563 1430 821 1475 contentus,
854 1430 902 1466 ut
925 1426 1101 1467 claudat

225 1492 330 1543 quid
360 1490 563 1530 versibus
596 1490 907 1529 hexametris.»
935 1512 979 1516 —
1002 1489 1103 1527 scri-

216 1555 357 1606 psisse]
397 1549 650 1610 ἀορίστως.
688 1575 732 1580 -
766 1552 958 1591 ducentos
997 1553 1098 1601 cet]

223 1619 310 1657 Sat.
337 1618 381 1663 l,
416 1616 459 1665 4,
493 1616 541 1654 9:
589 1616 632 1653 in
662 1615 767 1653 hora
795 1625 916 1663 saepe
946 1615 1101 1653 ducen—

221 1685 306 1727 tos,
360 1679 408 1717 Ut
454 1689 678 1728 magnum,
727 1687 869 1716 versus
917 1676 1101 1716 dictabat

224 1739 438 1791 (Lucilius)
463 1744 576 1779 stans
591 1740 694 1789 pede
712 1739 756 1777 in
775 1750 872 1777 uno.
901 1761 944 1765 ——
968 1739 1100 1777 Etru-

220 1804 321 1843 sci-
341 1827 365 1833 -
387 1802 513 1852 Cassi]
562 1801 742 1841 Cassius
787 1801 859 1840 hie
892 1800 1098 1840 diversus

222 1864 300 1905 fuit
328 1875 353 1903 a
385 1864 536 1903 Cassio
558 1862 810 1910 Parmensi,
845 1872 947 1901 cum
968 1860 1097 1900 laude

223 1927 470 1966 memorato
501 1925 610 1975 Epp.
635 1924 682 1972 ⁴,
715 1923 765 1972 4,
797 1923 862 1972 3.,
906 1923 980 1973 qui
1011 1933 1099 1973 quo

225 1990 427 2039 tempore
459 1986 572 2026 haee
594 1986 726 2026 satira
748 1985 992 2036 composita
1015 1985 1095 2032 est,

224 2061 263 2089 a.
296 2060 339 2088 u.
373 2060 410 2088 e.
444 2048 556 2095 723„
591 2048 633 2086 in
662 2047 772 2086 vivis
804 2048 911 2086 erat.
963 2048 1099 2086 Prae-

224 2115 366 2159 terea,
399 2109 615 2161 quidquid
641 2108 791 2149 dicunt
810 2106 1095 2156 scholiastae,

224 2175 400 2221 Parma,
425 2173 633 2212 Boiorum
651 2171 848 2222 primum
869 2170 1096 2222 oppidum,

225 2234 385 2275 deinde
431 2233 599 2274 colonia
644 2234 840 2273 Romana
886 2233 926 2271 in
968 2230 1099 2271 Gallia

225 2297 499 2348 Cispadana,
559 2295 614 2334 ad
666 2295 890 2335 Etruriam
945 2293 1101 2333 referri

226 2361 486 2410 neutiquam
528 2359 715 2409 poterat.
780 2356 906 2404 Quod
951 2357 1100 2395 autem

227 2421 560 2462 Commentator
593 2420 726 2469 Cruq.
761 2417 912 2457 tradit:
962 2418 1101 2457 «Cas-

227 2485 317 2524 sius
358 2481 516 2522 multos
545 2492 702 2522 versus
732 2481 856 2531 parvi
888 2480 1100 2523 momenti

227 2544 472 2591 scribebat3
519 2543 619 2583 ideo
655 2544 754 2595 post
784 2543 878 2583 eius
908 2545 1102 2582 mortem

228 2607 426 2647 decrevit
454 2608 656 2652 senatus,
697 2606 745 2644 ut
773 2603 872 2643 libri
903 2615 1005 2643 cum
1027 2615 1103 2643 ca-

229 2669 391 2708 davere
409 2669 699 2707 exurerentur
713 2678 748 2704 z»
770 2676 954 2717 prorsus
971 2665 1103 2705 abso-

231 2741 338 2769 num
360 2740 483 2777 esse,
517 2729 625 2768 scite
647 2727 967 2767 demonstravit
987 2726 1104 2766 Wei-

232 2793 354 2832 ehert
377 2792 431 2832 de
456 2792 607 2832 Cassio
637 2793 778 2830 Parm.
805 2801 848 2841 p.
871 2790 967 2829 21¹9.
992 2790 1102 2837 Quin

231 2856 316 2894 hoc
347 2856 512 2906 ipsum,
547 2853 666 2904 quod
698 2854 847 2893 narrat
877 2852 1101 2900 Horatius,

233 2916 389 2955 urbani
418 2915 598 2955 alicuius
628 2916 818 2955 hominis
849 2925 901 2954 ae
932 2913 1105 2953 deriso-

233 2979 292 3018 ris
323 2978 398 3017 fuit
429 2979 668 3016 inventum.
697 2999 741 3005 —
763 2975 1000 3027 ferventius]
1033 2975 1104 3015 hic

233 3039 349 3079 mala
379 3038 709 3088 significatione.
772 3039 932 3077 Contra
953 3037 1031 3077 Od.
1056 3036 1101 3085 4,

234 3102 281 3149 2,
314 3102 362 3140 7:
397 3101 538 3139 Ferret
570 3101 865 3149 immensusque
892 3099 978 3137 ruit
1000 3109 1106 3148 pro-

233 3163 360 3212 fundo
388 3162 594 3201 Pindarus
622 3172 705 3200 ore.
742 3184 786 3189 —-
819 3161 953 3210 capsis
986 3170 1107 3208 quem

234 3225 354 3274 sama
382 3228 439 3264 est
469 3222 568 3273 cet]
604 3223 752 3261 «euius
784 3224 901 3261 tanta
933 3223 1027 3261 erat
1055 3220 1107 3260 li-

236 3285 419 3325 brorum
459 3283 514 3323 ab
555 3294 607 3322 eo
646 3284 912 3334 scriptorum
953 3285 997 3322 et
1031 3294 1107 3322 ca-

236 3357 441 3397 psarum¹
477 3347 519 3386 in
556 3344 716 3395 quibus
747 3344 1104 3393 asservabantur,

239 3409 387 3459 copia,
438 3411 483 3447 ut
533 3408 626 3447 eius
671 3406 875 3446 cadaveri
920 3406 1108 3446 combu-

238 3469 376 3509 rendo
417 3469 713 3509 sufficerent.»
764 3489 807 3496 -
852 3466 1105 3516 Ambustum]

974 791 1152 844 Fuerit
1189 790 1448 853 LuciliuS‚
1493 791 1737 862 inquam,

1164 1116 1242 1157 Od.
1267 1116 1314 1164 4,
1350 1118 1392 1156 Μ
1417 1148 1425 1165 ,
1458 1117 1531 1156 25:
1579 1116 1790 1157 ambustus
1815 1118 2036 1159 Phaethon.

1165 1177 1374 1219 Consulto
1405 1179 1553 1218 mitius
1583 1179 1773 1219 verbum
1795 1178 1952 1231 elegit,
1984 1192 2039 1221 ne

1164 1241 1293 1281 nimis
1324 1251 1420 1280 rem
1452 1243 1762 1291 exaggeraret,
1809 1253 1897 1282 non
1926 1253 2041 1283 com-

1164 1304 1348 1351 bustum,
1395 1304 1443 1341 ut
1474 1302 1612 1343 Codd.
1647 1304 1763 1355 apud
1808 1304 1960 1345 Lamb.
1999 1307 2042 1345 et

1164 1364 1387 1405 Markland
1431 1366 1697 1405 coniectura.
1773 1366 1859 1406 Csr.
1892 1368 2040 1407 tamen

1165 1428 1298 1466 etiam
1327 1428 1546 1479 Inscriptt.
1580 1439 1639 1468 m.
1674 1429 1810 1468 Latin.
1843 1429 1892 1468 N.
1916 1429 2039 1469 2602.

1164 1489 1219 1528 de
1257 1489 1473 1528 Euchari:
1522 1491 1706 1539 Laudes,
1752 1492 1873 1530 decus
1914 1490 2044 1530 Silent

1163 1551 1349 1590 ambusto
1378 1562 1551 1601 corpore
1571 1556 1608 1592 et
1637 1553 1714 1592 leto
1745 1556 1894 1592 tacent.
1953 1553 2043 1592 Nisi

1161 1623 1268 1652 vero
1301 1613 1441 1653 mavis
1464 1612 1669 1665 explicari
1699 1613 1935 1654 ambustum
1953 1614 2044 1666 pri-

1162 1685 1287 1714 mum
1317 1675 1463 1726 capsis
1494 1676 1538 1714 et
1567 1674 1711 1724 libris,
1753 1675 1915 1716 deinde
1946 1677 2042 1728 ipso

1162 1747 1268 1786 rogo
1288 1736 1556 1776 combustum.
1607 1736 1744 1778 Aliter
1763 1738 1945 1789 quidem
1966 1747 2044 1777 ac-

1164 1799 1279 1850 eepit
1300 1797 1534 1839 Paldamus
1550 1799 1594 1838 in
1613 1799 1752 1838 Iahnii
1763 1798 1916 1839 Annal.
1931 1799 2039 1839 XXI.

1162 1873 1205 1913 p.
1230 1861 1341 1909 368„
1376 1862 1500 1911 quasi
1531 1861 1656 1900 vivus
1687 1860 1902 1901 librorum
1934 1871 2044 1901 con-

1163 1923 1421 1973 flagratione
1455 1923 1496 1962 in
1526 1922 1776 1973 perieulum
1805 1922 2043 1974 aliquando

1163 1985 1381 2025 adductus
1411 1985 1488 2032 sit;
1533 1996 1692 2025 verum
1727 1983 1854 2035 longe
1886 1984 2045 2026 salsior

1163 2045 1238 2086 fiet
1285 2047 1376 2085 tota
1413 2045 1767 2093 narratiuncula,
1817 2046 1894 2086 uhi
1937 2057 2042 2087 eum

1164 2108 1323 2148 ceteris
1354 2108 1670 2160 interpretibus
1701 2108 1757 2148 de
1777 2118 1884 2159 rogo
1905 2107 2044 2161 expli-

1164 2180 1349 2210 caveris.

1219 2232 1366 2272 65-67.
1399 2231 1554 2283 Fuerit]
1579 2231 1648 2271 «id
1669 2232 1790 2283 qued
1810 2243 1891 2273 vos
1915 2231 2044 2273 iden-

1166 2292 1303 2332 tidem
1333 2292 1500 2343 dieitis‚
1548 2305 1629 2345 ego
1670 2305 1758 2334 non
1797 2304 1957 2344 nego.»
1992 2315 2039 2322 —

1166 2356 1303 2405 Quam
1330 2356 1446 2395 rudis
1467 2355 1569 2408 cet]
1603 2367 1765 2408 «quam
1796 2355 2045 2407 exspectari

1165 2418 1339 2468 poterat
1375 2417 1430 2457 ab
1469 2419 1650 2457 auctore
1682 2418 1890 2457 carminis
1920 2415 2044 2456 rudis

1167 2480 1210 2517 et
1242 2479 1421 2519 Graecis
1443 2480 1636 2519 intacti.»
1684 2480 1868 2530 Egregie
1890 2477 1945 2518 de
1967 2477 2046 2518 dif-

1167 2539 1265 2580 ficili
1310 2541 1396 2580 hoe
1440 2539 1538 2581 loeo
1582 2541 1767 2581 meritus
1807 2542 1877 2581 est
1915 2541 1964 2580 C.
1997 2540 2041 2580 F.

1167 2603 1446 2642 Hermannus
1478 2603 1520 2641 in
1560 2604 1707 2652 Progr.
1740 2601 2045 2653 Marburgensi

1169 2662 1306 2711 4844„
1340 2664 1464 2702 cuius
1494 2663 1906 2714 interpretationem
1927 2673 2046 2704 nune

1167 2735 1353 2775 sequor,
1401 2726 1454 2764 ita
1497 2726 1546 2763 ut
1575 2725 1780 2764 Horatius
1810 2724 1951 2765 verba
1980 2725 2046 2765 fa—

1168 2788 1255 2827 eiat
1292 2786 1347 2826 de
1388 2785 1575 2835 Lucilio,
1623 2797 1709 2826 non
1748 2786 2046 2837 quemadmo-

1168 2848 1272 2888 dum
1304 2847 1503 2900 plerique
1535 2849 1753 2897 statuunt‚
1801 2848 1856 2888 de
1887 2849 2041 2889 Ennio.

1168 2912 1212 2950 P.
1247 2909 1318 2950 47:
1356 2911 1576 2950 «Primum
1606 2910 1710 2949 rude
1739 2920 1827 2949 non
1858 2911 1926 2951 est
1944 2921 2046 2962 pra-

1167 2982 1274 3011 vum
1303 2970 1371 3011 vel
1393 2982 1616 3020 mancum,
1649 2972 1731 3012 sed
1751 2972 1857 3012 artis
1885 2983 2045 3024 expers

1168 3036 1212 3073 et
1233 3033 1493 3086 impolitum,
1517 3033 1639 3085 quod
1657 3034 1759 3075 lima
1776 3036 1925 3074 careat
1944 3045 2046 3075 nec·
2115 3042 2120 3047 '

1169 3096 1276 3135 dum
1311 3095 1551 3136 multorum
1579 3097 1809 3136 hominum
1839 3095 2045 3137 manibus

1169 3159 1403 3197 tractatum
1452 3159 1529 3206 sit,
1581 3158 1639 3198 ita
1687 3158 1735 3197 ut
1781 3159 2042 3209 sequentia,

1170 3220 1331 3269 quibus
1383 3220 1555 3261 Graecis
1604 3221 1808 3260 intactum
1860 3219 2040 3269 dicitur,

1171 3292 1259 3321 non
1286 3292 1452 3321 novum
1481 3281 1646 3332 aliquid
1675 3280 1758 3322 sed
1785 3281 2043 3333 propiorem

1172 3345 1339 3384 tantum
1357 3343 1692 3396 explicationem
1708 3343 1962 3383 contineant
1983 3343 2045 3393 (ut

1171 3407 1318 3446 iuven.
1345 3407 1410 3454 Μ,
1436 3406 1538 3446 40οε
1574 3406 1682 3445 Tunc
1700 3405 1817 3444 rudis
1831 3409 1868 3444 et
1889 3405 2044 3446 Graias

1170 3469 1321 3507 mirari
1350 3469 1507 3508 nescius
1544 3472 1667 3508 artes.
1673 3467 1712 3518 );
1745 3466 1905 3508 deinde
1934 3477 2042 3506 vero
