2231 3787
279 192 345 243 56
907 196 1118 237 HORATII
1150 199 1447 242 SATIRARUM

279 322 332 373 Si
374 321 532 374 modo
571 323 723 393 plura
761 325 884 377 mihi
924 326 1065 380 bona
1104 338 1250 389 sunt,
1294 329 1529 390 inclinet,
1571 332 1735 383 amari

277 423 329 475 Si
370 422 536 476 volet:
578 423 676 478 hac
716 425 832 497 lege
872 428 921 479 in
962 429 1153 482 trutina
1192 439 1419 500 ponetur
1446 431 1650 485 eadem.

276 523 402 586 Qui.
446 541 511 577 ne
551 525 828 580 tuberibus
867 530 1098 599 propriis
1136 529 1370 584 offendat
1407 533 1658 591 amicum,

273 624 531 678 Postulat.
576 626 813 696 ignoscet
849 630 1088 683 verrucis
1128 629 1296 695 illius,
1338 649 1570 702 aequum
1609 642 1711 694 est,

271 725 509 778 Peccatis
549 728 758 780 veniam
796 738 1108 799 poscentem
1146 731 1375 785 reddere
1416 750 1619 785 rursus

2020 736 2086 787 75

274 826 544 896 Denique,
586 837 850 899 quatenus
889 830 1061 884 excidi
1099 832 1311 901 penitus
1348 833 1533 886 vitium
1570 835 1705 897 irae,

275 927 462 980 Cetera
508 929 631 981 item
671 940 946 1000 nequeunt
983 931 1153 984 stultis
1193 932 1495 997 haerentia,
1537 953 1634 989 cur
1671 954 1778 989 non

273 1027 607 1081 Ponderibus
648 1029 989 1102 modulisque
1029 1032 1140 1085 suis
1180 1033 1314 1086 ratio
1354 1035 1541 1097 utitur,
1583 1053 1645 1090 ac
1686 1055 1773 1091 res

382 1209 447 1247 71.
483 1210 547 1248 ΤΞ.
583 1210 759 1250 inclinet.
806 1211 952 1251 Amat-i
982 1214 1016 1252 si
1043 1214 1150 1253 volet
1177 1215 1254 1253 huc
1283 1215 1390 1266 lege,
1423 1217 1467 1254 in
1498 1217 1721 1257 Heindorf.
1751 1238 1793 1245 —

326 1274 412 1308 scat
444 1271 472 1309 B
505 1273 549 1310 et
579 1282 692 1311 corr.
726 1271 781 1320 b,
814 1274 920 1313 item
951 1276 1051 1315 LCt.

1827 1218 1892 1259 74.
1916 1221 2033 1271 igno-

1116 1276 1179 1325 (Ut
1209 1287 1310 1325 nOS‚
1344 1277 1480 1329 Scdp,
1514 1278 1872 1320 Bentleianorum
1904 1291 2029 1322 «me-

329 1330 408 1370 lior
437 1333 666 1384 maiorque
704 1345 833 1386 pars»
866 1338 908 1375 et
945 1348 1106 1377 novem
1137 1339 1359 1387 Pottierii.)
1395 1362 1438 1367 —
1472 1341 1537 1379 76.
1572 1342 1769 1389 quatinus
1797 1342 1840 1382 d.
1876 1365 1921 1371 ——
1953 1355 2031 1384 ex—

327 1394 438 1432 cinde
469 1394 541 1445 dp.

273 1549 444 1590 «latirus
475 1550 722 1602 iungendus
753 1565 856 1594 cum
875 1555 1013 1595 verbo
1034 1556 1150 1595 incli-

274 1616 351 1650 net.
389 1635 432 1639 —
467 1615 607 1652 amari
641 1616 675 1654 si
707 1617 832 1666 volet]
869 1619 1002 1668 Magis
1038 1629 1146 1657 con—

273 1674 400 1713 cinne
431 1676 562 1714 etiam
591 1679 772 1728 propter
800 1691 1010 1720 versuum
1040 1692 1147 1721 con-

271 1734 579 1776 formationem
601 1739 711 1779 haec
741 1742 1044 1792 superiorIbus
1074 1744 1149 1783 ad-

272 1799 508 1836 nectuntur
542 1810 675 1849 quam
710 1804 1022 1853 sequentibus,
1060 1816 1147 1856 qua

271 1859 438 1898 ratione
462 1861 592 1900 etiam
624 1866 839 1904 sententia
866 1865 1144 1907 obscuratur.

278 1941 321 1947 —
350 1921 428 1960 hac
468 1923 566 1975 lege]
605 1924 712 1965 «hac
748 1928 1027 1976 condicione,
1074 1933 1144 1979 ut,

274 1983 309 2021 si
341 1994 535 2034 aequum
566 1986 620 2026 de
652 1998 723 2027 me
755 1989 965 2031 iudicium
996 1991 1144 2043 saciat,

275 2055 355 2095 ego
396 2046 512 2086 idem
546 2048 600 2087 de
632 2048 701 2089 illo
733 2051 932 2091 faciam.»

329 2107 493 2148 76-83.
547 2112 797 2158 «Quoniam
841 2114 1021 2164 quidem
1066 2128 1146 2157 nos

275 2178 453 2217 omnes,
502 2182 614 2222 quos
650 2174 781 2214 Stoici
818 2179 998 2227 praeter
1026 2177 1146 2219 illum

275 2240 405 2269 suum
436 2234 681 2283 sapientem
715 2237 987 2287 perfecmtum
1036 2239 1148 2279 stul-

275 2291 380 2330 tos
365 2286 621 2349 αἀοοιας,
656 2291 895 2348 ἤλιιῖιόυς,
929 2297 1147 2351 cpav'mvg

275 2333 395 2391 Stoi).
431 2354 518 2394 Ecl.
552 2357 684 2407 Phys.
710 2359 753 2406 2,
789 2359 844 2409 7.)
881 2371 1040 2401 &ocare
1072 2374 1148 2402 so-

276 2412 385 2462 lent,
433 2427 456 2454 a
491 2418 602 2457 xitiis
634 2430 815 2470 prorsus
846 2420 1034 2463 liberare
1066 2437 1146 2465 nos

276 2486 361 2514 non
392 2488 652 2528 possumus,
692 2482 844 2532 quidni
883 2496 1036 2525 veram
1074 2498 1149 2526 ra—

275 2537 438 2577 tionem
471 2542 513 2578 et
542 2543 810 2592 aequitatem
840 2545 882 2583 in
909 2546 1150 2587 diiudican-

275 2597 341 2637 dis
372 2611 423 2637 ac
455 2602 686 2651 puniendis
717 2603 901 2646 aliorum
922 2608 1148 2649 erroribus

277 2660 535 2712 delictisque
557 2667 838 2715 sequimur?»
866 2691 909 2696 —-
933 2672 1147 2723 quatenus]

277 2723 372 2762 vid.
398 2724 451 2763 ad
475 2726 559 2764 Sat.
589 2728 628 2775 l.
666 2729 680 2766 i
703 2761 709 2774 ,
744 2729 808 2768 61.
848 2753 891 2758 —
924 2733 1146 2784 suppliciis]

279 2787 479 2835 moenis,
523 2791 565 2827 et
597 2790 802 2840 quidem,
847 2793 880 2832 si
913 2805 1025 2845 opus
1057 2797 1144 2845 est,

278 2849 590 2894 severioribus,
603 2866 619 2885 υ
638 2876 680 2880 —
696 2855 969 2907 tepidumque]
991 2859 1147 2909 «atque

279 2910 335 2948 ob
374 2910 415 2948 id
457 2923 600 2963 neque
639 2915 694 2953 ab
734 2917 841 2956 hero
873 2930 955 2958 nec
985 2931 1008 2959 a
1041 2932 1148 2959 con-

277 2973 386 3011 vivis
428 2974 514 3012 iam
552 2978 841 3028 gustandum,
889 2981 968 3020 sed
1009 2984 1149 3023 servis

278 3033 660 3084 relinquendum.»
734 3042 1019 3091 trepidumque
1062 3056 1148 3083 non

279 3098 344 3134 est
376 3097 453 3136 nisi
486 3098 685 3140 fortuitus
707 3101 986 3145 librariorum
1009 3117 1146 3155 error,

281 3160 403 3198 euius
436 3160 577 3199 fautor
608 3164 687 3201 Fea
712 3164 915 3216 explicat:
952 3169 1043 3208 «ius
1067 3171 1151 3208 tre-

280 3220 468 3269 mulum,
510 3227 631 3263 motu
668 3227 920 3276 agitatum.»
964 3252 1006 3257 —-
1040 3231 1150 3282 lissu-

276 3283 408 3333 merit]
450 3283 649 3336 Plerique
690 3288 941 3339 ligurrierit,
989 3292 1065 3331 sed
1103 3295 1151 3331 ut

281 3344 446 3395 reliqua
480 3358 548 3386 vv.
576 3348 614 3387 in
648 3350 740 3388 urio
771 3351 954 3402 simplici
987 3365 1008 3391 r
1039 3355 1150 3393 Scri-

279 3407 488 3448 bendum.
535 3409 595 3449 Ad
630 3412 891 3453 sententiam
914 3415 1025 3454 conf.
1051 3416 1148 3467 Epi-

1213 1559 1358 1598 crates
1397 1559 1523 1599 Mein.
1568 1561 1636 1599 ΙΙΙ.
1670 1571 1712 1612 p.
1747 1560 1848 1600 368:
1900 1561 1954 1602 Τι’
1995 1558 2086 1620 γὰρ

1199 1613 1402 1667 ’Ἐχθιον
1431 1645 1455 1651 -
1484 1645 1507 1651 -
1537 1616 1572 1673 ἢ
1600 1618 1687 1674 τὴν
1726 1616 1876 1675 αιιίδα
1905 1625 2084 1681 φέρειν,

1215 1681 1428 1731 (serxulus
1459 1682 1663 1734 loquitur)
1696 1679 1814 1740 ὁοᾶν
1848 1697 1899 1724 τε
1927 1687 2087 1738 κείμε-

1211 1756 1296 1792 να,
1342 1738 1551 1796 Ἀιιητας
1603 1742 1911 1803 ἦμιβοώτους
1959 1743 2088 1805 &ovi-

1210 1805 1264 1845 290
1252 1803 1319 1845 ιά
1348 1818 1414 1854 τε
1436 1799 1525 1846 «Ων
1555 1804 1666 1848 οὐδὲ
1695 1807 1741 1848 λ
1731 1809 1986 1858 ιφθέντων
2005 1810 2088 1852 θέ-

1210 1881 1292 1920 μις
1322 1865 1477 1922 δούλῳ
1507 1874 1704 1923 φαγεῖν,
1736 1864 1825 1922 “fig
1854 1885 2007 1921 φασιν
2036 1873 2092 1912 αἱ

1211 1934 1458 1984 γυναῖκες;
1495 1933 1645 1972 Iuven.
1679 1933 1725 1982 9,
1759 1934 1816 1981 5.;
1850 1935 1935 1974 Nos
1967 1935 2086 1974 cola—

1204 1994 1335 2043 phum
1382 1994 1604 2033 incutimus
1659 1995 1854 2035 lambenti
1900 1997 2088 2037 crustula

1209 2066 1338 2094 servo.
1376 2077 1420 2083 -
1444 2055 1642 2107 Labeone]
1675 2058 1786 2096 Cum
1817 2057 2084 2108 Scholiastis,

1211 2117 1483 2166 Heindorfio,
1535 2119 1791 2159 Weicherto
1834 2119 1953 2159 hunc
2006 2132 2087 2172 pro

1211 2179 1265 2219 M.
1286 2179 1469 2219 Antistio
1487 2179 1706 2228 Labeone,
1735 2179 2087 2223 celebratissimo

1211 2242 1362 2291 postea
1394 2242 1516 2289 ICto,
1549 2242 1795 2292 incorrupta
1819 2243 2006 2284 libertate
2026 2245 2090 2284 in—

1211 2303 1321 2353 signi
1354 2302 1466 2352 (Tae.
1495 2305 1605 2342 Ann.
1639 2304 1678 2352 3,
1717 2305 1818 2355 753,
1850 2305 2085 2346 habemus.

1212 2366 1324 2404 Sane
1355 2365 1641 2404 statuendum
1672 2367 1740 2406 est
1768 2366 1886 2406 hunc
1916 2367 2089 2407 Labeo-

1213 2437 1316 2465 nem
1360 2426 1601 2465 etiamtunc
1643 2427 1852 2468 iuvenem
1892 2429 2087 2468 necdum

1213 2488 1410 2527 doctrina
1440 2487 1589 2527 aliisve
1620 2490 1789 2528 meritis
1820 2488 1989 2530 clarum
2010 2491 2089 2531 ali-

1213 2549 1390 2599 quando
1443 2552 1625 2600 propter
1680 2550 1820 2590 levius
1875 2551 2088 2593 delictum

1213 2622 1391 2651 servum
1430 2611 1542 2650 adeo
1587 2622 1743 2651 severe
1787 2614 1993 2664 punisse,
2040 2618 2089 2656 ut

1212 2683 1350 2725 prope
1381 2683 1460 2723 pro
1491 2675 1640 2713 mente
1668 2676 1798 2724 capto
1829 2675 2084 2716 haberetur.

1213 2735 1312 2773 Sine
1353 2733 1438 2773 ulla
1476 2745 1609 2774 causa
1649 2735 1772 2775 multi
1812 2747 1913 2776 cum
1951 2738 2088 2777 Scho-

1211 2796 1345 2835 liastis
1391 2795 1645 2836 Labeonem
1688 2799 1871 2849 propter
1906 2799 2087 2839 nimiam

1212 2857 1462 2897 libertatem
1495 2859 1535 2897 et
1559 2860 1884 2900 contumaciam
1916 2861 1958 2900 in
1981 2862 2088 2902 Cae-

1213 2930 1360 2960 sarem
1381 2920 1665 2959 Octavianum
1693 2921 1793 2961 huic
1814 2922 2087 2972 gratificandi

1214 2992 1345 3021 causa
1377 2982 1433 3021 ita
1464 2981 1519 3020 ab
1553 2983 1730 3022 Horatio
1762 2986 1960 3024 notatum
1987 2995 2086 3025 esse

1215 3044 1375 3095 opinati
1420 3046 1534 3083 sunt.
1604 3046 1823 3096 Spolinius
1867 3047 2088 3098 interpre-

1217 3107 1329 3144 tatus
1375 3107 1444 3145 cst
1490 3106 1545 3145 (le
1587 3107 1634 3146 C.
1677 3109 1819 3147 Atinio
1860 3108 2083 3157 Labeone,

1214 3167 1390 3206 tribuno
1435 3167 1510 3218 pl.,
1545 3170 1617 3219 qui
1661 3170 1834 3209 circiter
1867 3171 2087 3221 octoginta

1214 3231 1312 3268 ante
1358 3230 1483 3268 annis
1528 3231 1576 3278 Q.
1615 3230 1835 3271 Metellum
1879 3232 2087 3272 Macedo-

1214 3293 1359 3330 nicum
1410 3292 1464 3331 (le
1514 3303 1618 3331 saxo
1666 3293 1850 3344 Tarpeio
1893 3293 2085 3333 deiicere

1214 3353 1427 3393 voluerat.
1463 3355 1548 3393 Liv.
1574 3355 1683 3406 Epit.
1708 3355 1773 3394 59.
1799 3354 1978 3394 Bentleii
2002 3357 2086 3394 La-

1213 3416 1351 3456 bienus
1381 3417 1448 3456 est
1484 3417 1634 3457 rhetor
1664 3416 1753 3466 ille,
1794 3417 1868 3468 qui
1906 3418 2086 3468 Augusti
