2231 3787
818 220 915 259 ΜΒ.
950 221 980 259 1.
1042 219 1205 259 EPlST.
1239 220 1365 259 xvii.
1913 216 2005 268 554

256 351 366 404 Nec
404 350 571 403 semel
614 350 799 402 irrisus
839 350 1006 402 triviis
1046 348 1285 402 attollere
1327 357 1478 402 curat

259 454 447 505 Fracto
487 469 644 506 crure
684 451 930 522 planum,
975 450 1097 504 licet
1136 449 1206 502 illi
1248 449 1480 520 plurima
1519 458 1697 502 manet

255 553 523 615 Lacrima,
566 570 662 623 per
705 561 949 606 sanctum
991 552 1194 604 iuratus
1235 551 1377 605 dieat
1416 551 1643 606 Osirim:
1951 551 2017 600 60

257 654 502 714 Credite,
548 670 654 706 non
693 653 848 718 ludo;
890 653 1166 715 crudeleS,
1209 652 1374 706 tollite
1415 651 1685 706 claudum.

256 756 471 819 Quaere
511 755 883 826 peregrinum,
933 755 1128 809 vicinia
1167 772 1332 808 rauca
1370 753 1640 808 reclamat.

294 898 360 936 62.
393 901 522 936 cauta
550 897 753 937 reclamet
781 896 1022 938 Markland.

185 1019 255 1060 illo
277 1020 432 1061 irrisus
449 1022 517 1061 est
533 1020 688 1071 semel,
710 1032 814 1061 cum
831 1020 1066 1071 attolleret,

185 1083 348 1134 quippe
394 1093 498 1122 oum
529 1083 689 1123 eadem
730 1083 860 1123 faciat
889 1085 931 1122 in
961 1094 1070 1123 vero

185 1143 360 1189 dolore,
396 1155 511 1195 quae
543 1146 631 1185 iam
652 1145 829 1196 pridem
850 1145 1006 1184 fecerit
1026 1146 1070 1184 in
1100 1162 1103 1174 ⁴

1101 1209 1328 1254 paretur,
1374 1205 1567 1256 royanti,
1617 1205 1789 1245 Toltat
1827 1209 1891 1254 te,
1934 1205 2022 1255 qui

188 1205 340 1247 falso.»
363 1208 520 1246 PORPH.
548 1230 591 1235 —
610 1207 802 1257 plurima
817 1228 839 1235 —
854 1207 1069 1259 Lacrima]

182 1269 278 1309 Vid.
304 1268 361 1307 ad
382 1269 460 1308 Od.
488 1270 503 1308 4
529 1301 537 1318 ,
562 1269 601 1319 7,
626 1269 665 1309 8.
699 1270 817 1320 Virg.
843 1271 1001 1320 Georg.
1027 1270 1067 1318 4,

184 1331 261 1372 487
281 1343 289 1370 ;
312 1343 404 1370 nuoe
419 1332 622 1381 plurima,
648 1331 687 1381 4,
706 1331 808 1373 449;
825 1332 1072 1382 plurima--

181 1394 314 1433 unda.
338 1416 383 1422 —
396 1405 478 1444 per
493 1398 684 1434 sanctum
701 1394 803 1446 cet.]
824 1406 878 1434 ex
900 1405 1071 1435 sermo-

182 1467 238 1495 ne
261 1456 531 1506 quotidiano,
568 1457 657 1496 Cic.
683 1455 790 1496 Phil.
811 1457 857 1506 2,
886 1456 960 1503 43,
990 1456 1064 1495 32;

176 1529 258 1568 pro
279 1522 420 1557 sancte
437 1518 646 1568 Iuppiter!
686 1519 898 1558 Ceterum
918 1513 1069 1558 ἀσύν-

181 1577 318 1619 δετον
347 1578 564 1619 librorum
595 1580 736 1630 magis
763 1579 911 1631 placet
932 1590 1069 1630 quam

182 1643 288 1682 Tan.
313 1641 441 1681 Fabri
472 1642 752 1682 coniectura:
780 1654 861 1692 per
880 1646 1071 1682 sanctum

182 1708 219 1745 et
248 1705 429 1744 iuratus,
466 1728 511 1733 —-
546 1705 712 1754 Osirim]
749 1703 818 1744 vel
850 1705 951 1755 quia
981 1705 1069 1744 Ae-

181 1767 359 1819 gyptius
390 1768 509 1816 erat,
556 1768 605 1806 ut
642 1768 835 1808 Matreas
865 1765 935 1806 ille
966 1765 1070 1806 Ale-

179 1829 422 1869 xandrinus
467 1828 586 1880 apud
629 1829 936 1878 Athenaeum,
997 1827 1069 1868 vel

181 1889 339 1931 saltem
369 1890 497 1931 Isidis
529 1889 665 1931 cultui
696 1892 812 1931 inter
840 1889 1067 1943 popellum

180 1955 288 1993 tune
318 1953 566 1993 admodum
592 1953 815 2005 frequenti
846 1953 1065 1994 addictus.

185 2038 230 2044 —
255 2015 394 2065 tollite]
420 2017 493 2055 «ut
512 2016 569 2055 ad
590 2017 849 2068 chirurgum
869 2018 1067 2068 porter.»

183 2078 253 2117 Sic
282 2079 330 2117 A.
355 2079 400 2117 P.
425 2078 525 2118 458:
574 2079 662 2118 Si-
679 2100 702 2107 —
724 2080 875 2119 decidit
918 2089 1070 2129 auceps

182 2139 227 2179 in
248 2144 423 2189 puteum
449 2141 691 2191 foveamve,
734 2141 827 2180 licet
858 2141 1070 2180 «Succur-

182 2203 286 2242 rite»
318 2202 488 2253 lonqum
509 2202 664 2242 Clamet
687 2204 754 2242 «Io
775 2203 903 2242 cives!
917 2217 954 2252 υ,
985 2214 1070 2242 uon

182 2264 236 2305 sit
264 2264 336 2314 qui
365 2264 564 2304 tollere
592 2268 722 2305 curet.
750 2288 794 2293 —
820 2266 983 2315 Quaere
997 2275 1070 2314 pe-

182 2326 413 2379 reyrinum]
448 2325 624 2375 Quintil.
649 2326 687 2376 6,
713 2326 751 2376 3,
778 2327 826 2366 9:
859 2326 1071 2366 Adiuvant

1133 1021 1419 1060 urbanitatem
1449 1024 1486 1059 et
1510 1029 1655 1059 versus
1673 1018 1887 1059 commode
1907 1018 2021 1068 posi-

1134 1083 1187 1132 ti,
1210 1105 1234 1111 -
1250 1105 1274 1111 -
1294 1086 1331 1122 et
1347 1081 1574 1132 proverbia
1595 1084 1826 1131 opportune
1846 1084 2019 1131 aptata:

1133 1148 1180 1183 ut
1208 1144 1365 1182 homini
1394 1154 1578 1192 ‘nequam
1607 1143 1724 1193 lapso
1753 1147 1815 1192 et,
1847 1147 1895 1183 ut
1923 1143 2023 1182 alle-

1132 1281 1234 1309 ηοη
1263 1268 1420 1308 novit.
1458 1291 1502 1295 —
1535 1267 1704 1319 vicinia]
1740 1268 1878 1307 Huius
1899 1269 2022 1308 vocis

1132 1342 1241 1372 usus
1273 1330 1328 1370 de
1359 1329 1615 1370 hominihus
1641 1330 1796 1370 vicinis
1819 1341 1907 1369 non
1929 1340 2023 1369 mo-

1134 1393 1190 1433 do
1237 1404 1325 1432 non
1356 1394 1425 1433 est
1452 1392 1731 1441 rarissimus,
1764 1393 1814 1431 ut
1843 1391 2020 1431 videtur

1136 1454 1355 1496 Freundio
1400 1465 1435 1495 s.
1475 1455 1520 1493 h.
1558 1465 1626 1503 v.,
1674 1453 1755 1493 sed
1798 1465 1854 1493 ne
1894 1465 2023 1494 rarus

1134 1517 1333 1569 quidem.
1368 1518 1438 1556 Sic
1460 1517 1579 1556 enim
1594 1518 1775 1567 praeter
1792 1516 2023 1556 Horatium

1135 1580 1237 1631 (Sat.
1262 1581 1311 1629 2,
1340 1580 1388 1628 5,
1422 1579 1515 1618 406.
1549 1579 1660 1630 Epp.
1687 1580 1733 1628 4,
1759 1579 1835 1629 46,
1859 1578 1944 1630 44.)
1979 1581 2022 1619 et

1133 1642 1391 1682 Petronium
1423 1641 1476 1692 (c.
1501 1641 1585 1691 93.)
1619 1640 1674 1680 ab
1697 1640 1793 1692 ipso
1815 1640 2020 1681 laudatos

1136 1705 1271 1744 etiam
1303 1703 1484 1744 Ovidius
1515 1704 1629 1743 Fast.
1654 1703 1701 1752 2,
1730 1703 1825 1742 657.
1859 1702 1899 1752 3,
1926 1702 2019 1743 489.

1133 1768 1311 1807 Metam.
1337 1767 1377 1816 2,
1397 1765 1492 1805 688.
1527 1764 1567 1814 4,
1588 1764 1682 1804 636.
1716 1765 1757 1814 8,
1777 1765 1871 1805 689.
1895 1767 2020 1805 Pers.

1134 1830 1222 1868 Sat.
1247 1828 1286 1878 4,
1307 1828 1374 1869 46.
1408 1829 1561 1867 Iuven.
1588 1826 1654 1876 44,
1676 1826 1770 1867 454.
1799 1849 1839 1856 -
1867 1828 2020 1880 rauca]

1135 1901 1278 1931 «sono
1322 1889 1550 1930 incondito
1593 1888 1844 1929 vociferans
1874 1899 2019 1940 usque

1136 1953 1194 1992 ad
1224 1953 1410 1992 ravim.»
1444 1953 1515 1992 Sic
1534 1953 1687 1991 Iuven.
1711 1951 1750 2000 8,
1775 1950 1851 1991 59:
1885 1951 2024 1991 exsul-

1133 2019 1195 2054 tat
1230 2026 1364 2054 rauco
1402 2014 1583 2054 victoria
1613 2014 1746 2054 Circo.
1806 2028 1826 2049 «
1839 2014 1909 2052 Sic
1947 2014 2017 2061 tu,

1133 2075 1275 2118 semel
1306 2077 1342 2116 si
1371 2077 1607 2117 mendacio
1639 2075 1715 2115 aut
1748 2073 1850 2115 dolo
1882 2075 2019 2115 dece-

1130 2141 1252 2191 peris
1296 2138 1543 2188 fautorem,
1591 2137 1698 2177 nihil
1736 2139 1825 2177 iam
1865 2137 1921 2177 ab
1964 2149 2018 2177 eo

1133 2200 1354 2240 auferes.»
1416 2201 1640 2251 Perquam
1683 2209 2019 2251 supervacanea

1133 2264 1201 2302 est
1229 2260 1497 2311 Marklandi‚
1544 2261 1626 2300 viri
1656 2262 2014 2312 ingeniosissimi,

1129 2325 1391 2375 ,coniectura
1421 2327 1549 2364 cauta
1576 2324 1788 2364 reclamet.
