2231 3787
851 219 948 258 LlB.
985 220 1013 258 l.

1076 218 1237 258 Eris‘r.
1275 220 1302 257 1.
1887 217 1988 267 :375

237 352 324 404 Est
364 349 598 422 quadam
639 348 856 420 prodire
899 357 1075 409 tenus,
1119 349 1161 401 'si
1203 365 1306 400 non
1353 348 1509 401 datur
1549 348 1700 401 ultra.

235 454 426 506 Fervet
465 451 685 505 avaritia
723 451 1035 522 miseroque
1074 449 1326 521 cupidine
1368 459 1583 520 pectus:

234 556 365 608 Sunt
404 553 569 607 verba
608 562 661 608 et
698 570 889 614 voceS‚
933 552 1130 625 quibus
1170 552 1312 605 hunc
1355 551 1520 605 lenire
1560 551 1802 606 dolorem

234 656 414 709 Possis
454 665 506 709 ct
544 673 792 727 magnam
831 654 1002 709 morbi
1044 655 1319 726 deponere
1361 663 1581 724 partem.
1920 656 1986 707 35

214 849 394 898 praeter
423 857 560 885 unum
594 857 750 886 omnes
782 846 988 885 Pottierii.
1028 869 1072 873 —
1107 845 1173 885 32.
1209 847 1389 895 quodam
1419 844 1515 885 th
1548 847 1591 885 et
1622 856 1737 886 corr.
1774 846 1799 884 S
1831 856 1932 885 cum

216 909 407 948 Pottierii
438 908 647 949 omnibus
678 910 858 960 praeter
888 908 1023 957 duos,
1073 909 1178 947 item
1210 910 1249 956 t,
1297 909 1507 957 quoddam
1543 909 1570 947 F
1611 920 1632 947 e
1667 907 1805 947 Codd.
1871 908 1933 957 (Ut

214 982 309 1019 nos,
343 983 410 1023 pr.
446 973 500 1013 S,
535 972 869 1022 antiquissimus
900 970 1053 1011 Bland.

158 1145 250 1185 lis.»
306 1145 430 1186 Conf.
456 1147 502 1193 2,
538 1146 582 1192 7,
619 1146 669 1184 45
701 1155 768 1195 sq.
806 1165 851 1173 —
889 1145 1038 1195 prohi—

157 1207 262 1260 bere]
316 1208 475 1247 eadem
527 1207 888 1255 constructione,
951 1217 1037 1257 qua

158 1271 265 1322 Epp.
293 1272 307 1310 4
330 1303 337 1319 ,
361 1271 400 1319 8,
426 1271 498 1311 4οῑ
531 1282 595 1310 1116
613 1292 632 1298 -
651 1292 669 1298 -
689 1281 834 1310 arcere
852 1273 1032 1309 veterno.

209 1395 355 1435 32-35.
388 1397 462 1435 Est
491 1397 679 1445 quadam
701 1396 877 1446 prodire
906 1395 1033 1447 tenus]

156 1456 283 1498 «licet
324 1458 534 1510 progredi
577 1468 720 1509 usque
761 1458 816 1498 ad
862 1460 1036 1497 certum

153 1520 379 1572 quendam
449 1521 731 1560 terminum.»
809 1519 1035 1560 Vocabulo

153 1584 456 1632 quadamtenus
499 1583 732 1634 aliquoties
777 1584 913 1623 utitur
955 1582 1038 1623 Pli-

155 1647 252 1686 nius
287 1645 451 1695 maior,
486 1645 647 1685 eadem
683 1646 1033 1685 conformatione

153 1708 376 1757 feminina,
404 1719 491 1759 qua
509 1710 612 1748 sunt
629 1714 848 1758 quatenus,
871 1709 1037 1757 aliqua—

151 1775 290 1819 tenus,
336 1771 555 1820 haetenus,
593 1775 786 1822 eatenus,
826 1772 1031 1811 ‘illatenus

151 1833 320 1872 Eadem
349 1834 480 1873 tmesi
501 1833 623 1873 ovid.
648 1835 826 1874 Metam.
852 1835 891 1882 5,
926 1833 1029 1873 642:

149 1896 238 1934 Hac
252 1896 455 1936 Arethusa
470 1901 599 1936 tenus.
642 1896 790 1937 Altera
808 1896 909 1937 lect.
935 1908 1035 1946 quo-

151 1959 249 1997 dam
269 1963 428 1998 —tenus
470 1971 653 2009 vereor,
700 1962 749 1999 ut
778 1961 930 2000 Latina
961 1960 1028 1999 sit.

152 2020 273 2069 (Vide
304 2021 578 2073 Obbarium.)
630 2024 772 2074 Atque
805 2024 984 2063 omnino
1007 2036 1030 2063 3

150 2081 337 2124 librariis
359 2083 528 2125 facilius
553 2096 595 2124 V.
621 2087 802 2135 quodam
825 2086 1032 2126 substitui

151 2147 323 2196 poterat
365 2157 499 2186 verae
545 2146 747 2197 lectioni,
793 2160 896 2188 cum
936 2151 1030 2189 sine

151 2218 284 2247 631153
302 2208 540 2249 haererent
563 2210 605 2249 in
624 2221 787 2261 genere
807 2211 957 2251 16111111.
982 2235 1027 2240 —

153 2271 294 2310 Fervet
323 2271 432 2322 cet.]
467 2272 712 2312 «Remedia
728 2276 909 2324 praesto
927 2276 1029 2313 sunt

151 2333 284 2372 6113111
342 2332 558 2374 adversus
610 2335 1029 2376 vehementissimas

150 2395 284 2434 animi
305 2396 686 2446 pedurbationes,
712 2398 956 2438 dummodo
978 2399 1028 2438 iis

151 2457 211 2495 uti
242 2456 396 2497 velis.»
445 2460 590 2499 Ferret
620 2463 769 2499 autem
807 2459 927 2500 velut
963 2460 1030 2500 fe-

150 2519 232 2560 bri.
293 2521 498 2562 Similiter
519 2524 606 2564 Sat.
633 2524 680 2569 2,
715 2524 760 2572 3,
795 2524 869 2562 79:
906 2524 1029 2574 Quis-

148 2583 239 2632 quis
298 2585 474 2624 linearia
533 2586 690 2625 tristive
743 2587 1030 2636 superstitione

146 2645 226 2685 Aut
254 2647 337 2686 alio
366 2649 514 2687 mentis
540 2649 684 2687 morbo
705 2648 823 2688 calet.
852 2672 896 2676 —
921 2660 1029 2688 ava-

146 2709 262 2760 ritia]
296 2711 480 2750 «Notatu
512 2710 695 2761 dignum
726 2712 794 2751 est
822 2713 1023 2763 poetam,

147 2771 403 2823 ubicunque
434 2784 584 2814 mores
615 2784 723 2813 suae
745 2774 900 2814 aetatis
921 2785 1028 2826 per-

148 2835 341 2885 stringit,
366 2847 500 2875 avaro
522 2837 688 2887 primas
710 2836 906 2877 tribuere
928 2848 1027 2888 par-

149 2898 214 2934 tes
235 2895 292 2934 ad
313 2907 506 2948 eumque
527 2898 590 2937 ire
611 2898 865 2949 redireque,
900 2899 1025 2939 cuius

150 2957 212 2996 rei
243 2967 424 2997 causam
445 2960 553 2999 scite
575 2961 748 3011 aperuit
767 2962 810 3000 F.
833 2962 883 3001 A.
907 2960 1029 3002 Wolf

150 3018 206 3058 ad
235 3019 322 3058 Sat.
356 3020 401 3068 4,
435 3021 474 3059 4.
507 3031 550 3071 p.
584 3021 623 3062 9.
676 3022 739 3062 Cf.
774 3024 860 3063 Sat.
893 3024 937 3073 4,
971 3023 1020 3073 4,

147 3080 214 3120 26.
262 3081 308 3128 2,
342 3080 391 3130 3,
424 3081 476 3121 82
507 3092 606 3134 sqq.
655 3084 701 3133 4,
744 3086 791 3134 4,
829 3086 882 3126 28
921 3096 1020 3136 sqq.

148 3143 255 3194 Epp.
291 3143 341 3191 2,
390 3144 433 3192 4,
481 3144 573 3184 419.
619 3146 667 3195 2,
712 3147 759 3195 2,
808 3147 886 3188 448
921 3159 1021 3200 sqq.

148 3206 296 3245 OBBAR.
349 3228 393 3234 —
425 3205 656 3256 miseroque
687 3209 900 3262 cupidine]
941 3211 1019 3250 Od.

145 3266 195 3314 2,
229 3268 302 3316 46,
347 3268 421 3307 4οῑ
468 3269 639 3308 miseros
676 3271 874 3310 tumultus
910 3274 1025 3312 Men-

147 3329 210 3369 tis.
260 3329 310 3369 V.
335 3330 483 3380 cupido
504 3330 623 3381 apud
654 3331 883 3372 Horatium
907 3344 1024 3374 sem-

147 3401 227 3442 per
255 3392 429 3442 generis
460 3393 528 3433 est
561 3393 803 3435 masculini.
842 3417 886 3422 —
920 3396 1026 3436 Sunt

147 3451 272 3492 verba
319 3455 431 3503 cet.]
484 3455 691 3496 Remedia
737 3468 788 3496 ex
834 3456 1024 3508 philoso-

1089 973 1131 1010 et
1161 970 1472 1020 Buslidianus.)

1101 1144 1232 1195 phiae
1274 1142 1342 1182 illa
1385 1145 1532 1194 parte,
1581 1154 1693 1194 quae
1736 1143 1791 1182 ad
1838 1154 1984 1183 mores

1102 1207 1295 1256 spectat,
1331 1206 1440 1244 scite
1474 1207 1705 1256 comparat
1736 1216 1837 1245 611111
1861 1204 1984 1259 ἐπῳ-

1101 1265 1226 1317 δαῖς,
1261 1269 1607 1307 incantamentis
1641 1269 1846 1317 magicis,
1886 1270 1985 1319 qui-

1101 1329 1185 1370 bus
1214 1331 1349 1370 etiam
1381 1330 1540 1370 medici
1574 1330 1797 1370 interdum
1827 1332 1888 1370 uti
1918 1342 1986 1371 50-

1100 1392 1273 1441 lebant;
1316 1404 1434 1432 voces
1466 1391 1575 1442 (coll.
1614 1394 1720 1445 Epp.
1753 1394 1798 1441 4,
1832 1394 1880 1442 2,
1914 1394 1980 1434 23.

1098 1458 1147 1496 Α.
1185 1458 1230 1496 Ρ.
1268 1456 1380 1505 246.)
1413 1467 1517 1496 611111
1546 1456 1720 1505 Vossio,
1768 1456 1981 1503 Obbario,

1100 1519 1326 1558 Schmidio
1357 1519 1496 1569 magis
1518 1518 1576 1558 ad
1605 1519 1896 1570 symphonias
1917 1530 1986 1559 re—

1101 1581 1218 1630 sero,
1261 1581 1422 1633 quibus
1455 1581 1616 1621 medici
1649 1583 1693 1620 et
1730 1582 1846 1632 magi
1884 1593 1985 1621 car-

1100 1644 1215 1683 mina
1240 1643 1309 1683 1113
1326 1654 1489 1683 arcana
1508 1642 1849 1684 comitabantur.
1875 1642 1980 1683 Gell.

1100 1707 1145 1756 11,
1181 1708 1255 1747 43;
1291 1707 1501 1747 Creditum
1530 1707 1604 1746 1106
1634 1719 1662 1746 a
1683 1707 1894 1756 plerisque
1927 1711 1983 1746 est

1099 1774 1136 1809 et
1154 1771 1381 1809 memoriae
1404 1771 1671 1809 mandatum:
1698 1769 1867 1809 ischiaei
1887 1780 1983 1808 cum

1097 1833 1283 1872 maxime
1304 1833 1490 1882 doleant,
1523 1837 1629 1882 tum,
1663 1833 1697 1871 si
1726 1832 1904 1871 modulis
1923 1832 1982 1872 le-

1098 1895 1216 1934 nibus
1245 1895 1389 1935 tibicen
1423 1896 1603 1944 incinat,
1640 1896 1773 1934 minui
1803 1896 1976 1935 dolores.

1097 1959 1166 1997 Sic
1207 1959 1471 2009 Pythaqoras
1517 1960 1699 2009 (Seneca
1738 1957 1793 1997 de
1831 1959 1898 1998 Ira
1932 1958 1976 2007 3,

1097 2021 1153 2071 9.)
1187 2021 1524 2071 perturbationes
1561 2022 1694 2061 animi
1731 2021 1827 2071 lyra
1865 2032 1981 2060 com-

1088 2084 1283 2133 ponebat.
1337 2085 1399 2124 De
1443 2081 1647 2138 ἑπῳδαῑς
1685 2084 1808 2123 Ρ11111.
1846 2085 1975 2135 Pyth.

1095 2147 1141 2195 3,
1175 2147 1248 2186 50:
1301 2146 1590 2198 Aesculapius
1632 2147 1806 2187 saucios
1844 2149 1978 2198 atque

1095 2210 1300 2259 aegrotos
1359 2206 1528 2260 λύσαις
1576 2204 1723 2249 ἄλλον
1770 2204 1977 2248 ἀλλοίων

1094 2266 1254 2318 ἀχέων
1272 2267 1496 2325 ἮΕξαγεν,
1542 2268 1656 2322 τοὺς
1692 2270 1782 2324 μὲν
1821 2270 1977 2324 μαλα-

1094 2337 1203 2383 καῖς
1246 2332 1495 2385 ἐπαοιδαῖς
1536 2328 1800 2387 ἀμφέπων,
1853 2332 1976 2385 Τοὺς

1093 2394 1143 2436 δὲ
1165 2397 1412 2451 προσανέα
1432 2398 1658 2447 ,τίνοντας
1679 2395 1776 2436 κτλ.
1824 2398 1971 2448 Eurip.

1095 2458 1264 2510 llippol.
1297 2459 1400 2500 478:
1447 2459 1586 2500 Εἰσὶν
1615 2459 1652 2499 δ’
1685 2457 1862 2514 ἐπῳδαὶ
1892 2460 1974 2500 καὶ

1094 2518 1228 2574 λόγοι
1271 2520 1565 2579 θελκτήρια·
1616 2519 1889 2574 ‘Damio-etat
1926 2535 1972 2562 τι

1092 2582 1230 2637 τῆςδε
1278 2582 1541 2641 φάρμακον
1590 2583 1757 2627 νόσου.
1817 2585 1972 2637 Olym-

1092 2647 1304 2699 piodorus
1335 2648 1454 2700 apud
1492 2649 1654 2689 Cousin
1690 2649 1867 2688 Journal
1905 2649 1974 2688 des

1091 2712 1391 2751 Savan81832
1411 2709 1970 2766 1).6Ἳ1;Θεῖοιλόγοιτα-

1091 2772 1363 2831 ραδίδονται
1402 2775 1484 2814 καὶ
1522 2773 1702 2829 ἐπωδαὶ
1729 2776 1968 2829 μέγισται

1089 2835 1268 2888 δυνάιιε
1256 2849 1352 2876 ναι
1397 2835 1690 2878 κατευνάσαι
1733 2833 1872 2891 ἡμῶν
1909 2833 1968 2877 τὰ

1090 2897 1223 2953 πάθη
1268 2900 1350 2940 καὶ
1380 2902 1526 2940 εἰπεῖν
1556 2895 1748 2951 αὐταῖς·
1794 2900 1866 2941 Μέ
1868 2914 1915 2940 vc
1903 2912 1969 2940 τε

1088 2958 1300 3020 ατρέμας
1329 2962 1379 3004 ἐν
1409 2961 1633 3016 δεμνίοις.
1669 2986 1715 2993 -
1760 2963 1966 3015 dolorem]

1091 3025 1452 3067 «molestissimas
1473 3027 1553 3066 has
1574 3027 1708 3066 animi
1729 3026 1968 3078 perturba-

1088 3089 1498 3139 tiones.»-m0rbi]
1532 3089 1621 3130 Cic.
1647 3090 1775 3129 Tusc.
1800 3089 1839 3138 3,
1859 3087 1898 3137 4,
1918 3089 1963 3127 7:

1086 3151 1294 3200 misereri,
1330 3152 1537 3201 invidere,
1581 3152 1754 3203 gestire,
1788 3150 1963 3194 laetari,

1085 3214 1187 3253 haee
1217 3215 1360 3253 omnia
1387 3214 1596 3254 morbos
1635 3214 1785 3254 Graeci
1821 3212 1966 3262 appel-

1086 3276 1195 3325 lant,
1233 3281 1368 3316 motus
1397 3277 1551 3326 animi,
1593 3276 1751 3316 rationi
1778 3286 1861 3313 non
1891 3273 1964 3312 ob—

1086 3341 1381 3388 temperantes,·
1425 3350 1499 3378 nos
1534 3343 1673 3378 autem
1707 3338 1778 3376 hos
1805 3336 1964 3375 eosdem

1084 3405 1220 3441 motus
1247 3402 1444 3441 concitati
1473 3401 1604 3440 animi
1631 3403 1758 3446 recte,
1796 3402 1842 3437 ut
1871 3397 1963 3447 opi-

1084 3475 1178 3513 nor,
1196 3464 1530 3514 perturbationes
1550 3462 1780 3501 dixerimus
1792 3471 1805 3507 ,·
1836 3471 1909 3499 mo
1922 3471 1961 3498 r-
