2231 3787
871 214 967 253 Ans
998 213 1239 253 POETICA.

1871 206 1960 259 761

224 343 384 397 Filius
424 344 621 397 Albini:
676 344 726 398 Si
769 343 836 396 de
876 343 1178 413 quincunce
1221 349 1424 394 remota
1463 352 1543 395 est

223 445 409 501 Uncia,
454 445 582 515 quid
623 444 883 515 superat?
958 445 1178 496 Poteras
1218 442 1434 496 dixisse.

221 547 348 598 Rem
390 546 589 615 poteris
631 563 851 598 servare
892 553 1050 598 tuam.

224 647 412 699 Semis.

491 649 551 698 At
589 646 722 699 hacc
762 647 968 699 animos
1008 664 1209 717 aerugo
1250 655 1303 700 et
1340 663 1469 700 cura
1508 646 1684 717 peculi

1513 443 1710 496 Triens.
1790 446 1888 497 Eu!

1129 544 1283 598 Redit
1320 544 1503 604 uncia,
1547 544 1677 615 quid
1718 545 1810 598 lit?

1869 648 1971 700 3:30

204 780 313 821 leius
345 783 388 821 et
418 781 472 820 M.
510 804 552 807 —
586 781 754 819 Poteras
784 779 908 819 BTcd
940 782 983 819 et
1013 791 1168 820 omnes
1201 782 1413 829 Pottierii,
1448 782 1589 821 LCtF:
1636 782 1802 821 Poterat
1831 781 1914 830 bS,

206 855 307 884 cuni
340 844 536 895 quinque
559 843 649 882 suis
672 841 896 882 Bentleius
917 845 960 881 et
987 843 1066 889 MJ,
1094 848 1297 892 properat
1328 843 1632 883 Schneidewin
1663 842 1813 883 Philol.
1847 845 1916 883 111.

207 917 248 957 p.
274 906 352 945 539
375 917 441 956 sq.
472 928 516 934 -—
541 905 708 953 dixisse,
736 903 904 943 Triens?
925 903 1120 943 distinxit
1140 904 1377 954 Bentleius,
1402 906 1576 945 diiij-isse:
1599 906 1739 945 triens.
1765 906 1842 946 MJ.
1871 929 1915 933 —

205 968 269 1006 Eu
288 968 378 1006 hem
394 967 436 1006 d.
460 989 505 995 —
526 966 618 1006 329.
641 967 785 1006 Reddit
804 966 930 1005 ¹uncia
950 966 1049 1015 quid
1069 971 1124 1005 est
1146 968 1191 1006 B.
1216 991 1259 995 —
1281 967 1374 1006 330.
1397 969 1447 1007 At
1470 968 1631 1016 bS,1,F:
1665 968 1727 1007 An
1744 969 1790 1016 B,
1817 979 1918 1007 cum

207 1029 345 1070 tribus
376 1030 686 1069 vetustissimis
717 1028 954 1069 Blandiniis
986 1031 1030 1068 et
1059 1030 1194 1068 Statio
1224 1029 1446 1071 Bentleius
1469 1033 1512 1070 et
1532 1032 1592 1079 M,
1626 1031 1687 1070 Ad
1717 1030 1822 1078 ”rc-d,
1849 1032 1914 1070 ct.

152 1152 208 1180 ne
241 1140 467 1180 Horatium
498 1138 617 1189 loqui
638 1140 766 1190 putes
787 1138 842 1178 de
870 1149 1032 1178 usura—

153 1214 252 1242 rum
283 1202 640 1253 computatione‚
689 1201 769 1241 sed
800 1212 943 1252 usque
975 1200 1033 1240 ad

152 1277 194 1304 v.
219 1264 312 1304 330.
356 1262 570 1315 simplicia
615 1263 874 1312 additionis,
922 1262 1033 1304 sub-

154 1327 400 1377 tractionis,
436 1326 661 1366 divisionis
694 1325 896 1377 exempla
928 1337 1033 1378 pro-

154 1390 290 1441 ponit.
329 1413 372 1417 —
405 1390 531 1429 Dicat
561 1389 664 1441 cet.]
702 1390 747 1428 ln
778 1388 930 1428 ludum
962 1387 1033 1427 lit-

156 1453 366 1491 terarium
407 1462 489 1492 nos
528 1450 709 1491 deducit
752 1453 910 1502 poeta,
958 1450 1034 1490 ubi

155 1513 443 1553 ratiocinandi
475 1515 619 1554 artem
648 1525 728 1565 pro
759 1514 882 1566 poesi
905 1513 1035 1553 docet

156 1577 379 1628 magister.
407 1577 618 1615 Ceterum
642 1576 868 1627 quomodo
886 1577 927 1616 in
950 1579 1032 1615 ter-

156 1639 211 1678 tia
234 1649 425 1690 persona
447 1638 673 1678 oll'endere
697 1640 887 1690 potuerit
909 1640 1037 1678 Bent-

155 1700 284 1749 leius‚
319 1711 406 1740 non
435 1700 581 1740 videO.
615 1702 767 1741 Nonne
792 1702 909 1741 enim
930 1712 1036 1752 pro-

155 1762 301 1804 babile
348 1765 414 1803 est
452 1765 770 1815 praeceptores
810 1764 1035 1804 interdum

155 1827 240 1866 hac
261 1827 318 1865 ita
343 1836 445 1866 usos
467 1837 584 1874 esse,
618 1829 665 1866 ut
696 1825 836 1867 solent
869 1827 1035 1866 nostri?

158 1892 299 1940 Atque
346 1889 410 1928 sic
455 1890 523 1928 est
566 1888 644 1928 Od.
672 1890 718 1935 l,
756 1889 831 1937 Ε27,
870 1890 935 1927 1¹0.
979 1889 1034 1927 de

157 1951 335 1990 homine
366 1951 630 2001 praesente:
677 1951 803 1989 Dicat
833 1950 1038 2000 Opuntiae

160 2014 309 2052 Frater
336 2012 544 2062 Meqillae.
584 2035 627 2039 —
659 2011 807 2063 Albini]
847 2004 1037 2051 «nomen

158 2075 421 2115 feneratoris
470 2074 590 2113 avari
648 2074 808 2123 (Comi.
854 2072 1036 2122 Caua),

159 2138 284 2177 cuius
314 2147 420 2177 sane
452 2135 565 2176 filius
590 2138 782 2176 maxime
805 2137 932 2188 aptus
955 2137 1038 2184 est,

160 2201 234 2252 qui
265 2211 289 2240 a
321 2200 531 2250 magistro
563 2199 617 2239 de
640 2211 686 2239 re
710 2199 956 2239 nummaria
979 2198 1042 2237 in-

162 2264 456 2313 terrogetur.»
488 2263 687 2301 Ditfflxss.
718 2285 759 2289 —
790 2259 1040 2312 quincunce]

162 2325 250 2366 Cfr.
280 2327 324 2364 L.
351 2323 552 2365 Volusius
583 2325 836 2365 Maecianus
872 2326 916 2363 et
950 2321 1044 2362 Bal-

164 2388 248 2428 bus
280 2388 335 2428 de
366 2398 467 2428 asse
507 2388 575 2427 ed.
609 2388 815 2438 Bo'cking.
863 2388 1041 2426 Bonnae

166 2451 286 2491 4834.
309 2451 374 2489 42.
394 2462 435 2502 p.
466 2450 534 2489 ἸΙ3ε
569 2451 714 2490 divisio
734 2451 873 2499 solidi,
907 2451 950 2488 id
970 2453 1040 2498 est,

163 2512 316 2559 librae,
367 2513 476 2561 quod
519 2523 567 2551 as
610 2517 810 2552 vocatur:
834 2535 855 2540 -
876 2512 1044 2550 -wicia

167 2574 460 2626 (duodecima
492 2575 645 2626 pars),
692 2579 884 2623 sextans,
931 2585 1040 2623 qua-

165 2638 315 2685 dram,
375 2638 523 2686 triens,
585 2638 818 2686 quineunoe,
869 2637 1046 2676 semissis

167 2701 296 2750 (sive,
330 2701 377 2739 ut
398 2700 489 2748 hic,
522 2700 676 2751 semis),
708 2704 901 2750 septunx,
924 2700 1046 2739 bessis

166 2763 214 2814 (s.
239 2761 337 2814 bes),
355 2763 559 2811 dodrans,
579 2764 756 2802 dest-tans
779 2762 826 2814 (s.
847 2761 1044 2813 decunx),

166 2826 320 2864 deun-r.
349 2847 391 2851 ——
428 2824 527 2873 quid
556 2824 775 2874 superati']
809 2825 921 2863 Sane
945 2834 1046 2862 ora-

169 2887 226 2926 tio
257 2888 377 2926 recta
409 2886 632 2926 efficacior
662 2889 728 2927 est
769 2897 902 2937 quam
939 2897 1047 2925 con-

172 2950 389 2989 iunctivus
419 2953 602 2998 superet,
637 2950 763 2989 cuius
793 2949 947 3000 exigua
980 2949 1048 2988 est

172 3024 196 3051 a
234 3010 472 3051 Codicibus
501 3013 754 3051 auctoritas.
800 3033 846 3039 -—
879 3013 1048 3050 Poteras

170 3072 349 3124 divisse]
381 3072 527 3112 Verba
559 3073 670 3113 haec
701 3075 803 3114 sunt
833 3074 1043 3124 magistri,

172 3134 438 3186 discipulum
481 3146 570 3175 non
614 3138 705 3176 tam
746 3137 1045 3187 corripientis,

171 3198 292 3249 quod
313 3196 581 3237 tardiuscule
605 3198 889 3250 respondeat,
914 3209 1048 3249 quam

172 3271 275 3301 cum
290 3259 378 3300 leni
396 3260 532 3299 ironia
555 3261 804 3308 excitantis,
831 3271 934 3300 cum
957 3271 1052 3300 cer-

173 3326 244 3364 tus
275 3323 331 3363 sit
352 3323 563 3374 magister
581 3333 771 3374 puerum
793 3321 906 3362 illico
927 3324 1048 3362 recte

175 3396 275 3426 esse
292 3396 630 3437 responsurum.
654 3386 772 3425 Bene
794 3385 927 3425 Voss:
946 3386 1051 3424 Nur

175 3448 386 3488 heraus!
431 3448 508 3487 Du
536 3448 709 3488 weisst
738 3449 806 3487 es!
852 3445 929 3487 Alii
966 3447 1051 3486 mi-

1097 1149 1178 1178 nus
1222 1138 1394 1178 urbane
1438 1150 1577 1190 puero
1610 1139 1720 1179 haec
1751 1138 1971 1179 tribuunt:

1099 1201 1245 1248 «Quin
1277 1202 1322 1239 tu
1354 1201 1470 1252 ipse,
1519 1202 1753 1251 magister,
1801 1202 1975 1241 dixisti‘?

1097 1263 1232 1302 Nimis
1265 1263 1382 1303 enim
1414 1262 1551 1303 facilis
1584 1264 1661 1303 ista
1694 1264 1975 1314 interrogatio

1097 1325 1213 1363 est.»
1258 1323 1337 1364 Alii
1372 1329 1540 1374 poterat
1576 1324 1773 1376 legentes
1806 1326 1977 1375 (ingra-

1097 1387 1265 1426 tissimo
1297 1387 1480 1438 quidem
1510 1398 1620 1427 sono
1650 1390 1752 1439 post
1779 1399 1821 1427 v.
1853 1398 1977 1437 supe-

1095 1450 1186 1499 rat)
1232 1449 1410 1488 Horatio
1441 1448 1665 1499 tribuunt,
1705 1449 1785 1490 sed
1817 1450 1978 1501 partim

1099 1523 1202 1552 eum
1250 1510 1446 1552 Bentleio
1503 1523 1585 1564 pro
1635 1513 1977 1563 interrogatione

1099 1574 1286 1622 habent,
1321 1576 1369 1613 ut
1398 1575 1474 1614 sit:
1512 1577 1690 1615 «Nonne
1722 1574 1834 1615 illico
1866 1585 1978 1626 puer

1099 1635 1412 1688 respondebit:
1447 1638 1621 1677 Triens:
1660 1661 1703 1667 -
1728 1639 1782 1676 ⁶2»
1817 1638 1978 1689 partim

1101 1710 1204 1738 cum
1233 1699 1388 1738 Bothio
1421 1701 1465 1739 et
1495 1700 1710 1739 Meinekio
1746 1711 1826 1751 pro
1857 1699 1979 1738 affir-

1100 1762 1315 1801 matione:
1365 1762 1517 1801 «Haud
1557 1762 1690 1801 dubie
1725 1763 1871 1802 statim
1904 1772 1979 1801 re-

1100 1823 1358 1875 spondebit:
1392 1825 1588 1863 Triens.»
1635 1826 1799 1862 Neutra
1830 1826 1980 1862 tamen

1100 1886 1210 1922 ratio
1243 1884 1298 1922 ad
1327 1894 1482 1922 veram
1504 1883 1620 1923 illam
1641 1895 1691 1923 ac
1714 1883 1977 1931 naturalem,

1102 1956 1238 1996 quam
1281 1956 1361 1985 nos
1405 1945 1657 1996 sequimur,
1705 1945 1891 1985 accedit.
1933 1968 1977 1973 —

1105 2007 1264 2058 Triens]
1312 2009 1438 2047 tertia
1486 2018 1589 2058 pars
1627 2008 1758 2056 assis,
1807 2007 1849 2047 id
1890 2011 1978 2055 est,

1104 2072 1313 2121 quattuor
1342 2070 1515 2109 unciae.
1547 2093 1590 2098 —
1623 2071 1767 2121 Redit]
1801 2072 1981 2110 «eontra

1104 2134 1138 2172 si
1171 2132 1227 2171 ad
1267 2132 1565 2183 quincuncem
1609 2131 1785 2172 additur
1827 2133 1979 2179 uncia,

1106 2194 1153 2234 fit
1182 2195 1342 2242 semis,
1389 2194 1569 2234 dimidia
1610 2205 1714 2246 pars
1746 2196 1857 2235 assis
1889 2195 1981 2235 sive

1106 2269 1183 2298 sex
1221 2257 1422 2296 unciae.»
1482 2258 1599 2297 Redit
1642 2259 1791 2296 autem
1831 2257 1981 2297 dicere

1106 2321 1301 2372 poterat,
1336 2320 1438 2371 quia
1459 2319 1655 2370 singulae
1678 2321 1835 2360 uncIae
1859 2321 1982 2371 prius

1106 2385 1263 2432 totum,
1289 2382 1332 2422 id
1350 2384 1430 2431 est,
1456 2393 1620 2431 assem,
1646 2384 1980 2431 constituentes,

1107 2447 1162 2486 ab
1196 2457 1248 2486 eo
1287 2447 1542 2498 separatae,
1591 2447 1666 2486 ubi
1711 2446 1804 2487 aliis
1844 2447 1983 2487 unciis

1107 2509 1352 2557 adduntur,
1400 2509 1457 2548 ad
1497 2508 1616 2549 illum
1654 2511 1820 2550 sensim
1863 2509 1986 2550 velut

1106 2571 1374 2624 postliminio
1414 2573 1552 2612 redire
1592 2572 1813 2612 videntur.
1849 2596 1892 2600 —
1935 2573 1986 2612 At

1108 2635 1217 2687 cet]
1262 2636 1330 2674 Sic
1368 2638 1489 2675 recte
1529 2637 1723 2687 erumpit
1759 2635 1984 2675 liberrima

1109 2698 1359 2748 indignatio.
1391 2698 1455 2737 Αη
1484 2697 1726 2739 dubitantis
1747 2701 1880 2746 esset,
1905 2698 1985 2737 sed

1110 2761 1204 2801 sine
1255 2770 1412 2803 causa;
1465 2761 1539 2810 qui
1587 2763 1736 2800 autem
1786 2762 1841 2800 ad
1887 2762 1986 2800 haec

1111 2823 1403 2874 seripserunt,
1454 2823 1534 2861 rati
1579 2824 1680 2864 sunt
1725 2823 1885 2863 eadem
1934 2822 1986 2862 li-

1111 2885 1255 2925 centia
1309 2885 1379 2924 hic
1427 2895 1559 2925 usum
1609 2896 1707 2927 esse
1758 2887 1985 2926 Horatium

1112 2950 1245 2999 atque
1278 2948 1367 2987 Cic.
1391 2958 1472 2999 pro
1494 2947 1578 2988 Mil.
1603 2947 1641 2998 li,
1667 2949 1740 2988 40:
1775 2949 1831 2988 ad
1860 2959 1988 2998 quam

1111 3009 1272 3062 (teyem)
1302 3021 1386 3049 non
1415 3011 1542 3058 docti,
1574 3011 1643 3050 sed
1669 3011 1792 3061 facti,
1824 3023 1907 3050 non
1926 3012 1988 3050 in-

1111 3073 1263 3121 stituti,
1296 3073 1364 3112 sed
1392 3071 1538 3111 imbuti
1566 3083 1727 3120 sumus;
1770 3084 1882 3124 quae
1919 3074 1987 3111 ta-

1112 3146 1217 3175 men
1247 3135 1357 3174 ratio
1387 3135 1459 3174 hic
1477 3134 1719 3175 admodum
1741 3134 1984 3185 langueret,

1114 3199 1429 3249 praeterquam
1461 3197 1580 3248 quod
1619 3209 1660 3236 v.
1697 3198 1797 3236 haec
1827 3207 1987 3236 neces-

1113 3261 1229 3301 sario
1251 3259 1522 3311 iungendum
1544 3262 1612 3299 est
1627 3269 1729 3298 cum
1751 3270 1790 3297 v.
1811 3269 1984 3308 aeruyo.

1118 3344 1162 3351 —·
1207 3322 1393 3374 aeruyo]
1441 3321 1668 3369 «avaritia,
1715 3331 1829 3371 quae
1873 3320 1988 3359 rodit

1114 3386 1285 3425 animos
1316 3386 1449 3435 atque
1481 3384 1709 3430 extenuat,
1743 3384 1791 3421 ut
1824 3392 1987 3433 aerugo

1115 3458 1233 3488 aes.»
1265 3445 1357 3486 Alia
1374 3444 1634 3497 metaphora
1656 3445 1742 3484 Sat.
1769 3444 1806 3492 l,
1831 3442 1871 3493 4,
1891 3443 1984 3484 404.
