2231 3787
197 179 263 231 32

833 182 1049 222 HORATII
1080 181 1381 223 SATIRARUM

198 311 377 364 Tutior
414 320 463 364 at
503 320 703 382 quanto
743 329 892 365 merx
932 321 1013 366 est
1051 313 1104 364 in
1143 313 1317 365 classe
1361 311 1623 371 secunda,

198 413 592 467 Libertinarum
631 413 777 477 (1100,
822 413 1085 467 Salustius
1125 414 1179 465 in
1220 432 1356 485 quas

197 517 311 568 Non
350 516 527 568 minus
568 516 784 578 insanit,
828 533 991 587 quam
1030 516 1122 586 qui
1160 514 1492 568 moechatur.

199 619 315 681 Qua
355 635 464 679 reS,
506 635 613 688 qua
652 618 785 670 ratio
825 617 1080 672 suaderet
1130 634 1349 688 quaque
1386 616 1631 670 modeste

1570 517 1634 568 At
1672 514 1757 568 hic
1796 516 1867 569 si.

1957 619 2025 669 50

198 718 446 772 Munifico
485 736 607 772 esse
647 718 795 782 licet,
837 719 997 774 vellet
1035 719 1210 773 bonus
1250 728 1412 790 atque
1451 720 1719 791 benignus

197 821 356 883 Esse,
399 820 551 874 daret
588 829 846 893 quantum
885 822 1014 875 satis
1054 831 1200 876 esset
1238 840 1338 875 000
1378 821 1481 875 sibi
1522 822 1719 876 damno

197 923 576 994 Dedecorique
615 924 765 977 foret.

842 926 1039 977 Verum
1077 922 1180 976 1100
1220 940 1277 976 50
1320 922 1660 994 amplectitur
1696 942 1830 986 uno.

198 1026 310 1079 Hoc
350 1033 490 1078 amat
529 1034 580 1078 et
617 1025 824 1079 laudat:
867 1026 1163 1078 Matronam
1201 1023 1404 1078 nullam
1443 1042 1543 1096 ego
1584 1033 1761 1098 tango,

307 1168 374 1209 48.
399 1169 608 1209 Salustius
627 1168 705 1208 Bd.
735 1192 779 1197 —
802 1170 843 1207 in
867 1180 951 1218 qua
973 1180 1027 1208 ex
1048 1168 1155 1208 Cod.
1179 1169 1313 1219 Regio
1333 1167 1573 1209 Bentleius.
1602 1170 1665 1219 (Ut
1685 1180 1788 1219 nos,
1815 1181 1972 1211 omnes

254 1234 341 1272 mei
373 1234 417 1272 et
437 1232 661 1282 Pottierii.)
697 1253 741 1259 —-
778 1231 845 1272 49.
875 1232 933 1284 at]
965 1236 1011 1271 ut
1041 1242 1065 1271 0
1097 1234 1141 1271 et
1169 1243 1236 1283 pr.
1270 1231 1325 1280 b,
1360 1233 1408 1270 ut
1430 1231 1538 1272 Cod.
1564 1233 1718 1272 GraeV.
1747 1231 1803 1284 (β)
1829 1237 1874 1272 01
1903 1245 1968 1285 pr.

251 1308 279 1333 γ.
311 1295 439 1346 prob.
473 1293 686 1334 Bentleio.
724 1316 767 1322 —
792 1296 827 1334 si
856 1296 907 1334 sit
934 1296 980 1335 B.
1006 1316 1054 1323 —
1078 1294 1145 1334 51.
1169 1295 1415 1346 Mimificum
1444 1305 1488 1345 p,
1521 1295 1720 1347 Munifico
1742 1306 1969 1347 superscr.

250 1368 322 1396 um
351 1357 405 1405 b,
437 1358 683 1408 llluvnificum
704 1368 926 1409 superscr.
952 1370 974 1397 0
1006 1369 1044 1397 c.
1077 1358 1391 1397 Accusativum
1425 1368 1478 1397 ex
1507 1358 1704 1409 quinque
1738 1358 1878 1399 Codd.
1905 1370 1975 1399 re-

252 1421 369 1471 cepit
398 1421 645 1460 Pottierius.
673 1441 718 1448 —-
743 1419 811 1460 54.
835 1421 909 1459 hoc
930 1420 1078 1459 laudat
1105 1421 1147 1470 S,
1182 1432 1297 1461 corr.
1323 1421 1351 1460 d
1374 1421 1460 1471 (hoc
1481 1426 1518 1461 et
1548 1421 1695 1462 laudat
1718 1433 1786 1474 pr.
1812 1423 1870 1473 d),
1905 1424 1970 1463 LC

253 1484 295 1521 et
327 1493 381 1522 ex
411 1481 586 1523 duobus
617 1483 866 1522 Pottierius.

197 1604 242 1639 ut
272 1600 509 1639 adulterum
530 1599 824 1649 deprehensum
844 1600 992 1651 01911111
1012 1600 1083 1639 110-

199 1664 256 1702 ris
285 1663 529 1702 adtestando
557 1663 714 1702 vicinos
734 1663 912 1702 retinere
942 1663 1076 1702 liceat.

197 1747 219 1754 —
249 1749 272 1755 -
303 1726 442 1765 Occiso
480 1725 670 1764 adultero
706 1726 910 1764 dimittere
940 1726 1080 1764 statim

196 1790 376 1828 maritus
406 1788 518 1833 debet
546 1799 738 1827 uxorem.
771 1811 794 1816 —
823 1811 846 1816 —
875 1789 1082 1827 Adulteris

198 1853 299 1891 viris
322 1852 424 1901 pari
448 1852 507 1902 (ut
535 1849 810 1902 mulieribus)
835 1852 875 1890 in
902 1852 1080 1890 insulam

199 1915 448 1965 releyatione
484 1915 700 1953 dimidiam
741 1918 907 1964 partem
953 1914 1081 1953 bono-

196 1989 293 2017 rum
323 1977 485 2027 auferri
506 1976 606 2026 cet.)
667 1977 870 2016 Servium
896 1975 1077 2016 Galbam

198 2040 498 2091 iurisperitum
542 2042 703 2079 vocant
747 2041 993 2091 Porphyrio
1039 2042 1081 2079 et

199 2103 372 2142 Comm.
409 2104 542 2153 Cruq.
593 2101 673 2141 Alii
702 2113 783 2153 pro
812 2114 864 2142 00
896 2101 1078 2151 habent,

198 2165 322 2204 cuius
340 2167 407 2204 est
428 2163 611 2216 epistola
628 2164 747 2216 apud
770 2165 858 2204 Cic.
879 2165 935 2204 ad
958 2166 1076 2204 Fam.

199 2228 263 2276 40,
289 2227 354 2266 30.
388 2225 667 2267 Probabilius
688 2228 918 2267 Weiehert
940 2229 1077 2267 Lectt.

196 2290 305 2328 Ven.
340 2290 378 2329 Ξ.
411 2301 454 2340 p.
490 2290 554 2329 12.
589 2300 669 2340 pro
692 2291 739 2329 A.
765 2289 922 2337 Galba,
948 2291 1080 2329 Octa-

197 2353 314 2391 viani
336 2363 505 2392 scurra.
541 2351 727 2401 (Quintil.
755 2353 801 2400 6,
835 2353 873 2400 3,
908 2353 974 2392 27.
1010 2353 1075 2391 62.

198 2414 263 2455 64.
299 2415 366 2454 66.
396 2415 461 2454 90.
496 2416 647 2453 Iuven.
673 2415 719 2463 5,
754 2413 792 2454 li.
827 2413 1074 2462 Martiali,

197 2477 272 2525 42,
298 2477 363 2515 46.
390 2477 463 2520 40,
488 2477 597 2526 401.)
627 2476 713 2516 Cfr.
738 2476 1079 2516 Winckelmann

198 2539 254 2578 ad
284 2537 393 2578 Plut.
426 2539 545 2578 Erot.
577 2550 621 2589 p.
657 2538 769 2587 481,
802 2539 879 2578 ubi
908 2550 951 2590 p.
982 2540 1075 2578 760.

197 2605 246 2642 Α.
279 2602 555 2641 memoratur
594 2596 820 2650 Κάββας,
863 2600 917 2640 01.
951 2598 1080 2640 Κάλ-

198 2664 315 2715 βας,
348 2660 669 2717 γελωτοποιός
701 2665 885 2714 eiusque
917 2664 1078 2703 iocatio

200 2739 303 2768 cum
333 2728 606 2767 Maecenate.

254 2788 400 2830 47-54.
443 2789 487 2827 in
525 2789 653 2828 classe
682 2788 875 2839 secunda]
908 2789 1078 2829 Festive

199 2852 447 2892 institutum
476 2850 583 2890 illud
613 2853 705 2891 Ser.
730 2850 874 2899 Tullii,
908 2862 961 2890 ex
991 2862 1079 2902 quo

199 2913 388 2966 populus
418 2915 642 2954 Romanus
673 2915 716 2953 in
740 2914 791 2953 V.
818 2912 983 2954 classes
1006 2914 1082 2953 de-

199 2977 391 3028 scriptus
423 2978 540 3024 erat,
589 2976 644 3015 ad
674 2974 901 3015 libertinas
932 2978 1081 3016 trans-

200 3041 298 3080 fert.
335 3063 380 3067 —
412 3039 632 3090 Salustius]
679 3037 972 3078 Probabiliter
1013 3042 1080 3078 est

200 3113 339 3154 nepos
371 3102 536 3142 sororis
574 3100 746 3141 Salustii
787 3101 984 3141 historici
1023 3102 1078 3140 ab

199 3167 284 3205 1100
329 3165 586 3216 adoptatus,
634 3164 690 3203 ad
735 3175 867 3214 quem
903 3164 1081 3204 circiter

199 3228 286 3268 XV.
322 3227 446 3266 annis
486 3228 586 3277 post
621 3227 798 3277 scripsit
837 3226 914 3265 Od.
948 3228 997 3275 ⁶2,
1038 3228 1076 3267 ⁶2.

198 3291 262 3329 De
295 3301 347 3330 eo
370 3288 550 3329 consule
582 3290 716 3329 Tacit.
740 3292 851 3329 Ann.
878 3291 922 3339 4,
957 3291 995 3329 6.
1031 3290 1077 3339 3,

201 3353 267 3392 30.
314 3354 408 3392 Fuit
443 3354 543 3404 post
581 3353 849 3393 Maecenatis
886 3354 1080 3393 mortem

202 3416 424 3467 particeps
464 3417 740 3455 secretorum
781 3416 978 3465 Augusti.
1041 3418 1080 3457 Is

931 1483 995 1533 (L‘t
1025 1493 1128 1533 nos,
1161 1483 1316 1535 Bbcp.)

1144 1600 1188 1639 h.
1221 1599 1247 1640 l.
1272 1599 1557 1651 adolescens,
1591 1603 1638 1641 ut
1661 1604 1786 1642 erant
1805 1601 2026 1654 plerique,

1146 1674 1257 1714 quos
1295 1676 1377 1715 per
1421 1666 1594 1716 priores
1634 1666 1792 1705 satiras
1829 1664 2026 1713 vellicat,

1144 1727 1359 1768 insanisse
1409 1729 1451 1767 in
1501 1727 1758 1777 libertinas,
1821 1739 2030 1779 magnam

1144 1792 1382 1841 pecuniam
1413 1791 1456 1829 in
1489 1802 1564 1830 eas
1596 1791 1913 1842 insumpsisse,
1962 1791 2031 1831 di-

1145 1853 1270 1892 citur.
1340 1851 1579 1892 Paldamus
1622 1853 1805 1904 quidem
1845 1865 1927 1906 pro
1958 1855 2032 1895 hi—

1144 1916 1309 1954 storico
1340 1915 1490 1963 habet,
1525 1917 1626 1966 quia
1648 1915 1863 1957 Salustius
1883 1918 2034 1958 minor

1144 1979 1275 2018 natus
1320 1978 1374 2017 sit
1419 1989 1507 2017 non
1545 1980 1646 2018 ante
1688 1990 1727 2017 a.
1767 1989 1811 2018 u.
1851 1989 1890 2018 0.
1932 1978 2027 2019 700.

1145 2043 1274 2081 Το510
1306 2042 1455 2081 Tacito
1487 2052 1525 2080 a.
1559 2052 1601 2080 u.
1631 2052 1669 2081 c.
1704 2041 1797 2081 773.
1825 2046 2031 2091 provecta

1145 2108 1280 2144 aetate
1310 2106 1513 2144 mortuus
1546 2106 1638 2152 est,
1672 2105 1708 2144 si
1739 2115 1879 2155 prope
1911 2106 2033 2144 octo-

1146 2167 1375 2218 genarius,
1409 2178 1448 2206 a.
1482 2178 1525 2206 0.
1560 2178 1597 2207 0.
1623 2166 1826 2207 714-745.
1861 2167 1951 2207 1010
1969 2167 2032 2207 vi-

1145 2230 1350 2269 cenarius
1377 2231 1473 2269 erat
1502 2229 1707 2281 adeoque
1738 2229 1932 2270 insanire
1952 2240 2032 2281 po-

1145 2295 1259 2332 terat
1302 2293 1344 2332 in
1390 2291 1713 2333 meretriculas.
1781 2293 2029 2333 HistoriCus

1144 2358 1295 2395 autem
1327 2359 1455 2396 natus
1487 2368 1525 2395 a.
1559 2368 1602 2395 u.
1637 2367 1675 2395 c.
1707 2356 1800 2396 668.
1836 2356 2031 2396 decessit

1145 2430 1183 2458 a.
1220 2430 1262 2458 u.
1297 2430 1334 2458 c.
1369 2419 1483 2467 7¹9„
1517 2418 1630 2457 adeo
1661 2420 1708 2457 ut
1739 2419 1864 2458 iocus
1886 2420 2029 2458 Hora-

1144 2482 1288 2521 tianus
1310 2480 1379 2520 vel
1409 2483 1649 2532 propterea
1680 2481 1828 2521 minus
1858 2482 1901 2520 in
1924 2492 2029 2521 eum

1145 2544 1349 2594 quadret.
1379 2566 1422 2571 —
1446 2543 1499 2582 At
1527 2543 1604 2594 hic]
1629 2545 1707 2582 «At
1737 2543 1809 2582 hic
1837 2544 1932 2594 ipse
1956 2545 2031 2583 Sa-

1143 2604 1320 2653 lustius,
1355 2606 1393 2645 51
1421 2604 1555 2645 vellet
1583 2616 1664 2655 pro
1696 2616 1744 2644 re
1767 2616 1848 2645 sua
1869 2605 2030 2645 famili—

1144 2669 1207 2707 ari
1240 2670 1282 2707 et
1311 2670 1357 2706 ut
1380 2667 1503 2707 iubet
1524 2669 1634 2707 ratio
1666 2668 1904 2708 munificus
1927 2679 2027 2709 esse

1143 2732 1187 2770 in
1219 2731 1386 2770 amicos
1417 2731 1598 2782 inopes,
1632 2732 1843 2770 meritum
1883 2732 2028 2772 hono—

1143 2804 1241 2832 rem
1263 2793 1347 2832 sibi
1369 2795 1569 2844 pareret,
1604 2795 1709 2843 quin
1733 2793 1895 2834 eodem
1917 2796 2030 2834 tem-

1144 2867 1252 2907 pore
1292 2856 1427 2895 etiam
1469 2854 1709 2905 libertinis,
1758 2856 2029 2907 quibuscum

1144 2919 1399 2966 consuevit,
1453 2920 1670 2969 quantum
1714 2919 1877 2960 sufficit
1920 2919 2027 2960 dare

1142 2983 1314 3032 posset,
1349 2992 1437 3020 non
1468 2984 1619 3020 tamen
1651 2981 1778 3021 donis
1809 2993 1886 3023 eas
1918 2994 2029 3022 one—

1142 3054 1269 3091 rans;
1315 3054 1475 3084 verum
1519 3045 1629 3083 mira
1673 3044 1852 3085 stultit-ia
1894 3045 2029 3086 abre-

1143 3108 1261 3157 ptus,
1287 3117 1375 3157 qua
1394 3117 1579 3158 prorsus
1601 3106 1837 3147 ridiculum
1858 3119 1907 3148 se
1928 3107 2031 3147 red-

1146 3168 1229 3217 dit,
1275 3167 1411 3208 veluti
1453 3169 1614 3209 virtute
1661 3181 1740 3209 sua
1785 3169 2026 3220 gloriatur,

1144 3231 1266 3281 quod
1286 3232 1537 3272 matronam
1557 3231 1723 3272 nullam
1745 3235 2028 3283 corrumpat»

1146 3294 1228 3332 cet.
1304 3294 1560 3334 Lectionem
1603 3299 1649 3334 ut
1691 3292 1916 3333 Bentleius
1963 3294 2028 3334 sic

1145 3353 1357 3406 explicat:
1394 3357 1522 3396 «acteo
1552 3361 1617 3406 ut,
1650 3357 1685 3395 si
1715 3357 1860 3405 vellet,
1903 3361 2027 3397 esset»

1145 3419 1229 3456 cet.
1267 3439 1313 3446 —
1345 3419 1559 3470 0111111ᾒο0]
1603 3419 1750 3458 Lectio
1782 3420 2025 3471 Munificum
