2231 3787
962 268 1058 307 LIB.
1093 269 1142 306 11.
1195 268 1306 306 SAT.
1343 268 1409 306 VI.

354 401 503 453 iratis
543 401 820 471 precibus3
871 408 926 452 tu
966 397 1151 470 pulses
1191 415 1348 452 omne
1389 396 1537 469 quod
1575 396 1773 457 obstat,

2001 263 2057 316 31
2073 264 2103 314 5

2036 397 2102 449 30

352 502 430 556 Ad
470 504 834 557 Maecenatem
874 500 1098 555 memori
1141 500 1184 553 si
1223 508 1401 554 mente
1441 517 1708 554 recurras.

353 607 463 658 Hoc
506 605 649 658 iuvat
687 616 739 659 et
777 603 919 658 melli
960 612 1067 668 est,
1109 621 1215 657 non
1254 604 1496 656 mentiar.

1572 604 1635 654 At
1675 601 1833 654 simul
1874 610 2014 654 atras

351 709 576 761 Ventum
617 717 698 760 est
738 706 1028 778 EsquiliaS‚
1071 705 1246 759 aliena
1283 705 1498 777 negotia
1536 713 1751 758 centum

353 812 453 863 Per
491 818 652 880 caput
690 818 742 863 et
780 810 923 863 circa
961 808 1156 862 saliunt
1201 808 1354 861 latus.
1418 810 1552 860 Ante
1596 806 1892 861 secundam

354 912 578 966 Roscius
619 911 809 965 orabat
847 912 947 964 sibi
989 910 1214 965 adesses
1255 910 1324 964 ad
1362 909 1547 964 Puteal
1589 926 1725 963 cras.

2040 909 2107 960 35

336 1072 529 1111 Pottierii
561 1070 700 1111 Codd.
737 1072 808 1110 «In
840 1071 1001 1110 nostris
1034 1070 1241 1110 omnibus
1270 1069 1547 1109 membranis
1578 1079 1735 1109 versus
1765 1069 1836 1107 hic
1858 1069 1921 1109 sic
1943 1067 2052 1108 ultra

336 1145 597 1174 mensuram
628 1135 843 1174 excurrit:
894 1134 1001 1183 Quicl
1031 1133 1102 1171 libi
1130 1133 1214 1181 vis,
1262 1133 1426 1181 insane,
1460 1136 1496 1171 el
1527 1143 1630 1181 quas
1658 1142 1725 1170 res
1753 1131 1866 1182 nqis,
1898 1132 2055 1181 impro—

335 1199 409 1237 bus
437 1202 602 1249 urget.»
635 1197 804 1246 BENTL.)
840 1217 886 1224 —-
922 1196 988 1236 30.
1016 1196 1163 1246 pulsas
1193 1196 1234 1234 S.
1273 1217 1317 1223 ——
1350 1195 1416 1234 32.
1450 1206 1533 1234 uon
1562 1195 1741 1233 mentior
1769 1206 1827 1243 ιν,
1864 1193 2054 1234 Lambe-

336 1262 497 1301 thanus
527 1263 570 1300 et
601 1259 767 1311 aliquot
788 1262 925 1309 Feae,
960 1271 1009 1299 ue
1042 1259 1224 1299 mentiar
1256 1273 1306 1310 μ.
1350 1282 1393 1286 —
1432 1258 1499 1298 33.
1536 1258 1748 1307 Esquilias
1779 1257 1976 1307 bSc,LCt
2011 1260 2055 1298 et

335 1323 474 1364 Bentl.
499 1336 506 1362 :
538 1323 765 1373 Exquilias
794 1324 880 1362 FM.

281 1450 504 1500 improbus.
549 1472 594 1478 -—
633 1448 847 1498 improbus
884 1451 1005 1499 urqet
1039 1447 1165 1486 Iratis

274 1513 481 1565 precibus]
514 1515 600 1552 est:
640 1513 759 1552 «sine
791 1510 878 1551 ullo
909 1509 1082 1562 pudore
1111 1521 1163 1550 ac

280 1576 413 1617 modo
445 1587 518 1615 me
563 1576 807 1615 insectatur
845 1574 951 1614 diris
995 1574 1165 1624 impre—

281 1638 572 1679 cationibus.»
607 1638 693 1678 Cfr.
714 1637 852 1689 Epod.
872 1638 911 1685 5,
932 1636 1005 1676 86:
1043 1636 1167 1686 Thye-

279 1707 389 1743 steae
414 1712 569 1752 preces.
631 1700 710 1740 Od.
746 1701 792 1749 1¹,
836 1700 910 1749 ⁶28,
945 1699 1018 1739 33:
1060 1709 1165 1748 pre-

280 1765 399 1805 cibus
427 1776 509 1804 uon
541 1764 712 1814 linquar
741 1763 898 1802 inullis.
927 1785 971 1790 —-
1005 1761 1165 1811 lupul-

280 1829 353 1878 ses]
379 1827 660 1876 «Quomodo,
685 1825 870 1874 malum,
897 1825 1050 1875 (inquit
1071 1822 1164 1876 pul·

280 1890 441 1939 satus‚)
475 1889 613 1929 audes
646 1889 891 1940 impingere
928 1888 971 1927 in
1007 1897 1164 1927 omnes

280 1954 356 2005 qui
411 1952 487 1993 tibi
543 1951 722 1993 obstant
771 1962 939 2002 eosque
989 1950 1044 1990 de
1093 1950 1163 1989 via

281 2015 589 2056 deturbare‘b)
649 2014 966 2054 Coniunctivus
1011 2014 1164 2052 autem

281 2079 424 2130 aptior
466 2077 753 2128 indignationi
797 2088 933 2128 quam
977 2075 1165 2115 aliorum

281 2141 410 2182 lectio
436 2141 599 2190 pulsas,
635 2150 748 2190 quae
778 2141 1014 2190 praeterea
1035 2137 1164 2188 longe

283 2204 502 2243 minorem
533 2214 557 2241 a
589 2202 730 2241 Codd.
754 2201 892 2242 habet
922 2201 1165 2241 auctorita-

282 2269 387 2306 tem.
451 2265 538 2304 Cfr.
573 2265 659 2304 Sat.
686 2266 730 2312 2,
764 2265 810 2313 7,
843 2264 918 2304 40:
954 2263 1167 2303 Tu--ul-

281 2333 346 2369 tro
375 2327 603 2367 Insectere?
652 2326 757 2367 Plin.
794 2329 956 2377 Paneg.
997 2326 1070 2374 63,
1109 2327 1160 2365 5:

280 2391 491 2432 Averseris
520 2394 564 2429 lu
583 2389 823 2440 sassi-agia?
843 2412 866 2417 —
887 2412 909 2418 -
931 2389 1084 2428 liberae
1103 2389 1165 2427 ci-

280 2454 403 2494 vitati
421 2465 472 2493 ue
491 2452 798 2492 simulationem
818 2451 983 2501 quidem
1001 2450 1166 2490 serves?

283 2519 352 2557 Sic
384 2517 518 2556 etiam
541 2516 709 2556 Graeci.
744 2515 913 2554 Arrian.
947 2515 1087 2566 Epict.
1114 2515 1130 2553 4
1154 2545 1162 2562 ,

282 2581 358 2627 ⁶29,
394 2580 468 2619 ¹¹6:
510 2575 771 2636 Σωκράτης
802 2570 888 2619 οὖν
921 2576 999 2617 ἵνα
1030 2575 1164 2634 πάθῃ

282 2640 434 2683 ταῦτα
465 2636 541 2682 ὑπ’
569 2637 856 2695 Ἀθηναίων;
901 2642 1094 2681 Socrates
1122 2644 1168 2679 ut

282 2707 382 2746 haec
411 2717 558 2756 passus
578 2704 661 2744 sil?
708 2706 851 2745 Minus
882 2707 1004 2744 recte
1037 2704 1167 2744 Hein-

285 2769 477 2809 dorfius:
519 2769 581 2808 clu
617 2772 821 2808 stb'ssesl
856 2768 986 2807 wohl
1016 2768 1164 2817 alles,

283 2842 391 2871 was
421 2831 597 2870 dirim
628 2832 773 2882 Weqe
802 2832 892 2880 ist,
924 2843 1071 2871 wenn
1101 2832 1168 2870 clu

284 2905 382 2932 nur
409 2904 474 2932 zu
500 2895 771 2933 Maecenas
800 2894 939 2934 eilen
967 2894 1162 2933 lcannsl.

290 2977 333 2982 —
367 2956 400 2993 si
420 2956 676 3006 -recurras]
725 2956 827 2996 «ubi
872 2968 925 2996 ex
967 2958 1078 2996 Foro
1110 2955 1167 2995 ad

287 3018 616 3066 Maecenatem,
651 3020 777 3069 quasi
808 3019 927 3070 apud
958 3030 1062 3059 eum
1091 3019 1168 3058 ha-

287 3079 476 3128 bitares,
510 3080 770 3120 festinanter
789 3081 995 3122 redeas.»
1016 3105 1061 3109 —
1084 3093 1168 3122 me-

285 3142 417 3194 mori]
464 3141 605 3181 «dum
650 3144 818 3183 amicus
862 3144 940 3184 tibi
984 3156 1167 3197 semper

287 3206 386 3244 ante
419 3203 571 3244 oculos
600 3208 850 3245 versatur.»

343 3267 490 3307 32-35.
524 3267 623 3319 Hoc]
644 3267 724 3306 «ad
743 3268 1050 3309 Maecenatem
1066 3281 1166 3311 me-

289 3331 400 3370 mori
421 3331 571 3370 mente
592 3340 828 3370 recurrere
842 3342 879 3378 3»
902 3333 1165 3382 neutiquam

286 3403 418 3442 vero,
450 3394 499 3433 ut
528 3392 597 3432 alii
618 3391 859 3444 explicant:
898 3393 1100 3444 «pulsare
1122 3396 1167 3434 et

288 3453 452 3505 pulsari
495 3453 701 3506 maleque
745 3455 929 3507 insuper
967 3455 1164 3496 audire.»

290 3538 336 3545 -
370 3529 453 3558 uon
489 3517 690 3567 mentiar]
739 3516 903 3558 «libere
948 3517 1164 3558 fatebor.»

1228 1447 1305 1487 Est
1338 1446 1559 1486 sermonis
1604 1445 1862 1496 quotidiani.
1925 1446 2014 1486 Cic.
2053 1447 2109 1486 ad

1230 1510 1348 1549 Fam.
1383 1509 1428 1557 3,
1477 1508 1526 1558 4,
1572 1509 1618 1548 2:
1674 1510 1792 1559 Quod
1832 1508 2111 1549 scribis--id

1228 1573 1350 1621 milii,
1383 1583 1434 1611 ue
1462 1572 1669 1620 mentiar,
1700 1575 1873 1622 gyratam
1893 1575 1964 1611 est.
1996 1570 2110 1611 Alio-

1227 1646 1330 1675 rum
1361 1634 1499 1675 Codd.
1529 1646 1612 1675 non
1645 1635 1824 1673 mentior
1853 1634 1983 1674 nimis
2014 1633 2111 1674 lan-

1229 1698 1410 1749 guidum
1453 1699 1535 1737 est.
1587 1719 1631 1725 —
1679 1697 1811 1749 atras]
1858 1698 1961 1748 quia
2006 1695 2110 1737 olim

1228 1762 1372 1802 fuerat
1403 1760 1545 1813 plebis
1576 1759 1755 1799 infimae
1788 1759 2108 1811 sepulcretum,

1229 1825 1355 1864 cuius
1387 1825 1483 1875 ipsa
1513 1823 1733 1862 memoria
1764 1827 1906 1871 atras,
1951 1823 1991 1862 id
2027 1824 2107 1871 est,

1228 1886 1427 1926 funestas
1449 1886 1738 1936 cogitationes
1761 1885 2003 1933 excitabat3
2029 1885 2112 1925 etsi

1229 1951 1334 1988 tunc
1350 1949 1485 1989 turris
1508 1949 1840 1989 Maecenatiana
1858 1959 1961 1987 cum
1981 1948 2111 1987 horto

1230 2010 1289 2051 ibi
1320 2013 1545 2052 exstructa
1579 2012 1694 2059 erat,
1737 2013 1857 2051 certe
1889 2011 1976 2050 iam
2008 2010 2110 2050 inde

1229 2075 1285 2116 ab
1317 2087 1356 2116 a.
1389 2087 1433 2115 u.
1468 2087 1506 2115 0.
1541 2075 1636 2115 748.
1688 2075 1798 2115 Vide
1844 2075 1931 2114 Sat.
1973 2076 2021 2123 4,
2060 2075 2109 2123 8,

1231 2139 1296 2180 44.
1336 2162 1380 2168 —
1420 2139 1655 2188 Esquilias]
1692 2139 1756 2178 De
1795 2139 2016 2189 scriptura
2054 2137 2109 2177 cf.

1230 2202 1368 2254 Epod.
1393 2203 1440 2251 5,
1476 2202 1490 2240 li
1503 2202 1569 2241 00.
1596 2224 1643 2229 —-
1666 2201 1841 2253 centum]
1877 2202 2113 2241 «sexcenta

1230 2266 1406 2316 negotia
1437 2265 1492 2304 ab
1525 2266 1645 2304 omni
1685 2266 1811 2316 parte
1843 2275 1915 2303 me
1952 2266 2115 2303 vexant

1232 2330 1275 2367 et
1315 2328 1441 2378 quasi
1482 2327 1848 2366 circumvallant.»
1915 2326 2110 2375 (Terent.

1229 2390 1311 2430 Ad.
1347 2389 1394 2438 3,
1436 2391 1482 2437 2,
1524 2389 1581 2438 4.)
1618 2412 1663 2417 —
1704 2387 1941 2439 secundam]
1985 2387 2113 2427 nobis

1231 2464 1285 2492 ex
1313 2452 1446 2491 variis
1477 2452 1580 2490 anni
1602 2450 1880 2502 temporibus
1909 2449 1979 2490 vel
2010 2461 2114 2490 sex-

1230 2519 1322 2556 tam
1354 2514 1426 2554 vel
1457 2515 1717 2566 septimam,
1752 2514 1930 2554 Horatio
1958 2514 2112 2564 utique

1230 2579 1334 2620 satis
1365 2577 1719 2624 incommodam
1753 2577 1989 2628 argentarii
2012 2587 2115 2616 con-

1231 2644 1296 2682 tra
1341 2644 1446 2682 tunc
1490 2641 1676 2692 negotiis
1721 2651 1882 2680 vacare
1927 2639 2113 2691 incipie-

1230 2704 1352 2744 bant.
1429 2705 1518 2745 Cic.
1557 2715 1638 2756 pro
1686 2704 1888 2752 Quinctio
1934 2704 1980 2752 6,
2028 2704 2110 2742 25:

1230 2768 1415 2808 Naevius
1444 2790 1466 2796 -
1494 2768 1623 2818 —ipse
1651 2778 1747 2806 suos
1774 2766 2029 2806 necessarios
2048 2789 2070 2794 -
2091 2787 2114 2794 -

1231 2834 1454 2882 corrogyal,
1503 2834 1551 2870 ut
1593 2831 1649 2869 acl
1690 2830 1880 2869 tabulam
1923 2830 2114 2869 Sextiam

1229 2894 1305 2933 sibi
1335 2894 1474 2933 adsint
1501 2893 1608 2932 hora
1636 2894 1817 2932 secunda
1840 2893 2110 2943 postridie.—

1231 2957 1399 2996 Roscius
1415 2955 1577 3008 orabat]
1606 2955 1750 2995 Verba
1769 2957 1871 2996 sunt
1892 2966 1979 2994 non
1997 2954 2113 2994 servi

1231 3019 1436 3068 alicuius,
1471 3019 1552 3059 sed
1582 3019 1720 3070 ipsius
1751 3018 1940 3067 Horatii,
1987 3017 2113 3057 cuius

1231 3093 1313 3134 per
1353 3083 1486 3133 caput
1527 3081 1613 3121 hoc
1652 3081 1796 3121 Roscii
1841 3083 1885 3120 et
1925 3079 2114 3119 alterum

1231 3144 1482 3185 scribarum
1503 3144 1730 3195 negotium
1752 3142 1952 3183 saliebat.
1974 3165 2018 3169 —
2036 3143 2115 3181 Pu-

1230 3207 1325 3259 teal]
1358 3207 1422 3247 Cf.
1446 3207 1556 3258 Epp.
1583 3208 1598 3246 4
1623 3238 1632 3256 ,
1666 3206 1739 3254 49,
1772 3207 1820 3246 8:
1854 3206 2011 3245 Forum
2033 3215 2115 3253 pu-

1230 3271 1392 3320 tealque
1419 3269 1599 3310 Libonis.
1658 3271 1820 3309 PVTEAL
1858 3266 2112 3307 Scflzeoxia-

1230 3345 1331 3374 uum
1360 3333 1622 3384 inscriptum
1653 3333 1722 3371 est
1751 3330 1941 3370 denariis
1969 3328 2111 3378 gentis

1232 3395 1487 3436 Scriboniae
1513 3392 1687 3446 (Eckhel
1708 3394 1758 3432 D.
1779 3394 1829 3431 N.
1849 3393 1887 3430 5.
1912 3401 1955 3441 p.
1980 3389 2109 3439 301),

1232 3458 1273 3497 in
1316 3457 1479 3509 quibus
1517 3467 1620 3495 arae
1665 3454 1772 3504 lyris
1818 3455 1861 3493 et
1904 3452 2111 3503 encarpis

1232 3521 1434 3567 ornatae,
1483 3529 1620 3568 quae,
1670 3518 1715 3555 ut
1750 3515 1946 3564 videtur,
1993 3515 2111 3553 iuxta
