<?xml version="1.0" encoding="UTF-8"?>
<!DOCTYPE html PUBLIC "-//W3C//DTD XHTML 1.0 Transitional//EN"
    "http://www.w3.org/TR/xhtml1/DTD/xhtml1-transitional.dtd">
<html xmlns="http://www.w3.org/1999/xhtml" xml:lang="en" lang="en">
 <head>
  <title>
</title>
<meta http-equiv="Content-Type" content="text/html;charset=utf-8" />
  <meta name='ocr-system' content='tesseract 3.04.00' />
  <meta name='ocr-capabilities' content='ocr_page ocr_carea ocr_par ocr_line ocrx_word'/>
</head>
<body>
  <div class='ocr_page' id='page_1' title='image "./qhoratiusflaccus02horauoft_0444.png"; bbox 0 0 2231 3787; ppageno 0'>
   <div class='ocr_carea' id='block_1_1' title="bbox 180 271 1396 326">
    <p class='ocr_par' dir='ltr' id='par_1_1' title="bbox 180 271 1396 326">
     <span class='ocr_line' id='line_1_1' title="bbox 180 271 1396 326; baseline -0.005 -10"><span class='ocrx_word' id='word_1_1' title='bbox 180 273 280 326; x_wconf 69' lang='lat'>412</span> <span class='ocrx_word' id='word_1_2' title='bbox 780 272 993 314; x_wconf 75' lang='lat' dir='ltr'>iiossATn</span> <span class='ocrx_word' id='word_1_3' title='bbox 1026 271 1396 313; x_wconf 71' lang='lat' dir='ltr'>ErisT01.ARUM</span> 
     </span>
    </p>
   </div>
   <div class='ocr_carea' id='block_1_2' title="bbox 249 396 2005 475">
    <p class='ocr_par' dir='ltr' id='par_1_2' title="bbox 249 396 2005 475">
     <span class='ocr_line' id='line_1_2' title="bbox 249 396 2005 475; baseline -0.007 -15"><span class='ocrx_word' id='word_1_4' title='bbox 249 403 516 460; x_wconf 79' lang='lat' dir='ltr'>Pindarici</span> <span class='ocrx_word' id='word_1_5' title='bbox 556 402 711 458; x_wconf 85' lang='lat' dir='ltr'>sontis</span> <span class='ocrx_word' id='word_1_6' title='bbox 750 403 842 475; x_wconf 88' lang='lat' dir='ltr'>qui</span> <span class='ocrx_word' id='word_1_7' title='bbox 879 420 987 456; x_wconf 91' lang='lat' dir='ltr'>non</span> <span class='ocrx_word' id='word_1_8' title='bbox 1030 400 1290 473; x_wconf 79' lang='lat' dir='ltr'>expalluit</span> <span class='ocrx_word' id='word_1_9' title='bbox 1327 400 1576 459; x_wconf 87' lang='lat' dir='ltr'>haustus,</span> <span class='ocrx_word' id='word_1_10' title='bbox 1938 396 2005 449; x_wconf 73' lang='lat'>40</span> 
     </span>
    </p>
   </div>
   <div class='ocr_carea' id='block_1_3' title="bbox 252 504 1454 573">
    <p class='ocr_par' dir='ltr' id='par_1_3' title="bbox 252 504 1454 573">
     <span class='ocr_line' id='line_1_3' title="bbox 252 504 1454 573; baseline -0.006 -13"><span class='ocrx_word' id='word_1_11' title='bbox 252 505 514 561; x_wconf 82' lang='lat' dir='ltr'>Fastidire</span> <span class='ocrx_word' id='word_1_12' title='bbox 555 504 704 560; x_wconf 90' lang='lat' dir='ltr'>lacus</span> <span class='ocrx_word' id='word_1_13' title='bbox 744 513 796 560; x_wconf 88' lang='lat' dir='ltr'>et</span> <span class='ocrx_word' id='word_1_14' title='bbox 834 505 978 558; x_wconf 85' lang='lat' dir='ltr'>rivos</span> <span class='ocrx_word' id='word_1_15' title='bbox 1017 520 1182 557; x_wconf 89' lang='lat' dir='ltr'>ausus</span> <span class='ocrx_word' id='word_1_16' title='bbox 1222 509 1454 573; x_wconf 86' lang='lat' dir='ltr'>apertos.</span> 
     </span>
    </p>
   </div>
   <div class='ocr_carea' id='block_1_4' title="bbox 177 756 1071 3554">
    <p class='ocr_par' dir='ltr' id='par_1_4' title="bbox 177 756 1071 3554">
     <span class='ocr_line' id='line_1_4' title="bbox 178 756 1062 812; baseline -0.008 -12"><span class='ocrx_word' id='word_1_17' title='bbox 178 758 462 812; x_wconf 72' lang='lat' dir='ltr'>aufstrebende</span> <span class='ocrx_word' id='word_1_18' title='bbox 491 758 623 798; x_wconf 78' lang='lat' dir='ltr'>Mami</span> <span class='ocrx_word' id='word_1_19' title='bbox 651 756 863 805; x_wconf 70' lang='lat' dir='ltr'>voi-hatte,</span> <span class='ocrx_word' id='word_1_20' title='bbox 910 757 1062 794; x_wconf 80' lang='lat' dir='ltr'>musste</span> 
     </span>
     <span class='ocr_line' id='line_1_5' title="bbox 178 817 1060 870; baseline -0.007 -9"><span class='ocrx_word' id='word_1_21' title='bbox 178 823 261 861; x_wconf 82' lang='lat' dir='ltr'>ihm</span> <span class='ocrx_word' id='word_1_22' title='bbox 304 820 629 870; x_wconf 77' lang='lat' dir='ltr'>schmeichelhaft</span> <span class='ocrx_word' id='word_1_23' title='bbox 672 819 772 858; x_wconf 81' lang='lat' dir='ltr'>sein.</span> <span class='ocrx_word' id='word_1_24' title='bbox 835 817 892 857; x_wconf 87' lang='lat' dir='ltr'>Ob</span> <span class='ocrx_word' id='word_1_25' title='bbox 935 827 981 856; x_wconf 81' lang='lat' dir='ltr'>er</span> <span class='ocrx_word' id='word_1_26' title='bbox 1015 817 1060 866; x_wconf 81' lang='lat' dir='ltr'>je</span> 
     </span>
     <span class='ocr_line' id='line_1_6' title="bbox 178 879 1061 932; baseline -0.007 -9"><span class='ocrx_word' id='word_1_27' title='bbox 178 885 310 924; x_wconf 75' lang='lat' dir='ltr'>(lamii</span> <span class='ocrx_word' id='word_1_28' title='bbox 336 894 391 923; x_wconf 71' lang='lat' dir='ltr'>zu</span> <span class='ocrx_word' id='word_1_29' title='bbox 420 883 574 922; x_wconf 78' lang='lat' dir='ltr'>Stancle</span> <span class='ocrx_word' id='word_1_30' title='bbox 602 881 867 932; x_wconf 71' lang='lat' dir='ltr'>qekommen,</span> <span class='ocrx_word' id='word_1_31' title='bbox 911 879 1061 918; x_wconf 81' lang='lat' dir='ltr'>wissen</span> 
     </span>
     <span class='ocr_line' id='line_1_7' title="bbox 181 942 1061 993; baseline -0.007 -7"><span class='ocrx_word' id='word_1_32' title='bbox 181 947 259 986; x_wconf 75' lang='lat' dir='ltr'>wir</span> <span class='ocrx_word' id='word_1_33' title='bbox 296 946 427 993; x_wconf 79' lang='lat' dir='ltr'>nieht;</span> <span class='ocrx_word' id='word_1_34' title='bbox 471 945 557 984; x_wconf 82' lang='lat' dir='ltr'>sein</span> <span class='ocrx_word' id='word_1_35' title='bbox 598 944 807 984; x_wconf 74' lang='lat' dir='ltr'>Verdienst</span> <span class='ocrx_word' id='word_1_36' title='bbox 835 943 935 982; x_wconf 81' lang='lat' dir='ltr'>oder</span> <span class='ocrx_word' id='word_1_37' title='bbox 977 942 1061 981; x_wconf 84' lang='lat' dir='ltr'>Un-</span> 
     </span>
     <span class='ocr_line' id='line_1_8' title="bbox 178 1004 1060 1057; baseline -0.006 -9"><span class='ocrx_word' id='word_1_38' title='bbox 178 1009 382 1049; x_wconf 71' lang='lat' dir='ltr'>verdienst</span> <span class='ocrx_word' id='word_1_39' title='bbox 409 1007 524 1046; x_wconf 74' lang='lat' dir='ltr'>kann</span> <span class='ocrx_word' id='word_1_40' title='bbox 551 1016 630 1045; x_wconf 84' lang='lat' dir='ltr'>uns</span> <span class='ocrx_word' id='word_1_41' title='bbox 658 1004 923 1057; x_wconf 68' lang='lat' dir='ltr'>yleiehqu&#39;ltiq</span> <span class='ocrx_word' id='word_1_42' title='bbox 953 1004 1060 1051; x_wconf 59' lang='lat' dir='ltr'>seim·</span> 
     </span>
     <span class='ocr_line' id='line_1_9' title="bbox 178 1067 1062 1120; baseline -0.006 -10"><span class='ocrx_word' id='word_1_43' title='bbox 178 1071 289 1110; x_wconf 69' lang='lat' dir='ltr'>wicht</span> <span class='ocrx_word' id='word_1_44' title='bbox 323 1081 366 1109; x_wconf 83' lang='lat' dir='ltr'>so</span> <span class='ocrx_word' id='word_1_45' title='bbox 404 1070 468 1109; x_wconf 82' lang='lat' dir='ltr'>die</span> <span class='ocrx_word' id='word_1_46' title='bbox 498 1068 736 1120; x_wconf 72' lang='lat' dir='ltr'>Gesinnuny</span> <span class='ocrx_word' id='word_1_47' title='bbox 774 1068 843 1107; x_wconf 86' lang='lat' dir='ltr'>des</span> <span class='ocrx_word' id='word_1_48' title='bbox 869 1067 1062 1106; x_wconf 75' lang='lat' dir='ltr'>Dichters</span> 
     </span>
     <span class='ocr_line' id='line_1_10' title="bbox 182 1129 1062 1181; baseline -0.003 -9"><span class='ocrx_word' id='word_1_49' title='bbox 182 1134 222 1172; x_wconf 83' lang='lat' dir='ltr'>in</span> <span class='ocrx_word' id='word_1_50' title='bbox 261 1134 377 1181; x_wconf 79' lang='lat' dir='ltr'>clem,</span> <span class='ocrx_word' id='word_1_51' title='bbox 422 1142 513 1171; x_wconf 82' lang='lat' dir='ltr'>was</span> <span class='ocrx_word' id='word_1_52' title='bbox 552 1142 597 1170; x_wconf 80' lang='lat' dir='ltr'>er</span> <span class='ocrx_word' id='word_1_53' title='bbox 630 1135 694 1170; x_wconf 76' lang='lat' dir='ltr'>&#39;an</span> <span class='ocrx_word' id='word_1_54' title='bbox 723 1131 833 1170; x_wconf 82' lang='lat' dir='ltr'>seine</span> <span class='ocrx_word' id='word_1_55' title='bbox 872 1129 1062 1169; x_wconf 78' lang='lat' dir='ltr'>Freumle</span> 
     </span>
     <span class='ocr_line' id='line_1_11' title="bbox 177 1192 1062 1235; baseline -0.003 -1"><span class='ocrx_word' id='word_1_56' title='bbox 177 1196 263 1235; x_wconf 65' lang='lat' dir='ltr'>‘tensi</span> <span class='ocrx_word' id='word_1_57' title='bbox 281 1206 362 1234; x_wconf 72' lang='lat' dir='ltr'>von</span> <span class='ocrx_word' id='word_1_58' title='bbox 382 1195 504 1234; x_wconf 79' lang='lat' dir='ltr'>ihnen</span> <span class='ocrx_word' id='word_1_59' title='bbox 524 1193 712 1233; x_wconf 82' lang='lat' dir='ltr'>schreibt.</span> <span class='ocrx_word' id='word_1_60' title='bbox 754 1192 889 1232; x_wconf 90' lang='lat' dir='ltr'>Titius</span> <span class='ocrx_word' id='word_1_61' title='bbox 911 1193 1062 1232; x_wconf 89' lang='lat' dir='ltr'>autem</span> 
     </span>
     <span class='ocr_line' id='line_1_12' title="bbox 180 1253 1064 1297; baseline -0.005 0"><span class='ocrx_word' id='word_1_62' title='bbox 180 1257 365 1297; x_wconf 80' lang='lat' dir='ltr'>fortasse</span> <span class='ocrx_word' id='word_1_63' title='bbox 397 1255 511 1296; x_wconf 85' lang='lat' dir='ltr'>filius</span> <span class='ocrx_word' id='word_1_64' title='bbox 542 1255 622 1295; x_wconf 89' lang='lat' dir='ltr'>fuit</span> <span class='ocrx_word' id='word_1_65' title='bbox 651 1256 707 1296; x_wconf 86' lang='lat' dir='ltr'>M.</span> <span class='ocrx_word' id='word_1_66' title='bbox 733 1254 829 1294; x_wconf 84' lang='lat' dir='ltr'>Titii</span> <span class='ocrx_word' id='word_1_67' title='bbox 859 1265 951 1294; x_wconf 90' lang='lat' dir='ltr'>cos.</span> <span class='ocrx_word' id='word_1_68' title='bbox 976 1253 1064 1294; x_wconf 88' lang='lat' dir='ltr'>suf-</span> 
     </span>
     <span class='ocr_line' id='line_1_13' title="bbox 179 1315 1063 1368; baseline -0.003 -10"><span class='ocrx_word' id='word_1_69' title='bbox 179 1319 282 1359; x_wconf 86' lang='lat' dir='ltr'>fecti</span> <span class='ocrx_word' id='word_1_70' title='bbox 303 1329 341 1358; x_wconf 90' lang='lat' dir='ltr'>a.</span> <span class='ocrx_word' id='word_1_71' title='bbox 367 1329 410 1358; x_wconf 90' lang='lat' dir='ltr'>u.</span> <span class='ocrx_word' id='word_1_72' title='bbox 437 1328 474 1357; x_wconf 92' lang='grc'>0.</span> <span class='ocrx_word' id='word_1_73' title='bbox 499 1317 594 1357; x_wconf 83' lang='grc'>723.</span> <span class='ocrx_word' id='word_1_74' title='bbox 644 1315 927 1368; x_wconf 76' lang='lat' dir='ltr'>(scholiastae</span> <span class='ocrx_word' id='word_1_75' title='bbox 951 1316 1063 1355; x_wconf 88' lang='lat' dir='ltr'>haec</span> 
     </span>
     <span class='ocr_line' id='line_1_14' title="bbox 179 1378 1063 1421; baseline -0.005 0"><span class='ocrx_word' id='word_1_76' title='bbox 179 1381 235 1421; x_wconf 90' lang='lat' dir='ltr'>de</span> <span class='ocrx_word' id='word_1_77' title='bbox 267 1381 374 1420; x_wconf 88' lang='lat' dir='ltr'>Titio</span> <span class='ocrx_word' id='word_1_78' title='bbox 405 1379 612 1420; x_wconf 90' lang='lat' dir='ltr'>tradunt:</span> <span class='ocrx_word' id='word_1_79' title='bbox 659 1378 866 1418; x_wconf 83' lang='lat' dir='ltr'>«Deridet</span> <span class='ocrx_word' id='word_1_80' title='bbox 903 1379 1063 1418; x_wconf 88' lang='lat' dir='ltr'>Titium</span> 
     </span>
     <span class='ocr_line' id='line_1_15' title="bbox 178 1439 1063 1496; baseline -0.005 -13"><span class='ocrx_word' id='word_1_81' title='bbox 178 1445 384 1496; x_wconf 76' lang='lat' dir='ltr'>poetam,</span> <span class='ocrx_word' id='word_1_82' title='bbox 436 1442 512 1493; x_wconf 87' lang='lat' dir='ltr'>qui</span> <span class='ocrx_word' id='word_1_83' title='bbox 558 1439 798 1482; x_wconf 83' lang='lat' dir='ltr'>Pindarum</span> <span class='ocrx_word' id='word_1_84' title='bbox 844 1442 1063 1480; x_wconf 87' lang='lat' dir='ltr'>Graecum</span> 
     </span>
     <span class='ocr_line' id='line_1_16' title="bbox 179 1500 1062 1558; baseline -0.006 -12"><span class='ocrx_word' id='word_1_85' title='bbox 179 1504 513 1558; x_wconf 85' lang='lat' dir='ltr'>profundissimi</span> <span class='ocrx_word' id='word_1_86' title='bbox 535 1513 694 1544; x_wconf 90' lang='lat' dir='ltr'>sensus</span> <span class='ocrx_word' id='word_1_87' title='bbox 717 1504 761 1542; x_wconf 90' lang='lat' dir='ltr'>et</span> <span class='ocrx_word' id='word_1_88' title='bbox 781 1500 1062 1554; x_wconf 84' lang='lat' dir='ltr'>eloquentiae</span> 
     </span>
     <span class='ocr_line' id='line_1_17' title="bbox 179 1566 1065 1608; baseline -0.001 -1"><span class='ocrx_word' id='word_1_89' title='bbox 179 1569 224 1608; x_wconf 91' lang='lat' dir='ltr'>in</span> <span class='ocrx_word' id='word_1_90' title='bbox 254 1568 458 1607; x_wconf 89' lang='lat' dir='ltr'>Latinum</span> <span class='ocrx_word' id='word_1_91' title='bbox 489 1576 747 1606; x_wconf 88' lang='lat' dir='ltr'>sermonem</span> <span class='ocrx_word' id='word_1_92' title='bbox 778 1567 964 1605; x_wconf 90' lang='lat' dir='ltr'>conatus</span> <span class='ocrx_word' id='word_1_93' title='bbox 996 1566 1065 1606; x_wconf 83' lang='lat' dir='ltr'>est</span> 
     </span>
     <span class='ocr_line' id='line_1_18' title="bbox 180 1626 1064 1679; baseline -0.003 -9"><span class='ocrx_word' id='word_1_94' title='bbox 180 1630 436 1670; x_wconf 85' lang='lat' dir='ltr'>transferre.</span> <span class='ocrx_word' id='word_1_95' title='bbox 490 1629 601 1668; x_wconf 90' lang='lat' dir='ltr'>Nam</span> <span class='ocrx_word' id='word_1_96' title='bbox 631 1627 883 1679; x_wconf 80' lang='lat' dir='ltr'>tragoedias</span> <span class='ocrx_word' id='word_1_97' title='bbox 914 1629 958 1668; x_wconf 92' lang='lat' dir='ltr'>et</span> <span class='ocrx_word' id='word_1_98' title='bbox 993 1626 1064 1678; x_wconf 78' lang='lat' dir='ltr'>ly—</span> 
     </span>
     <span class='ocr_line' id='line_1_19' title="bbox 180 1690 1065 1742; baseline -0.003 -9"><span class='ocrx_word' id='word_1_99' title='bbox 180 1693 271 1733; x_wconf 89' lang='lat' dir='ltr'>rica</span> <span class='ocrx_word' id='word_1_100' title='bbox 302 1691 501 1732; x_wconf 89' lang='lat' dir='ltr'>carmina</span> <span class='ocrx_word' id='word_1_101' title='bbox 530 1690 730 1731; x_wconf 89' lang='lat' dir='ltr'>scribere</span> <span class='ocrx_word' id='word_1_102' title='bbox 764 1690 910 1742; x_wconf 85' lang='lat' dir='ltr'>coepit</span> <span class='ocrx_word' id='word_1_103' title='bbox 947 1692 1065 1731; x_wconf 84' lang='lat' dir='ltr'>tem-</span> 
     </span>
     <span class='ocr_line' id='line_1_20' title="bbox 178 1751 1066 1807; baseline -0.005 -12"><span class='ocrx_word' id='word_1_104' title='bbox 178 1754 364 1807; x_wconf 86' lang='lat' dir='ltr'>poribus</span> <span class='ocrx_word' id='word_1_105' title='bbox 386 1753 589 1804; x_wconf 89' lang='lat' dir='ltr'>Augusti;</span> <span class='ocrx_word' id='word_1_106' title='bbox 623 1752 705 1794; x_wconf 90' lang='lat' dir='ltr'>sed</span> <span class='ocrx_word' id='word_1_107' title='bbox 733 1751 833 1792; x_wconf 83' lang='lat' dir='ltr'>libri</span> <span class='ocrx_word' id='word_1_108' title='bbox 855 1752 949 1793; x_wconf 90' lang='lat' dir='ltr'>eius</span> <span class='ocrx_word' id='word_1_109' title='bbox 972 1751 1066 1792; x_wconf 90' lang='lat' dir='ltr'>nul-</span> 
     </span>
     <span class='ocr_line' id='line_1_21' title="bbox 180 1815 1067 1857; baseline -0.001 -2"><span class='ocrx_word' id='word_1_110' title='bbox 180 1816 263 1857; x_wconf 91' lang='lat' dir='ltr'>lius</span> <span class='ocrx_word' id='word_1_111' title='bbox 294 1815 509 1855; x_wconf 86' lang='lat' dir='ltr'>momenti</span> <span class='ocrx_word' id='word_1_112' title='bbox 541 1816 708 1854; x_wconf 87' lang='lat' dir='ltr'>erant.»</span> <span class='ocrx_word' id='word_1_113' title='bbox 759 1815 919 1854; x_wconf 70' lang='lat' dir='ltr'>AenoN.</span> <span class='ocrx_word' id='word_1_114' title='bbox 974 1815 1067 1853; x_wconf 87' lang='lat' dir='ltr'>«Ti-</span> 
     </span>
     <span class='ocr_line' id='line_1_22' title="bbox 181 1876 1067 1929; baseline -0.003 -10"><span class='ocrx_word' id='word_1_115' title='bbox 181 1880 267 1919; x_wconf 89' lang='lat' dir='ltr'>tius</span> <span class='ocrx_word' id='word_1_116' title='bbox 297 1879 430 1929; x_wconf 87' lang='lat' dir='ltr'>po&#39;eta</span> <span class='ocrx_word' id='word_1_117' title='bbox 455 1877 526 1916; x_wconf 87' lang='lat' dir='ltr'>hic</span> <span class='ocrx_word' id='word_1_118' title='bbox 547 1876 685 1916; x_wconf 80' lang='lat' dir='ltr'>voluit</span> <span class='ocrx_word' id='word_1_119' title='bbox 713 1876 955 1916; x_wconf 88' lang='lat' dir='ltr'>Pindarum</span> <span class='ocrx_word' id='word_1_120' title='bbox 975 1887 1067 1916; x_wconf 89' lang='lat' dir='ltr'>ser-</span> 
     </span>
     <span class='ocr_line' id='line_1_23' title="bbox 182 1938 1068 1981; baseline -0.003 0"><span class='ocrx_word' id='word_1_121' title='bbox 182 1952 315 1981; x_wconf 90' lang='lat' dir='ltr'>mone</span> <span class='ocrx_word' id='word_1_122' title='bbox 347 1941 499 1980; x_wconf 89' lang='lat' dir='ltr'>Latino</span> <span class='ocrx_word' id='word_1_123' title='bbox 529 1941 723 1979; x_wconf 67' lang='lat' dir='ltr'>vertere.</span> <span class='ocrx_word' id='word_1_124' title='bbox 783 1938 968 1979; x_wconf 82' lang='lat' dir='ltr'>Deridet</span> <span class='ocrx_word' id='word_1_125' title='bbox 993 1949 1068 1978; x_wconf 91' lang='lat' dir='ltr'>au-</span> 
     </span>
     <span class='ocr_line' id='line_1_24' title="bbox 180 2001 1067 2052; baseline -0.006 -7"><span class='ocrx_word' id='word_1_126' title='bbox 180 2007 274 2045; x_wconf 89' lang='lat' dir='ltr'>tem</span> <span class='ocrx_word' id='word_1_127' title='bbox 304 2004 423 2043; x_wconf 92' lang='lat' dir='ltr'>hunc</span> <span class='ocrx_word' id='word_1_128' title='bbox 454 2002 681 2051; x_wconf 86' lang='lat' dir='ltr'>Horatius,</span> <span class='ocrx_word' id='word_1_129' title='bbox 715 2001 835 2052; x_wconf 93' lang='lat' dir='ltr'>quod</span> <span class='ocrx_word' id='word_1_130' title='bbox 855 2012 990 2041; x_wconf 89' lang='lat' dir='ltr'>ausus</span> <span class='ocrx_word' id='word_1_131' title='bbox 1011 2001 1067 2040; x_wconf 90' lang='lat' dir='ltr'>sit</span> 
     </span>
     <span class='ocr_line' id='line_1_25' title="bbox 183 2063 1063 2117; baseline -0.005 -11"><span class='ocrx_word' id='word_1_132' title='bbox 183 2077 364 2107; x_wconf 86' lang='lat' dir='ltr'>sacrum</span> <span class='ocrx_word' id='word_1_133' title='bbox 393 2076 505 2117; x_wconf 88' lang='lat' dir='ltr'>opus</span> <span class='ocrx_word' id='word_1_134' title='bbox 537 2064 815 2104; x_wconf 86' lang='lat' dir='ltr'>att-aminare.</span> <span class='ocrx_word' id='word_1_135' title='bbox 871 2063 954 2115; x_wconf 87' lang='lat' dir='ltr'>(Sic</span> <span class='ocrx_word' id='word_1_136' title='bbox 983 2063 1063 2103; x_wconf 91' lang='lat' dir='ltr'>Ed.</span> 
     </span>
     <span class='ocr_line' id='line_1_26' title="bbox 183 2125 1063 2182; baseline -0.005 -13"><span class='ocrx_word' id='word_1_137' title='bbox 183 2130 324 2182; x_wconf 91' lang='lat' dir='ltr'>princ.</span> <span class='ocrx_word' id='word_1_138' title='bbox 348 2129 458 2168; x_wconf 87' lang='lat' dir='ltr'>Ven.</span> <span class='ocrx_word' id='word_1_139' title='bbox 491 2127 631 2177; x_wconf 63' lang='lat'><strong>4484„</strong></span> <span class='ocrx_word' id='word_1_140' title='bbox 664 2126 954 2166; x_wconf 81' lang='lat' dir='ltr'>contaminare</span> <span class='ocrx_word' id='word_1_141' title='bbox 984 2125 1063 2165; x_wconf 90' lang='lat' dir='ltr'>Ed.</span> 
     </span>
     <span class='ocr_line' id='line_1_27' title="bbox 182 2190 1065 2241; baseline -0.006 -9"><span class='ocrx_word' id='word_1_142' title='bbox 182 2193 281 2232; x_wconf 88' lang='lat' dir='ltr'>Bas.</span> <span class='ocrx_word' id='word_1_143' title='bbox 316 2191 454 2241; x_wconf 75' lang='lat'>4580.)</span> <span class='ocrx_word' id='word_1_144' title='bbox 504 2190 656 2230; x_wconf 88' lang='lat' dir='ltr'>Potest</span> <span class='ocrx_word' id='word_1_145' title='bbox 694 2190 846 2228; x_wconf 90' lang='lat' dir='ltr'>tamen</span> <span class='ocrx_word' id='word_1_146' title='bbox 877 2190 920 2228; x_wconf 90' lang='lat' dir='ltr'>et</span> <span class='ocrx_word' id='word_1_147' title='bbox 963 2199 1065 2229; x_wconf 88' lang='lat' dir='ltr'>vere</span> 
     </span>
     <span class='ocr_line' id='line_1_28' title="bbox 182 2251 1070 2304; baseline -0.003 -10"><span class='ocrx_word' id='word_1_148' title='bbox 182 2253 377 2304; x_wconf 74' lang='lat' dir='ltr'>laudari,</span> <span class='ocrx_word' id='word_1_149' title='bbox 410 2263 515 2293; x_wconf 91' lang='lat' dir='ltr'>nam</span> <span class='ocrx_word' id='word_1_150' title='bbox 545 2252 708 2292; x_wconf 88' lang='lat' dir='ltr'>Tiberii</span> <span class='ocrx_word' id='word_1_151' title='bbox 740 2262 893 2292; x_wconf 91' lang='lat' dir='ltr'>comes</span> <span class='ocrx_word' id='word_1_152' title='bbox 927 2252 971 2291; x_wconf 88' lang='lat' dir='ltr'>et</span> <span class='ocrx_word' id='word_1_153' title='bbox 992 2251 1070 2291; x_wconf 91' lang='lat' dir='ltr'>do-</span> 
     </span>
     <span class='ocr_line' id='line_1_29' title="bbox 184 2314 1063 2366; baseline -0.01 -8"><span class='ocrx_word' id='word_1_154' title='bbox 184 2316 408 2358; x_wconf 88' lang='lat' dir='ltr'>ctissimus</span> <span class='ocrx_word' id='word_1_155' title='bbox 438 2316 517 2356; x_wconf 82' lang='lat' dir='ltr'>fuit</span> <span class='ocrx_word' id='word_1_156' title='bbox 538 2317 582 2356; x_wconf 86' lang='lat' dir='ltr'>et</span> <span class='ocrx_word' id='word_1_157' title='bbox 600 2314 740 2366; x_wconf 82' lang='lat' dir='ltr'>lyrica</span> <span class='ocrx_word' id='word_1_158' title='bbox 757 2314 1063 2366; x_wconf 84' lang='lat' dir='ltr'>conscripsit.»</span> 
     </span>
     <span class='ocr_line' id='line_1_30' title="bbox 184 2375 1068 2430; baseline -0.003 -11"><span class='ocrx_word' id='word_1_159' title='bbox 184 2382 390 2419; x_wconf 68' lang='lat' dir='ltr'>Ponpnriz.</span> <span class='ocrx_word' id='word_1_160' title='bbox 456 2378 617 2419; x_wconf 87' lang='lat' dir='ltr'>«Titius</span> <span class='ocrx_word' id='word_1_161' title='bbox 654 2378 892 2430; x_wconf 87' lang='lat' dir='ltr'>Septimius</span> <span class='ocrx_word' id='word_1_162' title='bbox 928 2375 1068 2428; x_wconf 83' lang='lat' dir='ltr'>lyrica</span> 
     </span>
     <span class='ocr_line' id='line_1_31' title="bbox 185 2439 1069 2492; baseline -0.003 -11"><span class='ocrx_word' id='word_1_163' title='bbox 185 2442 382 2481; x_wconf 90' lang='lat' dir='ltr'>carmina</span> <span class='ocrx_word' id='word_1_164' title='bbox 415 2442 458 2480; x_wconf 84' lang='lat' dir='ltr'>et</span> <span class='ocrx_word' id='word_1_165' title='bbox 487 2440 738 2492; x_wconf 78' lang='lat' dir='ltr'>tragoedias</span> <span class='ocrx_word' id='word_1_166' title='bbox 769 2439 946 2491; x_wconf 79' lang='lat' dir='ltr'>scripsit</span> <span class='ocrx_word' id='word_1_167' title='bbox 977 2440 1069 2479; x_wconf 89' lang='lat' dir='ltr'>Au-</span> 
     </span>
     <span class='ocr_line' id='line_1_32' title="bbox 185 2500 1069 2555; baseline -0.003 -11"><span class='ocrx_word' id='word_1_168' title='bbox 185 2504 300 2555; x_wconf 81' lang='lat' dir='ltr'>gusti</span> <span class='ocrx_word' id='word_1_169' title='bbox 328 2506 552 2555; x_wconf 88' lang='lat' dir='ltr'>tempore,</span> <span class='ocrx_word' id='word_1_170' title='bbox 594 2503 676 2544; x_wconf 90' lang='lat' dir='ltr'>sed</span> <span class='ocrx_word' id='word_1_171' title='bbox 706 2502 805 2542; x_wconf 92' lang='lat' dir='ltr'>libri</span> <span class='ocrx_word' id='word_1_172' title='bbox 837 2503 932 2542; x_wconf 91' lang='lat' dir='ltr'>eius</span> <span class='ocrx_word' id='word_1_173' title='bbox 963 2500 1069 2541; x_wconf 90' lang='lat' dir='ltr'>nulli</span> 
     </span>
     <span class='ocr_line' id='line_1_33' title="bbox 187 2566 1071 2616; baseline -0.001 -10"><span class='ocrx_word' id='word_1_174' title='bbox 187 2567 373 2607; x_wconf 77' lang='lat' dir='ltr'>exstant.</span> <span class='ocrx_word' id='word_1_175' title='bbox 435 2566 572 2606; x_wconf 90' lang='lat' dir='ltr'>Huius</span> <span class='ocrx_word' id='word_1_176' title='bbox 595 2566 746 2605; x_wconf 86' lang='lat' dir='ltr'>autem</span> <span class='ocrx_word' id='word_1_177' title='bbox 777 2566 946 2616; x_wconf 83' lang='lat' dir='ltr'>insigne</span> <span class='ocrx_word' id='word_1_178' title='bbox 967 2576 1071 2605; x_wconf 86' lang='lat' dir='ltr'>mo-</span> 
     </span>
     <span class='ocr_line' id='line_1_34' title="bbox 186 2628 1066 2669; baseline -0.002 0"><span class='ocrx_word' id='word_1_179' title='bbox 186 2631 448 2669; x_wconf 88' lang='lat' dir='ltr'>numentum</span> <span class='ocrx_word' id='word_1_180' title='bbox 465 2629 533 2669; x_wconf 87' lang='lat' dir='ltr'>est</span> <span class='ocrx_word' id='word_1_181' title='bbox 553 2628 665 2668; x_wconf 88' lang='lat' dir='ltr'>infra</span> <span class='ocrx_word' id='word_1_182' title='bbox 675 2628 909 2668; x_wconf 85' lang='lat' dir='ltr'>Ariciam.»</span> <span class='ocrx_word' id='word_1_183' title='bbox 927 2629 1066 2668; x_wconf 70' lang='lat' dir='ltr'>Coim.</span> 
     </span>
     <span class='ocr_line' id='line_1_35' title="bbox 188 2690 1068 2742; baseline -0.003 -10"><span class='ocrx_word' id='word_1_184' title='bbox 188 2691 335 2742; x_wconf 83' lang='lat' dir='ltr'>CRUQ.)</span> <span class='ocrx_word' id='word_1_185' title='bbox 379 2690 683 2731; x_wconf 89' lang='lat' dir='ltr'>Confidentius</span> <span class='ocrx_word' id='word_1_186' title='bbox 713 2691 824 2740; x_wconf 88' lang='lat' dir='ltr'>iam,</span> <span class='ocrx_word' id='word_1_187' title='bbox 859 2701 995 2742; x_wconf 90' lang='lat' dir='ltr'>quam</span> <span class='ocrx_word' id='word_1_188' title='bbox 1025 2690 1068 2729; x_wconf 91' lang='lat' dir='ltr'>in</span> 
     </span>
     <span class='ocr_line' id='line_1_36' title="bbox 187 2752 1064 2805; baseline -0.002 -12"><span class='ocrx_word' id='word_1_189' title='bbox 187 2755 328 2805; x_wconf 88' lang='lat' dir='ltr'>prima</span> <span class='ocrx_word' id='word_1_190' title='bbox 360 2753 551 2793; x_wconf 90' lang='lat' dir='ltr'>editione</span> <span class='ocrx_word' id='word_1_191' title='bbox 591 2753 788 2793; x_wconf 83' lang='lat' dir='ltr'>feceram</span> <span class='ocrx_word' id='word_1_192' title='bbox 818 2753 875 2793; x_wconf 89' lang='lat' dir='ltr'>ad</span> <span class='ocrx_word' id='word_1_193' title='bbox 905 2752 983 2792; x_wconf 92' lang='lat' dir='ltr'>Od.</span> <span class='ocrx_word' id='word_1_194' title='bbox 1017 2753 1064 2801; x_wconf 91' lang='grc'>2,</span> 
     </span>
     <span class='ocr_line' id='line_1_37' title="bbox 186 2815 1067 2866; baseline 0 -12"><span class='ocrx_word' id='word_1_195' title='bbox 186 2817 244 2864; x_wconf 85' lang='grc'>6.,</span> <span class='ocrx_word' id='word_1_196' title='bbox 278 2815 450 2855; x_wconf 86' lang='lat' dir='ltr'>affirmo</span> <span class='ocrx_word' id='word_1_197' title='bbox 484 2817 634 2855; x_wconf 83' lang='lat' dir='ltr'>Titium</span> <span class='ocrx_word' id='word_1_198' title='bbox 661 2816 908 2866; x_wconf 78' lang='lat' dir='ltr'>Septimium</span> <span class='ocrx_word' id='word_1_199' title='bbox 948 2816 1067 2855; x_wconf 91' lang='lat' dir='ltr'>hunc</span> 
     </span>
     <span class='ocr_line' id='line_1_38' title="bbox 186 2877 1067 2930; baseline 0 -14"><span class='ocrx_word' id='word_1_200' title='bbox 186 2879 365 2929; x_wconf 84' lang='lat' dir='ltr'>poetam</span> <span class='ocrx_word' id='word_1_201' title='bbox 396 2877 607 2929; x_wconf 90' lang='lat' dir='ltr'>appellari</span> <span class='ocrx_word' id='word_1_202' title='bbox 649 2890 739 2918; x_wconf 91' lang='lat' dir='ltr'>non</span> <span class='ocrx_word' id='word_1_203' title='bbox 775 2889 924 2930; x_wconf 92' lang='lat' dir='ltr'>posse.</span> <span class='ocrx_word' id='word_1_204' title='bbox 990 2878 1067 2917; x_wconf 83' lang='lat' dir='ltr'>Et-</span> 
     </span>
     <span class='ocr_line' id='line_1_39' title="bbox 187 2939 1070 2990; baseline -0.003 -10"><span class='ocrx_word' id='word_1_205' title='bbox 187 2939 308 2980; x_wconf 86' lang='lat' dir='ltr'>enim</span> <span class='ocrx_word' id='word_1_206' title='bbox 339 2940 439 2978; x_wconf 84' lang='lat' dir='ltr'>ante</span> <span class='ocrx_word' id='word_1_207' title='bbox 461 2940 609 2978; x_wconf 90' lang='lat' dir='ltr'>omnia</span> <span class='ocrx_word' id='word_1_208' title='bbox 639 2940 683 2979; x_wconf 91' lang='lat' dir='ltr'>in</span> <span class='ocrx_word' id='word_1_209' title='bbox 713 2939 920 2990; x_wconf 89' lang='lat' dir='ltr'>gentibus</span> <span class='ocrx_word' id='word_1_210' title='bbox 942 2939 1070 2988; x_wconf 89' lang='lat' dir='ltr'>origi-</span> 
     </span>
     <span class='ocr_line' id='line_1_40' title="bbox 189 3001 1069 3050; baseline -0.001 -9"><span class='ocrx_word' id='word_1_211' title='bbox 189 3002 255 3041; x_wconf 89' lang='lat' dir='ltr'>nis</span> <span class='ocrx_word' id='word_1_212' title='bbox 284 3012 391 3040; x_wconf 72' lang='lat' dir='ltr'>vere</span> <span class='ocrx_word' id='word_1_213' title='bbox 422 3002 667 3050; x_wconf 85' lang='lat' dir='ltr'>Romanae,</span> <span class='ocrx_word' id='word_1_214' title='bbox 711 3003 760 3041; x_wconf 90' lang='lat' dir='ltr'>ut</span> <span class='ocrx_word' id='word_1_215' title='bbox 800 3003 868 3042; x_wconf 89' lang='lat' dir='ltr'>est</span> <span class='ocrx_word' id='word_1_216' title='bbox 907 3003 951 3041; x_wconf 88' lang='lat' dir='ltr'>et</span> <span class='ocrx_word' id='word_1_217' title='bbox 988 3001 1069 3040; x_wconf 87' lang='lat' dir='ltr'>Se—</span> 
     </span>
     <span class='ocr_line' id='line_1_41' title="bbox 187 3063 1069 3116; baseline -0.001 -13"><span class='ocrx_word' id='word_1_218' title='bbox 187 3063 340 3116; x_wconf 87' lang='lat' dir='ltr'>ptimia</span> <span class='ocrx_word' id='word_1_219' title='bbox 357 3064 399 3102; x_wconf 89' lang='lat' dir='ltr'>et</span> <span class='ocrx_word' id='word_1_220' title='bbox 419 3064 545 3112; x_wconf 83' lang='lat' dir='ltr'>Titia,</span> <span class='ocrx_word' id='word_1_221' title='bbox 579 3064 732 3115; x_wconf 88' lang='lat' dir='ltr'>primis</span> <span class='ocrx_word' id='word_1_222' title='bbox 749 3064 932 3115; x_wconf 80' lang='lat' dir='ltr'>Augusti</span> <span class='ocrx_word' id='word_1_223' title='bbox 951 3064 1069 3102; x_wconf 89' lang='lat' dir='ltr'>tem—</span> 
     </span>
     <span class='ocr_line' id='line_1_42' title="bbox 187 3125 1069 3178; baseline 0 -13"><span class='ocrx_word' id='word_1_224' title='bbox 187 3125 370 3178; x_wconf 89' lang='lat' dir='ltr'>poribus</span> <span class='ocrx_word' id='word_1_225' title='bbox 399 3136 582 3177; x_wconf 88' lang='lat' dir='ltr'>prorsus</span> <span class='ocrx_word' id='word_1_226' title='bbox 613 3126 806 3166; x_wconf 88' lang='lat' dir='ltr'>inaudita</span> <span class='ocrx_word' id='word_1_227' title='bbox 837 3128 963 3166; x_wconf 89' lang='lat' dir='ltr'>erant</span> <span class='ocrx_word' id='word_1_228' title='bbox 1000 3127 1069 3165; x_wconf 90' lang='lat' dir='ltr'>ta—</span> 
     </span>
     <span class='ocr_line' id='line_1_43' title="bbox 189 3188 1070 3239; baseline -0.002 -10"><span class='ocrx_word' id='word_1_229' title='bbox 189 3189 264 3229; x_wconf 90' lang='lat' dir='ltr'>lia:</span> <span class='ocrx_word' id='word_1_230' title='bbox 302 3188 454 3228; x_wconf 86' lang='lat' dir='ltr'>Tullius</span> <span class='ocrx_word' id='word_1_231' title='bbox 480 3188 632 3238; x_wconf 70' lang='lat' dir='ltr'>Iulius,</span> <span class='ocrx_word' id='word_1_232' title='bbox 668 3189 913 3239; x_wconf 77' lang='lat' dir='ltr'>Quinctilius</span> <span class='ocrx_word' id='word_1_233' title='bbox 933 3189 1070 3229; x_wconf 71' lang='grc' dir='ltr'>8093ιί-</span> 
     </span>
     <span class='ocr_line' id='line_1_44' title="bbox 188 3249 1070 3301; baseline 0 -11"><span class='ocrx_word' id='word_1_234' title='bbox 188 3252 288 3300; x_wconf 84' lang='lat' dir='ltr'>tius,</span> <span class='ocrx_word' id='word_1_235' title='bbox 324 3251 449 3290; x_wconf 89' lang='lat' dir='ltr'>Titius</span> <span class='ocrx_word' id='word_1_236' title='bbox 478 3250 713 3301; x_wconf 76' lang='lat' dir='ltr'>Septimius,</span> <span class='ocrx_word' id='word_1_237' title='bbox 765 3249 858 3290; x_wconf 91' lang='lat' dir='ltr'>Alia</span> <span class='ocrx_word' id='word_1_238' title='bbox 897 3262 970 3291; x_wconf 91' lang='lat' dir='ltr'>res</span> <span class='ocrx_word' id='word_1_239' title='bbox 1002 3252 1070 3292; x_wconf 89' lang='lat' dir='ltr'>est</span> 
     </span>
     <span class='ocr_line' id='line_1_45' title="bbox 190 3311 1069 3353; baseline -0.001 0"><span class='ocrx_word' id='word_1_240' title='bbox 190 3314 232 3353; x_wconf 90' lang='lat' dir='ltr'>in</span> <span class='ocrx_word' id='word_1_241' title='bbox 262 3311 515 3353; x_wconf 88' lang='lat' dir='ltr'>nominibus</span> <span class='ocrx_word' id='word_1_242' title='bbox 545 3311 704 3353; x_wconf 84' lang='lat' dir='ltr'>Italicis</span> <span class='ocrx_word' id='word_1_243' title='bbox 732 3314 897 3353; x_wconf 87' lang='lat' dir='ltr'>Marius</span> <span class='ocrx_word' id='word_1_244' title='bbox 935 3313 1069 3353; x_wconf 83' lang='lat' dir='ltr'>Stati-</span> 
     </span>
     <span class='ocr_line' id='line_1_46' title="bbox 190 3375 1069 3428; baseline 0 -13"><span class='ocrx_word' id='word_1_245' title='bbox 190 3376 289 3426; x_wconf 82' lang='lat' dir='ltr'>lius,</span> <span class='ocrx_word' id='word_1_246' title='bbox 322 3376 487 3416; x_wconf 85' lang='lat' dir='ltr'>Marius</span> <span class='ocrx_word' id='word_1_247' title='bbox 514 3375 700 3425; x_wconf 80' lang='lat' dir='ltr'>Blosius,</span> <span class='ocrx_word' id='word_1_248' title='bbox 733 3376 898 3415; x_wconf 87' lang='lat' dir='ltr'>Marius</span> <span class='ocrx_word' id='word_1_249' title='bbox 929 3377 1069 3428; x_wconf 65' lang='lat' dir='ltr'>Egna-</span> 
     </span>
     <span class='ocr_line' id='line_1_47' title="bbox 191 3437 1064 3488; baseline 0.001 -11"><span class='ocrx_word' id='word_1_250' title='bbox 191 3439 285 3478; x_wconf 85' lang='lat' dir='ltr'>tius.</span> <span class='ocrx_word' id='word_1_251' title='bbox 339 3438 425 3478; x_wconf 84' lang='lat' dir='ltr'>Cfr.</span> <span class='ocrx_word' id='word_1_252' title='bbox 450 3437 673 3479; x_wconf 85' lang='lat' dir='ltr'>Drakenb.</span> <span class='ocrx_word' id='word_1_253' title='bbox 698 3438 754 3478; x_wconf 89' lang='lat' dir='ltr'>ad</span> <span class='ocrx_word' id='word_1_254' title='bbox 785 3439 874 3478; x_wconf 89' lang='lat' dir='ltr'>Liv.</span> <span class='ocrx_word' id='word_1_255' title='bbox 898 3439 973 3488; x_wconf 87' lang='grc'>22,</span> <span class='ocrx_word' id='word_1_256' title='bbox 997 3438 1064 3479; x_wconf 77' lang='grc'>42.</span> 
     </span>
     <span class='ocr_line' id='line_1_48' title="bbox 193 3499 1068 3554; baseline -0.001 -13"><span class='ocrx_word' id='word_1_257' title='bbox 193 3502 427 3542; x_wconf 80' lang='lat' dir='ltr'>Praeterea</span> <span class='ocrx_word' id='word_1_258' title='bbox 449 3501 685 3554; x_wconf 87' lang='lat' dir='ltr'>Septimius</span> <span class='ocrx_word' id='word_1_259' title='bbox 717 3499 807 3552; x_wconf 88' lang='lat' dir='ltr'>ille,</span> <span class='ocrx_word' id='word_1_260' title='bbox 842 3511 977 3552; x_wconf 87' lang='lat' dir='ltr'>quem</span> <span class='ocrx_word' id='word_1_261' title='bbox 998 3501 1068 3541; x_wconf 87' lang='lat' dir='ltr'>Ti-</span> 
     </span>
    </p>
   </div>
   <div class='ocr_carea' id='block_1_5' title="bbox 1123 749 2015 3552">
    <p class='ocr_par' dir='ltr' id='par_1_5' title="bbox 1123 749 2015 2494">
     <span class='ocr_line' id='line_1_49' title="bbox 1125 749 2008 803; baseline -0.001 -11"><span class='ocrx_word' id='word_1_262' title='bbox 1125 752 1253 793; x_wconf 88' lang='lat' dir='ltr'>berio</span> <span class='ocrx_word' id='word_1_263' title='bbox 1286 749 1575 791; x_wconf 85' lang='lat' dir='ltr'>commendat</span> <span class='ocrx_word' id='word_1_264' title='bbox 1603 750 1713 803; x_wconf 88' lang='lat' dir='ltr'>Epp.</span> <span class='ocrx_word' id='word_1_265' title='bbox 1740 751 1785 800; x_wconf 73' lang='lat'>⁴,</span> <span class='ocrx_word' id='word_1_266' title='bbox 1820 750 1887 800; x_wconf 88' lang='grc'>9.,</span> <span class='ocrx_word' id='word_1_267' title='bbox 1930 761 2008 791; x_wconf 92' lang='lat' dir='ltr'>ae-</span> 
     </span>
     <span class='ocr_line' id='line_1_50' title="bbox 1126 812 2004 867; baseline -0.001 -13"><span class='ocrx_word' id='word_1_268' title='bbox 1126 814 1270 867; x_wconf 89' lang='lat' dir='ltr'>qualis</span> <span class='ocrx_word' id='word_1_269' title='bbox 1312 814 1391 854; x_wconf 84' lang='lat' dir='ltr'>fuit</span> <span class='ocrx_word' id='word_1_270' title='bbox 1429 815 1620 863; x_wconf 86' lang='lat' dir='ltr'>Horatii,</span> <span class='ocrx_word' id='word_1_271' title='bbox 1666 824 1706 854; x_wconf 93' lang='lat' dir='ltr'>a.</span> <span class='ocrx_word' id='word_1_272' title='bbox 1747 825 1791 853; x_wconf 94' lang='lat' dir='ltr'>u.</span> <span class='ocrx_word' id='word_1_273' title='bbox 1835 824 1873 854; x_wconf 88' lang='grc'>0.</span> <span class='ocrx_word' id='word_1_274' title='bbox 1910 812 2004 854; x_wconf 83' lang='lat'>734.</span> 
     </span>
     <span class='ocr_line' id='line_1_51' title="bbox 1123 875 2009 927; baseline -0.003 -9"><span class='ocrx_word' id='word_1_275' title='bbox 1123 879 1248 919; x_wconf 85' lang='lat' dir='ltr'><strong>XLV.</strong></span> <span class='ocrx_word' id='word_1_276' title='bbox 1272 888 1411 917; x_wconf 91' lang='lat' dir='ltr'>annos</span> <span class='ocrx_word' id='word_1_277' title='bbox 1442 877 1552 926; x_wconf 87' lang='lat' dir='ltr'>nati,</span> <span class='ocrx_word' id='word_1_278' title='bbox 1585 876 1648 916; x_wconf 91' lang='lat' dir='ltr'>uti</span> <span class='ocrx_word' id='word_1_279' title='bbox 1676 875 1814 927; x_wconf 87' lang='lat' dir='ltr'>liquet</span> <span class='ocrx_word' id='word_1_280' title='bbox 1835 886 1889 915; x_wconf 83' lang='lat' dir='ltr'>ex</span> <span class='ocrx_word' id='word_1_281' title='bbox 1909 885 2009 916; x_wconf 86' lang='lat' dir='ltr'>ear-</span> 
     </span>
     <span class='ocr_line' id='line_1_52' title="bbox 1124 936 2004 989; baseline -0.002 -9"><span class='ocrx_word' id='word_1_282' title='bbox 1124 941 1244 981; x_wconf 90' lang='lat' dir='ltr'>mine</span> <span class='ocrx_word' id='word_1_283' title='bbox 1268 938 1338 979; x_wconf 92' lang='lat' dir='ltr'>illo</span> <span class='ocrx_word' id='word_1_284' title='bbox 1360 939 1406 989; x_wconf 89' lang='grc'>2,</span> <span class='ocrx_word' id='word_1_285' title='bbox 1433 939 1471 978; x_wconf 90' lang='lat'>6.</span> <span class='ocrx_word' id='word_1_286' title='bbox 1504 939 1618 979; x_wconf 88' lang='lat' dir='ltr'>intra</span> <span class='ocrx_word' id='word_1_287' title='bbox 1640 949 1780 978; x_wconf 90' lang='lat' dir='ltr'>annos</span> <span class='ocrx_word' id='word_1_288' title='bbox 1801 936 2004 978; x_wconf 79' lang='grc'>724-730.</span> 
     </span>
     <span class='ocr_line' id='line_1_53' title="bbox 1126 1001 2011 1054; baseline -0.003 -11"><span class='ocrx_word' id='word_1_289' title='bbox 1126 1002 1373 1054; x_wconf 88' lang='lat' dir='ltr'>composito</span> <span class='ocrx_word' id='word_1_290' title='bbox 1430 1001 1603 1051; x_wconf 81' lang='lat' dir='ltr'>Septimi</span> <span class='ocrx_word' id='word_1_291' title='bbox 1657 1001 1793 1041; x_wconf 82' lang='lat' dir='ltr'>Gades</span> <span class='ocrx_word' id='word_1_292' title='bbox 1844 1001 2011 1041; x_wconf 78' lang='lat' dir='ltr'>aditure</span> 
     </span>
     <span class='ocr_line' id='line_1_54' title="bbox 1123 1064 2011 1115; baseline -0.001 -11"><span class='ocrx_word' id='word_1_293' title='bbox 1123 1076 1302 1114; x_wconf 84' lang='lat' dir='ltr'>mecum3</span> <span class='ocrx_word' id='word_1_294' title='bbox 1342 1064 1388 1104; x_wconf 92' lang='lat' dir='ltr'>id</span> <span class='ocrx_word' id='word_1_295' title='bbox 1418 1064 1539 1115; x_wconf 90' lang='lat' dir='ltr'>quod</span> <span class='ocrx_word' id='word_1_296' title='bbox 1568 1064 1611 1104; x_wconf 91' lang='lat' dir='ltr'>in</span> <span class='ocrx_word' id='word_1_297' title='bbox 1641 1064 1801 1104; x_wconf 88' lang='lat' dir='ltr'>Titium</span> <span class='ocrx_word' id='word_1_298' title='bbox 1828 1064 1902 1104; x_wconf 86' lang='lat' dir='ltr'>vix</span> <span class='ocrx_word' id='word_1_299' title='bbox 1932 1074 2011 1104; x_wconf 92' lang='lat' dir='ltr'>ca-</span> 
     </span>
     <span class='ocr_line' id='line_1_55' title="bbox 1126 1124 2009 1168; baseline -0.001 0"><span class='ocrx_word' id='word_1_300' title='bbox 1126 1128 1207 1168; x_wconf 87' lang='lat' dir='ltr'>dit:</span> <span class='ocrx_word' id='word_1_301' title='bbox 1254 1138 1359 1168; x_wconf 90' lang='lat' dir='ltr'>nam</span> <span class='ocrx_word' id='word_1_302' title='bbox 1403 1127 1582 1167; x_wconf 89' lang='lat' dir='ltr'>Horatio</span> <span class='ocrx_word' id='word_1_303' title='bbox 1629 1124 1769 1166; x_wconf 90' lang='lat' dir='ltr'>multo</span> <span class='ocrx_word' id='word_1_304' title='bbox 1814 1125 2009 1167; x_wconf 90' lang='lat' dir='ltr'>iuniores</span> 
     </span>
     <span class='ocr_line' id='line_1_56' title="bbox 1127 1188 2011 1241; baseline -0.002 -11"><span class='ocrx_word' id='word_1_305' title='bbox 1127 1191 1276 1240; x_wconf 84' lang='lat' dir='ltr'>erant,</span> <span class='ocrx_word' id='word_1_306' title='bbox 1320 1190 1396 1241; x_wconf 89' lang='lat' dir='ltr'>qui</span> <span class='ocrx_word' id='word_1_307' title='bbox 1424 1190 1509 1230; x_wconf 91' lang='lat' dir='ltr'>hac</span> <span class='ocrx_word' id='word_1_308' title='bbox 1542 1188 1727 1241; x_wconf 87' lang='lat' dir='ltr'>epistola</span> <span class='ocrx_word' id='word_1_309' title='bbox 1758 1198 2011 1228; x_wconf 88' lang='lat' dir='ltr'>memoran-</span> 
     </span>
     <span class='ocr_line' id='line_1_57' title="bbox 1125 1248 2010 1305; baseline -0.006 -11"><span class='ocrx_word' id='word_1_310' title='bbox 1125 1255 1218 1303; x_wconf 90' lang='lat' dir='ltr'>tur,</span> <span class='ocrx_word' id='word_1_311' title='bbox 1257 1253 1407 1305; x_wconf 80' lang='lat' dir='ltr'>poesis</span> <span class='ocrx_word' id='word_1_312' title='bbox 1438 1251 1638 1292; x_wconf 85' lang='lat' dir='ltr'>studiosi.</span> <span class='ocrx_word' id='word_1_313' title='bbox 1693 1250 1806 1299; x_wconf 89' lang='lat' dir='ltr'>Quid</span> <span class='ocrx_word' id='word_1_314' title='bbox 1842 1248 2010 1290; x_wconf 66' lang='lat' dir='ltr'>multa?</span> 
     </span>
     <span class='ocr_line' id='line_1_58' title="bbox 1126 1313 2012 1365; baseline -0.005 -9"><span class='ocrx_word' id='word_1_315' title='bbox 1126 1317 1233 1356; x_wconf 88' lang='lat' dir='ltr'>Tota</span> <span class='ocrx_word' id='word_1_316' title='bbox 1274 1315 1366 1356; x_wconf 82' lang='lat' dir='ltr'>Titii</span> <span class='ocrx_word' id='word_1_317' title='bbox 1405 1315 1595 1365; x_wconf 81' lang='lat' dir='ltr'>Septimii</span> <span class='ocrx_word' id='word_1_318' title='bbox 1634 1313 1818 1354; x_wconf 90' lang='lat' dir='ltr'>historia</span> <span class='ocrx_word' id='word_1_319' title='bbox 1860 1313 2012 1352; x_wconf 85' lang='lat' dir='ltr'>nititur</span> 
     </span>
     <span class='ocr_line' id='line_1_59' title="bbox 1128 1374 2009 1426; baseline -0.007 -7"><span class='ocrx_word' id='word_1_320' title='bbox 1128 1390 1279 1419; x_wconf 88' lang='lat' dir='ltr'>errore</span> <span class='ocrx_word' id='word_1_321' title='bbox 1319 1376 1694 1419; x_wconf 86' lang='lat' dir='ltr'>Commentatoris</span> <span class='ocrx_word' id='word_1_322' title='bbox 1734 1375 1916 1426; x_wconf 89' lang='lat' dir='ltr'>Cruquii</span> <span class='ocrx_word' id='word_1_323' title='bbox 1952 1374 2009 1414; x_wconf 91' lang='lat' dir='ltr'>ad</span> 
     </span>
     <span class='ocr_line' id='line_1_60' title="bbox 1125 1437 2013 1492; baseline -0.003 -11"><span class='ocrx_word' id='word_1_324' title='bbox 1125 1442 1169 1481; x_wconf 90' lang='lat' dir='ltr'>h.</span> <span class='ocrx_word' id='word_1_325' title='bbox 1190 1440 1217 1481; x_wconf 93' lang='lat' dir='ltr'>l.</span> <span class='ocrx_word' id='word_1_326' title='bbox 1251 1441 1327 1492; x_wconf 89' lang='lat' dir='ltr'>(De</span> <span class='ocrx_word' id='word_1_327' title='bbox 1346 1441 1454 1481; x_wconf 90' lang='lat' dir='ltr'>Titio</span> <span class='ocrx_word' id='word_1_328' title='bbox 1472 1440 1549 1480; x_wconf 78' lang='lat' dir='ltr'>cfr.</span> <span class='ocrx_word' id='word_1_329' title='bbox 1568 1439 1786 1491; x_wconf 88' lang='lat' dir='ltr'>imprimis</span> <span class='ocrx_word' id='word_1_330' title='bbox 1802 1437 2013 1479; x_wconf 88' lang='lat' dir='ltr'>Welcker</span> 
     </span>
     <span class='ocr_line' id='line_1_61' title="bbox 1127 1499 2005 1555; baseline -0.002 -13"><span class='ocrx_word' id='word_1_331' title='bbox 1127 1502 1276 1555; x_wconf 90' lang='lat' dir='ltr'>Suppl.</span> <span class='ocrx_word' id='word_1_332' title='bbox 1308 1502 1404 1542; x_wconf 90' lang='lat' dir='ltr'>Vol.</span> <span class='ocrx_word' id='word_1_333' title='bbox 1437 1504 1489 1543; x_wconf 91' lang='lat' dir='ltr'>II.</span> <span class='ocrx_word' id='word_1_334' title='bbox 1523 1503 1569 1542; x_wconf 91' lang='lat' dir='ltr'>T.</span> <span class='ocrx_word' id='word_1_335' title='bbox 1602 1503 1673 1541; x_wconf 89' lang='lat' dir='ltr'>III.</span> <span class='ocrx_word' id='word_1_336' title='bbox 1706 1512 1751 1553; x_wconf 93' lang='lat' dir='ltr'>p.</span> <span class='ocrx_word' id='word_1_337' title='bbox 1786 1499 1924 1551; x_wconf 71' lang='lat'>⁴434.)</span> <span class='ocrx_word' id='word_1_338' title='bbox 1959 1523 2005 1528; x_wconf 97' lang='lat'><strong>—</strong></span> 
     </span>
     <span class='ocr_line' id='line_1_62' title="bbox 1127 1562 2012 1616; baseline -0.003 -11"><span class='ocrx_word' id='word_1_339' title='bbox 1127 1566 1240 1606; x_wconf 83' lang='lat' dir='ltr'>bre-vi</span> <span class='ocrx_word' id='word_1_340' title='bbox 1259 1569 1458 1605; x_wconf 78' lang='lat' dir='ltr'>vent-urus</span> <span class='ocrx_word' id='word_1_341' title='bbox 1486 1565 1532 1604; x_wconf 85' lang='lat' dir='ltr'>in</span> <span class='ocrx_word' id='word_1_342' title='bbox 1551 1564 1642 1616; x_wconf 85' lang='lat' dir='ltr'>ora]</span> <span class='ocrx_word' id='word_1_343' title='bbox 1668 1562 1893 1603; x_wconf 90' lang='lat' dir='ltr'>«nondum</span> <span class='ocrx_word' id='word_1_344' title='bbox 1915 1562 2012 1614; x_wconf 88' lang='lat' dir='ltr'>qui-</span> 
     </span>
     <span class='ocr_line' id='line_1_63' title="bbox 1129 1626 2014 1678; baseline -0.005 -9"><span class='ocrx_word' id='word_1_345' title='bbox 1129 1629 1233 1669; x_wconf 92' lang='lat' dir='ltr'>dem</span> <span class='ocrx_word' id='word_1_346' title='bbox 1254 1630 1386 1668; x_wconf 88' lang='lat' dir='ltr'>notus</span> <span class='ocrx_word' id='word_1_347' title='bbox 1403 1626 1573 1667; x_wconf 81' lang='lat' dir='ltr'>civibus</span> <span class='ocrx_word' id='word_1_348' title='bbox 1594 1626 1685 1667; x_wconf 88' lang='lat' dir='ltr'>suis</span> <span class='ocrx_word' id='word_1_349' title='bbox 1704 1626 1888 1678; x_wconf 83' lang='lat' dir='ltr'>propter</span> <span class='ocrx_word' id='word_1_350' title='bbox 1906 1628 2014 1677; x_wconf 78' lang='lat' dir='ltr'>poe-</span> 
     </span>
     <span class='ocr_line' id='line_1_64' title="bbox 1129 1687 2014 1741; baseline -0.007 -9"><span class='ocrx_word' id='word_1_351' title='bbox 1129 1693 1237 1733; x_wconf 88' lang='lat' dir='ltr'>ticas</span> <span class='ocrx_word' id='word_1_352' title='bbox 1267 1690 1448 1741; x_wconf 88' lang='lat' dir='ltr'>laudes,</span> <span class='ocrx_word' id='word_1_353' title='bbox 1483 1689 1564 1730; x_wconf 90' lang='lat' dir='ltr'>sed</span> <span class='ocrx_word' id='word_1_354' title='bbox 1595 1689 1694 1741; x_wconf 90' lang='lat' dir='ltr'>qui,</span> <span class='ocrx_word' id='word_1_355' title='bbox 1726 1687 1804 1729; x_wconf 90' lang='lat' dir='ltr'>ubi</span> <span class='ocrx_word' id='word_1_356' title='bbox 1826 1687 2014 1728; x_wconf 89' lang='lat' dir='ltr'>ediderit</span> 
     </span>
     <span class='ocr_line' id='line_1_65' title="bbox 1130 1749 2012 1804; baseline -0.007 -8"><span class='ocrx_word' id='word_1_357' title='bbox 1130 1755 1349 1804; x_wconf 88' lang='lat' dir='ltr'>carmina,</span> <span class='ocrx_word' id='word_1_358' title='bbox 1397 1753 1524 1793; x_wconf 83' lang='lat' dir='ltr'>brevi</span> <span class='ocrx_word' id='word_1_359' title='bbox 1567 1762 1732 1792; x_wconf 88' lang='lat' dir='ltr'>nomen</span> <span class='ocrx_word' id='word_1_360' title='bbox 1774 1749 2012 1791; x_wconf 87' lang='lat' dir='ltr'>vendibilis</span> 
     </span>
     <span class='ocr_line' id='line_1_66' title="bbox 1129 1812 2009 1870; baseline -0.006 -12"><span class='ocrx_word' id='word_1_361' title='bbox 1129 1819 1288 1870; x_wconf 77' lang='lat' dir='ltr'>poetae</span> <span class='ocrx_word' id='word_1_362' title='bbox 1319 1815 1612 1857; x_wconf 82' lang='lat' dir='ltr'>merebitur.»</span> <span class='ocrx_word' id='word_1_363' title='bbox 1658 1815 1857 1866; x_wconf 87' lang='lat' dir='ltr'>Propert.</span> <span class='ocrx_word' id='word_1_364' title='bbox 1881 1812 1930 1864; x_wconf 82' lang='lat'>4,</span> <span class='ocrx_word' id='word_1_365' title='bbox 1962 1813 2009 1862; x_wconf 88' lang='lat'>8,</span> 
     </span>
     <span class='ocr_line' id='line_1_67' title="bbox 1130 1875 2010 1928; baseline -0.007 -8"><span class='ocrx_word' id='word_1_366' title='bbox 1130 1880 1206 1920; x_wconf 68' lang='lat'>3⁶2:</span> <span class='ocrx_word' id='word_1_367' title='bbox 1243 1879 1380 1920; x_wconf 76' lang='lat' dir='ltr'>venies</span> <span class='ocrx_word' id='word_1_368' title='bbox 1410 1883 1454 1918; x_wconf 83' lang='lat' dir='ltr'>tu</span> <span class='ocrx_word' id='word_1_369' title='bbox 1484 1888 1645 1928; x_wconf 79' lang='lat' dir='ltr'>quoque</span> <span class='ocrx_word' id='word_1_370' title='bbox 1674 1877 1719 1917; x_wconf 79' lang='lat' dir='ltr'>in</span> <span class='ocrx_word' id='word_1_371' title='bbox 1748 1886 1826 1916; x_wconf 87' lang='lat' dir='ltr'>ora</span> <span class='ocrx_word' id='word_1_372' title='bbox 1854 1875 2010 1915; x_wconf 81' lang='lat' dir='ltr'>virum.</span> 
     </span>
     <span class='ocr_line' id='line_1_68' title="bbox 1129 1938 2015 1992; baseline -0.006 -11"><span class='ocrx_word' id='word_1_373' title='bbox 1129 1941 1246 1992; x_wconf 85' lang='lat' dir='ltr'>Virg.</span> <span class='ocrx_word' id='word_1_374' title='bbox 1272 1943 1347 1981; x_wconf 93' lang='lat' dir='ltr'>Ge.</span> <span class='ocrx_word' id='word_1_375' title='bbox 1373 1940 1419 1991; x_wconf 91' lang='lat'>3,</span> <span class='ocrx_word' id='word_1_376' title='bbox 1453 1940 1498 1979; x_wconf 84' lang='lat'>9:</span> <span class='ocrx_word' id='word_1_377' title='bbox 1536 1941 1750 1988; x_wconf 79' lang='lat' dir='ltr'>victorque</span> <span class='ocrx_word' id='word_1_378' title='bbox 1777 1938 1918 1978; x_wconf 79' lang='lat' dir='ltr'>virum</span> <span class='ocrx_word' id='word_1_379' title='bbox 1935 1948 2015 1976; x_wconf 84' lang='lat' dir='ltr'>vo-</span> 
     </span>
     <span class='ocr_line' id='line_1_69' title="bbox 1129 1998 2008 2053; baseline -0.008 -10"><span class='ocrx_word' id='word_1_380' title='bbox 1129 2004 1252 2044; x_wconf 75' lang='lat' dir='ltr'>litare</span> <span class='ocrx_word' id='word_1_381' title='bbox 1289 2013 1368 2053; x_wconf 82' lang='lat' dir='ltr'>per</span> <span class='ocrx_word' id='word_1_382' title='bbox 1414 2013 1513 2052; x_wconf 84' lang='lat' dir='ltr'>ora,</span> <span class='ocrx_word' id='word_1_383' title='bbox 1561 2013 1615 2042; x_wconf 81' lang='lat' dir='ltr'>ex</span> <span class='ocrx_word' id='word_1_384' title='bbox 1664 2001 1862 2041; x_wconf 89' lang='lat' dir='ltr'>Enniano</span> <span class='ocrx_word' id='word_1_385' title='bbox 1914 1998 2008 2040; x_wconf 92' lang='lat' dir='ltr'>illo:</span> 
     </span>
     <span class='ocr_line' id='line_1_70' title="bbox 1128 2062 2007 2116; baseline -0.006 -10"><span class='ocrx_word' id='word_1_386' title='bbox 1128 2066 1253 2106; x_wconf 79' lang='lat' dir='ltr'>volito</span> <span class='ocrx_word' id='word_1_387' title='bbox 1281 2066 1391 2105; x_wconf 80' lang='lat' dir='ltr'>vivu&#39;</span> <span class='ocrx_word' id='word_1_388' title='bbox 1416 2076 1496 2116; x_wconf 79' lang='lat' dir='ltr'>per</span> <span class='ocrx_word' id='word_1_389' title='bbox 1517 2075 1596 2104; x_wconf 81' lang='lat' dir='ltr'>ora</span> <span class='ocrx_word' id='word_1_390' title='bbox 1613 2064 1770 2103; x_wconf 79' lang='lat' dir='ltr'>virum.</span> <span class='ocrx_word' id='word_1_391' title='bbox 1803 2063 1914 2103; x_wconf 89' lang='lat' dir='ltr'>Aen.</span> <span class='ocrx_word' id='word_1_392' title='bbox 1940 2062 2007 2110; x_wconf 75' lang='grc'>42,</span> 
     </span>
     <span class='ocr_line' id='line_1_71' title="bbox 1130 2126 2010 2178; baseline -0.006 -9"><span class='ocrx_word' id='word_1_393' title='bbox 1130 2129 1232 2169; x_wconf 84' lang='grc'>235;</span> <span class='ocrx_word' id='word_1_394' title='bbox 1264 2129 1463 2178; x_wconf 80' lang='lat' dir='ltr'>vivusque</span> <span class='ocrx_word' id='word_1_395' title='bbox 1474 2138 1555 2177; x_wconf 77' lang='lat' dir='ltr'>per</span> <span class='ocrx_word' id='word_1_396' title='bbox 1575 2137 1655 2167; x_wconf 77' lang='lat' dir='ltr'>ora</span> <span class='ocrx_word' id='word_1_397' title='bbox 1672 2126 1846 2178; x_wconf 84' lang='lat' dir='ltr'>feretur.</span> <span class='ocrx_word' id='word_1_398' title='bbox 1879 2126 2010 2175; x_wconf 89' lang='lat' dir='ltr'>Prop.</span> 
     </span>
     <span class='ocr_line' id='line_1_72' title="bbox 1131 2188 2015 2240; baseline -0.006 -9"><span class='ocrx_word' id='word_1_399' title='bbox 1131 2190 1177 2239; x_wconf 81' lang='lat'>4,</span> <span class='ocrx_word' id='word_1_400' title='bbox 1212 2191 1255 2240; x_wconf 78' lang='lat'>¹1,</span> <span class='ocrx_word' id='word_1_401' title='bbox 1288 2189 1365 2230; x_wconf 66' lang='lat'>&lt;242</span> <span class='ocrx_word' id='word_1_402' title='bbox 1396 2190 1538 2230; x_wconf 81' lang='lat' dir='ltr'>Maius</span> <span class='ocrx_word' id='word_1_403' title='bbox 1566 2188 1618 2229; x_wconf 88' lang='lat' dir='ltr'>ab</span> <span class='ocrx_word' id='word_1_404' title='bbox 1639 2188 1848 2237; x_wconf 68' lang='lat' dir='ltr'>eoesequiis</span> <span class='ocrx_word' id='word_1_405' title='bbox 1865 2197 2015 2228; x_wconf 76' lang='lat' dir='ltr'>nomen</span> 
     </span>
     <span class='ocr_line' id='line_1_73' title="bbox 1129 2248 2014 2300; baseline -0.006 -7"><span class='ocrx_word' id='word_1_406' title='bbox 1129 2254 1174 2293; x_wconf 81' lang='lat' dir='ltr'>in</span> <span class='ocrx_word' id='word_1_407' title='bbox 1204 2265 1283 2293; x_wconf 80' lang='lat' dir='ltr'>ora</span> <span class='ocrx_word' id='word_1_408' title='bbox 1316 2252 1440 2293; x_wconf 78' lang='lat' dir='ltr'>venit.</span> <span class='ocrx_word' id='word_1_409' title='bbox 1492 2253 1706 2292; x_wconf 90' lang='lat' dir='ltr'>Perversa</span> <span class='ocrx_word' id='word_1_410' title='bbox 1745 2249 1817 2290; x_wconf 87' lang='lat' dir='ltr'>illa</span> <span class='ocrx_word' id='word_1_411' title='bbox 1856 2248 2014 2300; x_wconf 89' lang='lat' dir='ltr'>dilogia</span> 
     </span>
     <span class='ocr_line' id='line_1_74' title="bbox 1131 2312 2011 2366; baseline -0.005 -10"><span class='ocrx_word' id='word_1_412' title='bbox 1131 2327 1222 2356; x_wconf 91' lang='lat' dir='ltr'>non</span> <span class='ocrx_word' id='word_1_413' title='bbox 1250 2316 1385 2365; x_wconf 85' lang='lat' dir='ltr'>inest,</span> <span class='ocrx_word' id='word_1_414' title='bbox 1434 2325 1568 2366; x_wconf 90' lang='lat' dir='ltr'>quam</span> <span class='ocrx_word' id='word_1_415' title='bbox 1603 2312 1799 2354; x_wconf 90' lang='lat' dir='ltr'>nonnulli</span> <span class='ocrx_word' id='word_1_416' title='bbox 1841 2313 1909 2353; x_wconf 91' lang='lat' dir='ltr'>his</span> <span class='ocrx_word' id='word_1_417' title='bbox 1938 2323 2011 2352; x_wconf 89' lang='lat' dir='ltr'>vv.</span> 
     </span>
     <span class='ocr_line' id='line_1_75' title="bbox 1132 2375 2015 2428; baseline -0.006 -9"><span class='ocrx_word' id='word_1_418' title='bbox 1132 2379 1352 2428; x_wconf 85' lang='lat' dir='ltr'>tribuunt,</span> <span class='ocrx_word' id='word_1_419' title='bbox 1386 2379 1434 2418; x_wconf 87' lang='lat' dir='ltr'>ut</span> <span class='ocrx_word' id='word_1_420' title='bbox 1464 2378 1519 2418; x_wconf 89' lang='lat' dir='ltr'>sit</span> <span class='ocrx_word' id='word_1_421' title='bbox 1549 2375 1702 2418; x_wconf 90' lang='lat' dir='ltr'>simul:</span> <span class='ocrx_word' id='word_1_422' title='bbox 1739 2386 1842 2416; x_wconf 89' lang='lat' dir='ltr'>eum</span> <span class='ocrx_word' id='word_1_423' title='bbox 1871 2376 1916 2415; x_wconf 82' lang='lat' dir='ltr'>in</span> <span class='ocrx_word' id='word_1_424' title='bbox 1936 2385 2015 2414; x_wconf 83' lang='lat' dir='ltr'>ora</span> 
     </span>
     <span class='ocr_line' id='line_1_76' title="bbox 1131 2437 2010 2494; baseline -0.005 -13"><span class='ocrx_word' id='word_1_425' title='bbox 1131 2443 1344 2482; x_wconf 74' lang='lat' dir='ltr'>hominum</span> <span class='ocrx_word' id='word_1_426' title='bbox 1360 2452 1442 2492; x_wconf 70' lang='lat' dir='ltr'>pro</span> <span class='ocrx_word' id='word_1_427' title='bbox 1458 2440 1638 2494; x_wconf 80' lang='lat' dir='ltr'>ludibrio</span> <span class='ocrx_word' id='word_1_428' title='bbox 1654 2438 1882 2479; x_wconf 82' lang='lat' dir='ltr'>abiturum.</span> <span class='ocrx_word' id='word_1_429' title='bbox 1905 2437 2010 2489; x_wconf 84' lang='lat' dir='ltr'>(Liv.</span> 
     </span>
    </p>

    <p class='ocr_par' dir='ltr' id='par_1_6' title="bbox 1126 2561 2014 2991">
     <span class='ocr_line' id='line_1_77' title="bbox 1189 2561 2013 2616; baseline -0.006 -9"><span class='ocrx_word' id='word_1_430' title='bbox 1189 2565 1336 2607; x_wconf 73' lang='lat'>40-44.</span> <span class='ocrx_word' id='word_1_431' title='bbox 1388 2565 1595 2616; x_wconf 69' lang='lat' dir='ltr'>expalluit</span> <span class='ocrx_word' id='word_1_432' title='bbox 1621 2563 1806 2615; x_wconf 84' lang='lat' dir='ltr'>haustus]</span> <span class='ocrx_word' id='word_1_433' title='bbox 1846 2561 2013 2603; x_wconf 89' lang='lat' dir='ltr'>Eadem</span> 
     </span>
     <span class='ocr_line' id='line_1_78' title="bbox 1134 2625 2007 2678; baseline -0.008 -8"><span class='ocrx_word' id='word_1_434' title='bbox 1134 2629 1464 2670; x_wconf 88' lang='lat' dir='ltr'>constructione</span> <span class='ocrx_word' id='word_1_435' title='bbox 1496 2629 1629 2678; x_wconf 85' lang='lat' dir='ltr'>atque</span> <span class='ocrx_word' id='word_1_436' title='bbox 1660 2626 1738 2667; x_wconf 91' lang='lat' dir='ltr'>Od.</span> <span class='ocrx_word' id='word_1_437' title='bbox 1769 2627 1817 2675; x_wconf 89' lang='grc'>2,</span> <span class='ocrx_word' id='word_1_438' title='bbox 1851 2626 1928 2674; x_wconf 74' lang='grc'>42,</span> <span class='ocrx_word' id='word_1_439' title='bbox 1961 2625 2007 2664; x_wconf 88' lang='lat'>7:</span> 
     </span>
     <span class='ocr_line' id='line_1_79' title="bbox 1126 2687 2010 2742; baseline -0.007 -10"><span class='ocrx_word' id='word_1_440' title='bbox 1126 2691 1364 2742; x_wconf 80' lang='lat' dir='ltr'>periculum</span> <span class='ocrx_word' id='word_1_441' title='bbox 1402 2690 1662 2730; x_wconf 83' lang='lat' dir='ltr'>contremuit.</span> <span class='ocrx_word' id='word_1_442' title='bbox 1725 2687 1803 2728; x_wconf 92' lang='lat' dir='ltr'>Od.</span> <span class='ocrx_word' id='word_1_443' title='bbox 1842 2687 1891 2737; x_wconf 88' lang='lat'>3,</span> <span class='ocrx_word' id='word_1_444' title='bbox 1933 2687 2010 2735; x_wconf 85' lang='grc'>27,</span> 
     </span>
     <span class='ocr_line' id='line_1_80' title="bbox 1132 2750 2010 2803; baseline -0.007 -9"><span class='ocrx_word' id='word_1_445' title='bbox 1132 2755 1183 2795; x_wconf 84' lang='grc'>27</span> <span class='ocrx_word' id='word_1_446' title='bbox 1197 2766 1204 2793; x_wconf 91' lang='lat'>:</span> <span class='ocrx_word' id='word_1_447' title='bbox 1230 2754 1468 2803; x_wconf 80' lang='lat' dir='ltr'>mediasque</span> <span class='ocrx_word' id='word_1_448' title='bbox 1485 2753 1657 2803; x_wconf 81' lang='lat' dir='ltr'>fraudes</span> <span class='ocrx_word' id='word_1_449' title='bbox 1678 2750 1828 2790; x_wconf 84' lang='lat' dir='ltr'>Palluit</span> <span class='ocrx_word' id='word_1_450' title='bbox 1847 2750 2010 2790; x_wconf 70' lang='lat' dir='ltr'>audax.</span> 
     </span>
     <span class='ocr_line' id='line_1_81' title="bbox 1132 2813 2011 2866; baseline -0.005 -10"><span class='ocrx_word' id='word_1_451' title='bbox 1132 2815 1244 2856; x_wconf 91' lang='lat' dir='ltr'>Nihil</span> <span class='ocrx_word' id='word_1_452' title='bbox 1265 2816 1394 2866; x_wconf 87' lang='lat' dir='ltr'>igitur</span> <span class='ocrx_word' id='word_1_453' title='bbox 1411 2825 1521 2866; x_wconf 91' lang='lat' dir='ltr'>opus</span> <span class='ocrx_word' id='word_1_454' title='bbox 1543 2813 1859 2865; x_wconf 76' lang='lat' dir='ltr'>Porphyrionis</span> <span class='ocrx_word' id='word_1_455' title='bbox 1877 2813 2011 2857; x_wconf 64' lang='lat' dir='ltr'>coni:</span> 
     </span>
     <span class='ocr_line' id='line_1_82' title="bbox 1134 2875 2014 2927; baseline 0.001 -14"><span class='ocrx_word' id='word_1_456' title='bbox 1134 2880 1224 2917; x_wconf 87' lang='lat' dir='ltr'>«An</span> <span class='ocrx_word' id='word_1_457' title='bbox 1239 2878 1438 2916; x_wconf 51' lang='lat' dir='ltr'>haustui»</span> <span class='ocrx_word' id='word_1_458' title='bbox 1463 2875 1621 2915; x_wconf 87' lang='lat' dir='ltr'>Iacobs</span> <span class='ocrx_word' id='word_1_459' title='bbox 1636 2877 1762 2927; x_wconf 89' lang='lat' dir='ltr'>putat</span> <span class='ocrx_word' id='word_1_460' title='bbox 1783 2875 2014 2915; x_wconf 88' lang='lat' dir='ltr'>Horatium</span> 
     </span>
     <span class='ocr_line' id='line_1_83' title="bbox 1131 2936 2009 2991; baseline -0.002 -12"><span class='ocrx_word' id='word_1_461' title='bbox 1131 2939 1381 2991; x_wconf 82' lang='lat' dir='ltr'>respexisse</span> <span class='ocrx_word' id='word_1_462' title='bbox 1404 2938 1460 2979; x_wconf 90' lang='lat' dir='ltr'>ad</span> <span class='ocrx_word' id='word_1_463' title='bbox 1482 2937 1739 2979; x_wconf 90' lang='lat' dir='ltr'>Callimachi</span> <span class='ocrx_word' id='word_1_464' title='bbox 1758 2936 1864 2977; x_wconf 91' lang='lat' dir='ltr'>illud</span> <span class='ocrx_word' id='word_1_465' title='bbox 1879 2937 2009 2977; x_wconf 90' lang='lat' dir='ltr'>Anth.</span> 
     </span>
    </p>

    <p class='ocr_par' dir='ltr' id='par_1_7' title="bbox 1131 2993 2014 3552">
     <span class='ocr_line' id='line_1_84' title="bbox 1132 2993 2014 3069; baseline -0.002 -27.92"><span class='ocrx_word' id='word_1_466' title='bbox 1132 3000 1219 3041; x_wconf 90' lang='lat' dir='ltr'>P.al</span> <span class='ocrx_word' id='word_1_467' title='bbox 1256 3003 1306 3041; x_wconf 93' lang='grc' dir='ltr'>ΙΙ.</span> <span class='ocrx_word' id='word_1_468' title='bbox 1343 3013 1387 3053; x_wconf 91' lang='lat' dir='ltr'>p.</span> <span class='ocrx_word' id='word_1_469' title='bbox 1420 3000 1524 3042; x_wconf 74' lang='lat'>462:</span> <span class='ocrx_word' id='word_1_470' title='bbox 1573 2994 1672 3041; x_wconf 73' lang='grc' dir='ltr'><em>οὔτ’</em></span> <span class='ocrx_word' id='word_1_471' title='bbox 1704 2993 1805 3040; x_wconf 77' lang='grc' dir='ltr'>ἀπο</span> <span class='ocrx_word' id='word_1_472' title='bbox 1831 2996 2014 3069; x_wconf 77' lang='grc' dir='ltr'><em>κρήνης</em></span> 
     </span>
     <span class='ocr_line' id='line_1_85' title="bbox 1131 3057 2014 3115; baseline -0.002 -13"><span class='ocrx_word' id='word_1_473' title='bbox 1131 3062 1283 3104; x_wconf 81' lang='grc' dir='ltr'><em>Πίνω</em></span> <span class='ocrx_word' id='word_1_474' title='bbox 1319 3063 1554 3112; x_wconf 75' lang='grc' dir='ltr'><em>σικχαίνω</em></span> <span class='ocrx_word' id='word_1_475' title='bbox 1586 3058 1742 3103; x_wconf 78' lang='grc' dir='ltr'><em>πάντα</em></span> <span class='ocrx_word' id='word_1_476' title='bbox 1770 3059 1828 3102; x_wconf 82' lang='grc' dir='ltr'>τὰ</span> <span class='ocrx_word' id='word_1_477' title='bbox 1858 3057 2014 3115; x_wconf 84' lang='grc' dir='ltr'><strong><em>δημό-</em></strong></span> 
     </span>
     <span class='ocr_line' id='line_1_86' title="bbox 1133 3124 2012 3177; baseline -0.003 -11"><span class='ocrx_word' id='word_1_478' title='bbox 1133 3139 1229 3166; x_wconf 87' lang='grc' dir='ltr'><em>σια.</em></span> <span class='ocrx_word' id='word_1_479' title='bbox 1298 3127 1455 3175; x_wconf 85' lang='lat' dir='ltr'>‹,‹Qui›</span> <span class='ocrx_word' id='word_1_480' title='bbox 1501 3126 1663 3177; x_wconf 87' lang='lat' dir='ltr'>inquit,</span> <span class='ocrx_word' id='word_1_481' title='bbox 1713 3125 1782 3165; x_wconf 77' lang='lat' dir='ltr'>«in</span> <span class='ocrx_word' id='word_1_482' title='bbox 1824 3124 2012 3165; x_wconf 90' lang='lat' dir='ltr'>Pindaro</span> 
     </span>
     <span class='ocr_line' id='line_1_87' title="bbox 1132 3187 2011 3239; baseline -0.003 -11"><span class='ocrx_word' id='word_1_483' title='bbox 1132 3189 1344 3230; x_wconf 88' lang='lat' dir='ltr'>imitando</span> <span class='ocrx_word' id='word_1_484' title='bbox 1402 3190 1521 3229; x_wconf 88' lang='lat' dir='ltr'>vires</span> <span class='ocrx_word' id='word_1_485' title='bbox 1578 3199 1683 3229; x_wconf 90' lang='lat' dir='ltr'>suas</span> <span class='ocrx_word' id='word_1_486' title='bbox 1742 3187 2011 3239; x_wconf 84' lang='lat' dir='ltr'>experitur.»</span> 
     </span>
     <span class='ocr_line' id='line_1_88' title="bbox 1134 3249 2014 3303; baseline -0.005 -11"><span class='ocrx_word' id='word_1_487' title='bbox 1134 3253 1381 3303; x_wconf 87' lang='lat' dir='ltr'>(«Horatius</span> <span class='ocrx_word' id='word_1_488' title='bbox 1402 3253 1446 3292; x_wconf 91' lang='lat' dir='ltr'>in</span> <span class='ocrx_word' id='word_1_489' title='bbox 1467 3252 1534 3292; x_wconf 92' lang='lat' dir='ltr'>his</span> <span class='ocrx_word' id='word_1_490' title='bbox 1552 3262 1622 3291; x_wconf 90' lang='lat' dir='ltr'>vv.</span> <span class='ocrx_word' id='word_1_491' title='bbox 1642 3251 1738 3290; x_wconf 87' lang='lat' dir='ltr'>Titii</span> <span class='ocrx_word' id='word_1_492' title='bbox 1754 3249 1897 3289; x_wconf 85' lang='lat' dir='ltr'>audax</span> <span class='ocrx_word' id='word_1_493' title='bbox 1916 3249 2014 3289; x_wconf 89' lang='lat' dir='ltr'>Pin—</span> 
     </span>
     <span class='ocr_line' id='line_1_89' title="bbox 1132 3311 2009 3360; baseline -0.005 -6"><span class='ocrx_word' id='word_1_494' title='bbox 1132 3314 1292 3356; x_wconf 92' lang='lat' dir='ltr'>darum</span> <span class='ocrx_word' id='word_1_495' title='bbox 1313 3314 1512 3354; x_wconf 88' lang='lat' dir='ltr'>imitandi</span> <span class='ocrx_word' id='word_1_496' title='bbox 1534 3313 1730 3355; x_wconf 90' lang='lat' dir='ltr'>studium</span> <span class='ocrx_word' id='word_1_497' title='bbox 1750 3311 2009 3360; x_wconf 85' lang='lat' dir='ltr'>admiratur,</span> 
     </span>
     <span class='ocr_line' id='line_1_90' title="bbox 1133 3373 2008 3426; baseline -0.003 -10"><span class='ocrx_word' id='word_1_498' title='bbox 1133 3387 1220 3416; x_wconf 90' lang='lat' dir='ltr'>non</span> <span class='ocrx_word' id='word_1_499' title='bbox 1234 3375 1397 3426; x_wconf 89' lang='lat' dir='ltr'>laudat,</span> <span class='ocrx_word' id='word_1_500' title='bbox 1419 3386 1565 3426; x_wconf 89' lang='lat' dir='ltr'>neque</span> <span class='ocrx_word' id='word_1_501' title='bbox 1578 3375 1840 3426; x_wconf 83' lang='lat' dir='ltr'>vituperat.»</span> <span class='ocrx_word' id='word_1_502' title='bbox 1858 3373 2008 3414; x_wconf 81' lang='lat' dir='ltr'>OBBAR.</span> 
     </span>
     <span class='ocr_line' id='line_1_91' title="bbox 1131 3436 2011 3488; baseline -0.005 -9"><span class='ocrx_word' id='word_1_503' title='bbox 1131 3439 1295 3488; x_wconf 88' lang='lat' dir='ltr'>Nimio,</span> <span class='ocrx_word' id='word_1_504' title='bbox 1337 3440 1385 3478; x_wconf 91' lang='lat' dir='ltr'>ut</span> <span class='ocrx_word' id='word_1_505' title='bbox 1412 3438 1612 3487; x_wconf 79' lang='lat' dir='ltr'>videtur,</span> <span class='ocrx_word' id='word_1_506' title='bbox 1652 3436 1856 3476; x_wconf 87' lang='lat' dir='ltr'>acumine</span> <span class='ocrx_word' id='word_1_507' title='bbox 1885 3436 2011 3476; x_wconf 89' lang='lat' dir='ltr'>Wei-</span> 
     </span>
     <span class='ocr_line' id='line_1_92' title="bbox 1133 3497 2011 3552; baseline -0.005 -11"><span class='ocrx_word' id='word_1_508' title='bbox 1133 3502 1259 3542; x_wconf 85' lang='lat' dir='ltr'>chert</span> <span class='ocrx_word' id='word_1_509' title='bbox 1288 3502 1408 3542; x_wconf 79' lang='lat' dir='ltr'>Poet.</span> <span class='ocrx_word' id='word_1_510' title='bbox 1444 3502 1533 3542; x_wconf 85' lang='lat' dir='ltr'>Lat.</span> <span class='ocrx_word' id='word_1_511' title='bbox 1559 3511 1601 3552; x_wconf 91' lang='lat' dir='ltr'>p.</span> <span class='ocrx_word' id='word_1_512' title='bbox 1627 3498 1726 3540; x_wconf 79' lang='lat'>385:</span> <span class='ocrx_word' id='word_1_513' title='bbox 1778 3497 1939 3548; x_wconf 88' lang='lat' dir='ltr'>«Quid,</span> <span class='ocrx_word' id='word_1_514' title='bbox 1973 3497 2011 3539; x_wconf 90' lang='lat' dir='ltr'>si</span> 
     </span>
    </p>
   </div>
  </div>
 </body>
</html>
