2231 3787
835 245 932 285 .st
964 244 1186 284 pomum
1818 241 1918 290 «583

100 378 316 417 decennio
362 380 461 429 post
504 378 632 418 suerit
677 377 730 417 ad
771 379 964 418 carmina
1002 376 1303 423 diiudicanda,
1351 387 1495 426 neque
1528 377 1675 414 tamen
1707 376 1834 425 aptus
1863 373 1917 411 ad

100 447 199 487 talia
229 448 537 499 componenda
572 450 615 487 1..
644 449 810 488 Pisonis
841 447 953 487 filius
985 448 1148 495 maior,
1183 447 1345 498 quippe
1378 447 1452 497 qui
1485 448 1586 484 tunc
1618 456 1726 496 pucr
1747 444 1921 483 circitor

98 519 169 557 XII
189 518 351 556 —XIV.
382 529 599 556 annorum
635 519 811 566 suisset„
854 516 986 557 alium
1019 518 1222 557 Pisonem
1254 517 1678 567 circumspectantes
1710 526 1922 565 reppere-

98 590 199 627 runt
230 588 307 626 Cn.
335 588 561 630 Pisonem,
596 599 729 638 quem
763 590 983 627 memorat
1012 588 1146 627 Tacit.
1169 589 1281 626 Ann.
1305 587 1345 633 2,
1369 585 1453 634 43„
1489 585 1561 624 ubi
1594 587 1671 624 (In.
1699 585 1917 625 Pisonem.

98 728 251 766 [mitum
293 731 330 766 et
368 726 548 775 obsequii
588 727 808 777 mnarum,
856 729 980 766 insila
1017 728 1175 777 ferocia
1208 739 1235 766 α
1264 731 1419 777 patre
1455 727 1663 774 Pisone,
1711 725 1781 774 qui
1811 725 1922 764 cirili

98 798 197 837 bello
226 801 484 848 resumentes
511 797 555 836 in
582 797 728 847 Africa
753 802 897 846 parles
928 799 979 847 (a.
1005 809 1046 836 u.
1072 809 1109 836 c.
1136 798 1246 848 708.)
1279 798 1488 837 acerrimo
1516 797 1744 836 ministerio
1775 796 1922 834 adver-

97 879 165 906 sus
195 867 415 907 Caesarem
443 867 568 916 iuvit,
600 879 702 906 mox
722 868 901 906 Brutum
931 871 968 906 et
999 867 1186 906 Cassium
1206 871 1365 906 seculus
1387 867 1438 917 (a.
1462 878 1508 907 u.
1533 878 1571 907 c.
1596 867 1707 916 742.)
1736 875 1921 904 concesso

97 938 233 977 reditu
256 938 453 986 petilione
480 937 685 976 honorum
715 936 933 981 abstinuit,
976 937 1102 975 donec
1134 937 1245 975 ultro
1283 936 1513 976 ambiretur
1542 936 1725 975 delatum
1754 935 1806 974 ab
1834 934 1922 974 Au-

96 1012 214 1058 ¹qusto
243 1007 503 1046 consulatum
532 1008 732 1056 accipere.
785 1005 949 1046 Consul
981 1009 1132 1046 autem
1164 1006 1377 1046 suffectus
1409 1006 1487 1046 suit
1516 1018 1556 1047 a.
1586 1018 1628 1045 u.
1661 1018 1698 1045 c.
1724 1005 1819 1044 73¹.
1869 1006 1923 1044 At

98 1088 277 1124 vereor,
325 1079 371 1116 ut
401 1078 529 1117 huius
561 1078 777 1128 opinionis
808 1077 1004 1117 fautores
1035 1079 1289 1128 temporum
1318 1078 1512 1118 rationes
1543 1078 1647 1118 satis
1679 1086 1923 1128 perspexe-

47 1145 49 1147 ’
99 1149 197 1187 rint.
252 1149 330 1186 (In.
365 1147 484 1186 enim
515 1148 613 1186 Piso
652 1150 802 1198 pater,
850 1148 923 1198 qui
957 1158 995 1186 a.
1028 1158 1070 1186 u.
1104 1159 1142 1186 c.
1173 1147 1267 1187 708.
1301 1148 1515 1186 Adrumeli
1551 1159 1644 1186 cum
1672 1148 1924 1185 Maurorum

96 1218 263 1257 circiter
291 1217 422 1255 tribus
450 1216 614 1256 ‘milibus
643 1218 847 1267 apparuit
878 1215 994 1267 (Bell.
1019 1217 1108 1257 Asr.
1134 1216 1216 1266 3.)‚
1261 1218 1385 1257 cuius
1417 1218 1493 1257 Cn.
1528 1216 1664 1265 filius,
1698 1218 1746 1255 ut
1775 1215 1923 1255 statim

97 1287 372 1333 videbimus,
407 1287 493 1326 iam
524 1298 563 1326 a.
588 1298 631 1326 u.
657 1298 694 1326 c.
719 1287 816 1326 728.
849 1286 1023 1326 Tiberio
1067 1286 1334 1336 obsequium
1365 1285 1562 1326 tribuere
1593 1286 1788 1337 poterat,
1822 1283 1925 1323 ado-

96 1357 270 1398 lescens
316 1358 444 1407 igitur
488 1358 663 1397 circiter
700 1357 788 1396 XX.
822 1368 1040 1396 annorum
1081 1358 1186 1396 tunc
1218 1358 1337 1405 erat,
1383 1357 1477 1407 ipse
1509 1367 1687 1407 quoque
1719 1357 1923 1405 tempore

97 1428 199 1468 belli
228 1428 418 1468 Africani
450 1428 682 1467 minimum
710 1428 961 1467 vicenarIus
992 1438 1092 1467 esse
1124 1426 1343 1475 debebat,
1376 1428 1505 1466 natus
1541 1436 1645 1476 ergo
1677 1425 1793 1473 688.,
1835 1424 1923 1462 llo-

97 1498 190 1537 ratii
224 1497 314 1537 fere
347 1496 569 1548 aequalis,
610 1496 764 1538 consul
803 1509 842 1536 a.
870 1498 964 1536 731.
997 1508 1112 1537 anno
1150 1508 1245 1546 suo,
1292 1498 1340 1536 ut
1370 1495 1600 1543 dicebant,
1633 1495 1774 1534 XLIII.
1833 1494 1922 1532 Iam

98 1567 217 1618 quod
248 1567 304 1607 ad
327 1568 527 1607 Cnaeum
549 1568 677 1608 huius
699 1567 835 1607 filium
862 1568 1039 1617 attinet,
1074 1568 1278 1607 Caesaris
1301 1567 1573 1614 Germanici,
1606 1567 1654 1605 ut
1674 1565 1791 1604 sama
1814 1566 1922 1608 erat,

97 1637 449 1686 interfectorem,
498 1638 590 1689 ipse
630 1638 670 1677 in
713 1636 949 1685 codicillis,
997 1639 1238 1688 antequam
1278 1636 1360 1677 sibi
1402 1639 1593 1677 mortem
1626 1634 1927 1676 conscisceret

98 1719 136 1748 a.
161 1720 205 1747 u.
230 1719 267 1748 c.
293 1707 413 1756 773.,
448 1707 501 1747 ad
535 1707 759 1747 Tiberium
790 1708 1049 1759 compositis
1079 1708 1192 1747 haec
1215 1719 1394 1758 quoque
1418 1707 1620 1758 scripsit:
1647 1716 1727 1755 pei·
1747 1705 1927 1754 quinque

99 1783 138 1818 et
179 1779 468 1829 ᾳααάναῃὶηία
511 1789 722 1817 annorum
765 1778 1024 1834 obsequium,
1064 1789 1144 1827 per
1187 1778 1405 1828 colleyium
1444 1777 1682 1816 consulatus
1715 1775 1925 1824 quondam

97 1850 191 1889 divo
219 1849 403 1900 Auyusto
428 1850 596 1898 parenti
626 1855 695 1888 tuo
719 1849 924 1898 probatus
943 1871 1004 1877 --
1025 1849 1199 1887 salutem
1228 1848 1405 1898 infelicis
1421 1847 1497 1898 filii
1516 1858 1634 1897 roqo.
1686 1847 1785 1884 Tac.
1810 1846 1921 1883 Ann.

97 1919 137 1967 3,
162 1920 227 1959 46.
276 1918 437 1959 Consul
469 1921 618 1958 autem
641 1918 817 1958 volente
849 1919 912 1958 sic
933 1921 1130 1969 Augusto
1152 1929 1254 1957 cum
1276 1917 1450 1956 Tiberio
1475 1917 1617 1956 suerat
1638 1927 1676 1955 a.
1701 1926 1744 1954 u.
1770 1926 1808 1954 c.
1829 1913 1922 1953 747.

99 1990 352 2039 erravitque
396 1991 455 2036 is,
503 1990 578 2040 qui
623 1990 771 2029 Fastos
811 1989 962 2028 Dionis
995 1989 1132 2029 Cassii
1171 1987 1292 2027 libriS
1323 1986 1505 2038 praefigi
1536 1985 1687 2026 solitos
1719 1983 1922 2029 confecit,

98 2071 202 2100 cum
233 2060 431 2099 Gnaeum
463 2062 657 2110 patrem,
692 2058 922 2099 consulem
954 2058 1191 2099 suffectum
1222 2069 1261 2096 a.
1286 2069 1328 2096 u.
1354 2069 1392 2096 c.
1417 2056 1538 2102 7311„
1573 2057 1734 2095 iterum
1766 2064 1923 2093 consu-

98 2129 211 2177 lem,
245 2129 325 2169 sed
356 2125 634 2181 ἐπώνυμον,
667 2129 816 2169 statuit
846 2129 946 2168 anni
978 2128 1071 2168 747.
1120 2129 1172 2167 Et
1201 2127 1256 2167 de
1287 2129 1373 2166 hoc
1404 2126 1565 2167 eodem
1597 2126 1745 2165 Cnaeo
1768 2125 1926 2163 Pisone

99 2199 186 2240 filio
218 2200 428 2251 equidem
460 2201 726 2250 interpretor
757 2199 890 2238 Tacit.
915 2201 1029 2238 Ann.
1054 2199 1070 2236 i
1092 2230 1100 2246 ,
1126 2197 1219 2244 43.;
1254 2207 1357 2236 nam
1386 2199 1582 2248 patrem,
1617 2196 1713 2246 qui,
1748 2195 1782 2233 si
1804 2194 1926 2232 vixe-

99 2271 197 2318 bat‚
230 2272 333 2310 tunc
364 2281 506 2322 paene
540 2270 850 2320 octogenarius
882 2268 1057 2316 suisset,
1108 2268 1236 2307 nimis
1268 2265 1525 2306 incredibile
1559 2267 1626 2305 est
1654 2265 1926 2316 principatus

101 2351 314 2392 capacem
360 2351 554 2391 eumque
600 2351 820 2391 occupare
862 2349 1076 2379 ausurum
1122 2338 1270 2378 fuisse.
1332 2339 1423 2377 Iam
1465 2337 1500 2376 si
1541 2336 1745 2375 Horat-ius
1774 2335 1924 2374 Artem

101 2412 322 2463 poeticam
352 2412 604 2461 scripsisset
634 2411 745 2450 intra
777 2420 916 2449 annos
948 2409 1028 2450 730
1049 2433 1093 2436 —
1112 2409 1225 2455 735„
1273 2408 1447 2447 Cnaeus
1488 2404 1601 2445 silius
1633 2416 1740 2445 sane
1770 2404 1928 2442 iuvenis

100 2482 249 2520 vocari
281 2483 479 2532 poterat;
527 2481 632 2528 sed,
680 2492 779 2520 cum
814 2481 984 2528 omnia,
1033 2479 1248 2531 imprimis
1280 2478 1510 2517 maturitas
1542 2474 1766 2527 quaedam
1796 2474 1926 2512 totius

102 2552 458 2602 compositionis,
508 2561 588 2591 nos
633 2551 746 2590 hanc
785 2552 1077 2603 scriptionem
1106 2549 1162 2588 ad
1191 2548 1370 2588 ultimos
1401 2549 1558 2599 poetae
1590 2556 1729 2585 annos
1759 2544 1926 2583 referre

103 2621 308 2670 iubeant,
354 2623 499 2662 virum
544 2622 720 2662 circiter
748 2622 970 2661 XXXVIII.
1004 2631 1145 2660 annos
1180 2622 1331 2659 natum
1363 2618 1469 2658 satis
1499 2617 1744 2657 absurdum
1776 2615 1924 2655 suisset

103 2693 156 2732 ita
189 2691 436 2744 appellare,
471 2694 517 2732 ut
547 2692 661 2732 facit.

210 2763 400 2813 Dignum
446 2765 514 2804 est
556 2765 808 2803 memoratu
847 2762 977 2813 illud,
1024 2762 1143 2813 quod
1185 2760 1318 2800 tradit.
1354 2759 1621 2811 porphyrio:
1676 2759 1754 2796 «In
1792 2766 1924 2807 quen·

102 2835 265 2876 librum
295 2835 516 2884 congessit
544 2835 783 2885 praecepta
814 2832 1090 2884 Neoptolemi
1123 2829 1224 2883 (τοῦ
1245 2827 1511 2888 Παριανοῦ)
1539 2828 1594 2868 de
1617 2830 1710 2867 arte
1737 2827 1923 2879 poetica.

103 2917 192 2946 non
224 2904 407 2955 quidem
437 2904 607 2952 omnia,
641 2904 723 2944 sed
755 2904 1146 2943 eminentissima.»
1199 2903 1290 2942 Hoc
1321 2903 1472 2941 autem
1502 2900 1604 2950 fingi
1634 2899 1706 2938 vix
1736 2899 1925 2949 poterat,

104 2976 206 3023 sed,
252 2976 301 3014 ut
330 2976 538 3027 apparet,
586 2974 872 3025 desumptum
912 2976 980 3013 est
1004 2968 1059 3011 “ex
1093 2973 1273 3023 antiquo
1305 2971 1449 3021 aliquo
1480 2971 1597 3010 Artis
1627 2969 1828 3021 poeticae
1860 2968 1928 3006 in-

103 3047 325 3096 terprete,
359 3046 401 3083 in
424 3044 585 3095 quibus
608 3044 686 3083 fuit
707 3046 756 3091 Q.
780 3045 1010 3083 Terentius
1032 3043 1246 3089 Scaurus,
1279 3041 1486 3080 Hadriani
1512 3039 1762 3089 temporibus
1780 3049 1928 3089 gyram—

103 3115 281 3154 mancus
306 3114 371 3153 vel
398 3114 673 3153 nobilissimus
702 3113 821 3164 (Gell.
848 3115 862 3153 Ἰ
878 3116 915 3160 i,
940 3114 1005 3160 45,
1030 3113 1112 3162 3.),
1147 3114 1271 3153 cuius
1294 3112 1698 3152 Commentariorum
1727 3110 1766 3147 in
1790 3111 1929 3147 Artem

100 3185 311 3235 poeticam
339 3183 538 3234 (Horatii)
569 3184 719 3222 librum
749 3184 797 3222 Χ.
831 3185 1050 3222 memorat
1082 3183 1308 3223 Charisius
1337 3193 1379 3233 p.
1407 3182 1507 3228 ⁴82,
1534 3183 1572 3220 5.
1598 3183 1641 3220 ct
1670 3180 1763 3226 488,
1790 3179 1854 3216 47.
1878 3179 1923 3216 P.

104 3256 167 3294 De
199 3251 488 3304 Neoptolemo
517 3254 665 3292 autem
689 3254 899 3298 Pariano,
932 3254 1059 3303 pocta
1083 3256 1126 3292 et
1146 3253 1456 3303 grammatico,
1489 3251 1588 3290 x‘ide
1613 3248 1796 3289 Fabricii
1816 3245 1924 3286 BIbl.

106 3325 177 3363 Gr.
202 3323 271 3363 ed.
296 3321 414 3363 Harl.
436 3323 506 3361 VI.
540 3334 580 3373 p.
607 3323 728 3368 373„
763 3321 999 3362 Villoisonii
1031 3322 1199 3373 Proleg.
1233 3322 1287 3361 ad
1321 3321 1438 3361 Iliad.
1478 3334 1518 3373 p.
1544 3319 1694 3364 XXX..
1728 3317 1927 3357 Meinekii

106 3392 313 3434 Analecta
344 3392 578 3433 Alexandr.
614 3404 657 3444 p.
682 3393 799 3440 352,
840 3393 914 3442 qui
945 3393 1127 3443 quidem
1158 3393 1277 3432 haud
1309 3392 1437 3431 nimis
1470 3387 1756 3440 probabiIIter
1785 3386 1929 3436 suspi-

108 3467 257 3512 catur,
291 3463 517 3503 Horatium
549 3463 725 3502 haurire
758 3461 965 3502 nonnulla
995 3463 1192 3514 potuisse
1216 3473 1268 3502 ex
1290 3461 1402 3501 illius
1423 3461 1628 3511 poemate
1652 3457 1756 3511 περὶ.
1776 3452 1931 3496 ἀστεῖ-
