2231 3787
4 509 11 605 -.--<
6 374 11 450 *
3 287 11 360 ——aoe
3 174 11 272 -μν
7 150 9 166 «-

874 301 971 340 Llss.
1009 303 1036 339 ¹.
1100 302 1263 343 EPIST.
1296 303 1383 342 ΧΗ.
1943 304 2043 355 493

284 429 361 483 Ab
405 431 529 483 love
570 430 759 483 donari
799 432 970 502 possit
1010 431 1118 486 tibi.
1197 432 1341 487 Tolle
1382 434 1663 505 querelas;

283 534 497 603 Pauper
536 534 678 586 enim
718 552 824 587 non
864 542 968 597 est,
1013 535 1100 588 cui
1141 553 1323 589 rerum
1363 537 1600 607 suppetit
1637 556 1785 591 usus.

206 674 215 679 -
282 635 335 688 Si
374 635 544 687 ventri
584 635 753 697 bene,
798 638 842 690 si
880 636 1033 691 lateri
1075 645 1156 690 est
1193 637 1537 710 pedibusque
1579 640 1704 698 tuis,
1756 641 1825 692 nil
2010 646 2040 693 5

280 737 507 791 Divitiae
547 746 799 809 poterunt
837 739 1050 809 regales
1091 739 1295 794 addere
1336 741 1525 795 maius.

282 839 334 892 Si
376 839 509 894 forte
548 840 600 892 in
640 840 821 895 medio
861 843 1162 913 positorum
1201 842 1496 898 abstemius
1537 843 1720 899 herbis

320 1014 358 1054 3.
395 1015 598 1064 querellas
630 1016 675 1054 E.
714 1037 757 1042 —·
793 1017 832 1055 5.
867 1020 924 1055 est
954 1027 1042 1055 om.
1076 1017 1122 1056 E.

206 1172 374 1212 maiore
419 1173 505 1212 otio
551 1172 793 1213 fruentes.»
852 1174 940 1213 Nisi
986 1185 1092 1214 vero

1157 1174 1200 1213 θ
1230 1171 1429 1227 ἡμίοιοί
1460 1189 1507 1216 τε
1579 1180 1660 1218 καὶ
1701 1171 1740 1233 ῳ
1779 1178 1837 1221 τὰ
1873 1180 2044 1223 δέοντα

206 1235 318 1275 haec
348 1234 434 1275 duo
456 1234 595 1275 verba
617 1246 704 1275 non
728 1236 858 1276 nimis
880 1247 1094 1288 premen-
1158 1236 1275 1294 παόε
1263 1250 1385 1278 στιν
1416 1240 1594 1297 Γαστοί
1624 1254 1673 1282 τε
1703 1245 1782 1283 καὶ
1816 1244 2044 1303 πλευοαϊς

206 1297 263 1337 da
293 1300 417 1347 sunt,
452 1298 566 1338 adeo
597 1300 644 1338 ut
673 1299 758 1339 hoc
781 1299 1091 1339 tantummodo
1156 1301 1239 1341 καὶ
1270 1302 1414 1342 ποσιν
1444 1298 1576 1361 deos).
1608 1306 1780 1346 παθεῖν
1800 1307 1984 1360 Παιόός
2004 1323 2027 1350 τ

206 1331 474 1411 significeiit:

206 1434 285 1463 cur
315 1425 558 1474 querarel»
595 1447 639 1452 —
670 1425 836 1474 Paupe7
872 1425 981 1464 enim
1010 1437 1093 1464 uon

204 1492 262 1528 'est
291 1488 393 1537 cet]
432 1487 495 1527 Cf.
525 1489 833 1528 Democritum
864 1489 906 1528 in
944 1489 1090 1529 Orellii

204 1551 364 1603 Opusc.
385 1552 499 1590 sent.
518 1551 549 1590 I.
568 1562 611 1602 p.
634 1551 735 1590 4.ΙΟ
760 1550 831 1590 He
810 1552 928 1604 evin,
948 1549 1092 1593 πλοῦ-

202 1625 307 1664 τος,
340 1608 562 1666 ὀνόματα
593 1612 696 1654 ἑενὸ
676 1616 777 1667 είης
806 1615 889 1655 καὶ
909 1612 1088 1687 κόρου·

204 1671 314 1717 οὔτε
345 1677 431 1717 οὐν
453 1672 733 1728 πλοίμσιος
709 1691 735 1717 ο
758 1676 945 1729 ἐνδέων,
979 1673 1091 1720 οἵτε

523 1360 658 1400 «Nihil
700 1361 901 1413 profecto
931 1362 1088 1412 habes,

203 1751 257 1781 πε
237 1741 349 1794 ένης
393 1736 420 1780 ὁ
463 1737 532 1793 μὴ
580 1739 766 1781 ἐνδέωι.
818 1765 862 1770 -
915 1743 1093 1793 suppetit

200 1804 313 1853 usus]
348 1803 577 1853 «sufficit›‚›
619 1815 712 1843 was
749 1815 806 1844 zu
834 1806 972 1845 seinen
1010 1806 1092 1845 Be-

203 1867 436 1918 durfnissen
467 1868 722 1918 ausreicht,»
713 1879 843 1919 >qua
874 1868 1092 1919 significa—

202 1929 320 1969 tione
353 1930 509 1970 Cicero
543 1932 727 1982 usurpat
757 1931 892 1971 etiam
921 1943 964 1971 v.
989 1943 1091 1981 sup-

197 1993 407 2042 peditam,
442 1993 497 2032 de
520 1993 642 2033 Offic.
669 1995 711 2043 4,
785 1995 897 2043 ,42;
924 2005 1092 2044 pa7a7e

160 2081 162 2083 >
201 2066 276 2105 ea,
311 2067 417 2105 quae
446 2056 705 2105 suppeditent
734 2061 772 2096 et
801 2058 857 2096 ad
876 2057 1034 2096 cultum
1055 2061 1092 2097 et

203 2119 259 2157 ad
285 2119 454 2158 vietum.
507 2119 751 2170 Opponitur
790 2130 890 2159 usus
917 2121 1091 2160 manci—

202 2180 290 2233 pio.
344 2181 432 2221 Cic.
458 2180 514 2220 ad
545 2181 665 2220 Fam.
728 2181 845 2229 ‚301
892 2182 1088 2232 Atticum,

203 2244 320 2282 cuius
350 2244 548 2293 quonimn
574 2243 800 2293 premium
830 2248 866 2284 te
886 2255 970 2284 esse
990 2246 1091 2284 se7i-

203 2305 262 2344 bis
289 2306 500 2355 mancipio
530 2310 567 2345 et
595 2317 727 2356 nemo
775 2318 913 2346 meum
950 2311 1091 2347 autem

202 2379 282 2408 usu
310 2372 348 2408 et
373 2369 535 2419 fructu,
568 2373 781 2408 contentus
800 2369 877 2408 isto
897 2380 1001 2409 sum.
1045 2369 1091 2408 Id

201 2431 312 2470 enim
359 2435 417 2471 est
464 2431 662 2481 cuiusque
702 2432 956 2482 premium,
1009 2441 1090 2480 quo

203 2493 375 2543 quisque
409 2493 569 2544 fruitur·
604 2497 728 2543 atque
756 2495 904 2534 utitur.
964 2493 1088 2534 Conf.

202 2556 313 2607 Epp
350 2556 399 2605 2,
442 2557 492 2605 2,
537 2556 616 2596 458
653 2567 752 2608 sqq.
806 2557 965 2597 Libere
1010 2569 1091 2597 au-

203 2620 316 2667 tem,
349 2620 400 2658 ut
427 2618 538 2669 dixi,
570 2619 712 2659 Iccius
743 2619 800 2659 ad
834 2631 943 2660 usus
974 2620 1089 2660 vitae

203 2681 482 2722 necessarios
533 2680 793 2734 dispensare
844 2684 888 2722 et
936 2682 1091 2734 dispo-

203 2754 311 2783 nere
349 2745 545 2795 poterat,
590 2755 887 2797 quaecunque
925 2757 1091 2797 prove-

204 2805 386 2846 niebant
422 2807 467 2846 in
504 2807 724 2859 Agrippae
764 2808 927 2849 fundis.
965 2832 1010 2837 -—
1045 2809 1092 2848 St

202 2870 337 2908 ventri
373 2869 475 2920 cet]
499 2870 625 2910 Hunc
647 2871 782 2911 etiam
809 2871 1090 2913 Metrodorus

205 2929 340 2969 finem
370 2929 592 2972 bonorum
624 2934 933 2974 constituerat:
970 2929 1091 2989 ἁγα-

205 2988 297 3031 θὸν
332 2990 503 3046 ψυχῆς
531 2995 576 3035 τί
605 2989 724 3036 ἄλλο
755 2992 789 3049 ἢ
817 2994 874 3037 τὸ
906 2995 1091 3056 σαρκὸς

207 3048 439 3105 εὐσταθὲς
467 3053 758 3111 κατάστημα
785 3060 869 3100 καὶ
897 3058 954 3101 τὸ
985 3062 1092 3119 περὶ

205 3114 383 3170 ταύτης
426 3115 598 3158 πιστὸν
640 3114 880 3175 {immanet
928 3123 1088 3175 (Clem.

205 3179 327 3221 Alex.
371 3181 530 3219 Strom.
571 3182 620 3230 2,
666 3183 758 3232 22.)
822 3185 897 3224 Vix
940 3187 1091 3227 tamen

206 3243 336 3283 huius
368 3244 613 3283 sententiae
644 3246 911 3286 meminerat
949 3248 1092 3289 Hora-

205 3305 315 3355 tius,
349 3305 430 3346 sed
458 3306 605 3357 potius
635 3317 850 3348 versuum
879 3309 1092 3360 Theogni-

209 3365 274 3406 dis
306 3337 352 3406 ⁷v.
382 3366 477 3406 749.
515 3366 586 3407 vel
620 3366 789 3408 Solonis
820 3369 938 3420 apud
977 3370 1088 3412 Plut.

207 3426 295 3468 Sol.
317 3429 363 3468 ⁶2:
390 3420 517 3501 ἶΙσόν
546 3441 621 3470 τοι
641 3428 961 3481 πλουτοῦσιν,
995 3426 1091 3487 ὅτῳ

210 3486 358 3541 πολὺς
387 3484 596 3549 ἄργυρός
625 3490 755 3532 ἐστιν
785 3492 878 3533 Καὶ
908 3491 1091 3550 χρυσὸς

210 3552 290 3592 καὶ
318 3550 406 3606 γῆς
437 3551 722 3612 πυροφόρου
756 3553 908 3606 πεδία,
933 3553 1093 3597 Ἵπποι

1156 1357 1240 1416 ηδὲ
1260 1363 1505 1417 γῑναικός
1530 1391 1573 1395 -
1592 1369 1779 1421 pedibus]
1803 1373 1908 1412 Mire
1930 1374 2042 1414 haec

1156 1428 1305 1466 omnia
1336 1428 1653 1480 interpretatur
1684 1432 1857 1473 Comm.
1888 1436 2042 1487 Cruqq

1156 1501 1293 1540 quein
1322 1492 1551 1532 Dacierius
1572 1492 1733 1545 aliique
1756 1498 1897 1536 secuti
1918 1499 2039 1538 sunt:

1155 1553 1201 1592 St
1229 1554 1352 1593 habes
1381 1554 1539 1604 cibum,
1582 1568 1664 1596 non
1696 1559 1841 1598 desunt
1868 1571 1943 1600 nee
1972 1573 2044 1601 ve—

1153 1617 1346 1656 stimenla
1387 1618 1435 1656 de
1465 1618 1549 1667 dte,
1596 1630 1670 1659 nec
1710 1623 1904 1673 stragula
1944 1626 2045 1664 clor-

1154 1680 1317 1729 intenti,
1351 1681 1385 1718 si
1415 1680 1486 1719 tibi
1515 1681 1596 1721 sint
1615 1683 1899 1724 calcemnenla
1919 1690 1957 1725 et
1976 1699 2046 1726 ca-

1155 1742 1267 1781 balli.
1334 1744 1397 1782 Tu
1447 1743 1636 1796 intellige
1679 1748 1805 1796 pedes
1845 1749 2043 1801 podagra

1155 1816 1245 1845 non
1277 1804 1556 1856 laborantes,
1590 1807 1671 1847 sed
1701 1808 1839 1850 sortes
1871 1822 1922 1850 ac
1944 1823 2044 1862 per-

1156 1868 1293 1908 nices.

1211 1931 1330 1970 7-44.
1365 1933 1411 1971 Si
1438 1934 1545 1984 forte
1575 1935 1681 1984 cet]
1710 1936 1804 1976 Iam
1831 1938 2042 1990 sapientis

1155 1994 1479 2044 temperantiae
1512 1995 1767 2048 exemplum
1788 1999 1939 2040 affert:
1977 2003 2043 2041 «Si

1151 2058 1280 2108 forte,
1314 2057 1358 2097 id
1390 2058 1512 2108 quod
1543 2070 1630 2099 non
1659 2071 1741 2111 pro
1774 2066 1895 2103 certo
1923 2066 2040 2105 scio»

1157 2121 1212 2171 (v.
1240 2120 1349 2171 forte
1378 2122 1560 2162 minime
1597 2122 1913 2175 negligendum
1944 2129 2040 2180 est),

1156 2193 1286 2223 «cum
1318 2182 1427 2224 cibis
1457 2183 1719 2226 lautioribus
1756 2191 1878 2229 vesci
1916 2190 2042 2231 facile

1154 2244 1233 2284 tibi
1268 2245 1445 2295 liceret,
1484 2248 1634 2288 tamen
1668 2249 1916 2301 abstemius,
1968 2265 2044 2294 so-

1153 2307 1299 2357 brius,
1333 2319 1489 2349 manes
1521 2321 1574 2348 ac
1602 2311 1712 2351 vivis
1743 2311 2042 2364 leguminibus

1155 2369 1442 2421 oleribusque
1479 2374 1612 2423 atque
1657 2374 1773 2413 inter
1816 2376 1928 2417 haec
1972 2377 2042 2417 vel

1153 2432 1315 2482 urtica,
1349 2444 1492 2484 aeque
1524 2446 1660 2486 parco
1693 2439 1737 2475 et
1765 2438 1887 2478 tenui
1922 2441 2042 2480 victu

1156 2496 1291 2536 etiam
1313 2497 1535 2546 protinus»
1570 2498 1610 2549 (i.
1636 2510 1677 2538 e.
1704 2511 1857 2550 «porro
1888 2506 1926 2541 et
1956 2504 2043 2543 sine

1154 2559 1488 2599 intermissione»
1534 2561 1646 2600 Non.
1684 2572 1729 2613 p.
1767 2561 1888 2613 375,
1936 2567 2043 2606 auch

1150 2623 1306 2674 ferner.
1341 2622 1394 2662 cf.
1426 2623 1554 2663 Hand
1584 2624 1709 2663 Turs.
1747 2625 1817 2665 IV.
1851 2637 1895 2677 p.
1927 2627 2039 2678 624.)

1156 2686 1226 2725 «in
1259 2686 1532 2737 perpetuum
1565 2686 1728 2735 uteris,
1763 2688 1936 2729 etiamsi
1971 2701 2044 2730 su-

1154 2749 1247 2789 bito
1280 2748 1404 2789 dives
1437 2748 1579 2789 factus
1601 2749 1709 2799 eris,
1743 2749 1813 2790 vel
1836 2752 1938 2802 quia
1959 2765 2043 2793 na-

1154 2814 1254 2851 tura
1283 2810 1398 2851 ultro
1429 2812 1687 2863 temperans
1720 2823 1790 2862 es,
1833 2813 1904 2854 vel
1939 2817 2041 2867 quia

1156 2886 1210 2914 ex
1248 2873 1379 2913 firmo
1415 2874 1643 2925 proposito
1682 2873 1881 2917 abstines
1919 2889 1943 2917 a
1973 2877 2042 2918 lu-

1154 2937 1304 2985 xuria,
1337 2937 1387 2976 ut
1416 2936 1659 2987 sapientiae
1691 2941 1945 2991 praeceptis
1967 2953 2042 2982 sa-

1155 2998 1390 3039 tisfacias.»
1428 3021 1473 3026 —
1504 2999 1553 3038 In
1580 3000 1715 3040 medio
1740 3002 1903 3051 positae
1939 3007 2042 3044 sunt

1154 3072 1253 3111 res,
1287 3072 1479 3112 quarum
1509 3063 1708 3113 potestas
1739 3063 1868 3104 nobis
1901 3070 1969 3107 est
1988 3078 2041 3107 ac

1154 3124 1269 3164 liber
1298 3135 1429 3172 usus;
1463 3124 1549 3164 hoc
1578 3125 1708 3175 igitur
1735 3125 1833 3166 loco
1856 3127 1941 3168 cibi
1964 3141 2041 3169 ce-

1155 3187 1362 3238 teroquin
1392 3185 1514 3225 haud
1546 3186 1782 3227 difficulter
1802 3200 1886 3228 nec
1907 3189 2040 3229 nimia

1154 3249 1359 3301 impensa
1379 3249 1590 3300 parandi,
1623 3249 1786 3300 quibus
1806 3254 1956 3291 tamen
1978 3253 2042 3290 Ic-

1156 3312 1250 3352 cius
1292 3310 1636 3362 simplicioribus
1676 3312 1808 3352 etiam
1854 3314 2040 3352 conten-

1155 3375 1226 3413 tus
1260 3373 1496 3414 abstineat.
1551 3373 1613 3414 Cf.
1652 3375 1738 3413 Sat.
1778 3375 1825 3422 4,
1859 3375 1906 3422 2,
1941 3374 2034 3414 408.

1159 3456 1204 3463 -
1230 3435 1465 3489 abstemius]
1494 3448 1563 3488 pr.
1589 3430 1806 3485 «ἄοινος,
1841 3435 1916 3485 qui
1937 3436 2038 3476 vino

1156 3497 1399 3549 abstinet‚»
1447 3500 1491 3538 h.
1525 3497 1553 3538 1.
1590 3497 1816 3537 «sobrius»
1849 3508 2039 3548 genera-

1155 3559 1248 3600 tim.
1302 3559 1508 3600 Similiter
1537 3559 1740 3599 Sidonius
1761 3559 1899 3611 Apoll.
1924 3561 2035 3613 Epp.
