<?xml version="1.0" encoding="UTF-8"?>
<!DOCTYPE html PUBLIC "-//W3C//DTD XHTML 1.0 Transitional//EN"
    "http://www.w3.org/TR/xhtml1/DTD/xhtml1-transitional.dtd">
<html xmlns="http://www.w3.org/1999/xhtml" xml:lang="en" lang="en">
 <head>
  <title>
</title>
<meta http-equiv="Content-Type" content="text/html;charset=utf-8" />
  <meta name='ocr-system' content='tesseract 3.04.00' />
  <meta name='ocr-capabilities' content='ocr_page ocr_carea ocr_par ocr_line ocrx_word'/>
</head>
<body>
  <div class='ocr_page' id='page_1' title='image "./qhoratiusflaccus02horauoft_0285.png"; bbox 0 0 2231 3787; ppageno 0'>
   <div class='ocr_carea' id='block_1_1' title="bbox 827 295 1281 334">
    <p class='ocr_par' dir='ltr' id='par_1_1' title="bbox 827 295 1281 334">
     <span class='ocr_line' id='line_1_1' title="bbox 827 295 1281 334; baseline -0.004 0"><span class='ocrx_word' id='word_1_1' title='bbox 827 295 923 334; x_wconf 71' lang='grc' dir='ltr'><strong><em>[ΑΒ.</em></strong></span> <span class='ocrx_word' id='word_1_2' title='bbox 958 296 1006 333; x_wconf 86' lang='lat'>11.</span> <span class='ocrx_word' id='word_1_3' title='bbox 1069 295 1179 334; x_wconf 70' lang='lat' dir='ltr'>SAT.</span> <span class='ocrx_word' id='word_1_4' title='bbox 1213 295 1281 333; x_wconf 86' lang='grc' dir='ltr'>ΙΙΙ.</span> 
     </span>
    </p>
   </div>
   <div class='ocr_carea' id='block_1_2' title="bbox 228 422 1464 495">
    <p class='ocr_par' dir='ltr' id='par_1_2' title="bbox 228 422 1464 495">
     <span class='ocr_line' id='line_1_2' title="bbox 228 422 1464 495; baseline -0.002 -17"><span class='ocrx_word' id='word_1_5' title='bbox 228 424 523 484; x_wconf 87' lang='lat' dir='ltr'>Fasciolas‚</span> <span class='ocrx_word' id='word_1_6' title='bbox 567 423 786 486; x_wconf 85' lang='lat' dir='ltr'>cubital,</span> <span class='ocrx_word' id='word_1_7' title='bbox 830 424 1042 483; x_wconf 80' lang='lat' dir='ltr'>focalia,</span> <span class='ocrx_word' id='word_1_8' title='bbox 1085 432 1242 495; x_wconf 90' lang='lat' dir='ltr'>potus</span> <span class='ocrx_word' id='word_1_9' title='bbox 1282 432 1338 476; x_wconf 89' lang='lat' dir='ltr'>ut</span> <span class='ocrx_word' id='word_1_10' title='bbox 1379 422 1464 476; x_wconf 89' lang='lat' dir='ltr'>illc</span> 
     </span>
    </p>
   </div>
   <div class='ocr_carea' id='block_1_3' title="bbox 225 525 1524 597">
    <p class='ocr_par' dir='ltr' id='par_1_3' title="bbox 225 525 1524 597">
     <span class='ocr_line' id='line_1_3' title="bbox 225 525 1524 597; baseline -0.002 -19"><span class='ocrx_word' id='word_1_11' title='bbox 225 527 430 580; x_wconf 79' lang='lat' dir='ltr'>Dicitur</span> <span class='ocrx_word' id='word_1_12' title='bbox 469 544 533 579; x_wconf 85' lang='lat' dir='ltr'>ex</span> <span class='ocrx_word' id='word_1_13' title='bbox 572 525 708 580; x_wconf 93' lang='lat' dir='ltr'>collo</span> <span class='ocrx_word' id='word_1_14' title='bbox 748 525 922 578; x_wconf 85' lang='lat' dir='ltr'>furtim</span> <span class='ocrx_word' id='word_1_15' title='bbox 961 527 1229 597; x_wconf 79' lang='lat' dir='ltr'>carpsisse</span> <span class='ocrx_word' id='word_1_16' title='bbox 1269 541 1524 585; x_wconf 87' lang='lat' dir='ltr'>coronas,</span> 
     </span>
    </p>
   </div>
   <div class='ocr_carea' id='block_1_4' title="bbox 225 626 1741 699">
    <p class='ocr_par' dir='ltr' id='par_1_4' title="bbox 225 626 1741 699">
     <span class='ocr_line' id='line_1_4' title="bbox 225 626 1741 699; baseline -0.003 -19"><span class='ocrx_word' id='word_1_17' title='bbox 225 629 514 699; x_wconf 84' lang='lat' dir='ltr'>Postquam</span> <span class='ocrx_word' id='word_1_18' title='bbox 555 637 635 681; x_wconf 89' lang='lat' dir='ltr'>est</span> <span class='ocrx_word' id='word_1_19' title='bbox 674 628 927 699; x_wconf 81' lang='lat' dir='ltr'>impransi</span> <span class='ocrx_word' id='word_1_20' title='bbox 970 636 1250 699; x_wconf 89' lang='lat' dir='ltr'>correptus</span> <span class='ocrx_word' id='word_1_21' title='bbox 1290 643 1423 680; x_wconf 89' lang='lat' dir='ltr'>voce</span> <span class='ocrx_word' id='word_1_22' title='bbox 1464 626 1741 697; x_wconf 77' lang='lat' dir='ltr'>magistri?</span> 
     </span>
    </p>
   </div>
   <div class='ocr_carea' id='block_1_5' title="bbox 223 729 1731 902">
    <p class='ocr_par' dir='ltr' id='par_1_5' title="bbox 223 729 1731 902">
     <span class='ocr_line' id='line_1_5' title="bbox 223 729 1509 800; baseline -0.001 -18"><span class='ocrx_word' id='word_1_23' title='bbox 223 729 457 799; x_wconf 75' lang='lat' dir='ltr'>Pori-igis</span> <span class='ocrx_word' id='word_1_24' title='bbox 499 729 630 782; x_wconf 88' lang='lat' dir='ltr'>irato</span> <span class='ocrx_word' id='word_1_25' title='bbox 669 747 839 800; x_wconf 89' lang='lat' dir='ltr'>puero</span> <span class='ocrx_word' id='word_1_26' title='bbox 880 747 999 784; x_wconf 91' lang='lat' dir='ltr'>cum</span> <span class='ocrx_word' id='word_1_27' title='bbox 1041 746 1225 800; x_wconf 87' lang='lat' dir='ltr'>poma,</span> <span class='ocrx_word' id='word_1_28' title='bbox 1272 736 1509 783; x_wconf 80' lang='lat' dir='ltr'>recusat:</span> 
     </span>
     <span class='ocr_line' id='line_1_6' title="bbox 224 830 1731 902; baseline 0 -20"><span class='ocrx_word' id='word_1_29' title='bbox 224 831 409 893; x_wconf 87' lang='lat' dir='ltr'>Sume,</span> <span class='ocrx_word' id='word_1_30' title='bbox 452 830 664 885; x_wconf 79' lang='lat' dir='ltr'>catelle!</span> <span class='ocrx_word' id='word_1_31' title='bbox 705 839 885 902; x_wconf 81' lang='lat' dir='ltr'>negat3</span> <span class='ocrx_word' id='word_1_32' title='bbox 927 831 970 884; x_wconf 93' lang='lat' dir='ltr'>si</span> <span class='ocrx_word' id='word_1_33' title='bbox 1011 849 1115 884; x_wconf 92' lang='lat' dir='ltr'>non</span> <span class='ocrx_word' id='word_1_34' title='bbox 1153 830 1275 894; x_wconf 81' lang='lat' dir='ltr'>deS,</span> <span class='ocrx_word' id='word_1_35' title='bbox 1318 838 1484 902; x_wconf 86' lang='lat' dir='ltr'>optet:</span> <span class='ocrx_word' id='word_1_36' title='bbox 1527 836 1731 883; x_wconf 86' lang='lat' dir='ltr'>amator</span> 
     </span>
    </p>
   </div>
   <div class='ocr_carea' id='block_1_6' title="bbox 221 931 1764 1004">
    <p class='ocr_par' dir='ltr' id='par_1_6' title="bbox 221 931 1764 1004">
     <span class='ocr_line' id='line_1_7' title="bbox 221 931 1764 1004; baseline 0.001 -20"><span class='ocrx_word' id='word_1_37' title='bbox 221 931 482 985; x_wconf 84' lang='lat' dir='ltr'>Exelusus</span> <span class='ocrx_word' id='word_1_38' title='bbox 523 934 615 1004; x_wconf 77' lang='lat' dir='ltr'>qui</span> <span class='ocrx_word' id='word_1_39' title='bbox 653 931 834 994; x_wconf 87' lang='lat' dir='ltr'>distat,</span> <span class='ocrx_word' id='word_1_40' title='bbox 878 932 983 1003; x_wconf 81' lang='lat' dir='ltr'>agit</span> <span class='ocrx_word' id='word_1_41' title='bbox 1021 932 1111 986; x_wconf 89' lang='lat' dir='ltr'>ubi</span> <span class='ocrx_word' id='word_1_42' title='bbox 1153 949 1360 996; x_wconf 90' lang='lat' dir='ltr'>secum,</span> <span class='ocrx_word' id='word_1_43' title='bbox 1404 940 1491 986; x_wconf 87' lang='lat' dir='ltr'>eat</span> <span class='ocrx_word' id='word_1_44' title='bbox 1529 949 1596 986; x_wconf 92' lang='lat' dir='ltr'>an</span> <span class='ocrx_word' id='word_1_45' title='bbox 1634 948 1764 994; x_wconf 90' lang='lat' dir='ltr'>non,</span> 
     </span>
    </p>
   </div>
   <div class='ocr_carea' id='block_1_7' title="bbox 1861 931 1967 985">
    <p class='ocr_par' dir='ltr' id='par_1_7' title="bbox 1861 931 1967 985">
     <span class='ocr_line' id='line_1_8' title="bbox 1861 931 1967 985; baseline -0.038 1"><span class='ocrx_word' id='word_1_46' title='bbox 1861 931 1967 985; x_wconf 76' lang='lat'>260</span> 
     </span>
    </p>
   </div>
   <div class='ocr_carea' id='block_1_8' title="bbox 231 1033 1634 1099">
    <p class='ocr_par' dir='ltr' id='par_1_8' title="bbox 231 1033 1634 1099">
     <span class='ocr_line' id='line_1_9' title="bbox 231 1033 1634 1099; baseline 0 -13"><span class='ocrx_word' id='word_1_47' title='bbox 231 1035 349 1099; x_wconf 86' lang='lat' dir='ltr'>Quo</span> <span class='ocrx_word' id='word_1_48' title='bbox 390 1034 661 1088; x_wconf 86' lang='lat' dir='ltr'>rediturus</span> <span class='ocrx_word' id='word_1_49' title='bbox 701 1043 816 1088; x_wconf 85' lang='lat' dir='ltr'>erat</span> <span class='ocrx_word' id='word_1_50' title='bbox 854 1052 960 1087; x_wconf 90' lang='lat' dir='ltr'>non</span> <span class='ocrx_word' id='word_1_51' title='bbox 1000 1034 1314 1096; x_wconf 81' lang='lat' dir='ltr'>arcessitus,</span> <span class='ocrx_word' id='word_1_52' title='bbox 1358 1042 1410 1087; x_wconf 86' lang='lat' dir='ltr'>et</span> <span class='ocrx_word' id='word_1_53' title='bbox 1447 1033 1634 1088; x_wconf 89' lang='lat' dir='ltr'>haeret</span> 
     </span>
    </p>
   </div>
   <div class='ocr_carea' id='block_1_9' title="bbox 222 1136 1044 1197">
    <p class='ocr_par' dir='ltr' id='par_1_9' title="bbox 222 1136 1044 1197">
     <span class='ocr_line' id='line_1_10' title="bbox 222 1136 1044 1197; baseline 0.002 -9"><span class='ocrx_word' id='word_1_54' title='bbox 222 1136 411 1190; x_wconf 83' lang='lat' dir='ltr'>Invisis</span> <span class='ocrx_word' id='word_1_55' title='bbox 451 1136 693 1189; x_wconf 80' lang='lat' dir='ltr'>foribus?</span> <span class='ocrx_word' id='word_1_56' title='bbox 732 1137 841 1190; x_wconf 89' lang='lat' dir='ltr'>Nec</span> <span class='ocrx_word' id='word_1_57' title='bbox 880 1153 1044 1197; x_wconf 89' lang='lat' dir='ltr'>nunc,</span> 
     </span>
    </p>
   </div>
   <div class='ocr_carea' id='block_1_10' title="bbox 1087 1135 1726 1198">
    <p class='ocr_par' dir='ltr' id='par_1_10' title="bbox 1087 1135 1726 1198">
     <span class='ocr_line' id='line_1_11' title="bbox 1087 1135 1726 1198; baseline -0.002 -8"><span class='ocrx_word' id='word_1_58' title='bbox 1087 1153 1207 1190; x_wconf 89' lang='lat' dir='ltr'>cum</span> <span class='ocrx_word' id='word_1_59' title='bbox 1246 1153 1333 1189; x_wconf 90' lang='lat' dir='ltr'>me</span> <span class='ocrx_word' id='word_1_60' title='bbox 1372 1143 1526 1189; x_wconf 86' lang='lat' dir='ltr'>vocat</span> <span class='ocrx_word' id='word_1_61' title='bbox 1564 1135 1726 1198; x_wconf 81' lang='lat' dir='ltr'>ultre,</span> 
     </span>
    </p>
   </div>
   <div class='ocr_carea' id='block_1_11' title="bbox 202 1277 1914 1455">
    <p class='ocr_par' dir='ltr' id='par_1_11' title="bbox 202 1277 1914 1455">
     <span class='ocr_line' id='line_1_12' title="bbox 203 1277 1913 1330; baseline -0.001 -12"><span class='ocrx_word' id='word_1_62' title='bbox 203 1279 428 1329; x_wconf 82' lang='lat' dir='ltr'>Pottierii.)</span> <span class='ocrx_word' id='word_1_63' title='bbox 465 1302 509 1307; x_wconf 87' lang='lat'>-—</span> <span class='ocrx_word' id='word_1_64' title='bbox 542 1279 636 1318; x_wconf 71' lang='lat'>264.</span> <span class='ocrx_word' id='word_1_65' title='bbox 671 1279 895 1317; x_wconf 80' lang='lat' dir='ltr'>accersitus</span> <span class='ocrx_word' id='word_1_66' title='bbox 923 1278 1014 1330; x_wconf 87' lang='lat' dir='ltr'>bSp</span> <span class='ocrx_word' id='word_1_67' title='bbox 1048 1279 1149 1329; x_wconf 91' lang='lat' dir='ltr'>(non</span> <span class='ocrx_word' id='word_1_68' title='bbox 1181 1279 1233 1328; x_wconf 90' lang='lat' dir='ltr'>c).</span> <span class='ocrx_word' id='word_1_69' title='bbox 1262 1299 1307 1306; x_wconf 92' lang='lat'>—-</span> <span class='ocrx_word' id='word_1_70' title='bbox 1333 1278 1427 1317; x_wconf 69' lang='lat'>262.</span> <span class='ocrx_word' id='word_1_71' title='bbox 1451 1278 1535 1317; x_wconf 88' lang='lat' dir='ltr'>Nec</span> <span class='ocrx_word' id='word_1_72' title='bbox 1555 1288 1665 1318; x_wconf 77' lang='lat' dir='ltr'>nunc</span> <span class='ocrx_word' id='word_1_73' title='bbox 1684 1277 1913 1329; x_wconf 84' lang='lat' dir='ltr'>bScp,LCt</span> 
     </span>
     <span class='ocr_line' id='line_1_13' title="bbox 204 1338 1909 1394; baseline -0.001 -14"><span class='ocrx_word' id='word_1_74' title='bbox 204 1343 248 1381; x_wconf 89' lang='lat' dir='ltr'>et</span> <span class='ocrx_word' id='word_1_75' title='bbox 276 1343 456 1392; x_wconf 88' lang='lat' dir='ltr'>praeter</span> <span class='ocrx_word' id='word_1_76' title='bbox 485 1351 624 1380; x_wconf 91' lang='lat' dir='ltr'>unum</span> <span class='ocrx_word' id='word_1_77' title='bbox 663 1341 855 1380; x_wconf 89' lang='lat' dir='ltr'>Pottierii</span> <span class='ocrx_word' id='word_1_78' title='bbox 887 1351 1063 1380; x_wconf 88' lang='lat' dir='ltr'>omnes:</span> <span class='ocrx_word' id='word_1_79' title='bbox 1106 1341 1168 1380; x_wconf 79' lang='lat' dir='ltr'>Ne</span> <span class='ocrx_word' id='word_1_80' title='bbox 1195 1352 1305 1379; x_wconf 72' lang='lat' dir='ltr'>nunc</span> <span class='ocrx_word' id='word_1_81' title='bbox 1335 1351 1358 1380; x_wconf 90' lang='lat' dir='ltr'>e</span> <span class='ocrx_word' id='word_1_82' title='bbox 1392 1340 1529 1381; x_wconf 89' lang='lat' dir='ltr'>Codd.</span> <span class='ocrx_word' id='word_1_83' title='bbox 1562 1338 1697 1394; x_wconf 72' lang='grc' dir='ltr'><em>γδφω</em></span> <span class='ocrx_word' id='word_1_84' title='bbox 1729 1342 1773 1380; x_wconf 90' lang='lat' dir='ltr'>et</span> <span class='ocrx_word' id='word_1_85' title='bbox 1794 1351 1909 1380; x_wconf 89' lang='lat' dir='ltr'>corr.</span> 
     </span>
     <span class='ocr_line' id='line_1_14' title="bbox 202 1401 1914 1455; baseline -0.001 -12"><span class='ocrx_word' id='word_1_86' title='bbox 202 1417 230 1443; x_wconf 83' lang='grc' dir='ltr'>κ</span> <span class='ocrx_word' id='word_1_87' title='bbox 263 1403 448 1454; x_wconf 88' lang='lat' dir='ltr'>(accedit</span> <span class='ocrx_word' id='word_1_88' title='bbox 477 1414 592 1443; x_wconf 84' lang='lat' dir='ltr'>unus</span> <span class='ocrx_word' id='word_1_89' title='bbox 623 1404 815 1443; x_wconf 89' lang='lat' dir='ltr'>Pottierii</span> <span class='ocrx_word' id='word_1_90' title='bbox 845 1405 896 1443; x_wconf 87' lang='lat' dir='ltr'>N.</span> <span class='ocrx_word' id='word_1_91' title='bbox 930 1402 1012 1453; x_wconf 73' lang='lat'>48.)</span> <span class='ocrx_word' id='word_1_92' title='bbox 1045 1401 1291 1450; x_wconf 86' lang='lat' dir='ltr'>Bentleius‚</span> <span class='ocrx_word' id='word_1_93' title='bbox 1328 1403 1414 1444; x_wconf 88' lang='lat' dir='ltr'>FM.</span> <span class='ocrx_word' id='word_1_94' title='bbox 1452 1426 1494 1432; x_wconf 89' lang='lat'>—-</span> <span class='ocrx_word' id='word_1_95' title='bbox 1527 1407 1642 1444; x_wconf 81' lang='lat' dir='ltr'>vocet</span> <span class='ocrx_word' id='word_1_96' title='bbox 1669 1401 1783 1455; x_wconf 88' lang='lat' dir='ltr'>hep,</span> <span class='ocrx_word' id='word_1_97' title='bbox 1815 1403 1914 1442; x_wconf 88' lang='lat' dir='ltr'>Pot-</span> 
     </span>
    </p>
   </div>
   <div class='ocr_carea' id='block_1_12' title="bbox 201 1465 983 1518">
    <p class='ocr_par' dir='ltr' id='par_1_12' title="bbox 201 1465 983 1518">
     <span class='ocr_line' id='line_1_15' title="bbox 201 1465 983 1518; baseline -0.001 -11"><span class='ocrx_word' id='word_1_98' title='bbox 201 1468 314 1507; x_wconf 88' lang='lat' dir='ltr'>tierii</span> <span class='ocrx_word' id='word_1_99' title='bbox 344 1477 523 1516; x_wconf 89' lang='lat' dir='ltr'>omnes,</span> <span class='ocrx_word' id='word_1_100' title='bbox 557 1466 657 1507; x_wconf 92' lang='lat' dir='ltr'>LCt.</span> <span class='ocrx_word' id='word_1_101' title='bbox 694 1468 757 1518; x_wconf 89' lang='lat' dir='ltr'>(Ut</span> <span class='ocrx_word' id='word_1_102' title='bbox 787 1477 891 1516; x_wconf 91' lang='lat' dir='ltr'>nos,</span> <span class='ocrx_word' id='word_1_103' title='bbox 925 1465 983 1516; x_wconf 90' lang='lat' dir='ltr'>S.)</span> 
     </span>
    </p>
   </div>
   <div class='ocr_carea' id='block_1_13' title="bbox 135 1590 1024 3560">
    <p class='ocr_par' dir='ltr' id='par_1_13' title="bbox 135 1590 1024 3560">
     <span class='ocr_line' id='line_1_16' title="bbox 143 1590 1020 1641; baseline -0.001 -8"><span class='ocrx_word' id='word_1_104' title='bbox 143 1592 439 1633; x_wconf 79' lang='lat' dir='ltr'>Halsbinde.</span> <span class='ocrx_word' id='word_1_105' title='bbox 492 1590 667 1640; x_wconf 85' lang='lat' dir='ltr'>Quintil.</span> <span class='ocrx_word' id='word_1_106' title='bbox 702 1592 778 1641; x_wconf 80' lang='grc' dir='ltr'>Η,</span> <span class='ocrx_word' id='word_1_107' title='bbox 821 1591 869 1641; x_wconf 88' lang='grc'>3,</span> <span class='ocrx_word' id='word_1_108' title='bbox 914 1591 1020 1632; x_wconf 73' lang='grc' dir='ltr'>444ῑ</span> 
     </span>
     <span class='ocr_line' id='line_1_17' title="bbox 142 1654 1024 1706; baseline -0.002 -11"><span class='ocrx_word' id='word_1_109' title='bbox 142 1655 379 1704; x_wconf 80' lang='lat' dir='ltr'>Palliolum,</span> <span class='ocrx_word' id='word_1_110' title='bbox 405 1656 508 1695; x_wconf 79' lang='lat' dir='ltr'>sicul</span> <span class='ocrx_word' id='word_1_111' title='bbox 527 1655 704 1706; x_wconf 82' lang='lat' dir='ltr'>fascias,</span> <span class='ocrx_word' id='word_1_112' title='bbox 729 1654 874 1704; x_wconf 81' lang='lat' dir='ltr'>quibus</span> <span class='ocrx_word' id='word_1_113' title='bbox 893 1666 1024 1694; x_wconf 88' lang='lat' dir='ltr'>crura</span> 
     </span>
     <span class='ocr_line' id='line_1_18' title="bbox 142 1717 1023 1769; baseline -0.003 -10"><span class='ocrx_word' id='word_1_114' title='bbox 142 1719 398 1768; x_wconf 78' lang='lat' dir='ltr'>vestiuntur,</span> <span class='ocrx_word' id='word_1_115' title='bbox 437 1722 474 1758; x_wconf 79' lang='lat' dir='ltr'>et</span> <span class='ocrx_word' id='word_1_116' title='bbox 509 1718 666 1769; x_wconf 77' lang='lat' dir='ltr'>focalia</span> <span class='ocrx_word' id='word_1_117' title='bbox 696 1722 733 1757; x_wconf 82' lang='lat' dir='ltr'>el</span> <span class='ocrx_word' id='word_1_118' title='bbox 762 1718 932 1757; x_wconf 79' lang='lat' dir='ltr'>aurium</span> <span class='ocrx_word' id='word_1_119' title='bbox 969 1717 1023 1756; x_wconf 77' lang='lat' dir='ltr'>li-</span> 
     </span>
     <span class='ocr_line' id='line_1_19' title="bbox 141 1779 1023 1833; baseline -0.003 -12"><span class='ocrx_word' id='word_1_120' title='bbox 141 1785 338 1833; x_wconf 84' lang='lat' dir='ltr'>9amenta</span> <span class='ocrx_word' id='word_1_121' title='bbox 377 1781 465 1820; x_wconf 92' lang='lat' dir='ltr'>sola</span> <span class='ocrx_word' id='word_1_122' title='bbox 503 1791 706 1820; x_wconf 65' lang='lat' dir='ltr'>accusare</span> <span class='ocrx_word' id='word_1_123' title='bbox 737 1783 869 1830; x_wconf 75' lang='lat' dir='ltr'>potest</span> <span class='ocrx_word' id='word_1_124' title='bbox 906 1779 1023 1819; x_wconf 77' lang='lat' dir='ltr'>vale-</span> 
     </span>
     <span class='ocr_line' id='line_1_20' title="bbox 142 1841 1020 1894; baseline -0.003 -11"><span class='ocrx_word' id='word_1_125' title='bbox 142 1844 253 1884; x_wconf 87' lang='lat' dir='ltr'>tudo.</span> <span class='ocrx_word' id='word_1_126' title='bbox 291 1865 336 1871; x_wconf 92' lang='lat'>—</span> <span class='ocrx_word' id='word_1_127' title='bbox 362 1842 552 1894; x_wconf 82' lang='lat' dir='ltr'>coronas]</span> <span class='ocrx_word' id='word_1_128' title='bbox 585 1842 637 1881; x_wconf 89' lang='lat' dir='ltr'>Et</span> <span class='ocrx_word' id='word_1_129' title='bbox 666 1842 707 1881; x_wconf 92' lang='lat' dir='ltr'>in</span> <span class='ocrx_word' id='word_1_130' title='bbox 740 1843 882 1893; x_wconf 90' lang='lat' dir='ltr'>capite</span> <span class='ocrx_word' id='word_1_131' title='bbox 915 1841 1020 1881; x_wconf 89' lang='lat' dir='ltr'>etin</span> 
     </span>
     <span class='ocr_line' id='line_1_21' title="bbox 144 1901 1018 1956; baseline -0.002 -10"><span class='ocrx_word' id='word_1_132' title='bbox 144 1904 256 1946; x_wconf 91' lang='lat' dir='ltr'>eollo</span> <span class='ocrx_word' id='word_1_133' title='bbox 287 1901 474 1946; x_wconf 83' lang='lat' dir='ltr'>coronas</span> <span class='ocrx_word' id='word_1_134' title='bbox 505 1904 734 1956; x_wconf 83' lang='lat' dir='ltr'>gerebant.</span> <span class='ocrx_word' id='word_1_135' title='bbox 769 1905 858 1945; x_wconf 91' lang='lat' dir='ltr'>Cic.</span> <span class='ocrx_word' id='word_1_136' title='bbox 893 1904 1018 1944; x_wconf 85' lang='lat' dir='ltr'>Verr.</span> 
     </span>
     <span class='ocr_line' id='line_1_22' title="bbox 140 1965 1016 2017; baseline -0.003 -9"><span class='ocrx_word' id='word_1_137' title='bbox 140 1970 245 2008; x_wconf 90' lang='lat' dir='ltr'>Aee.</span> <span class='ocrx_word' id='word_1_138' title='bbox 279 1967 325 2016; x_wconf 85' lang='lat'>5,</span> <span class='ocrx_word' id='word_1_139' title='bbox 361 1968 432 2016; x_wconf 82' lang='grc' dir='ltr'>Μ,</span> <span class='ocrx_word' id='word_1_140' title='bbox 465 1967 531 2007; x_wconf 73' lang='lat'>⁶27.</span> <span class='ocrx_word' id='word_1_141' title='bbox 583 1965 736 2006; x_wconf 90' lang='lat' dir='ltr'>Tibull.</span> <span class='ocrx_word' id='word_1_142' title='bbox 765 1968 810 2017; x_wconf 80' lang='grc'>1,</span> <span class='ocrx_word' id='word_1_143' title='bbox 844 1968 893 2016; x_wconf 81' lang='lat'>7,</span> <span class='ocrx_word' id='word_1_144' title='bbox 940 1967 1016 2006; x_wconf 72' lang='lat'>52:</span> 
     </span>
     <span class='ocr_line' id='line_1_23' title="bbox 139 2030 1017 2081; baseline -0.002 -11"><span class='ocrx_word' id='word_1_145' title='bbox 139 2031 193 2070; x_wconf 80' lang='lat' dir='ltr'>El</span> <span class='ocrx_word' id='word_1_146' title='bbox 222 2031 358 2079; x_wconf 73' lang='lat' dir='ltr'>capite</span> <span class='ocrx_word' id='word_1_147' title='bbox 387 2034 424 2069; x_wconf 78' lang='lat' dir='ltr'>et</span> <span class='ocrx_word' id='word_1_148' title='bbox 453 2030 555 2069; x_wconf 90' lang='lat' dir='ltr'>collo</span> <span class='ocrx_word' id='word_1_149' title='bbox 585 2030 729 2069; x_wconf 81' lang='lat' dir='ltr'>mollia</span> <span class='ocrx_word' id='word_1_150' title='bbox 752 2034 864 2069; x_wconf 75' lang='lat' dir='ltr'>serta</span> <span class='ocrx_word' id='word_1_151' title='bbox 883 2033 1017 2081; x_wconf 79' lang='lat' dir='ltr'>9erat.</span> 
     </span>
     <span class='ocr_line' id='line_1_24' title="bbox 145 2091 1017 2144; baseline -0.002 -12"><span class='ocrx_word' id='word_1_152' title='bbox 145 2116 188 2121; x_wconf 84' lang='lat'>—</span> <span class='ocrx_word' id='word_1_153' title='bbox 223 2092 441 2144; x_wconf 78' lang='lat' dir='ltr'>impransi]</span> <span class='ocrx_word' id='word_1_154' title='bbox 475 2092 680 2132; x_wconf 86' lang='lat' dir='ltr'>«sobrii.»</span> <span class='ocrx_word' id='word_1_155' title='bbox 740 2091 802 2132; x_wconf 86' lang='lat' dir='ltr'>Cf.</span> <span class='ocrx_word' id='word_1_156' title='bbox 842 2093 929 2131; x_wconf 79' lang='lat' dir='ltr'>sat.</span> <span class='ocrx_word' id='word_1_157' title='bbox 967 2092 1017 2141; x_wconf 73' lang='lat'>2,</span> 
     </span>
     <span class='ocr_line' id='line_1_25' title="bbox 140 2154 1020 2206; baseline 0 -12"><span class='ocrx_word' id='word_1_158' title='bbox 140 2157 187 2204; x_wconf 65' lang='lat'>2,</span> <span class='ocrx_word' id='word_1_159' title='bbox 221 2155 260 2194; x_wconf 82' lang='lat'>7.</span> <span class='ocrx_word' id='word_1_160' title='bbox 297 2179 342 2183; x_wconf 97' lang='lat'><strong>—</strong></span> <span class='ocrx_word' id='word_1_161' title='bbox 375 2154 605 2206; x_wconf 78' lang='lat' dir='ltr'>correptus]</span> <span class='ocrx_word' id='word_1_162' title='bbox 639 2156 827 2195; x_wconf 81' lang='lat' dir='ltr'>«acriter</span> <span class='ocrx_word' id='word_1_163' title='bbox 863 2165 1020 2206; x_wconf 89' lang='lat' dir='ltr'>repre-</span> 
     </span>
     <span class='ocr_line' id='line_1_26' title="bbox 140 2212 1017 2274; baseline -0.001 -18"><span class='ocrx_word' id='word_1_164' title='bbox 140 2218 350 2256; x_wconf 87' lang='lat' dir='ltr'>hensus.»</span> <span class='ocrx_word' id='word_1_165' title='bbox 377 2240 421 2245; x_wconf 86' lang='lat'>—</span> <span class='ocrx_word' id='word_1_166' title='bbox 445 2217 601 2268; x_wconf 77' lang='lat' dir='ltr'>catelle]</span> <span class='ocrx_word' id='word_1_167' title='bbox 628 2212 1017 2274; x_wconf 70' lang='grc' dir='ltr'>ὑποκοριστικόν,</span> 
     </span>
     <span class='ocr_line' id='line_1_27' title="bbox 141 2278 1021 2330; baseline 0.001 -13"><span class='ocrx_word' id='word_1_168' title='bbox 141 2278 261 2330; x_wconf 89' lang='lat' dir='ltr'>quod</span> <span class='ocrx_word' id='word_1_169' title='bbox 293 2279 333 2317; x_wconf 92' lang='lat' dir='ltr'>in</span> <span class='ocrx_word' id='word_1_170' title='bbox 364 2289 448 2318; x_wconf 91' lang='lat' dir='ltr'>usu</span> <span class='ocrx_word' id='word_1_171' title='bbox 478 2280 639 2318; x_wconf 86' lang='lat' dir='ltr'>mansit</span> <span class='ocrx_word' id='word_1_172' title='bbox 671 2290 810 2330; x_wconf 87' lang='lat' dir='ltr'>usque</span> <span class='ocrx_word' id='word_1_173' title='bbox 833 2279 889 2319; x_wconf 88' lang='lat' dir='ltr'>ad</span> <span class='ocrx_word' id='word_1_174' title='bbox 910 2281 1021 2319; x_wconf 90' lang='lat' dir='ltr'>tem-</span> 
     </span>
     <span class='ocr_line' id='line_1_28' title="bbox 139 2341 1019 2392; baseline 0.002 -13"><span class='ocrx_word' id='word_1_175' title='bbox 139 2351 247 2392; x_wconf 90' lang='lat' dir='ltr'>pora</span> <span class='ocrx_word' id='word_1_176' title='bbox 306 2341 578 2390; x_wconf 76' lang='lat' dir='ltr'>Hieronymi.</span> <span class='ocrx_word' id='word_1_177' title='bbox 631 2341 708 2392; x_wconf 89' lang='lat' dir='ltr'>Ep.</span> <span class='ocrx_word' id='word_1_178' title='bbox 755 2341 811 2380; x_wconf 90' lang='lat' dir='ltr'>ad</span> <span class='ocrx_word' id='word_1_179' title='bbox 860 2342 1019 2381; x_wconf 88' lang='lat' dir='ltr'>Eusto-</span> 
     </span>
     <span class='ocr_line' id='line_1_29' title="bbox 140 2401 1019 2453; baseline -0.001 -11"><span class='ocrx_word' id='word_1_180' title='bbox 140 2404 311 2450; x_wconf 87' lang='lat' dir='ltr'>chium,</span> <span class='ocrx_word' id='word_1_181' title='bbox 346 2401 504 2441; x_wconf 84' lang='lat' dir='ltr'>Paulae</span> <span class='ocrx_word' id='word_1_182' title='bbox 538 2401 694 2450; x_wconf 82' lang='lat' dir='ltr'>iiliam,</span> <span class='ocrx_word' id='word_1_183' title='bbox 728 2403 801 2450; x_wconf 74' lang='lat'>⁶22,</span> <span class='ocrx_word' id='word_1_184' title='bbox 834 2403 901 2441; x_wconf 72' lang='lat'>29.</span> <span class='ocrx_word' id='word_1_185' title='bbox 938 2414 1019 2453; x_wconf 92' lang='lat' dir='ltr'>pa-</span> 
     </span>
     <span class='ocr_line' id='line_1_30' title="bbox 138 2464 1017 2515; baseline 0.001 -11"><span class='ocrx_word' id='word_1_186' title='bbox 138 2465 270 2505; x_wconf 88' lang='lat' dir='ltr'>rasita</span> <span class='ocrx_word' id='word_1_187' title='bbox 302 2464 358 2503; x_wconf 87' lang='lat' dir='ltr'>ad</span> <span class='ocrx_word' id='word_1_188' title='bbox 388 2466 662 2503; x_wconf 80' lang='lat' dir='ltr'>matronam:</span> <span class='ocrx_word' id='word_1_189' title='bbox 695 2465 753 2503; x_wconf 80' lang='lat' dir='ltr'>Mi.</span> <span class='ocrx_word' id='word_1_190' title='bbox 787 2465 862 2515; x_wconf 60' lang='lat' dir='ltr'>(sic</span> <span class='ocrx_word' id='word_1_191' title='bbox 885 2466 1017 2505; x_wconf 85' lang='lat' dir='ltr'>etiarn</span> 
     </span>
     <span class='ocr_line' id='line_1_31' title="bbox 137 2526 1018 2576; baseline 0.001 -10"><span class='ocrx_word' id='word_1_192' title='bbox 137 2526 389 2576; x_wconf 67' lang='lat' dir='ltr'>vallarsius)</span> <span class='ocrx_word' id='word_1_193' title='bbox 421 2526 596 2576; x_wconf 81' lang='lat' dir='ltr'>catella,</span> <span class='ocrx_word' id='word_1_194' title='bbox 641 2526 761 2565; x_wconf 84' lang='lat' dir='ltr'>rebus</span> <span class='ocrx_word' id='word_1_195' title='bbox 794 2528 874 2566; x_wconf 80' lang='lat' dir='ltr'>tuis</span> <span class='ocrx_word' id='word_1_196' title='bbox 903 2533 1018 2567; x_wconf 77' lang='lat' dir='ltr'>utere</span> 
     </span>
     <span class='ocr_line' id='line_1_32' title="bbox 138 2589 1018 2641; baseline 0 -12"><span class='ocrx_word' id='word_1_197' title='bbox 138 2594 175 2629; x_wconf 80' lang='lat' dir='ltr'>el</span> <span class='ocrx_word' id='word_1_198' title='bbox 203 2590 316 2638; x_wconf 72' lang='lat' dir='ltr'>vive,</span> <span class='ocrx_word' id='word_1_199' title='bbox 350 2590 448 2628; x_wconf 88' lang='lat' dir='ltr'>dum</span> <span class='ocrx_word' id='word_1_200' title='bbox 476 2589 604 2635; x_wconf 74' lang='lat' dir='ltr'>vivis,·</span> <span class='ocrx_word' id='word_1_201' title='bbox 636 2593 673 2628; x_wconf 85' lang='lat' dir='ltr'>cl</span> <span class='ocrx_word' id='word_1_202' title='bbox 702 2590 904 2639; x_wconf 77' lang='lat' dir='ltr'>numquid</span> <span class='ocrx_word' id='word_1_203' title='bbox 920 2591 1018 2641; x_wconf 79' lang='lat' dir='ltr'>filiis</span> 
     </span>
     <span class='ocr_line' id='line_1_33' title="bbox 137 2650 1014 2703; baseline 0.001 -12"><span class='ocrx_word' id='word_1_204' title='bbox 137 2653 219 2692; x_wconf 81' lang='lat' dir='ltr'>tuis</span> <span class='ocrx_word' id='word_1_205' title='bbox 255 2650 432 2691; x_wconf 82' lang='lat' dir='ltr'>servas?</span> <span class='ocrx_word' id='word_1_206' title='bbox 478 2651 702 2703; x_wconf 90' lang='lat' dir='ltr'>Aristoph.</span> <span class='ocrx_word' id='word_1_207' title='bbox 737 2650 846 2691; x_wconf 86' lang='lat' dir='ltr'>Plut.</span> <span class='ocrx_word' id='word_1_208' title='bbox 883 2653 1014 2692; x_wconf 71' lang='lat'>4040:</span> 
     </span>
     <span class='ocr_line' id='line_1_34' title="bbox 139 2710 1019 2768; baseline 0.001 -14"><span class='ocrx_word' id='word_1_209' title='bbox 139 2715 181 2754; x_wconf 81' lang='grc' dir='ltr'>εἰ</span> <span class='ocrx_word' id='word_1_210' title='bbox 199 2712 507 2766; x_wconf 70' lang='grc' dir='ltr'>λυπουμένην</span> <span class='ocrx_word' id='word_1_211' title='bbox 527 2710 751 2753; x_wconf 72' lang='grc' dir='ltr'><em>αἴσθοιτό</em></span> <span class='ocrx_word' id='word_1_212' title='bbox 781 2726 865 2766; x_wconf 79' lang='grc' dir='ltr'>με,</span> <span class='ocrx_word' id='word_1_213' title='bbox 896 2715 1019 2768; x_wconf 85' lang='grc' dir='ltr'><em>Νητ-</em></span> 
     </span>
     <span class='ocr_line' id='line_1_35' title="bbox 138 2771 1018 2835; baseline 0.002 -19"><span class='ocrx_word' id='word_1_214' title='bbox 138 2773 304 2834; x_wconf 78' lang='grc' dir='ltr'><em>τάριον</em></span> <span class='ocrx_word' id='word_1_215' title='bbox 339 2771 403 2816; x_wconf 73' lang='grc' dir='ltr'>ἄν</span> <span class='ocrx_word' id='word_1_216' title='bbox 442 2777 522 2817; x_wconf 83' lang='grc' dir='ltr'>καὶ</span> <span class='ocrx_word' id='word_1_217' title='bbox 560 2773 765 2826; x_wconf 81' lang='grc' dir='ltr'><em>φάττιον</em></span> <span class='ocrx_word' id='word_1_218' title='bbox 795 2772 1018 2835; x_wconf 73' lang='grc' dir='ltr'><em>ὑπεκορί-</em></span> 
     </span>
     <span class='ocr_line' id='line_1_36' title="bbox 139 2838 1019 2889; baseline 0.003 -12"><span class='ocrx_word' id='word_1_219' title='bbox 139 2841 258 2889; x_wconf 83' lang='grc' dir='ltr'><em>ζετο.</em></span> <span class='ocrx_word' id='word_1_220' title='bbox 320 2838 457 2878; x_wconf 85' lang='lat' dir='ltr'>Plaut.</span> <span class='ocrx_word' id='word_1_221' title='bbox 482 2840 600 2879; x_wconf 83' lang='lat' dir='ltr'>Asin.</span> <span class='ocrx_word' id='word_1_222' title='bbox 635 2839 682 2887; x_wconf 86' lang='lat'>3,</span> <span class='ocrx_word' id='word_1_223' title='bbox 725 2840 769 2889; x_wconf 89' lang='grc'>3,</span> <span class='ocrx_word' id='word_1_224' title='bbox 813 2840 888 2880; x_wconf 85' lang='grc'>76;</span> <span class='ocrx_word' id='word_1_225' title='bbox 939 2841 1019 2880; x_wconf 79' lang='lat' dir='ltr'>Dic</span> 
     </span>
     <span class='ocr_line' id='line_1_37' title="bbox 136 2899 1014 2954; baseline 0.002 -14"><span class='ocrx_word' id='word_1_226' title='bbox 136 2902 268 2952; x_wconf 75' lang='lat' dir='ltr'>iyilur</span> <span class='ocrx_word' id='word_1_227' title='bbox 313 2912 378 2940; x_wconf 88' lang='lat' dir='ltr'>me</span> <span class='ocrx_word' id='word_1_228' title='bbox 425 2899 735 2951; x_wconf 75' lang='lat' dir='ltr'>passerculum,</span> <span class='ocrx_word' id='word_1_229' title='bbox 785 2903 1014 2954; x_wconf 62' lang='lat' dir='ltr'>gallinam,</span> 
     </span>
     <span class='ocr_line' id='line_1_38' title="bbox 137 2963 1017 3014; baseline 0.006 -13"><span class='ocrx_word' id='word_1_230' title='bbox 137 2963 412 3012; x_wconf 75' lang='lat' dir='ltr'>coturnice-m,</span> <span class='ocrx_word' id='word_1_231' title='bbox 443 2963 681 3014; x_wconf 79' lang='lat' dir='ltr'>A9nellum,</span> <span class='ocrx_word' id='word_1_232' title='bbox 712 2965 936 3005; x_wconf 74' lang='lat' dir='ltr'>haedillum</span> <span class='ocrx_word' id='word_1_233' title='bbox 953 2977 1017 3006; x_wconf 90' lang='lat' dir='ltr'>me</span> 
     </span>
     <span class='ocr_line' id='line_1_39' title="bbox 138 3024 1012 3067; baseline 0.003 -3"><span class='ocrx_word' id='word_1_234' title='bbox 138 3028 255 3064; x_wconf 74' lang='lat' dir='ltr'>tuum</span> <span class='ocrx_word' id='word_1_235' title='bbox 285 3024 350 3062; x_wconf 79' lang='lat' dir='ltr'>dic</span> <span class='ocrx_word' id='word_1_236' title='bbox 378 3034 458 3063; x_wconf 86' lang='lat' dir='ltr'>esse</span> <span class='ocrx_word' id='word_1_237' title='bbox 485 3025 550 3063; x_wconf 87' lang='lat' dir='ltr'>vel</span> <span class='ocrx_word' id='word_1_238' title='bbox 576 3026 771 3066; x_wconf 79' lang='lat' dir='ltr'>vitellum.</span> <span class='ocrx_word' id='word_1_239' title='bbox 832 3027 942 3067; x_wconf 91' lang='lat' dir='ltr'>Ibid.</span> <span class='ocrx_word' id='word_1_240' title='bbox 972 3040 1012 3067; x_wconf 69' lang='lat' dir='ltr'>v.</span> 
     </span>
     <span class='ocr_line' id='line_1_40' title="bbox 139 3086 1015 3139; baseline 0.006 -14"><span class='ocrx_word' id='word_1_241' title='bbox 139 3086 242 3125; x_wconf 73' lang='lat'>403:</span> <span class='ocrx_word' id='word_1_242' title='bbox 276 3086 355 3125; x_wconf 85' lang='lat' dir='ltr'>Dic</span> <span class='ocrx_word' id='word_1_243' title='bbox 385 3086 516 3136; x_wconf 65' lang='lat' dir='ltr'>igilur</span> <span class='ocrx_word' id='word_1_244' title='bbox 544 3098 608 3126; x_wconf 88' lang='lat' dir='ltr'>me</span> <span class='ocrx_word' id='word_1_245' title='bbox 637 3089 920 3139; x_wconf 78' lang='lat' dir='ltr'>anaticulam,</span> <span class='ocrx_word' id='word_1_246' title='bbox 952 3101 1015 3130; x_wconf 89' lang='lat' dir='ltr'>co-</span> 
     </span>
     <span class='ocr_line' id='line_1_41' title="bbox 137 3146 1014 3201; baseline 0.007 -15"><span class='ocrx_word' id='word_1_247' title='bbox 137 3146 321 3186; x_wconf 83' lang='lat' dir='ltr'>lumbam</span> <span class='ocrx_word' id='word_1_248' title='bbox 359 3147 422 3186; x_wconf 71' lang='lat' dir='ltr'>rel</span> <span class='ocrx_word' id='word_1_249' title='bbox 458 3148 674 3197; x_wconf 75' lang='lat' dir='ltr'>catellum,</span> <span class='ocrx_word' id='word_1_250' title='bbox 715 3150 1014 3201; x_wconf 83' lang='lat' dir='ltr'>Hirundinem,</span> 
     </span>
     <span class='ocr_line' id='line_1_42' title="bbox 135 3210 1011 3262; baseline 0.006 -13"><span class='ocrx_word' id='word_1_251' title='bbox 135 3210 422 3258; x_wconf 84' lang='lat' dir='ltr'>monedulam,</span> <span class='ocrx_word' id='word_1_252' title='bbox 457 3211 767 3260; x_wconf 78' lang='lat' dir='ltr'>passerculum,</span> <span class='ocrx_word' id='word_1_253' title='bbox 801 3214 1011 3262; x_wconf 72' lang='lat' dir='ltr'>pucillum.</span> 
     </span>
     <span class='ocr_line' id='line_1_43' title="bbox 139 3270 1013 3316; baseline 0.007 -6"><span class='ocrx_word' id='word_1_254' title='bbox 139 3272 252 3311; x_wconf 86' lang='lat' dir='ltr'>Voss</span> <span class='ocrx_word' id='word_1_255' title='bbox 282 3271 325 3310; x_wconf 89' lang='lat' dir='ltr'>h.</span> <span class='ocrx_word' id='word_1_256' title='bbox 348 3270 376 3310; x_wconf 94' lang='lat' dir='ltr'>l.</span> <span class='ocrx_word' id='word_1_257' title='bbox 412 3271 737 3311; x_wconf 77' lang='lat' dir='ltr'>Wieselchen.</span> <span class='ocrx_word' id='word_1_258' title='bbox 801 3275 1013 3316; x_wconf 87' lang='lat' dir='ltr'>Codicum</span> 
     </span>
     <span class='ocr_line' id='line_1_44' title="bbox 137 3331 1014 3384; baseline 0.006 -12"><span class='ocrx_word' id='word_1_259' title='bbox 137 3331 236 3384; x_wconf 85' lang='lat' dir='ltr'>aliq.</span> <span class='ocrx_word' id='word_1_260' title='bbox 260 3332 389 3373; x_wconf 87' lang='lat' dir='ltr'>lectio</span> <span class='ocrx_word' id='word_1_261' title='bbox 409 3334 538 3373; x_wconf 79' lang='lat' dir='ltr'>citelle</span> <span class='ocrx_word' id='word_1_262' title='bbox 558 3332 691 3372; x_wconf 90' lang='lat' dir='ltr'>tribui</span> <span class='ocrx_word' id='word_1_263' title='bbox 722 3334 858 3376; x_wconf 88' lang='lat' dir='ltr'>debet</span> <span class='ocrx_word' id='word_1_264' title='bbox 878 3335 1014 3377; x_wconf 87' lang='lat' dir='ltr'>libra-</span> 
     </span>
     <span class='ocr_line' id='line_1_45' title="bbox 136 3393 1013 3447; baseline 0.007 -14"><span class='ocrx_word' id='word_1_265' title='bbox 136 3394 211 3433; x_wconf 89' lang='lat' dir='ltr'>riis</span> <span class='ocrx_word' id='word_1_266' title='bbox 254 3393 395 3444; x_wconf 90' lang='lat' dir='ltr'>Italis,</span> <span class='ocrx_word' id='word_1_267' title='bbox 444 3394 644 3447; x_wconf 89' lang='lat' dir='ltr'>deceptis</span> <span class='ocrx_word' id='word_1_268' title='bbox 682 3396 748 3435; x_wconf 90' lang='lat' dir='ltr'>sui</span> <span class='ocrx_word' id='word_1_269' title='bbox 793 3399 1013 3439; x_wconf 89' lang='lat' dir='ltr'>sermonis</span> 
     </span>
     <span class='ocr_line' id='line_1_46' title="bbox 136 3455 1013 3508; baseline 0.006 -14"><span class='ocrx_word' id='word_1_270' title='bbox 136 3467 248 3496; x_wconf 77' lang='lat' dir='ltr'>voce</span> <span class='ocrx_word' id='word_1_271' title='bbox 276 3457 438 3505; x_wconf 58' lang='lat' dir='ltr'>medlo,</span> <span class='ocrx_word' id='word_1_272' title='bbox 471 3455 698 3508; x_wconf 89' lang='lat' dir='ltr'>puerulus.</span> <span class='ocrx_word' id='word_1_273' title='bbox 759 3456 867 3498; x_wconf 90' lang='lat' dir='ltr'>Illud</span> <span class='ocrx_word' id='word_1_274' title='bbox 897 3460 1013 3499; x_wconf 86' lang='lat' dir='ltr'>Lati-</span> 
     </span>
     <span class='ocr_line' id='line_1_47' title="bbox 136 3518 768 3560; baseline 0.003 -2"><span class='ocrx_word' id='word_1_275' title='bbox 136 3528 243 3559; x_wconf 89' lang='lat' dir='ltr'>num</span> <span class='ocrx_word' id='word_1_276' title='bbox 273 3529 360 3559; x_wconf 90' lang='lat' dir='ltr'>non</span> <span class='ocrx_word' id='word_1_277' title='bbox 391 3520 459 3559; x_wconf 86' lang='lat' dir='ltr'>est</span> <span class='ocrx_word' id='word_1_278' title='bbox 486 3518 768 3560; x_wconf 73' lang='lat' dir='ltr'>vocabulum.</span> 
     </span>
    </p>
   </div>
   <div class='ocr_carea' id='block_1_14' title="bbox 1075 1591 1968 3576">
    <p class='ocr_par' dir='ltr' id='par_1_14' title="bbox 1075 1591 1968 3576">
     <span class='ocr_line' id='line_1_48' title="bbox 1144 1591 1968 1646; baseline 0.004 -15"><span class='ocrx_word' id='word_1_279' title='bbox 1144 1591 1346 1632; x_wconf 65' lang='lat'>260-270.</span> <span class='ocrx_word' id='word_1_280' title='bbox 1380 1592 1469 1644; x_wconf 70' lang='lat' dir='ltr'>aqil</span> <span class='ocrx_word' id='word_1_281' title='bbox 1496 1592 1566 1632; x_wconf 84' lang='lat' dir='ltr'>ubi</span> <span class='ocrx_word' id='word_1_282' title='bbox 1594 1603 1732 1633; x_wconf 85' lang='lat' dir='ltr'>secum</span> <span class='ocrx_word' id='word_1_283' title='bbox 1752 1593 1856 1646; x_wconf 86' lang='lat' dir='ltr'>cet.]</span> <span class='ocrx_word' id='word_1_284' title='bbox 1887 1595 1968 1634; x_wconf 93' lang='lat' dir='ltr'>To-</span> 
     </span>
     <span class='ocr_line' id='line_1_49' title="bbox 1087 1652 1968 1706; baseline 0.003 -14"><span class='ocrx_word' id='word_1_285' title='bbox 1087 1654 1156 1693; x_wconf 89' lang='lat' dir='ltr'>tus</span> <span class='ocrx_word' id='word_1_286' title='bbox 1186 1654 1258 1693; x_wconf 89' lang='lat' dir='ltr'>hie</span> <span class='ocrx_word' id='word_1_287' title='bbox 1287 1652 1411 1694; x_wconf 91' lang='lat' dir='ltr'>locus</span> <span class='ocrx_word' id='word_1_288' title='bbox 1440 1665 1579 1706; x_wconf 87' lang='lat' dir='ltr'>prope</span> <span class='ocrx_word' id='word_1_289' title='bbox 1601 1654 1657 1694; x_wconf 87' lang='lat' dir='ltr'>ad</span> <span class='ocrx_word' id='word_1_290' title='bbox 1685 1654 1877 1695; x_wconf 83' lang='lat' dir='ltr'>verbum</span> <span class='ocrx_word' id='word_1_291' title='bbox 1898 1667 1968 1696; x_wconf 87' lang='lat' dir='ltr'>re-</span> 
     </span>
     <span class='ocr_line' id='line_1_50' title="bbox 1086 1716 1966 1767; baseline 0.003 -12"><span class='ocrx_word' id='word_1_292' title='bbox 1086 1716 1170 1755; x_wconf 86' lang='lat' dir='ltr'>fert</span> <span class='ocrx_word' id='word_1_293' title='bbox 1224 1717 1395 1767; x_wconf 79' lang='lat' dir='ltr'>primae</span> <span class='ocrx_word' id='word_1_294' title='bbox 1453 1717 1652 1757; x_wconf 87' lang='lat' dir='ltr'>Eunuchi</span> <span class='ocrx_word' id='word_1_295' title='bbox 1716 1719 1966 1758; x_wconf 87' lang='lat' dir='ltr'>Terentiani</span> 
     </span>
     <span class='ocr_line' id='line_1_51' title="bbox 1086 1779 1968 1830; baseline 0.005 -14"><span class='ocrx_word' id='word_1_296' title='bbox 1086 1788 1248 1817; x_wconf 87' lang='lat' dir='ltr'>scenae</span> <span class='ocrx_word' id='word_1_297' title='bbox 1279 1779 1452 1828; x_wconf 84' lang='lat' dir='ltr'>partem</span> <span class='ocrx_word' id='word_1_298' title='bbox 1483 1780 1699 1830; x_wconf 87' lang='lat' dir='ltr'>priorem,</span> <span class='ocrx_word' id='word_1_299' title='bbox 1734 1779 1807 1819; x_wconf 90' lang='lat' dir='ltr'>ubi</span> <span class='ocrx_word' id='word_1_300' title='bbox 1830 1781 1968 1820; x_wconf 88' lang='lat' dir='ltr'>Phae-</span> 
     </span>
     <span class='ocr_line' id='line_1_52' title="bbox 1087 1840 1966 1883; baseline 0.002 -3"><span class='ocrx_word' id='word_1_301' title='bbox 1087 1840 1180 1880; x_wconf 90' lang='lat' dir='ltr'>dria</span> <span class='ocrx_word' id='word_1_302' title='bbox 1210 1841 1382 1880; x_wconf 71' lang='lat' dir='ltr'>iuvenis</span> <span class='ocrx_word' id='word_1_303' title='bbox 1404 1852 1428 1879; x_wconf 87' lang='lat' dir='ltr'>a</span> <span class='ocrx_word' id='word_1_304' title='bbox 1449 1840 1613 1880; x_wconf 89' lang='lat' dir='ltr'>Thaide</span> <span class='ocrx_word' id='word_1_305' title='bbox 1636 1843 1870 1882; x_wconf 86' lang='lat' dir='ltr'>meretrice</span> <span class='ocrx_word' id='word_1_306' title='bbox 1890 1854 1966 1883; x_wconf 89' lang='lat' dir='ltr'>re-</span> 
     </span>
     <span class='ocr_line' id='line_1_53' title="bbox 1085 1903 1967 1954; baseline 0.003 -13"><span class='ocrx_word' id='word_1_307' title='bbox 1085 1905 1297 1942; x_wconf 70' lang='lat' dir='ltr'>vocatus:</span> <span class='ocrx_word' id='word_1_308' title='bbox 1352 1903 1459 1952; x_wconf 76' lang='lat' dir='ltr'>Quid</span> <span class='ocrx_word' id='word_1_309' title='bbox 1487 1903 1618 1954; x_wconf 63' lang='grc' dir='ltr'>ἱρέων</span> <span class='ocrx_word' id='word_1_310' title='bbox 1645 1903 1838 1954; x_wconf 81' lang='lat' dir='ltr'>faciam?</span> <span class='ocrx_word' id='word_1_311' title='bbox 1883 1916 1967 1944; x_wconf 79' lang='lat' dir='ltr'>uon</span> 
     </span>
     <span class='ocr_line' id='line_1_54' title="bbox 1086 1966 1967 2016; baseline 0.001 -10"><span class='ocrx_word' id='word_1_312' title='bbox 1086 1977 1202 2010; x_wconf 82' lang='lat' dir='ltr'>eam,</span> <span class='ocrx_word' id='word_1_313' title='bbox 1236 1976 1285 2004; x_wconf 82' lang='lat' dir='ltr'>ne</span> <span class='ocrx_word' id='word_1_314' title='bbox 1304 1976 1415 2004; x_wconf 78' lang='lat' dir='ltr'>nunc</span> <span class='ocrx_word' id='word_1_315' title='bbox 1436 1966 1623 2016; x_wconf 81' lang='lat' dir='ltr'>quidem,</span> <span class='ocrx_word' id='word_1_316' title='bbox 1658 1966 1760 2007; x_wconf 89' lang='lat' dir='ltr'>Cum</span> <span class='ocrx_word' id='word_1_317' title='bbox 1779 1978 1967 2008; x_wconf 86' lang='lat' dir='ltr'>arcessor</span> 
     </span>
     <span class='ocr_line' id='line_1_55' title="bbox 1083 2027 1963 2080; baseline 0.005 -14"><span class='ocrx_word' id='word_1_318' title='bbox 1083 2027 1229 2067; x_wconf 72' lang='lat' dir='ltr'>ultro?</span> <span class='ocrx_word' id='word_1_319' title='bbox 1267 2039 1321 2067; x_wconf 83' lang='lat' dir='ltr'>an</span> <span class='ocrx_word' id='word_1_320' title='bbox 1346 2029 1488 2078; x_wconf 76' lang='lat' dir='ltr'>polius</span> <span class='ocrx_word' id='word_1_321' title='bbox 1518 2029 1578 2068; x_wconf 85' lang='lat' dir='ltr'>ita</span> <span class='ocrx_word' id='word_1_322' title='bbox 1606 2041 1670 2069; x_wconf 88' lang='lat' dir='ltr'>me</span> <span class='ocrx_word' id='word_1_323' title='bbox 1699 2041 1963 2080; x_wconf 82' lang='lat' dir='ltr'>comparem,</span> 
     </span>
     <span class='ocr_line' id='line_1_56' title="bbox 1083 2091 1961 2140; baseline 0.002 -10"><span class='ocrx_word' id='word_1_324' title='bbox 1083 2092 1177 2130; x_wconf 79' lang='lat' dir='ltr'>Non</span> <span class='ocrx_word' id='word_1_325' title='bbox 1200 2091 1364 2140; x_wconf 77' lang='lat' dir='ltr'>perpeti</span> <span class='ocrx_word' id='word_1_326' title='bbox 1392 2092 1658 2131; x_wconf 75' lang='lat' dir='ltr'>meretricum</span> <span class='ocrx_word' id='word_1_327' title='bbox 1678 2093 1961 2132; x_wconf 75' lang='lat' dir='ltr'>contumelias.</span> 
     </span>
     <span class='ocr_line' id='line_1_57' title="bbox 1083 2154 1965 2205; baseline 0.005 -13"><span class='ocrx_word' id='word_1_328' title='bbox 1083 2154 1301 2201; x_wconf 56' lang='lat' dir='ltr'>Eaeclzlsioe</span> <span class='ocrx_word' id='word_1_329' title='bbox 1332 2159 1526 2194; x_wconf 79' lang='lat' dir='ltr'>revocat:</span> <span class='ocrx_word' id='word_1_330' title='bbox 1556 2156 1759 2196; x_wconf 80' lang='lat' dir='ltr'>redeam?</span> <span class='ocrx_word' id='word_1_331' title='bbox 1797 2168 1899 2205; x_wconf 83' lang='lat' dir='ltr'>non,</span> <span class='ocrx_word' id='word_1_332' title='bbox 1931 2157 1965 2196; x_wconf 72' lang='lat' dir='ltr'>si</span> 
     </span>
     <span class='ocr_line' id='line_1_58' title="bbox 1082 2216 1964 2259; baseline 0.005 -4"><span class='ocrx_word' id='word_1_333' title='bbox 1082 2227 1148 2256; x_wconf 88' lang='lat' dir='ltr'>me</span> <span class='ocrx_word' id='word_1_334' title='bbox 1176 2216 1367 2256; x_wconf 73' lang='lat' dir='ltr'>obsecret.</span> <span class='ocrx_word' id='word_1_335' title='bbox 1420 2218 1650 2258; x_wconf 81' lang='lat' dir='ltr'>Horatium</span> <span class='ocrx_word' id='word_1_336' title='bbox 1681 2220 1828 2259; x_wconf 88' lang='lat' dir='ltr'>autem</span> <span class='ocrx_word' id='word_1_337' title='bbox 1864 2219 1964 2258; x_wconf 90' lang='lat' dir='ltr'>imi—</span> 
     </span>
     <span class='ocr_line' id='line_1_59' title="bbox 1083 2278 1964 2327; baseline 0.003 -9"><span class='ocrx_word' id='word_1_338' title='bbox 1083 2280 1198 2319; x_wconf 89' lang='lat' dir='ltr'>tatus</span> <span class='ocrx_word' id='word_1_339' title='bbox 1231 2281 1317 2327; x_wconf 90' lang='lat' dir='ltr'>est,</span> <span class='ocrx_word' id='word_1_340' title='bbox 1366 2278 1564 2320; x_wconf 87' lang='lat' dir='ltr'>consulto</span> <span class='ocrx_word' id='word_1_341' title='bbox 1596 2282 1745 2321; x_wconf 85' lang='lat' dir='ltr'>tamen</span> <span class='ocrx_word' id='word_1_342' title='bbox 1782 2282 1964 2322; x_wconf 86' lang='lat' dir='ltr'>Menan-</span> 
     </span>
     <span class='ocr_line' id='line_1_60' title="bbox 1085 2341 1960 2394; baseline 0.005 -15"><span class='ocrx_word' id='word_1_343' title='bbox 1085 2341 1188 2390; x_wconf 91' lang='lat' dir='ltr'>dro,</span> <span class='ocrx_word' id='word_1_344' title='bbox 1228 2342 1406 2382; x_wconf 87' lang='lat' dir='ltr'>Persius</span> <span class='ocrx_word' id='word_1_345' title='bbox 1439 2343 1525 2381; x_wconf 88' lang='lat' dir='ltr'>Sat.</span> <span class='ocrx_word' id='word_1_346' title='bbox 1557 2344 1604 2388; x_wconf 86' lang='grc'>5,</span> <span class='ocrx_word' id='word_1_347' title='bbox 1640 2343 1710 2382; x_wconf 74' lang='grc'>461</span> <span class='ocrx_word' id='word_1_348' title='bbox 1749 2354 1877 2394; x_wconf 87' lang='lat' dir='ltr'>seqq.</span> <span class='ocrx_word' id='word_1_349' title='bbox 1913 2365 1960 2371; x_wconf 96' lang='lat'><strong>—</strong></span> 
     </span>
     <span class='ocr_line' id='line_1_61' title="bbox 1083 2402 1962 2456; baseline 0.005 -16"><span class='ocrx_word' id='word_1_350' title='bbox 1083 2402 1183 2453; x_wconf 66' lang='lat' dir='ltr'>aqu]</span> <span class='ocrx_word' id='word_1_351' title='bbox 1228 2403 1292 2442; x_wconf 91' lang='lat' dir='ltr'>De</span> <span class='ocrx_word' id='word_1_352' title='bbox 1328 2402 1480 2442; x_wconf 90' lang='lat' dir='ltr'>ultima</span> <span class='ocrx_word' id='word_1_353' title='bbox 1525 2403 1696 2454; x_wconf 84' lang='lat' dir='ltr'>syllaba</span> <span class='ocrx_word' id='word_1_354' title='bbox 1743 2404 1962 2456; x_wconf 89' lang='lat' dir='ltr'>producta</span> 
     </span>
     <span class='ocr_line' id='line_1_62' title="bbox 1081 2463 1958 2518; baseline 0.003 -16"><span class='ocrx_word' id='word_1_355' title='bbox 1081 2463 1168 2502; x_wconf 66' lang='lat' dir='ltr'>vid.</span> <span class='ocrx_word' id='word_1_356' title='bbox 1203 2465 1290 2503; x_wconf 88' lang='lat' dir='ltr'>Sat.</span> <span class='ocrx_word' id='word_1_357' title='bbox 1328 2465 1376 2512; x_wconf 71' lang='lat'>2,</span> <span class='ocrx_word' id='word_1_358' title='bbox 1424 2465 1473 2514; x_wconf 73' lang='lat'>2,</span> <span class='ocrx_word' id='word_1_359' title='bbox 1519 2464 1587 2505; x_wconf 76' lang='lat'>47.</span> <span class='ocrx_word' id='word_1_360' title='bbox 1625 2487 1669 2493; x_wconf 84' lang='lat'>——-</span> <span class='ocrx_word' id='word_1_361' title='bbox 1707 2467 1791 2505; x_wconf 88' lang='lat' dir='ltr'>Nec</span> <span class='ocrx_word' id='word_1_362' title='bbox 1835 2467 1958 2518; x_wconf 80' lang='lat' dir='ltr'>nunc]</span> 
     </span>
     <span class='ocr_line' id='line_1_63' title="bbox 1083 2527 1962 2576; baseline 0.005 -12"><span class='ocrx_word' id='word_1_363' title='bbox 1083 2527 1151 2564; x_wconf 88' lang='lat' dir='ltr'>Sic</span> <span class='ocrx_word' id='word_1_364' title='bbox 1183 2537 1285 2565; x_wconf 90' lang='lat' dir='ltr'>eum</span> <span class='ocrx_word' id='word_1_365' title='bbox 1315 2527 1515 2576; x_wconf 65' lang='lat' dir='ltr'>graviore</span> <span class='ocrx_word' id='word_1_366' title='bbox 1539 2527 1678 2567; x_wconf 91' lang='lat' dir='ltr'>Codd.</span> <span class='ocrx_word' id='word_1_367' title='bbox 1702 2529 1962 2569; x_wconf 88' lang='lat' dir='ltr'>auctoritate</span> 
     </span>
     <span class='ocr_line' id='line_1_64' title="bbox 1082 2587 1963 2640; baseline 0.005 -14"><span class='ocrx_word' id='word_1_368' title='bbox 1082 2587 1306 2639; x_wconf 90' lang='lat' dir='ltr'>plerique,</span> <span class='ocrx_word' id='word_1_369' title='bbox 1356 2588 1489 2628; x_wconf 86' lang='lat' dir='ltr'>etiam</span> <span class='ocrx_word' id='word_1_370' title='bbox 1519 2600 1662 2640; x_wconf 88' lang='lat' dir='ltr'>nuper</span> <span class='ocrx_word' id='word_1_371' title='bbox 1690 2590 1818 2639; x_wconf 86' lang='lat' dir='ltr'>Iahn,</span> <span class='ocrx_word' id='word_1_372' title='bbox 1866 2590 1963 2630; x_wconf 91' lang='lat' dir='ltr'>edi-</span> 
     </span>
     <span class='ocr_line' id='line_1_65' title="bbox 1082 2651 1961 2701; baseline 0.003 -10"><span class='ocrx_word' id='word_1_373' title='bbox 1082 2651 1243 2691; x_wconf 88' lang='lat' dir='ltr'>derunt</span> <span class='ocrx_word' id='word_1_374' title='bbox 1273 2652 1373 2701; x_wconf 90' lang='lat' dir='ltr'>post</span> <span class='ocrx_word' id='word_1_375' title='bbox 1403 2662 1476 2700; x_wconf 90' lang='lat' dir='ltr'>ea,</span> <span class='ocrx_word' id='word_1_376' title='bbox 1520 2662 1635 2701; x_wconf 87' lang='lat' dir='ltr'>quae</span> <span class='ocrx_word' id='word_1_377' title='bbox 1666 2653 1961 2694; x_wconf 85' lang='lat' dir='ltr'>scientissime</span> 
     </span>
     <span class='ocr_line' id='line_1_66' title="bbox 1082 2713 1956 2764; baseline 0.003 -12"><span class='ocrx_word' id='word_1_378' title='bbox 1082 2713 1322 2764; x_wconf 84' lang='lat' dir='ltr'>disputavit</span> <span class='ocrx_word' id='word_1_379' title='bbox 1371 2713 1613 2764; x_wconf 83' lang='lat' dir='ltr'>Madvigius</span> <span class='ocrx_word' id='word_1_380' title='bbox 1658 2714 1714 2754; x_wconf 92' lang='lat' dir='ltr'>ad</span> <span class='ocrx_word' id='word_1_381' title='bbox 1761 2715 1850 2755; x_wconf 89' lang='lat' dir='ltr'>Cic.</span> <span class='ocrx_word' id='word_1_382' title='bbox 1900 2714 1956 2755; x_wconf 89' lang='lat' dir='ltr'>de</span> 
     </span>
     <span class='ocr_line' id='line_1_67' title="bbox 1082 2775 1962 2828; baseline 0.001 -12"><span class='ocrx_word' id='word_1_383' title='bbox 1082 2777 1202 2816; x_wconf 90' lang='lat' dir='ltr'>Finn.</span> <span class='ocrx_word' id='word_1_384' title='bbox 1236 2786 1279 2826; x_wconf 93' lang='lat' dir='ltr'>p.</span> <span class='ocrx_word' id='word_1_385' title='bbox 1319 2775 1371 2815; x_wconf 77' lang='lat'>82</span> <span class='ocrx_word' id='word_1_386' title='bbox 1410 2785 1478 2826; x_wconf 88' lang='lat' dir='ltr'>sq.</span> <span class='ocrx_word' id='word_1_387' title='bbox 1521 2777 1565 2815; x_wconf 88' lang='lat' dir='ltr'>et</span> <span class='ocrx_word' id='word_1_388' title='bbox 1603 2776 1682 2816; x_wconf 78' lang='lat'>822</span> <span class='ocrx_word' id='word_1_389' title='bbox 1721 2788 1839 2828; x_wconf 81' lang='lat' dir='ltr'>sqq,</span> <span class='ocrx_word' id='word_1_390' title='bbox 1886 2776 1962 2817; x_wconf 88' lang='lat' dir='ltr'>ubi</span> 
     </span>
     <span class='ocr_line' id='line_1_68' title="bbox 1082 2839 1961 2890; baseline 0.003 -12"><span class='ocrx_word' id='word_1_391' title='bbox 1082 2839 1249 2887; x_wconf 85' lang='lat' dir='ltr'>omnia,</span> <span class='ocrx_word' id='word_1_392' title='bbox 1284 2849 1398 2890; x_wconf 86' lang='lat' dir='ltr'>quae</span> <span class='ocrx_word' id='word_1_393' title='bbox 1423 2839 1509 2878; x_wconf 91' lang='lat' dir='ltr'>hue</span> <span class='ocrx_word' id='word_1_394' title='bbox 1540 2840 1783 2890; x_wconf 88' lang='lat' dir='ltr'>pertinent,</span> <span class='ocrx_word' id='word_1_395' title='bbox 1816 2839 1961 2881; x_wconf 87' lang='lat' dir='ltr'>lucide</span> 
     </span>
     <span class='ocr_line' id='line_1_69' title="bbox 1081 2902 1962 2953; baseline 0.005 -13"><span class='ocrx_word' id='word_1_396' title='bbox 1081 2902 1281 2953; x_wconf 88' lang='lat' dir='ltr'>reperies</span> <span class='ocrx_word' id='word_1_397' title='bbox 1341 2902 1553 2952; x_wconf 86' lang='lat' dir='ltr'>exposita.</span> <span class='ocrx_word' id='word_1_398' title='bbox 1642 2903 1720 2942; x_wconf 90' lang='lat' dir='ltr'>Hic</span> <span class='ocrx_word' id='word_1_399' title='bbox 1779 2904 1962 2953; x_wconf 88' lang='lat' dir='ltr'>quidem</span> 
     </span>
     <span class='ocr_line' id='line_1_70' title="bbox 1079 2964 1961 3016; baseline 0.003 -13"><span class='ocrx_word' id='word_1_400' title='bbox 1079 2965 1208 3004; x_wconf 90' lang='lat' dir='ltr'>unice</span> <span class='ocrx_word' id='word_1_401' title='bbox 1252 2965 1436 3015; x_wconf 89' lang='lat' dir='ltr'>propter</span> <span class='ocrx_word' id='word_1_402' title='bbox 1475 2964 1727 3016; x_wconf 87' lang='lat' dir='ltr'>euphonian</span> <span class='ocrx_word' id='word_1_403' title='bbox 1764 2965 1961 3006; x_wconf 84' lang='lat' dir='ltr'>nonnulli</span> 
     </span>
     <span class='ocr_line' id='line_1_71' title="bbox 1078 3026 1959 3078; baseline 0.003 -12"><span class='ocrx_word' id='word_1_404' title='bbox 1078 3026 1342 3078; x_wconf 89' lang='lat' dir='ltr'>praetulisse</span> <span class='ocrx_word' id='word_1_405' title='bbox 1373 3027 1580 3067; x_wconf 86' lang='lat' dir='ltr'>videntur</span> <span class='ocrx_word' id='word_1_406' title='bbox 1599 3039 1650 3067; x_wconf 79' lang='lat' dir='ltr'>ne</span> <span class='ocrx_word' id='word_1_407' title='bbox 1668 3039 1779 3068; x_wconf 74' lang='lat' dir='ltr'>nunc</span> <span class='ocrx_word' id='word_1_408' title='bbox 1799 3030 1959 3069; x_wconf 88' lang='lat' dir='ltr'>veriori</span> 
     </span>
     <span class='ocr_line' id='line_1_72' title="bbox 1079 3089 1958 3138; baseline 0.001 -9"><span class='ocrx_word' id='word_1_409' title='bbox 1079 3089 1279 3138; x_wconf 87' lang='lat' dir='ltr'>lectioni,</span> <span class='ocrx_word' id='word_1_410' title='bbox 1324 3090 1368 3128; x_wconf 90' lang='lat' dir='ltr'>et</span> <span class='ocrx_word' id='word_1_411' title='bbox 1405 3090 1448 3128; x_wconf 91' lang='lat' dir='ltr'>in</span> <span class='ocrx_word' id='word_1_412' title='bbox 1480 3090 1687 3129; x_wconf 87' lang='lat' dir='ltr'>Persiana</span> <span class='ocrx_word' id='word_1_413' title='bbox 1718 3091 1958 3130; x_wconf 87' lang='lat' dir='ltr'>imitatione</span> 
     </span>
     <span class='ocr_line' id='line_1_73' title="bbox 1079 3150 1963 3203; baseline 0 -12"><span class='ocrx_word' id='word_1_414' title='bbox 1079 3153 1122 3201; x_wconf 82' lang='lat'>5,</span> <span class='ocrx_word' id='word_1_415' title='bbox 1158 3153 1234 3191; x_wconf 73' lang='lat'>472</span> <span class='ocrx_word' id='word_1_416' title='bbox 1267 3150 1496 3203; x_wconf 83' lang='lat' dir='ltr'>(Quidnam</span> <span class='ocrx_word' id='word_1_417' title='bbox 1524 3152 1655 3202; x_wconf 65' lang='lat' dir='ltr'>igitur</span> <span class='ocrx_word' id='word_1_418' title='bbox 1682 3151 1874 3202; x_wconf 76' lang='lat' dir='ltr'>faciam?</span> <span class='ocrx_word' id='word_1_419' title='bbox 1910 3163 1963 3192; x_wconf 79' lang='lat' dir='ltr'>ue</span> 
     </span>
     <span class='ocr_line' id='line_1_74' title="bbox 1077 3214 1960 3264; baseline 0 -11"><span class='ocrx_word' id='word_1_420' title='bbox 1077 3225 1206 3263; x_wconf 77' lang='lat' dir='ltr'>nunc,</span> <span class='ocrx_word' id='word_1_421' title='bbox 1246 3225 1341 3253; x_wconf 88' lang='lat' dir='ltr'>cum</span> <span class='ocrx_word' id='word_1_422' title='bbox 1370 3217 1554 3253; x_wconf 77' lang='lat' dir='ltr'>arcessat</span> <span class='ocrx_word' id='word_1_423' title='bbox 1582 3217 1620 3253; x_wconf 83' lang='lat' dir='ltr'>el</span> <span class='ocrx_word' id='word_1_424' title='bbox 1647 3214 1758 3253; x_wconf 73' lang='lat' dir='ltr'>ultro</span> <span class='ocrx_word' id='word_1_425' title='bbox 1788 3214 1960 3264; x_wconf 80' lang='lat' dir='ltr'>Suppli-</span> 
     </span>
     <span class='ocr_line' id='line_1_75' title="bbox 1078 3274 1960 3326; baseline -0.001 -12"><span class='ocrx_word' id='word_1_426' title='bbox 1078 3279 1159 3324; x_wconf 77' lang='lat' dir='ltr'>cel,</span> <span class='ocrx_word' id='word_1_427' title='bbox 1192 3276 1390 3314; x_wconf 87' lang='lat' dir='ltr'>accedam</span> <span class='ocrx_word' id='word_1_428' title='bbox 1401 3274 1438 3326; x_wconf 70' lang='lat' dir='ltr'>P)</span> <span class='ocrx_word' id='word_1_429' title='bbox 1459 3276 1504 3314; x_wconf 92' lang='lat' dir='ltr'>in</span> <span class='ocrx_word' id='word_1_430' title='bbox 1526 3274 1664 3315; x_wconf 92' lang='lat' dir='ltr'>Codd.</span> <span class='ocrx_word' id='word_1_431' title='bbox 1690 3276 1800 3315; x_wconf 90' lang='lat' dir='ltr'>meis</span> <span class='ocrx_word' id='word_1_432' title='bbox 1821 3276 1960 3314; x_wconf 92' lang='lat' dir='ltr'>omni-</span> 
     </span>
     <span class='ocr_line' id='line_1_76' title="bbox 1077 3337 1953 3387; baseline -0.001 -11"><span class='ocrx_word' id='word_1_433' title='bbox 1077 3337 1163 3377; x_wconf 89' lang='lat' dir='ltr'>bus</span> <span class='ocrx_word' id='word_1_434' title='bbox 1209 3339 1275 3378; x_wconf 89' lang='lat' dir='ltr'>est</span> <span class='ocrx_word' id='word_1_435' title='bbox 1322 3349 1396 3377; x_wconf 80' lang='lat' dir='ltr'>uec</span> <span class='ocrx_word' id='word_1_436' title='bbox 1437 3349 1571 3387; x_wconf 77' lang='lat' dir='ltr'>nunc,</span> <span class='ocrx_word' id='word_1_437' title='bbox 1624 3338 1705 3377; x_wconf 90' lang='lat' dir='ltr'>etsi</span> <span class='ocrx_word' id='word_1_438' title='bbox 1754 3337 1953 3383; x_wconf 84' lang='lat' dir='ltr'>Reizius,</span> 
     </span>
     <span class='ocr_line' id='line_1_77' title="bbox 1075 3398 1954 3449; baseline -0.002 -11"><span class='ocrx_word' id='word_1_439' title='bbox 1075 3399 1336 3449; x_wconf 88' lang='lat' dir='ltr'>Achaintre‚</span> <span class='ocrx_word' id='word_1_440' title='bbox 1370 3402 1564 3449; x_wconf 87' lang='lat' dir='ltr'>Passow‚</span> <span class='ocrx_word' id='word_1_441' title='bbox 1597 3398 1744 3446; x_wconf 89' lang='lat' dir='ltr'>Plum,</span> <span class='ocrx_word' id='word_1_442' title='bbox 1775 3398 1820 3437; x_wconf 92' lang='grc' dir='ltr'>Ο.</span> <span class='ocrx_word' id='word_1_443' title='bbox 1843 3398 1954 3437; x_wconf 90' lang='lat' dir='ltr'>Jahn</span> 
     </span>
     <span class='ocr_line' id='line_1_78' title="bbox 1077 3459 1956 3511; baseline -0.001 -11"><span class='ocrx_word' id='word_1_444' title='bbox 1077 3461 1311 3501; x_wconf 88' lang='lat' dir='ltr'>ediderunt</span> <span class='ocrx_word' id='word_1_445' title='bbox 1352 3473 1402 3502; x_wconf 81' lang='lat' dir='ltr'>ue</span> <span class='ocrx_word' id='word_1_446' title='bbox 1441 3473 1565 3501; x_wconf 80' lang='lat' dir='ltr'>nunc.</span> <span class='ocrx_word' id='word_1_447' title='bbox 1603 3483 1647 3489; x_wconf 86' lang='lat'>-</span> <span class='ocrx_word' id='word_1_448' title='bbox 1687 3459 1821 3511; x_wconf 82' lang='lat' dir='ltr'>vocat]</span> <span class='ocrx_word' id='word_1_449' title='bbox 1863 3460 1956 3500; x_wconf 82' lang='lat' dir='ltr'>Ma-</span> 
     </span>
     <span class='ocr_line' id='line_1_79' title="bbox 1076 3521 1959 3576; baseline -0.001 -14"><span class='ocrx_word' id='word_1_450' title='bbox 1076 3522 1234 3563; x_wconf 84' lang='lat' dir='ltr'>nifesto</span> <span class='ocrx_word' id='word_1_451' title='bbox 1274 3523 1330 3563; x_wconf 88' lang='lat' dir='ltr'>ad</span> <span class='ocrx_word' id='word_1_452' title='bbox 1370 3525 1548 3576; x_wconf 88' lang='lat' dir='ltr'>tempus</span> <span class='ocrx_word' id='word_1_453' title='bbox 1586 3521 1797 3571; x_wconf 84' lang='lat' dir='ltr'>refertur,</span> <span class='ocrx_word' id='word_1_454' title='bbox 1850 3530 1959 3573; x_wconf 91' lang='lat' dir='ltr'>quo-</span> 
     </span>
    </p>
   </div>
  </div>
 </body>
</html>
