2231 3787
242 281 342 332 644

847 276 1060 315 llORATll
1093 272 1465 313 EPISTOLARUM

864 699 1308 752 ErlsmoLA
1347 699 1443 748 11.

315 824 491 883 Flore,
535 821 677 874 bono
717 817 972 885 claroque
1013 811 1187 865 fidelis
1227 809 1397 864 amice
1437 808 1659 870 Neroni,

314 928 368 980 Si
409 924 529 996 quis
568 922 700 974 forte
743 917 868 971 velit
904 932 1136 987 puerum
1173 912 1267 966 tibi
1308 911 1547 966 vendere
1587 918 1771 963 natum

297 1157 350 1199 ll.
399 1153 730 1193 «Excusaturus
775 1158 822 1187 se
863 1144 968 1184 Iulio
1001 1142 1127 1183 Floro

248 1220 316 1270 (ci.
341 1217 476 1268 Epist.
504 1216 542 1262 1,
566 1213 647 1261 3.),
681 1209 801 1262 quod
832 1206 936 1248 nihil
967 1205 1130 1246 littera-

245 1291 346 1321 rum
377 1288 523 1328 neque
556 1275 805 1314 carminum
837 1270 893 1310 ad
925 1280 1028 1309 eum
1051 1269 1131 1308 mi-

247 1344 373 1390 serit,
419 1340 616 1392 primum
657 1334 803 1386 lepida
845 1330 1128 1373 similitudine

246 1404 481 1457 significat,
507 1412 553 1441 se
577 1398 681 1439 nihil
701 1395 1003 1449 proficiscenti
1024 1394 1132 1433 31111-

248 1480 300 1509 00
330 1465 613 1519 promisisse,
646 1462 784 1500 immo
806 1469 934 1499 suam
954 1458 997 1496 in
1019 1457 1130 1496 scri-

246 1528 397 1570 bendo
422 1525 642 1579 pigritiam
668 1524 856 1572 ingenue
879 1519 1130 1571 professum

249 1603 348 1632 esse
382 1592 467 1640 (VV.
494 1586 645 1636 ⁴³25).
683 1587 747 1625 De
780 1581 1050 1623 carminibus
1070 1581 1132 1619 ri-

249 1656 360 1695 dens
390 1649 656 1703 respondet,
704 1658 751 1687 se
784 1645 1013 1698 quondam
1043 1655 1130 1682 non

248 1717 332 1756 nisi
363 1713 625 1766 paupertate
649 1710 703 1749 ad
723 1719 881 1749 versus
903 1707 1130 1748 faciendos

250 1779 471 1825 adactum,
496 1784 615 1813 nunc
637 1772 820 1823 quidem
840 1769 1024 1810 meliore
1047 1769 1134 1809 for-

250 1846 355 1881 tuna
398 1838 598 1877 utentem
644 1834 827 1874 beatum
877 1834 1016 1872 otium
1064 1832 1132 1871 1115

249 1900 478 1943 laboribus
516 1897 644 1947 longe
679 1895 906 1946 praeferre
941 1895 1023 1944 (vv.
1054 1895 1133 1932 625-

250 1964 360 2014 541.
395 1959 556 2001 deinde
589 1958 704 1998 serio
736 1958 917 1996 excusat
939 1957 1132 1995 aetatem

251 2036 402 2072 suam,
426 2023 678 2073 importuna
699 2018 916 2058 lectorum
943 2017 1129 2065 fastidia,

249 2088 447 2128 urbanae
491 2084 607 2122 vitae
646 2081 966 2132 impedimenta
998 2082 1131 2130 atque

248 2150 404 2191 turbas
436 2149 518 2197 (vv,
548 2144 731 2193 35-86.)‚
766 2145 809 2182 et
839 2141 1053 2192 significat
1084 2152 1131 2181 se

248 2215 509 2266 pertaesum
545 2218 644 2247 esse
684 2209 828 2245 omnis
870 2205 999 2244 huius
1031 2215 1133 2244 car-

250 2276 423 2317 minum
451 2269 792 2324 pangendorum
822 2267 955 2307 studii
987 2266 1043 2306 ob
1066 2267 1134 2306 in-

251 2340 376 2390 eptos
409 2347 461 2375 ac
492 2331 688 2374 misellos
719 2332 783 2370 tot
811 2331 1046 2381 poetarum
1066 2329 1134 2369 sui

251 2399 465 2452 temporis
497 2396 554 2436 ad
584 2395 781 2435 favorem
813 2393 1046 2431 hominum
1067 2393 1134 2431 at-

252 2474 338 2515 que
382 2461 562 2501 laudem
609 2455 878 2508 captandam
918 2453 1132 2494 tumultus

252 2536 355 2566 cum
385 2523 606 2573 legitimae
639 2520 742 2559 artis
773 2518 1044 2569 ignorantia,
1078 2517 1134 2557 51-

251 2586 433 2637 mulque
465 2584 638 2624 saniora
675 2580 897 2633 quaedam
930 2582 972 2619 et
1002 2589 1134 2619 seve-

250 2652 365 2690 riora
422 2648 527 2687 artis
570 2646 810 2697 praecepta
853 2644 905 2683 iis
950 2642 1134 2694 opponit

254 2714 338 2764 (vv.
372 2708 600 2757 87-140.).
657 2708 886 2746 Postremo
918 2705 1128 2753 studium,

253 2774 375 2826 quod
396 2776 487 2812 tam
508 2771 766 2821 frequenter
785 2769 828 2807 in
848 2768 916 2808 his
936 2765 1132 2818 epistolis

252 2836 507 2888 profitetur,
548 2833 790 2884 sapientiae
826 2831 1030 2879 excusat,
1063 2829 1133 2869 cui

255 2909 373 2938 nunc
398 2896 561 2936 relictis
581 2904 794 2934 versuum
815 2892 984 2933 lusibus
1005 2893 1135 2932 unice

257 2960 432 3001 deditus
465 2958 541 3005 sit,
583 2959 715 3007 atque
747 2967 882 2995 aurea
913 2954 1135 3006 quaedam

258 3032 394 3063 sanae
437 3019 617 3058 rationis
657 3019 895 3069 praecepta
924 3017 1010 3056 hoc
1039 3017 1136 3067 ipso

258 3083 403 3126 studio
448 3080 530 3121 sibi
573 3081 829 3130 comparata
860 3090 963 3119 cum
993 3079 1137 3118 amico

261 3144 562 3187 communicat
606 3143 689 3193 (vv.
724 3141 817 3182 141.
852 3142 908 3181 ad
938 3141 1137 3191 finem).»

262 3211 384 3250 Zeti..
417 3208 480 3247 De
505 3206 634 3245 huius
653 3202 861 3255 epistolae
881 3202 1062 3243 consilio
1084 3203 1137 3243 cf.

265 3273 399 3312 etiam
427 3267 722 3309 Walckenaer
741 3267 791 3304 ΙΙ.
825 3277 868 3316 p.
893 3264 987 3305 429.
1022 3266 1141 3306 Scri-

265 3336 338 3386 pta
370 3331 545 3372 videtur
572 3328 814 3369 Kirchnero
846 3338 883 3366 a.
915 3339 958 3366 u.
983 3339 1020 3368 0.
1046 3327 1139 3368 743.

326 3395 414 3434 1-6.
457 3394 577 3433 Flore
598 3391 700 3440 cet]
732 3391 795 3430 De
817 3388 942 3429 Floro
963 3401 1005 3429 v.
1031 3391 1139 3442 Epp.

275 3460 285 3497 1
308 3490 315 3506 ,
340 3456 378 3496 3.
413 3454 717 3504 Dillenburger
748 3451 804 3491 ad
834 3452 942 3503 Epp.
969 3453 1006 3499 1,
1031 3453 1069 3501 9,
1094 3452 1140 3492 4:

1194 1138 1304 1180 stola
1325 1140 1505 1179 sermoni
1516 1139 1718 1189 propiore
1738 1136 2073 1189 reprehenden-

1194 1203 1277 1242 dus
1316 1214 1403 1241 non
1442 1204 1523 1242 est.
1576 1199 1746 1240 Similes
1777 1201 1880 1240 sunt
1908 1200 1998 1240 Sat.
2030 1201 2069 1248 1,

1193 1268 1240 1315 2,
1274 1266 1340 1306 39.
1378 1266 1421 1314 1,
1446 1266 1485 1315 8,
1510 1265 1548 1305 9.
1583 1265 1648 1304 17.
1681 1264 1746 1304 36.
1769 1264 1837 1303 50.
1869 1264 1914 1312 2,
1938 1264 1977 1313 8,
2003 1264 2069 1303 4⁶2.

1194 1329 1328 1380 Epist.
1355 1331 1398 1376 1,
1423 1329 1469 1375 5,
1494 1329 1560 1368 27.
1597 1328 1636 1375 1,
1663 1327 1728 1376 16,
1752 1327 1820 1366 20.
1853 1327 1901 1375 2,
1924 1327 1972 1375 2,
2003 1326 2071 1366 1.»

1198 1413 1242 1419 —-
1276 1390 1393 1442 bono]
1440 1391 1503 1430 De
1540 1389 1747 1429 laudibus
1787 1389 1849 1429 Ti.
1891 1387 2073 1429 Claudio

1194 1454 1357 1494 Neroni
1384 1454 1534 1493 iuveni
1562 1453 1796 1504 impertitis
1824 1464 1866 1492 v.
1897 1453 2008 1504 Epp.
2032 1453 2070 1500 1,

1195 1516 1233 1555 9.
1264 1516 1354 1556 init.
1382 1537 1426 1543 —
1460 1516 1506 1555 Si
1535 1516 1628 1564 quis
1657 1515 1760 1565 cet]
1795 1517 1913 1554 «Non
1935 1515 2074 1566 magis

1192 1580 1314 1617 10010
1347 1580 1393 1617 111
1422 1589 1603 1618 mecum
1624 1578 1716 1628 agis
1740 1578 1962 1629 pigritiam
1984 1588 2076 1616 me-

1195 1652 1269 1680 am
1311 1641 1673 1693 reprehendens,
1721 1651 1856 1692 quam
1901 1641 1936 1680 si
1977 1640 2075 1690 quis

1196 1706 1346 1755 empto
1394 1714 1534 1754 puero
1580 1704 1789 1754 mangoni
1830 1696 1954 1742 litem
1992 1713 2076 1753 po-

1196 1770 1289 1807 stea
1310 1768 1527 1814 moveret,
1553 1766 1754 1817 quamvis
1784 1766 1855 1805 1110
1888 1765 2078 1816 emptori

1196 1830 1345 1869 omnia
1374 1830 1584 1880 mancipii
1616 1830 1719 1868 vitia
1750 1828 2074 1879 exposuisset.»

1198 1892 1260 1932 Cf.
1283 1894 1371 1932 Cic.
1393 1892 1448 1931 de
1471 1893 1578 1942 Rep.
1600 1891 1644 1939 3,
1671 1891 1746 1930 49:
1780 1892 1918 1930 Bonus
1931 1891 2019 1941 vir,
2043 1892 2078 1931 si

1195 1955 1343 1994 habeat
1361 1965 1526 1994 servum
1543 1954 1788 2005 fuyitivum,
1806 1976 1829 1982 -
1845 1958 2078 1994 -utrumne

1190 2017 1453 2069 profitebitur
1494 2017 1718 2068 fuyz‘civum
1753 2027 1918 2056 servum
1943 2040 1968 2046 -
1985 2039 2010 2045 -
2037 2027 2078 2057 se

1196 2081 1399 2127 vendere,
1437 2091 1494 2119 αη
1523 2079 1671 2118 celabit
1699 2078 1960 2128 emptorem?
1989 2081 2074 2119 cet.

1202 2163 1245 2169 —
1275 2141 1420 2180 Tibure
1437 2141 1501 2180 vel
1522 2140 1676 2192 Gabiis]
1710 2142 1786 2180 «in
1806 2139 1907 2180 villa
1931 2140 2077 2192 aliqua

1198 2203 1422 2244 Tiburtina
1452 2203 1524 2243 vel
1544 2203 1733 2251 Gabina,
1768 2203 1880 2243 adeo
1910 2206 1960 2243 ut
1985 2215 2078 2244 ver-

1196 2279 1254 2307 na
1292 2268 1345 2319 (v.
1381 2267 1438 2317 6.)
1469 2267 1547 2313 sit,
1594 2268 1745 2306 Latine
1786 2267 1916 2318 igitur
1944 2267 2074 2316 sciat,

1196 2329 1455 2370 liberalibus
1476 2330 1531 2369 sit
1551 2329 1719 2370 artibus
1742 2329 1953 2378 imbutus,
1976 2329 2078 2381 plu-

1198 2394 1257 2433 ris
1302 2394 1450 2443 itaque
1496 2392 1800 2432 aestimandus
1846 2395 1889 2433 et
1938 2393 2077 2444 magis

1198 2455 1384 2495 idoneus
1416 2454 1472 2493 ad
1503 2455 1645 2494 omnis
1677 2455 1853 2505 generis
1882 2455 2080 2496 ministe—

1196 2519 1281 2567 ria,
1315 2528 1450 2568 quam
1472 2517 1508 2556 si
1528 2515 1749 2557 barbarus
1770 2520 1910 2567 esset,
1935 2518 2080 2558 Thrax

1198 2579 1266 2621 vel
1312 2579 1594 2631 Cappadox.»
1654 2580 1723 2619 Sic
1763 2591 2074 2632 exposueram.

1198 2644 1359 2684 Contra
1404 2641 1508 2681 dicit
1555 2640 1890 2693 Dillenburger:
1953 2642 2080 2684 «Noli

1197 2716 1438 2758 quaerere,
1487 2714 1566 2742 cur
1609 2703 1769 2743 Tibure
1811 2703 1882 2744 vel
1931 2704 2077 2747 Gabiis

1195 2770 1350 2810 natum
1379 2776 1571 2818 puerum
1591 2764 1797 2805 maluerit
1822 2777 2078 2818 proponere

1198 2840 1336 2883 quam
1364 2828 1527 2874 alium;
1562 2828 1630 2867 est
1660 2828 1780 2867 enim
1808 2839 1922 2879 puer
1949 2840 2079 2881 pere-

1199 2895 1349 2946 grinus
1371 2889 1557 2942 (malimz
1591 2901 1735 2941 nuper
1754 2891 1798 2930 in
1821 2890 1982 2932 Urbem
2003 2892 2078 2933 ad-

1200 2954 1373 3004 ductus)
1420 2953 1464 2993 et
1505 2953 1779 3003 incognitus;
1826 2953 1907 2994 sed
1935 2955 2078 3006 poetis

1201 3019 1324 3059 certa
1360 3015 1552 3066 imagine
1593 3025 1705 3067 opus
1737 3017 1815 3055 est.
1868 3016 2080 3058 Ceterum

1202 3080 1424 3121 admirare
1459 3080 1603 3118 artem
1633 3078 1797 3119 Horatii
1834 3079 1879 3119 in
1908 3078 2081 3120 descri-

1202 3142 1361 3184 bendis
1405 3153 1456 3181 30
1500 3140 1675 3181 tuendis
1723 3151 1995 3192 mangonum
2037 3144 2082 3182 et

1203 3206 1504 3246 mercatorum
1543 3213 1720 3243 merces
1763 3214 1866 3243 suas
1894 3202 2082 3244 laudan-

1205 3269 1315 3309 tium
1342 3266 1542 3307 moribus
1563 3266 1865 3317 conspicuam.
1899 3265 1962 3306 Cf.
1988 3266 2077 3306 Cic.

1206 3331 1261 3370 de
1294 3328 1415 3370 Offic.
1449 3329 1494 3377 3,
1529 3329 1601 3376 17,
1625 3328 1720 3367 71.»
1765 3329 1829 3368 De
1851 3327 1991 3367 forma
2013 3327 2083 3368 Ti-

1206 3394 1306 3432 bure
1335 3402 1414 3443 pro
1438 3391 1577 3430 Tiburi
1597 3389 1650 3429 cf.
1674 3389 1731 3430 ad
1751 3390 1859 3441 Epp.
1885 3389 1923 3437 1,
1947 3388 1986 3437 8,
2011 3390 2079 3430 12.

1212 3479 1255 3483 -
1280 3453 1397 3505 agat]
1422 3453 1513 3492 «his
1534 3451 1682 3491 verbis
1704 3454 1851 3491 tecum
1873 3450 2083 3491 contra-

273 3520 461 3560 «Versus
492 3517 779 3569 negligentius
807 3515 946 3556 sactus
977 3516 1016 3554 in
1050 3516 1145 3567 epi-
1208 3518 1369 3557 etet.»
1405 3515 1543 3554 Comi.
1579 3514 1707 3559 Cimo.
1757 3511 1998 3564 (Barbare.)
2033 3535 2078 3543 —-
