2231 3787
321 256 420 308 622

925 253 1137 292 HORATll
1169 251 1533 292 EPISTOLARUM

392 389 559 440 Dente
601 385 858 447 lacessiti,
901 384 993 436 fuit
1032 383 1237 436 intactis
1277 398 1496 452 quoquc
1539 396 1667 432 cura

394 488 720 543 Condicione
760 503 922 557 super
965 484 1260 546 communi,
1302 482 1430 553 quin
1470 481 1628 535 etiam
1668 480 1751 533 lex

395 593 684 661 Poenaque
723 589 851 649 lata,
894 586 1031 639 malo
1072 602 1212 656 quae
1253 583 1415 636 nollet
1453 582 1688 636 carmine
1729 598 2058 652 quemquam

394 691 664 746 Describi:
704 698 914 743 vertere
956 686 1198 747 modum,
1243 684 1524 738 formidine
1563 684 1714 737 fustis

435 857 526 896 453.
561 859 663 894 nala
692 865 756 905 pr.
793 852 882 902 Eb,
916 853 1111 902 quinque
1144 851 1359 899 Pottierii,
1394 853 1484 891 tres
1515 849 1738 890 Schmidii.

324 1002 455 1048 atque
501 998 540 1035 in
592 993 793 1033 exsilium
841 991 1018 1044 pulsum
1069 1002 1198 1038 esse;

324 1059 440 1100 unde
488 1058 621 1097 etiam
660 1058 760 1095 ante
801 1054 1089 1094 Decemviros
1119 1053 1202 1092 ho-

325 1124 467 1162 mines
488 1118 737 1172 petulantes
759 1116 1011 1169 opprobriis
1033 1116 1200 1167 petisse

325 1183 512 1224 civitat-is
541 1181 763 1233 principes
795 1178 907 1219 facili
938 1190 1073 1230 opera
1096 1189 1204 1217 con—

325 1248 458 1286 iicere
488 1244 674 1295 poterat.
724 1243 922 1281 «Severa
953 1242 1103 1280 autem
1135 1239 1204 1279 illa

326 1308 432 1358 legis
458 1316 602 1358 poena
624 1304 865 1350 deterriti,»
888 1302 1043 1353 inquit,
1071 1305 1204 1353 «poe-

325 1372 396 1409 tae
427 1369 482 1408 ad
512 1369 663 1415 iocos,
697 1366 772 1416 qui
802 1364 965 1404 nullam
997 1364 1207 1403 offensio-

325 1443 429 1472 nem
460 1430 695 1477 haberent,
727 1426 1042 1479 proferendos,
1068 1425 1208 1465 nomi-

326 1495 462 1534 natim
502 1492 557 1532 ad
589 1490 844 1531 comoedias
874 1488 1095 1541 palliatas,
1137 1490 1208 1527 to-

327 1559 472 1608 gatas,
514 1553 737 1595 Atellanas
768 1550 1102 1603 componendas
1133 1561 1208 1589 re-

327 1620 444 1660 dacti
475 1620 619 1658 sunt.»

383 1681 599 1720 454-455.
649 1681 819 1717 cruento
849 1678 980 1716 Dente
1014 1673 1205 1725 lacessiti]

330 1742 676 1782 «obtrectatione
696 1742 739 1779 et
753 1738 1079 1786 maledicentia,
1093 1747 1205 1787 quae

328 1804 493 1844 lacerat
537 1803 671 1841 etiam
714 1800 937 1852 probos;»
992 1803 1209 1839 cruentum

329 1868 479 1906 autem
510 1865 615 1904 dicit
644 1865 803 1903 dentem
825 1873 979 1902 morsu
1000 1870 1206 1900 cruorem

330 1928 594 1969 elicientem.
643 1925 706 1966 Cf.
745 1925 854 1976 Epp.
880 1925 923 1971 ⁴,
958 1924 1029 1971 48,
1055 1923 1121 1962 82.
1159 1943 1202 1949 —

327 1993 407 2043 fuit
434 1990 600 2030 intactis
629 1987 731 2039 cet.]
779 1988 841 2026 «li
882 1996 1088 2037 quoque,
1135 1985 1209 2034 qui

330 2053 529 2094 nondum
557 2050 735 2103 probris
765 2049 887 2101 petiti
909 2048 1056 2095 erant,
1089 2047 1209 2086 idem

332 2115 499 2155 malum
529 2113 675 2153 oblata
705 2112 848 2163 prima
878 2120 1055 2161 quaque
1078 2119 1211 2148 occa-

330 2180 454 2219 sione
486 2176 568 2217 sibi
598 2176 832 2215 imminere
854 2172 935 2212 rati
959 2173 1075 2220 sunt,
1108 2182 1211 2210 cum

331 2241 530 2281 omnium
553 2237 713 2278 eadem
735 2237 856 2276 esset
880 2233 1102 2280 condicio,
1136 2244 1214 2272 ne-

331 2304 499 2343 minem
522 2301 639 2341 enim
664 2311 688 2338 a
718 2297 1038 2338 maledicorum
1072 2295 1209 2335 livore

332 2364 563 2415 malisque,
576 2362 620 2401 id
638 2363 718 2409 est,
730 2360 924 2408 famosis,
940 2357 1211 2398 carminibus

331 2430 477 2468 tutum
508 2436 607 2465 esse
640 2423 927 2463 cernebant.»
961 2423 1047 2461 Sat.
1081 2422 1128 2470 ἓ,
1163 2421 1208 2469 l,

331 2490 405 2530 23:
429 2488 504 2528 sibi
525 2488 695 2537 quisque
717 2486 847 2534 timet,
879 2494 1136 2534 quamquam
1158 2486 1215 2522 est

332 2554 534 2599 intactus,
580 2554 616 2588 et
657 2549 754 2588 odit.
805 2571 850 2575 ——
897 2547 967 2586 leoe
995 2547 1214 2595 Poenaque

331 2614 434 2665 iata]
467 2610 672 2652 facillimo
705 2610 934 2660 zeugmate
964 2619 1071 2660 pro:
1109 2623 1126 2643 «
1142 2607 1212 2647 lex

333 2676 420 2716 lata
449 2684 684 2727 poenaque
715 2673 906 2722 irrogata
937 2672 1046 2711 est.»
1086 2672 1214 2710 Pror-

334 2749 409 2779 sus
440 2737 701 2777 inconcinna
732 2737 799 2775 est
828 2734 964 2774 altera
987 2732 1116 2773 lectio
1137 2744 1212 2772 iia-

334 2806 392 2840 ta.
420 2823 464 2828 -
495 2799 607 2839 malo
636 2808 742 2847 quae
763 2797 884 2836 nollet
902 2796 1088 2835 carmine
1109 2796 1210 2847 cet.]

337 2862 399 2902 Cf.
425 2862 512 2900 Sat.
536 2862 576 2909 Ξ,
603 2862 640 2908 l,
664 2860 730 2900 82.
758 2882 801 2887 —-
823 2857 1025 2909 Describi]
1053 2859 1101 2897 ut
1122 2858 1209 2896 Sat.

338 2926 376 2971 4,
399 2923 439 2971 4,
460 2923 500 2962 3.
526 2923 707 2970 «notari,
731 2919 1207 2977 χαρακτηρίζεσθαι.»

338 3007 384 3013 -
416 2988 576 3024 vertere
604 2985 784 3032 modum]
819 2984 924 3022 «sie
953 2985 1213 3022 stimmten

337 3048 427 3086 den
468 3047 562 3085 Τοη
592 3046 701 3096 (die
731 3044 973 3095 Melodie)
1004 3055 1127 3083 um.»
1165 3066 1208 3071 —

335 3109 466 3159 fustis]
499 3109 609 3147 Cum
643 3108 751 3146 teste
775 3107 988 3145 Cicerone
1020 3105 1075 3144 de
1105 3106 1209 3155 Rep.

337 3170 376 3219 4,
403 3170 468 3209 40.
494 3169 635 3219 capite
659 3168 884 3207 sanxerint
908 3168 995 3206 XII.
1020 3165 1209 3214 tabulae,

337 3233 371 3270 si
413 3231 503 3280 quis
545 3229 861 3275 occentavisset,
912 3227 966 3266 de
998 3226 1212 3278 supplicio

339 3292 552 3332 fustuario
584 3290 710 3341 (dem
743 3291 925 3329 To'clten
956 3289 1047 3327 mit
1076 3289 1215 3328 Knit-

339 3353 487 3403 lein),
521 3364 609 3392 non
640 3351 695 3391 de
717 3349 902 3402 simplici
927 3350 1211 3400 castigatione

339 3414 527 3455 fustibus
568 3426 602 3454 s.
637 3412 807 3454 baculis
838 3414 881 3452 et
909 3411 1071 3451 vitibus
1102 3411 1213 3451 facta

341 3476 647 3527 accipiendum
680 3477 759 3514 est.
793 3497 836 3502 —
868 3474 929 3513 Aa
957 3473 1053 3512 bene
1081 3474 1216 3512 dicen-

1265 991 1376 1042 dum]
1423 990 1597 1030 «Coacti
1639 992 1740 1029 sunt
1780 989 2003 1030 abstinere
2040 1002 2087 1030 se
2119 1002 2141 1028 a

1266 1052 1380 1093 male
1425 1052 1614 1092 dicendo
1659 1050 1867 1102 singulis;
1924 1063 2013 1103 quo
2047 1054 2144 1104 ipso

1267 1125 1400 1154 nemo
1429 1115 1518 1154 iam
1546 1113 1832 1162 laedebatur,
1877 1125 2033 1155 omnes
2064 1114 2145 1154 de—

1267 1176 1559 1216 lectabantur.
1570 1192 1587 1210 »

1324 1240 1416 1279 456.
1439 1239 1530 1278 457.
1548 1238 1729 1278 Graecia
1743 1242 1869 1287 capta
1880 1239 1984 1288 cet.]
2004 1238 2146 1278 Etiam

1269 1302 1312 1340 in
1348 1301 1416 1340 his
1454 1300 1600 1352 potius
1630 1300 1745 1340 inest
1782 1300 1954 1351 poetica
1984 1300 2146 1339 veritas

1269 1374 1404 1414 quam
1434 1363 1668 1410 historica3
1712 1361 1934 1412 siquidem
1965 1361 2146 1401 Graecia

1271 1427 1397 1476 capta
1426 1425 1604 1476 proprie
1636 1427 1703 1465 est
1732 1424 1916 1464 demum
1940 1424 2148 1464 Corintho

1271 1487 1414 1527 deleta
1441 1488 1494 1539 (a.
1518 1498 1561 1526 u.
1588 1498 1625 1526 c.
1651 1487 1780 1538 608.),
1813 1497 1915 1526 cum
1937 1497 1987 1526 ea
2010 1488 2146 1534 aetaS‚

1271 1562 1360 1602 qua
1399 1548 1568 1589 litterae
1611 1551 1805 1589 Graecae
1839 1550 2034 1600 primum
2062 1549 2150 1588 Ro-

1271 1624 1391 1652 mam
1412 1613 1611 1651 invectae
1628 1611 1980 1663 antiquissimam
1995 1610 2151 1662 poesin

1270 1675 1572 1714 Romanorum
1616 1685 1791 1715 sacram
1829 1673 2020 1724 (Saliaria
2051 1683 2152 1712 car-

1272 1737 1391 1776 mina
1433 1737 1534 1786 cet.)
1578 1738 1622 1775 et
1657 1736 1910 1787 profanam,
1951 1746 2040 1786 qua
2077 1745 2151 1774 re·—

1271 1810 1376 1849 gum
1398 1801 1442 1838 et
1462 1799 1626 1838 ducum
1643 1809 1827 1838 suorum
1846 1797 2000 1837 laudes
2017 1798 2150 1847 atque

1270 1862 1454 1901 virtutes
1491 1859 1779 1900 celebrabant
1817 1859 1953 1910 (conf.
1985 1870 2058 1898 me
2096 1858 2153 1898 ad

1275 1924 1363 1963 Cic.
1389 1924 1516 1963 Tusc.
1541 1922 1581 1972 4,
1605 1923 1645 1971 2,
1670 1921 1749 1972 5.),
1783 1932 1909 1961 suam
1940 1921 1997 1960 ad
2025 1920 2152 1960 indo—

1274 1983 1363 2024 lem
1385 1985 1552 2024 sensim
1572 1983 1884 2032 traduxerunt,
1907 1982 2152 2034 repetenda

1275 2047 1331 2086 sit
1361 2058 1384 2085 a
1406 2047 1524 2085 Livio
1547 2045 1795 2085 Andronico
1820 2046 1871 2095 (a.
1894 2055 1937 2084 u.
1963 2056 2002 2084 c.
2021 2044 2149 2095 544.)‚

1275 2109 1458 2157 Naevio,
1483 2108 1620 2148 Ennio
1637 2140 1646 2157 ‚
1670 2107 1877 2155 Pacuvio,
1901 2108 1976 2157 qui
1996 2118 2153 2148 omnes

1275 2173 1375 2210 ante
1408 2171 1637 2210 Graeciam
1677 2172 1855 2222 captam
1890 2170 2150 2210 floruerunt.

1277 2233 1411 2282 Quid,
1459 2233 1578 2284 quod
1614 2233 1720 2273 Livii
1752 2232 1991 2272 Andronici
2031 2234 2153 2272 aetas

1275 2294 1424 2334 multis
1470 2295 1596 2335 annis
1637 2294 1883 2346 praecessit
1913 2295 2046 2334 etiam
2078 2305 2154 2334 ca—

1275 2360 1374 2409 ptas
1405 2359 1648 2408 Syracusas
1682 2358 1735 2409 (a.
1771 2369 1814 2396 u.
1850 2368 1889 2396 c,
1912 2356 2049 2406 542),
2096 2357 2151 2397 de

1277 2419 1438 2470 quibus
1469 2421 1614 2460 Livius
1635 2421 1712 2469 25,
1737 2419 1816 2460 40:
1850 2420 1944 2459 inde
1965 2421 2155 2470 primum

1274 2482 1440 2521 initium
1473 2482 1660 2522 mirandi
1699 2482 1962 2522 Graecarum
1996 2483 2154 2522 artium

1276 2556 1417 2595 opera.
1468 2546 1622 2595 Neque
1652 2555 1759 2584 vero
1796 2545 2000 2585 Horatius
2032 2547 2154 2596 cogi-

1273 2607 1400 2655 tavit,
1464 2609 1512 2646 ut
1554 2605 1791 2647 voluerunt
1833 2605 2050 2655 nonnulli,
2096 2607 2151 2647 de

1275 2671 1431 2720 Magna
1463 2670 1665 2719 Graecia,
1707 2681 1821 2720 quae
1852 2672 1982 2721 capto
2010 2671 2154 2709 Brun-

1277 2733 1388 2773 disio
1419 2733 1474 2783 (a.
1509 2742 1551 2771 n.
1583 2742 1621 2770 c.
1652 2731 1764 2781 487.)
1798 2732 1889 2770 tota
1918 2732 1962 2770 in
1991 2732 2153 2771 Roma-

1276 2806 1436 2835 norum
1476 2793 1698 2833 dicionem
1736 2793 1918 2832 redacta
1949 2795 2031 2834 est.
2085 2794 2148 2835 Cs.

1276 2857 1398 2898 Ovid.
1431 2857 1544 2896 Fast.
1569 2855 1611 2903 3,
1646 2855 1744 2894 ⁴0⁴:
1790 2855 1988 2895 Nondum
2015 2857 2152 2896 tradi-

1276 2921 1395 2959 derat
1412 2918 1577 2957 victas
1597 2917 1879 2957 victoribus
1896 2922 2008 2957 artes
2023 2918 2154 2958 Grae-

1275 2982 1365 3029 cia,
1386 2980 1639 3030 facundum,
1668 2980 1738 3019 sed
1756 2980 1866 3019 male
1883 2980 1989 3031 forte
2008 2992 2149 3032 qenus.

1281 3066 1311 3070 -
1357 3041 1475 3092 cepit]
1509 3041 1628 3090 Capit
1658 3043 1702 3080 et
1735 3042 1793 3090 is,
1827 3042 1900 3092 qui
1920 3042 2076 3090 vincit,
2109 3045 2153 3082 et

1278 3104 1335 3151 is,
1369 3104 1443 3154 qui
1474 3101 1679 3142 delectat.
1742 3103 1835 3143 Hoc
1864 3103 1994 3154 igitur
2022 3103 2148 3143 dicit:

1279 3166 1437 3205 «Artes
1487 3167 1530 3204 et
1578 3164 1833 3216 disciplinae
1879 3166 2151 3205 Graecorum

1276 3227 1483 3266 Romanis
1513 3228 1754 3266 etiamtunc
1783 3226 2014 3277 agrestibus
2053 3227 2153 3275 (ru-

1278 3288 1489 3339 dioribus)
1522 3288 1634 3328 adeo
1661 3288 1941 3340 placuerunt,
1975 3289 2154 3328 uttam-

1277 3362 1411 3402 quam
1442 3352 1477 3390 si
1509 3351 1589 3402 ipsi
1610 3350 1771 3390 devicti
1801 3350 1951 3389 essent
1970 3359 1994 3387 a
2016 3350 2151 3388 Grae-

1278 3413 1360 3459 cis,
1395 3413 1619 3463 propriam
1650 3410 1842 3451 indolem
1871 3410 1925 3450 ad
1949 3411 2028 3450 hos
2050 3420 2152 3449 con—

1279 3474 1562 3514 formarent.»
1610 3474 1716 3513 Cato
1748 3470 1863 3523 apud
1895 3472 1983 3510 Liv.
2010 3471 2076 3519 34,
2100 3471 2146 3512 4;
