2231 3787
198 259 299 311 396
799 258 1014 299 HossArn
1043 257 1409 299 EplsTOLARUM

267 393 502 444 Antenor
540 398 724 443 censet
760 388 885 443 belli
923 387 1241 459 praecidere
1281 402 1514 441 causam.

269 491 409 557 Quid
446 491 634 545 Paris?
679 491 743 545 Ut
780 489 960 544 salvus
999 497 1186 560 regnet
1222 488 1472 558 vivatque
1511 484 1726 548 beatuS‚
1947 485 2012 537 sto

270 594 399 664 Cogi
439 610 601 664 posse
642 601 814 664 negat.

890 593 1082 645 Nestor
1119 605 1445 660 componere
1485 587 1602 641 lites

269 697 409 749 Inter
447 693 667 749 Peliden
706 693 917 747 festinat
955 700 1007 745 et
1044 692 1180 745 inter
1216 690 1463 754 Atriden,

266 798 418 851 Hunc
457 812 630 857 amor,
674 795 752 847 ira
789 792 1010 864 quidem
1048 792 1402 846 communiter
1441 791 1545 844 urit
1581 799 1886 863 utrumque.

270 896 545 969 Quidquid
585 896 813 950 delirant
850 912 1033 966 regeS,
1076 894 1380 965 plectuntur
1417 893 1617 948 Achivi.

269 999 569 1061 Seditione,
613 996 777 1056 dolis,
821 996 1030 1051 scelere
1069 1004 1231 1068 atque
1269 995 1490 1050 libidine
1530 1004 1583 1049 et
1622 995 1698 1049 ira
1950 995 2014 1048 »lo

1986 996 2009 1009 υ

313 1199 377 1239 10.
424 1197 529 1249 Quid
556 1194 709 1238 Paris?
742 1196 790 1236 Ut
816 1195 1161 1247 bScdp,LCtFO:
1197 1195 1313 1245 Quod
1331 1195 1469 1244 PariS,
1501 1195 1613 1244 utE,
1634 1192 1852 1248 βγζικτφ,
1884 1203 1961 1234 sex

253 1261 466 1309 Pottierii⁷
499 1258 721 1300 Bentleius
753 1259 797 1298 et
825 1259 880 1299 M.
918 1280 961 1286 —
997 1258 1062 1297 42.
1086 1256 1211 1308 Inter]
1242 1257 1406 1297 Primus
1424 1255 1607 1297 Bentleii
1629 1257 1885 1298 coniectura
1906 1255 1962 1296 ad

253 1324 339 1363 Sat.
374 1324 412 1372 1,
445 1323 485 1372 7,
520 1323 584 1362 11.
623 1344 667 1351 —-
699 1321 938 1361 Peleidem-
958 1319 1194 1361 -Atreiden
1223 1319 1315 1370 (sic)
1348 1321 1393 1360 L.

253 1496 366 1535 9-112.
389 1496 570 1536 Antenor
591 1494 694 1546 cet]
720 1493 782 1534 Cf.
803 1494 930 1533 Hom.
950 1491 1071 1532 Iliad.

199 1573 249 1612 η,
282 1557 360 1598 347
383 1568 482 1609 sqq.
505 1559 594 1597 Liv.
621 1558 664 1606 1,
700 1557 715 1596 1
739 1568 746 1595 ;
781 1555 961 1604 duobus,
994 1555 1076 1595 Ae-

198 1631 300 1660 neae
327 1620 624 1669 Antenorique,
647 1641 665 1647 -
683 1640 701 1647 -
721 1619 821 1668 quia
843 1618 966 1669 pacis
986 1619 1077 1657 red-

199 1683 435 1732 dendaeque
466 1683 645 1722 Helenae
687 1693 845 1732 semper
887 1684 1077 1720 auctores

197 1746 390 1797 fuerant,
433 1755 550 1784 omne
578 1744 642 1783 ius
671 1742 761 1784 belli
789 1742 961 1782 Achivos
981 1741 1076 1782 abs-

198 1808 366 1846 tinuisse
407 1806 622 1857 (constat).
663 1829 707 1834 —-
747 1809 1077 1854 censet-prae-

198 1869 346 1918 cidere]
397 1869 533 1908 Huius
583 1867 924 1907 constructionis
972 1877 1073 1917 per-

199 1930 336 1971 multa
359 1928 562 1981 exempla
584 1929 851 1981 praesertim
883 1940 935 1967 ex
958 1929 1076 1968 Livio

202 1996 245 2034 et
276 1991 516 2034 Columella
557 1990 730 2042 collegit
765 1990 987 2030 Drakenb.
1021 1990 1074 2030 ad

201 2057 291 2096 Liv.
315 2056 361 2104 ⁶2,
385 2056 432 2103 ὅ,
458 2055 472 2093 1
497 2065 505 2093 :
542 2053 668 2103 (bona
689 2054 822 2104 regia)
847 2054 961 2093 reddi
983 2057 1078 2093 ante

201 2122 459 2158 censuerant.
504 2116 811 2167 «Repetendus
834 2118 901 2155 est
921 2116 991 2156 hic
1012 2115 1077 2155 lo-

203 2179 366 2231 quendi
396 2190 503 2219 usus
535 2189 558 2217 a
592 2179 789 2227 Graecis,
824 2178 898 2229 qui
927 2177 1077 2217 verbis

202 2237 448 2295 ἡγεῖσθαι,
474 2237 663 2280 οἴεσθαι
680 2271 689 2289 ,
713 2238 872 2279 δοκεῖν
892 2239 1076 2290 aliisque

201 2305 245 2344 id
276 2315 414 2355 genus
444 2304 692 2351 notionem,
727 2314 840 2353 quae
873 2314 896 2342 e
927 2305 1078 2342 nostra

203 2366 385 2418 quidem
416 2365 633 2416 cogitandi
672 2366 841 2404 ratione
875 2367 961 2405 est:
1004 2375 1078 2404 ae—

203 2440 330 2480 quum
360 2439 395 2468 s.
421 2439 521 2478 opus
551 2428 760 2476 iudicare,
795 2426 1076 2467 subiiciunt.»

203 2493 352 2532 OBBAR.
387 2514 433 2518 —
450 2489 707 2541 praecidere]
738 2491 786 2528 ut
815 2491 973 2529 nautae
996 2501 1078 2529 an-

204 2564 334 2593 corae
357 2552 508 2592 funem
529 2552 696 2600 securi,
727 2551 943 2602 kappen.
985 2553 1073 2592 Cic.

203 2616 327 2655 Verr.
351 2616 453 2654 Ace.
478 2615 525 2663 5,
550 2614 624 2663 33,
648 2614 722 2654 88:
755 2615 948 2664 Princeps
970 2615 1080 2655 Cleo-

204 2688 338 2717 menes
358 2677 399 2715 in
421 2676 678 2727 quadriremi
700 2676 970 2727 Centuripina
989 2689 1080 2716 ma-

205 2739 289 2778 lum
317 2739 440 2789 erigi,
471 2738 564 2777 vela
591 2739 706 2789 fieri,
733 2739 924 2788 praecidi
955 2751 1079 2778 anco-

202 2811 275 2840 ras
302 2800 537 2849 imperavit.
564 2820 607 2827 —
630 2801 736 2849 Quid
754 2800 914 2850 Paris?]
941 2801 1079 2849 «Quid

206 2863 358 2902 contra
388 2861 488 2901 facit
518 2863 695 2901 Paris‘m
742 2863 916 2902 Terent.
941 2863 1074 2902 Andr.

207 2925 252 2972 1,
286 2924 333 2969 1,
368 2924 443 2961 61;
497 2924 603 2972 Quid
638 2924 906 2973 Pamphilus?
950 2926 1079 2974 quid?

205 2984 439 3035 Symbolum
462 2985 585 3033 dedit,
603 2987 803 3025 coenavit.
828 2987 1079 3037 Respondet

206 3047 278 3087 1,1.
302 3059 342 3086 V.
368 3047 467 3086 362:
504 3042 730 3104 «Ἀντικρὺ
759 3046 796 3086 δ’
827 3044 1073 3102 ἀπόφημι,

206 3113 409 3163 γυναῖκα
445 3108 533 3160 μὲι·
564 3104 653 3149 οὖν,
692 3105 955 3160 ἀποδώσω,
999 3113 1078 3152 sed

207 3183 314 3224 opes
358 3182 459 3212 eum
505 3170 571 3210 illa
618 3175 908 3223 asportatas.»
966 3174 1077 3214 Κατ’

208 3234 448 3291 εἰρωνείαν
480 3234 573 3273 eius
604 3245 867 3286 responsum
901 3237 954 3276 ita
978 3249 1080 3277 con-

208 3298 335 3337 vertit
356 3309 407 3337 ac
429 3298 464 3337 si
495 3297 697 3336 dixisset:
735 3298 976 3348 «Equidem
998 3311 1078 3350 ego

1137 1491 1337 1543 proprie:
1383 1493 1506 1544 «Ipse
1554 1502 1685 1532 suum
1729 1492 1910 1532 exitium
1948 1493 2017 1532 te-

1139 1565 1263 1593 mere
1294 1555 1428 1605 atque
1460 1553 1706 1595 inconsulto
1739 1553 1867 1595 saluti
1897 1556 2018 1595 ante-

1138 1617 1303 1668 ponit.»
1354 1616 1417 1657 Cf.
1451 1616 1731 1658 Funkhaenel
1759 1618 1951 1658 Zeitschr.
1983 1618 2014 1669 f.

1138 1679 1347 1719 Alterthw.
1384 1678 1503 1719 4846.
1528 1691 1570 1731 p.
1597 1680 1692 1720 702.
1743 1681 1896 1720 Totam
1933 1679 2018 1720 loci

1139 1741 1229 1781 vim
1259 1752 1310 1781 ac
1350 1741 1634 1781 festivitatem
1674 1742 2015 1791 imminuerunt,

1141 1805 1185 1843 et
1215 1804 1290 1854 qui
1311 1803 1626 1844 distinxerunt:
1662 1805 1796 1855 «Quid
1814 1805 1934 1844 Paris
1952 1804 2017 1845 fa—

1141 1867 1221 1915 cit,
1258 1870 1304 1905 ut
1336 1866 1453 1917 (quo)
1484 1866 1624 1905 salvus
1654 1871 1796 1918 reqnet
1822 1868 2018 1916 vivatque

1141 1927 1315 1967 beatus?
1345 1928 1444 1979 0092·
1467 1939 1587 1977 posse
1606 1932 1732 1979 negyat
1751 1928 1807 1968 ad
1828 1929 2021 1970 redden-

1142 1989 1245 2029 dam
1268 1988 1550 2036 mulierem3»
1585 1992 1629 2029 et
1648 1989 1871 2031 Bentleius
1891 2003 2020 2042 prae-

1142 2051 1311 2092 ferens:
1348 2053 1465 2101 Quod
1483 2053 1624 2102 Paris,
1656 2057 1701 2092 ut
1722 2055 1825 2103 cet.,
1858 2053 1901 2093 id
1926 2057 2014 2095 est:

1143 2114 1296 2162 «Quod
1330 2114 1391 2165 (ut
1419 2113 1522 2154 belli
1554 2125 1735 2155 causam
1758 2116 2015 2168 praecidat),

1142 2179 1271 2228 negat
1302 2187 1349 2216 se
1387 2188 1519 2229 posse
1558 2177 1643 2217 ulla
1680 2178 1892 2219 mercede
1922 2180 2019 2232 cogi

1142 2242 1216 2279 aut
1245 2238 1417 2287 induci;
1452 2240 1583 2280 etiam
1605 2242 1654 2280 ut
1675 2239 1903 2291 (barbare:
1935 2252 2021 2294 po-

1143 2303 1250 2351 sito,
1290 2301 1350 2352 ut)
1390 2301 1537 2342 salvus
1575 2304 1756 2354 regnet»
1795 2305 1898 2353 cet.,
1931 2314 2020 2356 qua

1142 2366 1185 2404 in
1208 2363 1498 2415 explicatione
1518 2367 1752 2416 praeterea
1769 2367 1894 2406 etiam
1913 2365 2019 2407 illud

1142 2427 1345 2479 precario
1376 2428 1630 2467 assumitur.
1659 2451 1704 2456 —
1730 2440 1851 2478 posse
1878 2429 2017 2482 negat]

1143 2489 1311 2530 Eadem
1332 2490 1659 2530 constructione
1683 2491 1869 2543 (graeca)
1888 2493 2021 2532 omis-

1144 2563 1192 2591 so
1222 2554 1486 2604 pronomine
1508 2564 1547 2593 se
1567 2553 1683 2604 Virg.
1707 2556 1816 2594 Aen.
1841 2554 1887 2603 3,
1911 2555 1985 2594 ὖ201
2006 2566 2014 2593 :

1140 2616 1230 2665 Ipse
1272 2616 1378 2655 diem
1421 2619 1660 2665 noctemque
1700 2621 1826 2667 negat
1862 2617 2017 2655 discer—

1143 2688 1239 2717 nere
1267 2678 1394 2717 caelo.
1423 2701 1466 2705 —
1491 2679 1638 2717 Nestor
1663 2678 1766 2729 cet.]
1800 2678 1862 2718 Cf.
1887 2679 2014 2718 Hom.

1142 2738 1262 2779 Iliad.
1296 2753 1347 2788 α,
1380 2739 1460 2779 ⁶254
1481 2750 1580 2790 sqq.
1630 2738 1800 2790 Duplex
1821 2741 1943 2788 inter,
1975 2741 2017 2780 in

1143 2813 1229 2852 quo
1260 2801 1331 2840 hic
1361 2812 1538 2851 quoque
1567 2800 1750 2841 offendit
1777 2801 2015 2852 Bentleius⁷

1142 2866 1189 2902 ut
1219 2864 1304 2902 Sat.
1331 2863 1378 2911 1,
1412 2863 1456 2911 7,
1492 2863 1576 2913 44„
1611 2874 1663 2902 ex
1694 2864 2016 2905 consuetudine

1143 2926 1209 2964 est
1255 2925 1405 2964 Latina
1453 2923 1522 2964 vel
1572 2925 1689 2976 apud
1739 2926 2014 2968 Ciceronem.

1144 2985 1258 3026 Lael.
1283 2988 1358 3026 ⁶25:
1395 2988 1501 3037 Quid
1530 2987 1690 3027 intersit
1708 2988 1816 3028 inter
1839 2990 2019 3040 popula-

1141 3059 1252 3098 rem,
1296 3049 1336 3088 id
1365 3053 1445 3098 est,
1487 3054 1783 3090 assentatorem
1815 3055 1853 3090 et
1891 3052 2017 3092 levem

1141 3113 1293 3160 civem,
1326 3116 1362 3151 et
1392 3113 1499 3153 inter
1523 3117 1799 3162 constantem,
1832 3124 2018 3153 severum

1142 3179 1179 3213 et
1208 3186 1394 3225 (flavent.

1200 3238 1336 3277 13-16.
1369 3238 1500 3290 Hunc]
1522 3240 1917 3289 Agamemnonem,
1941 3239 2015 3289 qui

1141 3302 1323 3351 propter
1344 3300 1636 3350 Chryse'idcm
1659 3301 1827 3351 (quam,
1859 3300 2012 3350 inquit,

211 3358 326 3399 nulla
355 3361 394 3398 vi
435 3360 528 3410 cogi
565 3369 771 3410 possum,
820 3363 865 3399 ut
901 3362 1077 3412 optione
1143 3363 1222 3401 καὶ
1253 3359 1680 3419 Κλυταιμνήστρης
1709 3359 2014 3418 προβέβουλα

210 3421 314 3461 mihi
346 3421 446 3460 data
475 3433 582 3473 prae
615 3422 791 3461 interitu
824 3421 980 3473 eligam
1012 3425 1078 3463 vi—

205 3486 297 3522 tam
327 3483 503 3524 beatam
527 3494 802 3536 regnumque
826 3496 1077 3533 securunn»

1142 3423 1187 3463 ll.
1212 3437 1268 3473 α,
1295 3424 1401 3474 113.)
1426 3425 1507 3465 sihi
1530 3424 1777 3464 Calchantis
1798 3435 2013 3476 responso

1144 3489 1340 3538 ereptam
1358 3487 1491 3527 iratus
1508 3485 1751 3526 Briseidem
1771 3485 1825 3526 ab
1849 3485 2012 3526 Achille
