<?xml version="1.0" encoding="UTF-8"?>
<!DOCTYPE html PUBLIC "-//W3C//DTD XHTML 1.0 Transitional//EN"
    "http://www.w3.org/TR/xhtml1/DTD/xhtml1-transitional.dtd">
<html xmlns="http://www.w3.org/1999/xhtml" xml:lang="en" lang="en">
 <head>
  <title>
</title>
<meta http-equiv="Content-Type" content="text/html;charset=utf-8" />
  <meta name='ocr-system' content='tesseract 3.04.00' />
  <meta name='ocr-capabilities' content='ocr_page ocr_carea ocr_par ocr_line ocrx_word'/>
</head>
<body>
  <div class='ocr_page' id='page_1' title='image "./qhoratiusflaccus02horauoft_0522.png"; bbox 0 0 2231 3787; ppageno 0'>
   <div class='ocr_carea' id='block_1_1' title="bbox 169 282 1388 341">
    <p class='ocr_par' dir='ltr' id='par_1_1' title="bbox 169 282 1388 341">
     <span class='ocr_line' id='line_1_1' title="bbox 169 282 1388 341; baseline -0.002 -17"><span class='ocrx_word' id='word_1_1' title='bbox 169 288 269 339; x_wconf 73' lang='lat'>432</span> <span class='ocrx_word' id='word_1_2' title='bbox 776 284 987 341; x_wconf 65' lang='lat' dir='ltr'>Homrn</span> <span class='ocrx_word' id='word_1_3' title='bbox 1020 282 1388 324; x_wconf 73' lang='lat' dir='ltr'>EPISTOLARUM</span> 
     </span>
    </p>
   </div>
   <div class='ocr_carea' id='block_1_2' title="bbox 240 410 1995 482">
    <p class='ocr_par' dir='ltr' id='par_1_2' title="bbox 240 410 1995 482">
     <span class='ocr_line' id='line_1_2' title="bbox 240 410 1995 482; baseline -0.005 -11"><span class='ocrx_word' id='word_1_4' title='bbox 240 418 507 472; x_wconf 74' lang='lat' dir='ltr'>Libertate</span> <span class='ocrx_word' id='word_1_5' title='bbox 548 425 718 477; x_wconf 83' lang='lat' dir='ltr'>caret,</span> <span class='ocrx_word' id='word_1_6' title='bbox 762 415 1038 468; x_wconf 84' lang='lat' dir='ltr'>dominum</span> <span class='ocrx_word' id='word_1_7' title='bbox 1076 413 1221 467; x_wconf 83' lang='lat' dir='ltr'>vehit</span> <span class='ocrx_word' id='word_1_8' title='bbox 1259 410 1538 482; x_wconf 89' lang='lat' dir='ltr'>improbus</span> <span class='ocrx_word' id='word_1_9' title='bbox 1578 419 1739 482; x_wconf 86' lang='lat' dir='ltr'>atque</span> <span class='ocrx_word' id='word_1_10' title='bbox 1927 413 1995 464; x_wconf 89' lang='grc'>40</span> 
     </span>
    </p>
   </div>
   <div class='ocr_carea' id='block_1_3' title="bbox 245 513 1699 794">
    <p class='ocr_par' dir='ltr' id='par_1_3' title="bbox 245 513 1699 794">
     <span class='ocr_line' id='line_1_3' title="bbox 245 513 1546 588; baseline -0.006 -15"><span class='ocrx_word' id='word_1_11' title='bbox 245 520 453 574; x_wconf 85' lang='lat' dir='ltr'>Serviet</span> <span class='ocrx_word' id='word_1_12' title='bbox 491 526 797 579; x_wconf 87' lang='lat' dir='ltr'>aeternum,</span> <span class='ocrx_word' id='word_1_13' title='bbox 839 517 966 588; x_wconf 83' lang='lat' dir='ltr'>quia</span> <span class='ocrx_word' id='word_1_14' title='bbox 1005 532 1172 586; x_wconf 84' lang='lat' dir='ltr'>parvo</span> <span class='ocrx_word' id='word_1_15' title='bbox 1212 513 1419 567; x_wconf 78' lang='lat' dir='ltr'>nesciet</span> <span class='ocrx_word' id='word_1_16' title='bbox 1455 513 1546 566; x_wconf 89' lang='lat' dir='ltr'>uti.</span> 
     </span>
     <span class='ocr_line' id='line_1_4' title="bbox 245 613 1646 677; baseline -0.008 0"><span class='ocrx_word' id='word_1_17' title='bbox 245 622 340 677; x_wconf 88' lang='lat' dir='ltr'>Cui</span> <span class='ocrx_word' id='word_1_18' title='bbox 380 638 486 674; x_wconf 90' lang='lat' dir='ltr'>non</span> <span class='ocrx_word' id='word_1_19' title='bbox 527 619 811 674; x_wconf 80' lang='lat' dir='ltr'>conveniet</span> <span class='ocrx_word' id='word_1_20' title='bbox 848 635 946 671; x_wconf 87' lang='lat' dir='ltr'>sua</span> <span class='ocrx_word' id='word_1_21' title='bbox 985 633 1101 677; x_wconf 86' lang='lat' dir='ltr'>reS,</span> <span class='ocrx_word' id='word_1_22' title='bbox 1144 623 1202 668; x_wconf 89' lang='lat' dir='ltr'>ut</span> <span class='ocrx_word' id='word_1_23' title='bbox 1240 613 1456 669; x_wconf 86' lang='lat' dir='ltr'>calceus</span> <span class='ocrx_word' id='word_1_24' title='bbox 1494 613 1646 677; x_wconf 90' lang='lat' dir='ltr'>olim,</span> 
     </span>
     <span class='ocr_line' id='line_1_5' title="bbox 245 716 1699 794; baseline -0.006 -17"><span class='ocrx_word' id='word_1_25' title='bbox 245 724 296 778; x_wconf 77' lang='lat' dir='ltr'>si</span> <span class='ocrx_word' id='word_1_26' title='bbox 338 722 479 794; x_wconf 88' lang='lat' dir='ltr'>pede</span> <span class='ocrx_word' id='word_1_27' title='bbox 519 721 691 774; x_wconf 87' lang='lat' dir='ltr'>maior</span> <span class='ocrx_word' id='word_1_28' title='bbox 730 720 851 781; x_wconf 86' lang='lat' dir='ltr'>erit,</span> <span class='ocrx_word' id='word_1_29' title='bbox 894 717 1198 780; x_wconf 84' lang='lat' dir='ltr'>subvertet,</span> <span class='ocrx_word' id='word_1_30' title='bbox 1242 717 1286 770; x_wconf 89' lang='lat' dir='ltr'>si</span> <span class='ocrx_word' id='word_1_31' title='bbox 1326 716 1524 780; x_wconf 90' lang='lat' dir='ltr'>minor,</span> <span class='ocrx_word' id='word_1_32' title='bbox 1565 724 1699 770; x_wconf 88' lang='lat' dir='ltr'>uret.</span> 
     </span>
    </p>
   </div>
   <div class='ocr_carea' id='block_1_4' title="bbox 240 818 1501 890">
    <p class='ocr_par' dir='ltr' id='par_1_4' title="bbox 240 818 1501 890">
     <span class='ocr_line' id='line_1_6' title="bbox 240 818 1501 890; baseline -0.008 -10"><span class='ocrx_word' id='word_1_33' title='bbox 240 828 434 879; x_wconf 87' lang='lat' dir='ltr'>Laetus</span> <span class='ocrx_word' id='word_1_34' title='bbox 474 832 619 876; x_wconf 81' lang='lat' dir='ltr'>sorte</span> <span class='ocrx_word' id='word_1_35' title='bbox 661 831 751 875; x_wconf 88' lang='lat' dir='ltr'>tua</span> <span class='ocrx_word' id='word_1_36' title='bbox 787 821 937 874; x_wconf 82' lang='lat' dir='ltr'>vives</span> <span class='ocrx_word' id='word_1_37' title='bbox 978 819 1272 890; x_wconf 80' lang='lat' dir='ltr'>sapienter,</span> <span class='ocrx_word' id='word_1_38' title='bbox 1315 818 1501 880; x_wconf 83' lang='lat' dir='ltr'>Aristi,</span> 
     </span>
    </p>
   </div>
   <div class='ocr_carea' id='block_1_5' title="bbox 221 959 1935 1077">
    <p class='ocr_par' dir='ltr' id='par_1_5' title="bbox 221 959 1935 1077">
     <span class='ocr_line' id='line_1_7' title="bbox 282 959 1935 1015; baseline -0.005 -6"><span class='ocrx_word' id='word_1_39' title='bbox 282 968 348 1009; x_wconf 92' lang='grc'>40.</span> <span class='ocrx_word' id='word_1_40' title='bbox 379 967 493 1007; x_wconf 73' lang='lat' dir='ltr'>vehet</span> <span class='ocrx_word' id='word_1_41' title='bbox 522 965 655 1014; x_wconf 88' lang='lat' dir='ltr'>bScd,</span> <span class='ocrx_word' id='word_1_42' title='bbox 681 965 779 1004; x_wconf 90' lang='lat' dir='ltr'>CtF.</span> <span class='ocrx_word' id='word_1_43' title='bbox 814 963 938 1015; x_wconf 77' lang='lat' dir='ltr'>(vehit</span> <span class='ocrx_word' id='word_1_44' title='bbox 966 977 994 1002; x_wconf 80' lang='grc' dir='ltr'>κ</span> <span class='ocrx_word' id='word_1_45' title='bbox 1026 964 1069 1002; x_wconf 88' lang='lat' dir='ltr'>et</span> <span class='ocrx_word' id='word_1_46' title='bbox 1099 960 1210 1001; x_wconf 86' lang='lat' dir='ltr'>alter</span> <span class='ocrx_word' id='word_1_47' title='bbox 1239 973 1291 1010; x_wconf 80' lang='grc' dir='ltr'>φ.</span> <span class='ocrx_word' id='word_1_48' title='bbox 1339 963 1402 1001; x_wconf 92' lang='lat' dir='ltr'>De</span> <span class='ocrx_word' id='word_1_49' title='bbox 1434 962 1466 1001; x_wconf 92' lang='lat' dir='ltr'>E</span> <span class='ocrx_word' id='word_1_50' title='bbox 1498 972 1584 1001; x_wconf 90' lang='lat' dir='ltr'>non</span> <span class='ocrx_word' id='word_1_51' title='bbox 1605 959 1774 1013; x_wconf 90' lang='lat' dir='ltr'>liquet.)</span> <span class='ocrx_word' id='word_1_52' title='bbox 1801 983 1845 990; x_wconf 92' lang='lat'>—</span> <span class='ocrx_word' id='word_1_53' title='bbox 1868 960 1935 1002; x_wconf 77' lang='grc'>44.</span> 
     </span>
     <span class='ocr_line' id='line_1_8' title="bbox 221 1023 1935 1077; baseline -0.004 -8"><span class='ocrx_word' id='word_1_54' title='bbox 221 1030 440 1077; x_wconf 50' lang='grc' dir='ltr'>ἠεεοῖαιῌ</span> <span class='ocrx_word' id='word_1_55' title='bbox 466 1030 517 1073; x_wconf 81' lang='lat' dir='ltr'>L,</span> <span class='ocrx_word' id='word_1_56' title='bbox 552 1027 696 1067; x_wconf 72' lang='lat' dir='ltr'>nesciit</span> <span class='ocrx_word' id='word_1_57' title='bbox 716 1025 918 1066; x_wconf 84' lang='lat' dir='ltr'>Lambini</span> <span class='ocrx_word' id='word_1_58' title='bbox 941 1025 1134 1076; x_wconf 90' lang='lat' dir='ltr'>suspicio</span> <span class='ocrx_word' id='word_1_59' title='bbox 1151 1023 1280 1076; x_wconf 90' lang='lat' dir='ltr'>prob.</span> <span class='ocrx_word' id='word_1_60' title='bbox 1306 1023 1460 1064; x_wconf 85' lang='lat' dir='ltr'>Bothe.</span> <span class='ocrx_word' id='word_1_61' title='bbox 1489 1047 1533 1052; x_wconf 92' lang='lat'>—</span> <span class='ocrx_word' id='word_1_62' title='bbox 1560 1023 1626 1064; x_wconf 77' lang='lat'>42.</span> <span class='ocrx_word' id='word_1_63' title='bbox 1651 1024 1869 1064; x_wconf 77' lang='lat' dir='ltr'>conveniat</span> <span class='ocrx_word' id='word_1_64' title='bbox 1888 1025 1935 1064; x_wconf 92' lang='lat' dir='ltr'>C.</span> 
     </span>
    </p>
   </div>
   <div class='ocr_carea' id='block_1_6' title="bbox 167 1151 1044 1269">
    <p class='ocr_par' dir='ltr' id='par_1_6' title="bbox 167 1151 1044 1269">
     <span class='ocr_line' id='line_1_9' title="bbox 222 1151 1044 1205; baseline -0.009 -9"><span class='ocrx_word' id='word_1_65' title='bbox 222 1155 361 1196; x_wconf 77' lang='lat'>39-43.</span> <span class='ocrx_word' id='word_1_66' title='bbox 381 1155 594 1195; x_wconf 78' lang='lat' dir='ltr'>dominum</span> <span class='ocrx_word' id='word_1_67' title='bbox 608 1152 710 1205; x_wconf 87' lang='lat' dir='ltr'>eet.]</span> <span class='ocrx_word' id='word_1_68' title='bbox 730 1153 926 1192; x_wconf 87' lang='lat' dir='ltr'>Stoicum</span> <span class='ocrx_word' id='word_1_69' title='bbox 943 1151 1044 1190; x_wconf 92' lang='lat' dir='ltr'>hoc.</span> 
     </span>
     <span class='ocr_line' id='line_1_10' title="bbox 167 1212 1043 1269; baseline -0.008 -10"><span class='ocrx_word' id='word_1_70' title='bbox 167 1219 336 1259; x_wconf 89' lang='lat' dir='ltr'>Arrian.</span> <span class='ocrx_word' id='word_1_71' title='bbox 361 1218 546 1269; x_wconf 90' lang='lat' dir='ltr'>Epictet.</span> <span class='ocrx_word' id='word_1_72' title='bbox 571 1216 610 1266; x_wconf 89' lang='grc'>4,</span> <span class='ocrx_word' id='word_1_73' title='bbox 636 1218 675 1265; x_wconf 75' lang='grc'>4,</span> <span class='ocrx_word' id='word_1_74' title='bbox 699 1215 765 1255; x_wconf 82' lang='grc'>59.</span> <span class='ocrx_word' id='word_1_75' title='bbox 801 1215 855 1255; x_wconf 92' lang='lat' dir='ltr'>de</span> <span class='ocrx_word' id='word_1_76' title='bbox 887 1212 1043 1262; x_wconf 86' lang='lat' dir='ltr'>stultis,</span> 
     </span>
    </p>
   </div>
   <div class='ocr_carea' id='block_1_7' title="bbox 1109 1148 1996 1261">
    <p class='ocr_par' dir='ltr' id='par_1_7' title="bbox 1109 1148 1996 1261">
     <span class='ocr_line' id='line_1_11' title="bbox 1109 1148 1994 1189; baseline 0 -1"><span class='ocrx_word' id='word_1_77' title='bbox 1109 1159 1211 1188; x_wconf 78' lang='lat' dir='ltr'>num</span> <span class='ocrx_word' id='word_1_78' title='bbox 1254 1153 1413 1188; x_wconf 81' lang='lat' dir='ltr'>teneros</span> <span class='ocrx_word' id='word_1_79' title='bbox 1456 1149 1572 1188; x_wconf 77' lang='lat' dir='ltr'>urit</span> <span class='ocrx_word' id='word_1_80' title='bbox 1613 1148 1748 1188; x_wconf 80' lang='lat' dir='ltr'>lorica</span> <span class='ocrx_word' id='word_1_81' title='bbox 1785 1148 1994 1189; x_wconf 77' lang='lat' dir='ltr'>lacertos?</span> 
     </span>
     <span class='ocr_line' id='line_1_12' title="bbox 1111 1210 1996 1261; baseline 0.001 -11"><span class='ocrx_word' id='word_1_82' title='bbox 1111 1211 1234 1251; x_wconf 85' lang='lat' dir='ltr'>Ovid.</span> <span class='ocrx_word' id='word_1_83' title='bbox 1268 1212 1393 1251; x_wconf 91' lang='lat' dir='ltr'>Rem.</span> <span class='ocrx_word' id='word_1_84' title='bbox 1427 1212 1524 1250; x_wconf 87' lang='lat' dir='ltr'>Am.</span> <span class='ocrx_word' id='word_1_85' title='bbox 1558 1210 1666 1250; x_wconf 71' lang='lat'><strong>235:</strong></span> <span class='ocrx_word' id='word_1_86' title='bbox 1711 1210 1918 1261; x_wconf 74' lang='lat' dir='ltr'>AdspiciS,</span> <span class='ocrx_word' id='word_1_87' title='bbox 1949 1215 1996 1251; x_wconf 75' lang='lat' dir='ltr'>ut</span> 
     </span>
    </p>
   </div>
   <div class='ocr_carea' id='block_1_8' title="bbox 166 1269 1994 1333">
    <p class='ocr_par' dir='ltr' id='par_1_8' title="bbox 166 1269 1994 1333">
     <span class='ocr_line' id='line_1_13' title="bbox 166 1269 1994 1333; baseline -0.005 -12"><span class='ocrx_word' id='word_1_88' title='bbox 166 1292 277 1333; x_wconf 86' lang='lat' dir='ltr'>quos</span> <span class='ocrx_word' id='word_1_89' title='bbox 322 1279 556 1320; x_wconf 84' lang='lat' dir='ltr'>dicebant:</span> <span class='ocrx_word' id='word_1_90' title='bbox 605 1271 758 1328; x_wconf 78' lang='grc' dir='ltr'><em>οὕτως</em></span> <span class='ocrx_word' id='word_1_91' title='bbox 798 1269 884 1318; x_wconf 77' lang='grc' dir='ltr'>οὖν</span> <span class='ocrx_word' id='word_1_92' title='bbox 930 1274 1047 1315; x_wconf 72' lang='grc' dir='ltr'><em>πολ-</em></span> <span class='ocrx_word' id='word_1_93' title='bbox 1103 1284 1279 1323; x_wconf 78' lang='lat' dir='ltr'>prensos</span> <span class='ocrx_word' id='word_1_94' title='bbox 1297 1274 1586 1324; x_wconf 70' lang='lat' dir='ltr'>urantiuqa</span> <span class='ocrx_word' id='word_1_95' title='bbox 1607 1273 1756 1323; x_wconf 78' lang='lat' dir='ltr'>prima</span> <span class='ocrx_word' id='word_1_96' title='bbox 1773 1272 1994 1313; x_wconf 74' lang='lat' dir='ltr'>iuvencos?</span> 
     </span>
    </p>
   </div>
   <div class='ocr_carea' id='block_1_9' title="bbox 158 1333 1050 3571">
    <p class='ocr_par' dir='ltr' id='par_1_9' title="bbox 158 1333 1048 3571">
     <span class='ocr_line' id='line_1_14' title="bbox 167 1333 1043 1400; baseline -0.008 -16"><span class='ocrx_word' id='word_1_97' title='bbox 167 1340 282 1393; x_wconf 76' lang='grc' dir='ltr'>λοὺς</span> <span class='ocrx_word' id='word_1_98' title='bbox 320 1343 518 1400; x_wconf 77' lang='grc' dir='ltr'><em>κυρίους</em></span> <span class='ocrx_word' id='word_1_99' title='bbox 554 1335 767 1394; x_wconf 71' lang='grc' dir='ltr'><em>ἔχομεν,·</em></span> <span class='ocrx_word' id='word_1_100' title='bbox 811 1333 961 1380; x_wconf 69' lang='grc' dir='ltr'><em>Οὕτω.</em></span> <span class='ocrx_word' id='word_1_101' title='bbox 998 1362 1043 1367; x_wconf 83' lang='grc'>-</span> 
     </span>
     <span class='ocr_line' id='line_1_15' title="bbox 162 1403 1048 1456; baseline -0.006 -10"><span class='ocrx_word' id='word_1_102' title='bbox 162 1407 270 1446; x_wconf 74' lang='lat' dir='ltr'>vehit</span> <span class='ocrx_word' id='word_1_103' title='bbox 288 1405 512 1456; x_wconf 78' lang='lat' dir='ltr'>improbus]</span> <span class='ocrx_word' id='word_1_104' title='bbox 538 1403 762 1444; x_wconf 84' lang='lat' dir='ltr'>«Libertas</span> <span class='ocrx_word' id='word_1_105' title='bbox 783 1403 913 1454; x_wconf 80' lang='lat' dir='ltr'>igitur</span> <span class='ocrx_word' id='word_1_106' title='bbox 933 1403 1048 1441; x_wconf 87' lang='lat' dir='ltr'>inter</span> 
     </span>
     <span class='ocr_line' id='line_1_16' title="bbox 165 1464 1048 1520; baseline -0.005 -13"><span class='ocrx_word' id='word_1_107' title='bbox 165 1469 403 1520; x_wconf 85' lang='lat' dir='ltr'>praecipua</span> <span class='ocrx_word' id='word_1_108' title='bbox 460 1467 594 1506; x_wconf 90' lang='lat' dir='ltr'>animi</span> <span class='ocrx_word' id='word_1_109' title='bbox 643 1466 764 1504; x_wconf 87' lang='lat' dir='ltr'>bona</span> <span class='ocrx_word' id='word_1_110' title='bbox 811 1464 1048 1504; x_wconf 86' lang='lat' dir='ltr'>referenda</span> 
     </span>
     <span class='ocr_line' id='line_1_17' title="bbox 165 1527 1050 1581; baseline -0.007 -10"><span class='ocrx_word' id='word_1_111' title='bbox 165 1533 259 1579; x_wconf 83' lang='lat' dir='ltr'>est;</span> <span class='ocrx_word' id='word_1_112' title='bbox 295 1541 383 1581; x_wconf 89' lang='lat' dir='ltr'>qua</span> <span class='ocrx_word' id='word_1_113' title='bbox 414 1529 490 1581; x_wconf 88' lang='lat' dir='ltr'>qui</span> <span class='ocrx_word' id='word_1_114' title='bbox 520 1529 643 1568; x_wconf 88' lang='lat' dir='ltr'>caret</span> <span class='ocrx_word' id='word_1_115' title='bbox 672 1527 935 1568; x_wconf 86' lang='lat' dir='ltr'>servitutem</span> <span class='ocrx_word' id='word_1_116' title='bbox 956 1536 1050 1566; x_wconf 90' lang='lat' dir='ltr'>ser-</span> 
     </span>
     <span class='ocr_line' id='line_1_18' title="bbox 163 1589 1048 1633; baseline -0.003 -2"><span class='ocrx_word' id='word_1_117' title='bbox 163 1594 251 1633; x_wconf 68' lang='lat' dir='ltr'>viat</span> <span class='ocrx_word' id='word_1_118' title='bbox 293 1602 479 1632; x_wconf 87' lang='lat' dir='ltr'>necesse</span> <span class='ocrx_word' id='word_1_119' title='bbox 522 1592 590 1631; x_wconf 89' lang='lat' dir='ltr'>est</span> <span class='ocrx_word' id='word_1_120' title='bbox 617 1590 748 1630; x_wconf 90' lang='lat' dir='ltr'>bonis</span> <span class='ocrx_word' id='word_1_121' title='bbox 779 1589 972 1629; x_wconf 74' lang='lat' dir='ltr'>externis</span> <span class='ocrx_word' id='word_1_122' title='bbox 1004 1591 1048 1629; x_wconf 91' lang='lat' dir='ltr'>et</span> 
     </span>
     <span class='ocr_line' id='line_1_19' title="bbox 164 1650 1048 1702; baseline -0.005 -8"><span class='ocrx_word' id='word_1_123' title='bbox 164 1655 369 1702; x_wconf 83' lang='lat' dir='ltr'>caducis,</span> <span class='ocrx_word' id='word_1_124' title='bbox 417 1654 510 1693; x_wconf 72' lang='lat' dir='ltr'>sive</span> <span class='ocrx_word' id='word_1_125' title='bbox 548 1663 778 1692; x_wconf 90' lang='lat' dir='ltr'>summum</span> <span class='ocrx_word' id='word_1_126' title='bbox 814 1662 897 1702; x_wconf 90' lang='lat' dir='ltr'>per</span> <span class='ocrx_word' id='word_1_127' title='bbox 925 1650 1048 1690; x_wconf 89' lang='lat' dir='ltr'>labo-</span> 
     </span>
     <span class='ocr_line' id='line_1_20' title="bbox 164 1714 1046 1766; baseline -0.006 -9"><span class='ocrx_word' id='word_1_128' title='bbox 164 1729 260 1757; x_wconf 88' lang='lat' dir='ltr'>rem</span> <span class='ocrx_word' id='word_1_129' title='bbox 293 1717 465 1756; x_wconf 64' lang='lat' dir='ltr'>divitias</span> <span class='ocrx_word' id='word_1_130' title='bbox 498 1716 664 1766; x_wconf 89' lang='lat' dir='ltr'>captat,</span> <span class='ocrx_word' id='word_1_131' title='bbox 699 1715 790 1754; x_wconf 89' lang='lat' dir='ltr'>sive</span> <span class='ocrx_word' id='word_1_132' title='bbox 812 1714 1046 1754; x_wconf 89' lang='lat' dir='ltr'>hominum</span> 
     </span>
     <span class='ocr_line' id='line_1_21' title="bbox 161 1777 1045 1831; baseline -0.005 -11"><span class='ocrx_word' id='word_1_133' title='bbox 161 1778 435 1831; x_wconf 81' lang='lat' dir='ltr'>locupletum</span> <span class='ocrx_word' id='word_1_134' title='bbox 477 1780 518 1818; x_wconf 92' lang='lat' dir='ltr'>et</span> <span class='ocrx_word' id='word_1_135' title='bbox 557 1778 807 1830; x_wconf 89' lang='lat' dir='ltr'>potentium</span> <span class='ocrx_word' id='word_1_136' title='bbox 844 1777 1045 1817; x_wconf 76' lang='lat' dir='ltr'>favorem</span> 
     </span>
     <span class='ocr_line' id='line_1_22' title="bbox 163 1841 1044 1891; baseline -0.005 -9"><span class='ocrx_word' id='word_1_137' title='bbox 163 1841 329 1887; x_wconf 81' lang='lat' dir='ltr'>ambit;</span> <span class='ocrx_word' id='word_1_138' title='bbox 364 1841 524 1889; x_wconf 71' lang='lat' dir='ltr'>servit,</span> <span class='ocrx_word' id='word_1_139' title='bbox 558 1841 765 1891; x_wconf 89' lang='lat' dir='ltr'>inquam,</span> <span class='ocrx_word' id='word_1_140' title='bbox 804 1841 1044 1890; x_wconf 89' lang='lat' dir='ltr'>propterea</span> 
     </span>
     <span class='ocr_line' id='line_1_23' title="bbox 163 1901 1044 1955; baseline -0.005 -11"><span class='ocrx_word' id='word_1_141' title='bbox 163 1903 283 1955; x_wconf 89' lang='lat' dir='ltr'>quod</span> <span class='ocrx_word' id='word_1_142' title='bbox 312 1902 545 1953; x_wconf 74' lang='lat' dir='ltr'>improbuS,</span> <span class='ocrx_word' id='word_1_143' title='bbox 593 1902 678 1941; x_wconf 91' lang='lat' dir='ltr'>hoc</span> <span class='ocrx_word' id='word_1_144' title='bbox 709 1902 800 1949; x_wconf 91' lang='lat' dir='ltr'>est,</span> <span class='ocrx_word' id='word_1_145' title='bbox 835 1901 1044 1940; x_wconf 91' lang='lat' dir='ltr'>immodi-</span> 
     </span>
     <span class='ocr_line' id='line_1_24' title="bbox 161 1965 1044 2016; baseline -0.007 -9"><span class='ocrx_word' id='word_1_146' title='bbox 161 1978 261 2015; x_wconf 90' lang='lat' dir='ltr'>cus,</span> <span class='ocrx_word' id='word_1_147' title='bbox 294 1966 632 2016; x_wconf 82' lang='lat' dir='ltr'>intemperatus,</span> <span class='ocrx_word' id='word_1_148' title='bbox 666 1974 746 2003; x_wconf 88' lang='lat' dir='ltr'>sua</span> <span class='ocrx_word' id='word_1_149' title='bbox 777 1965 897 2002; x_wconf 85' lang='lat' dir='ltr'>sorte</span> <span class='ocrx_word' id='word_1_150' title='bbox 928 1974 1044 2003; x_wconf 90' lang='lat' dir='ltr'>nun-</span> 
     </span>
     <span class='ocr_line' id='line_1_25' title="bbox 162 2028 1044 2082; baseline -0.005 -12"><span class='ocrx_word' id='word_1_151' title='bbox 162 2042 296 2082; x_wconf 88' lang='lat' dir='ltr'>quam</span> <span class='ocrx_word' id='word_1_152' title='bbox 334 2031 569 2069; x_wconf 89' lang='lat' dir='ltr'>contentus</span> <span class='ocrx_word' id='word_1_153' title='bbox 610 2028 698 2075; x_wconf 87' lang='lat' dir='ltr'>est,</span> <span class='ocrx_word' id='word_1_154' title='bbox 746 2028 880 2066; x_wconf 90' lang='lat' dir='ltr'>nimia</span> <span class='ocrx_word' id='word_1_155' title='bbox 920 2038 1044 2067; x_wconf 76' lang='lat' dir='ltr'>sem-</span> 
     </span>
     <span class='ocr_line' id='line_1_26' title="bbox 159 2090 1041 2145; baseline -0.003 -12"><span class='ocrx_word' id='word_1_156' title='bbox 159 2105 241 2145; x_wconf 90' lang='lat' dir='ltr'>per</span> <span class='ocrx_word' id='word_1_157' title='bbox 279 2095 320 2132; x_wconf 83' lang='lat' dir='ltr'>et</span> <span class='ocrx_word' id='word_1_158' title='bbox 363 2094 488 2131; x_wconf 67' lang='lat' dir='ltr'>vasta</span> <span class='ocrx_word' id='word_1_159' title='bbox 532 2090 761 2142; x_wconf 88' lang='lat' dir='ltr'>appetit:»</span> <span class='ocrx_word' id='word_1_160' title='bbox 813 2090 876 2130; x_wconf 92' lang='lat' dir='ltr'>sic</span> <span class='ocrx_word' id='word_1_161' title='bbox 923 2091 1041 2130; x_wconf 90' lang='lat' dir='ltr'>enim</span> 
     </span>
     <span class='ocr_line' id='line_1_27' title="bbox 161 2153 1042 2207; baseline -0.005 -12"><span class='ocrx_word' id='word_1_162' title='bbox 161 2153 548 2207; x_wconf 87' lang='lat' dir='ltr'>interpretandum</span> <span class='ocrx_word' id='word_1_163' title='bbox 602 2164 701 2193; x_wconf 91' lang='lat' dir='ltr'>esse</span> <span class='ocrx_word' id='word_1_164' title='bbox 755 2154 940 2204; x_wconf 84' lang='lat' dir='ltr'>apparet</span> <span class='ocrx_word' id='word_1_165' title='bbox 988 2164 1042 2192; x_wconf 83' lang='lat' dir='ltr'>ex</span> 
     </span>
     <span class='ocr_line' id='line_1_28' title="bbox 161 2214 1042 2270; baseline -0.005 -12"><span class='ocrx_word' id='word_1_166' title='bbox 161 2218 375 2270; x_wconf 88' lang='lat' dir='ltr'>oppositis</span> <span class='ocrx_word' id='word_1_167' title='bbox 406 2221 443 2256; x_wconf 80' lang='lat' dir='ltr'>et</span> <span class='ocrx_word' id='word_1_168' title='bbox 475 2227 610 2266; x_wconf 77' lang='lat' dir='ltr'>parvo</span> <span class='ocrx_word' id='word_1_169' title='bbox 640 2215 789 2254; x_wconf 74' lang='lat' dir='ltr'>nesciet</span> <span class='ocrx_word' id='word_1_170' title='bbox 823 2215 899 2254; x_wconf 72' lang='lat' dir='ltr'>uti.</span> <span class='ocrx_word' id='word_1_171' title='bbox 961 2214 1042 2255; x_wconf 82' lang='lat' dir='ltr'>Alii</span> 
     </span>
     <span class='ocr_line' id='line_1_29' title="bbox 160 2277 1039 2331; baseline -0.009 -12"><span class='ocrx_word' id='word_1_172' title='bbox 160 2281 307 2319; x_wconf 89' lang='lat' dir='ltr'>minus</span> <span class='ocrx_word' id='word_1_173' title='bbox 360 2281 461 2331; x_wconf 87' lang='lat' dir='ltr'>apte</span> <span class='ocrx_word' id='word_1_174' title='bbox 515 2277 774 2329; x_wconf 89' lang='lat' dir='ltr'>simpliciter</span> <span class='ocrx_word' id='word_1_175' title='bbox 828 2288 1039 2317; x_wconf 79' lang='lat' dir='ltr'>«avarus»</span> 
     </span>
     <span class='ocr_line' id='line_1_30' title="bbox 162 2339 1042 2394; baseline -0.005 -12"><span class='ocrx_word' id='word_1_176' title='bbox 162 2341 403 2394; x_wconf 82' lang='lat' dir='ltr'>explicant,</span> <span class='ocrx_word' id='word_1_177' title='bbox 451 2340 520 2381; x_wconf 90' lang='lat' dir='ltr'>alii</span> <span class='ocrx_word' id='word_1_178' title='bbox 552 2339 773 2380; x_wconf 89' lang='lat' dir='ltr'>«insolens</span> <span class='ocrx_word' id='word_1_179' title='bbox 804 2342 937 2391; x_wconf 85' lang='lat' dir='ltr'>atque</span> <span class='ocrx_word' id='word_1_180' title='bbox 969 2351 1042 2379; x_wconf 89' lang='lat' dir='ltr'>ar·-</span> 
     </span>
     <span class='ocr_line' id='line_1_31' title="bbox 160 2400 1042 2459; baseline -0.003 -15"><span class='ocrx_word' id='word_1_181' title='bbox 160 2415 375 2455; x_wconf 82' lang='lat' dir='ltr'>rogans,»</span> <span class='ocrx_word' id='word_1_182' title='bbox 421 2402 491 2443; x_wconf 88' lang='lat' dir='ltr'>alii</span> <span class='ocrx_word' id='word_1_183' title='bbox 523 2401 747 2451; x_wconf 91' lang='lat' dir='ltr'>«humilis,</span> <span class='ocrx_word' id='word_1_184' title='bbox 787 2400 1042 2459; x_wconf 78' lang='grc' dir='ltr'><em>δουλοπρε-</em></span> 
     </span>
     <span class='ocr_line' id='line_1_32' title="bbox 160 2463 1039 2520; baseline -0.005 -12"><span class='ocrx_word' id='word_1_185' title='bbox 160 2464 277 2520; x_wconf 82' lang='grc' dir='ltr'><em>πής,</em></span> <span class='ocrx_word' id='word_1_186' title='bbox 309 2465 428 2515; x_wconf 72' lang='lat' dir='ltr'>vilis,</span> <span class='ocrx_word' id='word_1_187' title='bbox 463 2465 725 2514; x_wconf 87' lang='lat' dir='ltr'>abiectus‚»</span> <span class='ocrx_word' id='word_1_188' title='bbox 759 2463 829 2504; x_wconf 92' lang='lat' dir='ltr'>alii</span> <span class='ocrx_word' id='word_1_189' title='bbox 861 2466 1039 2514; x_wconf 90' lang='lat' dir='ltr'>«miser,</span> 
     </span>
     <span class='ocr_line' id='line_1_33' title="bbox 158 2528 1035 2579; baseline -0.002 -11"><span class='ocrx_word' id='word_1_190' title='bbox 158 2529 452 2569; x_wconf 88' lang='lat' dir='ltr'>laboriosus.»</span> <span class='ocrx_word' id='word_1_191' title='bbox 512 2528 660 2568; x_wconf 83' lang='lat' dir='ltr'>Lectio</span> <span class='ocrx_word' id='word_1_192' title='bbox 693 2538 897 2567; x_wconf 89' lang='lat' dir='ltr'>meorum</span> <span class='ocrx_word' id='word_1_193' title='bbox 929 2539 1035 2579; x_wconf 88' lang='lat' dir='ltr'>quo-</span> 
     </span>
     <span class='ocr_line' id='line_1_34' title="bbox 160 2588 1042 2643; baseline -0.002 -12"><span class='ocrx_word' id='word_1_194' title='bbox 160 2603 246 2643; x_wconf 88' lang='lat' dir='ltr'>que</span> <span class='ocrx_word' id='word_1_195' title='bbox 292 2590 432 2631; x_wconf 91' lang='lat' dir='ltr'>Codd.</span> <span class='ocrx_word' id='word_1_196' title='bbox 464 2591 578 2630; x_wconf 75' lang='lat' dir='ltr'>vehet</span> <span class='ocrx_word' id='word_1_197' title='bbox 614 2592 767 2642; x_wconf 89' lang='lat' dir='ltr'>aperte</span> <span class='ocrx_word' id='word_1_198' title='bbox 810 2588 915 2630; x_wconf 87' lang='lat' dir='ltr'>falsa</span> <span class='ocrx_word' id='word_1_199' title='bbox 946 2592 1042 2629; x_wconf 90' lang='lat' dir='ltr'>orta</span> 
     </span>
     <span class='ocr_line' id='line_1_35' title="bbox 161 2651 1039 2703; baseline -0.002 -10"><span class='ocrx_word' id='word_1_200' title='bbox 161 2655 230 2693; x_wconf 89' lang='lat' dir='ltr'>est</span> <span class='ocrx_word' id='word_1_201' title='bbox 274 2664 327 2691; x_wconf 83' lang='lat' dir='ltr'>ex</span> <span class='ocrx_word' id='word_1_202' title='bbox 370 2663 498 2703; x_wconf 86' lang='lat' dir='ltr'>seqq.</span> <span class='ocrx_word' id='word_1_203' title='bbox 531 2651 716 2699; x_wconf 83' lang='lat' dir='ltr'>futuris;</span> <span class='ocrx_word' id='word_1_204' title='bbox 764 2653 871 2692; x_wconf 75' lang='lat' dir='ltr'>vehit</span> <span class='ocrx_word' id='word_1_205' title='bbox 901 2663 1039 2700; x_wconf 90' lang='lat' dir='ltr'>nunc,</span> 
     </span>
     <span class='ocr_line' id='line_1_36' title="bbox 161 2715 1042 2766; baseline -0.002 -11"><span class='ocrx_word' id='word_1_206' title='bbox 161 2718 292 2766; x_wconf 88' lang='lat' dir='ltr'>atque</span> <span class='ocrx_word' id='word_1_207' title='bbox 314 2715 371 2753; x_wconf 90' lang='lat' dir='ltr'>ita</span> <span class='ocrx_word' id='word_1_208' title='bbox 392 2715 435 2754; x_wconf 88' lang='lat' dir='ltr'>in</span> <span class='ocrx_word' id='word_1_209' title='bbox 456 2716 726 2765; x_wconf 90' lang='lat' dir='ltr'>perpetuum</span> <span class='ocrx_word' id='word_1_210' title='bbox 747 2715 914 2763; x_wconf 76' lang='lat' dir='ltr'>serviet,</span> <span class='ocrx_word' id='word_1_211' title='bbox 940 2715 1042 2766; x_wconf 90' lang='lat' dir='ltr'>quia</span> 
     </span>
     <span class='ocr_line' id='line_1_37' title="bbox 162 2777 1041 2827; baseline -0.001 -10"><span class='ocrx_word' id='word_1_212' title='bbox 162 2787 390 2827; x_wconf 89' lang='lat' dir='ltr'>nunquam</span> <span class='ocrx_word' id='word_1_213' title='bbox 437 2786 576 2827; x_wconf 78' lang='lat' dir='ltr'>parvo</span> <span class='ocrx_word' id='word_1_214' title='bbox 620 2777 684 2815; x_wconf 87' lang='lat' dir='ltr'>uti</span> <span class='ocrx_word' id='word_1_215' title='bbox 733 2777 838 2825; x_wconf 89' lang='lat' dir='ltr'>scit,</span> <span class='ocrx_word' id='word_1_216' title='bbox 894 2787 1041 2827; x_wconf 89' lang='lat' dir='ltr'>neque</span> 
     </span>
     <span class='ocr_line' id='line_1_38' title="bbox 161 2839 1043 2890; baseline 0 -11"><span class='ocrx_word' id='word_1_217' title='bbox 161 2850 279 2879; x_wconf 87' lang='lat' dir='ltr'>nunc</span> <span class='ocrx_word' id='word_1_218' title='bbox 326 2849 409 2877; x_wconf 91' lang='lat' dir='ltr'>nec</span> <span class='ocrx_word' id='word_1_219' title='bbox 452 2839 496 2877; x_wconf 92' lang='lat' dir='ltr'>in</span> <span class='ocrx_word' id='word_1_220' title='bbox 539 2840 798 2889; x_wconf 89' lang='lat' dir='ltr'>posterum,</span> <span class='ocrx_word' id='word_1_221' title='bbox 846 2839 890 2878; x_wconf 91' lang='lat' dir='ltr'>id</span> <span class='ocrx_word' id='word_1_222' title='bbox 921 2839 1043 2890; x_wconf 89' lang='lat' dir='ltr'>quod</span> 
     </span>
     <span class='ocr_line' id='line_1_39' title="bbox 163 2900 1040 2952; baseline -0.001 -12"><span class='ocrx_word' id='word_1_223' title='bbox 163 2902 265 2952; x_wconf 85' lang='lat' dir='ltr'>apte</span> <span class='ocrx_word' id='word_1_224' title='bbox 311 2900 581 2950; x_wconf 83' lang='lat' dir='ltr'>significatur</span> <span class='ocrx_word' id='word_1_225' title='bbox 625 2900 785 2940; x_wconf 88' lang='lat' dir='ltr'>futuro.</span> <span class='ocrx_word' id='word_1_226' title='bbox 856 2901 943 2941; x_wconf 85' lang='lat' dir='ltr'>Cfr.</span> <span class='ocrx_word' id='word_1_227' title='bbox 989 2903 1040 2940; x_wconf 93' lang='lat' dir='ltr'>A.</span> 
     </span>
     <span class='ocr_line' id='line_1_40' title="bbox 163 2961 1046 3013; baseline 0 -11"><span class='ocrx_word' id='word_1_228' title='bbox 163 2965 208 3002; x_wconf 93' lang='lat' dir='ltr'>P.</span> <span class='ocrx_word' id='word_1_229' title='bbox 234 2962 301 3001; x_wconf 76' lang='lat'>32.</span> <span class='ocrx_word' id='word_1_230' title='bbox 339 2984 383 2988; x_wconf 89' lang='lat'>—</span> <span class='ocrx_word' id='word_1_231' title='bbox 417 2961 645 3013; x_wconf 78' lang='lat' dir='ltr'>aeternum]</span> <span class='ocrx_word' id='word_1_232' title='bbox 678 2961 963 3011; x_wconf 86' lang='lat' dir='ltr'>adverbium,</span> <span class='ocrx_word' id='word_1_233' title='bbox 995 2963 1046 3002; x_wconf 83' lang='lat' dir='ltr'>ut</span> 
     </span>
     <span class='ocr_line' id='line_1_41' title="bbox 164 3023 1047 3075; baseline 0 -12"><span class='ocrx_word' id='word_1_234' title='bbox 164 3023 290 3064; x_wconf 86' lang='lat' dir='ltr'>Silius</span> <span class='ocrx_word' id='word_1_235' title='bbox 332 3024 377 3071; x_wconf 77' lang='grc'>4,</span> <span class='ocrx_word' id='word_1_236' title='bbox 418 3023 524 3063; x_wconf 71' lang='grc' dir='ltr'>ΞΟ4ῑ</span> <span class='ocrx_word' id='word_1_237' title='bbox 574 3025 864 3074; x_wconf 67' lang='lat' dir='ltr'>aether-easque</span> <span class='ocrx_word' id='word_1_238' title='bbox 907 3024 1047 3075; x_wconf 68' lang='lat' dir='ltr'>Erigyit</span> 
     </span>
     <span class='ocr_line' id='line_1_42' title="bbox 165 3086 1044 3137; baseline -0.002 -11"><span class='ocrx_word' id='word_1_239' title='bbox 165 3090 382 3126; x_wconf 80' lang='lat' dir='ltr'>aeternum</span> <span class='ocrx_word' id='word_1_240' title='bbox 438 3097 660 3137; x_wconf 72' lang='lat' dir='ltr'>compaqes</span> <span class='ocrx_word' id='word_1_241' title='bbox 714 3087 853 3125; x_wconf 84' lang='lat' dir='ltr'>ardua</span> <span class='ocrx_word' id='word_1_242' title='bbox 899 3086 1044 3126; x_wconf 64' lang='lat' dir='ltr'>cervia:</span> 
     </span>
     <span class='ocr_line' id='line_1_43' title="bbox 166 3148 1042 3200; baseline -0.002 -11"><span class='ocrx_word' id='word_1_243' title='bbox 166 3148 392 3200; x_wconf 76' lang='lat' dir='ltr'>(Atlantis).</span> <span class='ocrx_word' id='word_1_244' title='bbox 431 3170 474 3175; x_wconf 35' lang='lat' dir='ltr'><strong><em>m</em></strong></span> <span class='ocrx_word' id='word_1_245' title='bbox 518 3148 628 3197; x_wconf 73' lang='lat' dir='ltr'>olim]</span> <span class='ocrx_word' id='word_1_246' title='bbox 674 3148 783 3188; x_wconf 83' lang='lat' dir='ltr'>Adv.</span> <span class='ocrx_word' id='word_1_247' title='bbox 831 3149 1042 3188; x_wconf 88' lang='lat' dir='ltr'>usitatum</span> 
     </span>
     <span class='ocr_line' id='line_1_44' title="bbox 163 3208 1045 3260; baseline 0 -10"><span class='ocrx_word' id='word_1_248' title='bbox 163 3212 207 3250; x_wconf 89' lang='lat' dir='ltr'>in</span> <span class='ocrx_word' id='word_1_249' title='bbox 252 3208 422 3250; x_wconf 86' lang='lat' dir='ltr'>fabellis</span> <span class='ocrx_word' id='word_1_250' title='bbox 454 3211 498 3248; x_wconf 88' lang='lat' dir='ltr'>et</span> <span class='ocrx_word' id='word_1_251' title='bbox 528 3209 769 3260; x_wconf 74' lang='lat' dir='ltr'>exemplis:</span> <span class='ocrx_word' id='word_1_252' title='bbox 819 3212 897 3248; x_wconf 86' lang='lat' dir='ltr'>«ut</span> <span class='ocrx_word' id='word_1_253' title='bbox 932 3209 1045 3250; x_wconf 87' lang='lat' dir='ltr'>solet</span> 
     </span>
     <span class='ocr_line' id='line_1_45' title="bbox 166 3270 1043 3322; baseline 0 -10"><span class='ocrx_word' id='word_1_254' title='bbox 166 3273 261 3312; x_wconf 84' lang='lat' dir='ltr'>fieri</span> <span class='ocrx_word' id='word_1_255' title='bbox 292 3273 335 3311; x_wconf 88' lang='lat' dir='ltr'>in</span> <span class='ocrx_word' id='word_1_256' title='bbox 368 3270 540 3317; x_wconf 85' lang='lat' dir='ltr'>calceo,</span> <span class='ocrx_word' id='word_1_257' title='bbox 588 3271 661 3321; x_wconf 89' lang='lat' dir='ltr'>qui</span> <span class='ocrx_word' id='word_1_258' title='bbox 691 3271 725 3310; x_wconf 88' lang='lat' dir='ltr'>si</span> <span class='ocrx_word' id='word_1_259' title='bbox 759 3272 898 3310; x_wconf 88' lang='lat' dir='ltr'>maior</span> <span class='ocrx_word' id='word_1_260' title='bbox 926 3272 1043 3322; x_wconf 89' lang='lat' dir='ltr'>pede</span> 
     </span>
     <span class='ocr_line' id='line_1_46' title="bbox 166 3331 1045 3384; baseline 0 -10"><span class='ocrx_word' id='word_1_261' title='bbox 166 3337 252 3382; x_wconf 80' lang='lat' dir='ltr'>est,</span> <span class='ocrx_word' id='word_1_262' title='bbox 287 3333 409 3382; x_wconf 79' lang='lat' dir='ltr'>facit,</span> <span class='ocrx_word' id='word_1_263' title='bbox 442 3336 488 3372; x_wconf 91' lang='lat' dir='ltr'>ut</span> <span class='ocrx_word' id='word_1_264' title='bbox 519 3333 641 3372; x_wconf 84' lang='lat' dir='ltr'>humi</span> <span class='ocrx_word' id='word_1_265' title='bbox 663 3331 974 3384; x_wconf 80' lang='lat' dir='ltr'>prolabamur3</span> <span class='ocrx_word' id='word_1_266' title='bbox 1009 3335 1045 3374; x_wconf 88' lang='lat' dir='ltr'>si</span> 
     </span>
     <span class='ocr_line' id='line_1_47' title="bbox 167 3395 1042 3447; baseline 0.001 -12"><span class='ocrx_word' id='word_1_267' title='bbox 167 3399 330 3441; x_wconf 69' lang='lat' dir='ltr'>minor,</span> <span class='ocrx_word' id='word_1_268' title='bbox 365 3395 526 3447; x_wconf 85' lang='lat' dir='ltr'>pedem</span> <span class='ocrx_word' id='word_1_269' title='bbox 552 3396 807 3446; x_wconf 77' lang='lat' dir='ltr'>constringit</span> <span class='ocrx_word' id='word_1_270' title='bbox 828 3397 868 3434; x_wconf 91' lang='lat' dir='ltr'>et</span> <span class='ocrx_word' id='word_1_271' title='bbox 891 3395 1042 3436; x_wconf 86' lang='lat' dir='ltr'>dolore</span> 
     </span>
     <span class='ocr_line' id='line_1_48' title="bbox 168 3457 1039 3506; baseline 0 -8"><span class='ocrx_word' id='word_1_272' title='bbox 168 3470 246 3498; x_wconf 90' lang='lat' dir='ltr'>nos</span> <span class='ocrx_word' id='word_1_273' title='bbox 276 3458 450 3497; x_wconf 79' lang='lat' dir='ltr'>afficit.»</span> <span class='ocrx_word' id='word_1_274' title='bbox 489 3457 581 3497; x_wconf 75' lang='lat' dir='ltr'>Vid.</span> <span class='ocrx_word' id='word_1_275' title='bbox 617 3457 672 3496; x_wconf 82' lang='lat' dir='ltr'>ad</span> <span class='ocrx_word' id='word_1_276' title='bbox 705 3459 791 3496; x_wconf 87' lang='lat' dir='ltr'>Sat.</span> <span class='ocrx_word' id='word_1_277' title='bbox 829 3459 866 3505; x_wconf 76' lang='lat'>4,</span> <span class='ocrx_word' id='word_1_278' title='bbox 904 3459 939 3506; x_wconf 64' lang='lat' dir='ltr'>«t,</span> <span class='ocrx_word' id='word_1_279' title='bbox 974 3459 1039 3498; x_wconf 64' lang='lat'>25.</span> 
     </span>
     <span class='ocr_line' id='line_1_49' title="bbox 173 3519 1043 3571; baseline 0 -13"><span class='ocrx_word' id='word_1_280' title='bbox 173 3544 213 3548; x_wconf 77' lang='lat'><em>—</em></span> <span class='ocrx_word' id='word_1_281' title='bbox 240 3520 340 3571; x_wconf 79' lang='lat' dir='ltr'>uret]</span> <span class='ocrx_word' id='word_1_282' title='bbox 377 3522 571 3570; x_wconf 73' lang='lat' dir='ltr'>Propert.</span> <span class='ocrx_word' id='word_1_283' title='bbox 598 3521 637 3567; x_wconf 75' lang='lat' dir='ltr'>Ii,</span> <span class='ocrx_word' id='word_1_284' title='bbox 662 3520 699 3568; x_wconf 77' lang='lat'>3,</span> <span class='ocrx_word' id='word_1_285' title='bbox 726 3519 797 3558; x_wconf 71' lang='lat'>23:</span> <span class='ocrx_word' id='word_1_286' title='bbox 839 3520 915 3559; x_wconf 80' lang='lat' dir='ltr'>Dic</span> <span class='ocrx_word' id='word_1_287' title='bbox 944 3520 1043 3559; x_wconf 78' lang='lat' dir='ltr'>mihi</span> 
     </span>
    </p>
   </div>
   <div class='ocr_carea' id='block_1_10' title="bbox 1105 1333 1996 3576">
    <p class='ocr_par' dir='ltr' id='par_1_10' title="bbox 1105 1333 1996 2887">
     <span class='ocr_line' id='line_1_50' title="bbox 1112 1333 1996 1386; baseline 0 -11"><span class='ocrx_word' id='word_1_288' title='bbox 1112 1336 1323 1375; x_wconf 88' lang='lat' dir='ltr'>Ceterum</span> <span class='ocrx_word' id='word_1_289' title='bbox 1377 1333 1625 1374; x_wconf 88' lang='lat' dir='ltr'>admodum</span> <span class='ocrx_word' id='word_1_290' title='bbox 1667 1334 1882 1386; x_wconf 85' lang='lat' dir='ltr'>frequens</span> <span class='ocrx_word' id='word_1_291' title='bbox 1926 1337 1996 1376; x_wconf 91' lang='lat' dir='ltr'>est</span> 
     </span>
     <span class='ocr_line' id='line_1_51' title="bbox 1111 1397 1990 1450; baseline 0.002 -14"><span class='ocrx_word' id='word_1_292' title='bbox 1111 1397 1230 1449; x_wconf 90' lang='lat' dir='ltr'>apud</span> <span class='ocrx_word' id='word_1_293' title='bbox 1278 1397 1502 1448; x_wconf 87' lang='lat' dir='ltr'>sophistas</span> <span class='ocrx_word' id='word_1_294' title='bbox 1549 1398 1662 1438; x_wconf 89' lang='lat' dir='ltr'>haec</span> <span class='ocrx_word' id='word_1_295' title='bbox 1702 1398 1990 1450; x_wconf 90' lang='lat' dir='ltr'>comparatio.</span> 
     </span>
     <span class='ocr_line' id='line_1_52' title="bbox 1110 1455 1994 1535; baseline 0.002 -37"><span class='ocrx_word' id='word_1_296' title='bbox 1110 1461 1288 1499; x_wconf 73' lang='lat' dir='ltr'>LuCIan.</span> <span class='ocrx_word' id='word_1_297' title='bbox 1323 1461 1587 1511; x_wconf 80' lang='lat' dir='ltr'>Proimagg.</span> <span class='ocrx_word' id='word_1_298' title='bbox 1613 1461 1691 1501; x_wconf 76' lang='lat'>40:</span> <span class='ocrx_word' id='word_1_299' title='bbox 1725 1458 1849 1514; x_wconf 81' lang='grc' dir='ltr'><em>μηδὲ</em></span> <span class='ocrx_word' id='word_1_300' title='bbox 1875 1455 1994 1535; x_wconf 79' lang='grc' dir='ltr'><em>ὑπὲρ</em></span> 
     </span>
     <span class='ocr_line' id='line_1_53' title="bbox 1109 1516 1992 1596; baseline 0.003 -36"><span class='ocrx_word' id='word_1_301' title='bbox 1109 1517 1195 1561; x_wconf 88' lang='grc' dir='ltr'>τὸν</span> <span class='ocrx_word' id='word_1_302' title='bbox 1226 1516 1394 1560; x_wconf 88' lang='grc' dir='ltr'><em>πόδα</em></span> <span class='ocrx_word' id='word_1_303' title='bbox 1381 1516 1506 1561; x_wconf 77' lang='grc' dir='ltr'><em>έστω</em></span> <span class='ocrx_word' id='word_1_304' title='bbox 1536 1519 1592 1561; x_wconf 88' lang='grc' dir='ltr'>τὸ</span> <span class='ocrx_word' id='word_1_305' title='bbox 1624 1518 1876 1596; x_wconf 78' lang='grc' dir='ltr'><em>ὑπόδημα,</em></span> <span class='ocrx_word' id='word_1_306' title='bbox 1922 1521 1992 1595; x_wconf 80' lang='grc' dir='ltr'>μὴ</span> 
     </span>
     <span class='ocr_line' id='line_1_54' title="bbox 1110 1582 1993 1641; baseline 0.002 -18"><span class='ocrx_word' id='word_1_307' title='bbox 1110 1584 1192 1623; x_wconf 79' lang='grc' dir='ltr'>καὶ</span> <span class='ocrx_word' id='word_1_308' title='bbox 1223 1582 1515 1641; x_wconf 77' lang='grc' dir='ltr'><em>ἐπιστομίση</em></span> <span class='ocrx_word' id='word_1_309' title='bbox 1553 1596 1640 1636; x_wconf 82' lang='grc' dir='ltr'>με,</span> <span class='ocrx_word' id='word_1_310' title='bbox 1687 1586 1860 1638; x_wconf 85' lang='grc' dir='ltr'><em>φησίν,</em></span> <span class='ocrx_word' id='word_1_311' title='bbox 1907 1585 1993 1638; x_wconf 79' lang='grc' dir='ltr'>ἐμ-</span> 
     </span>
     <span class='ocr_line' id='line_1_55' title="bbox 1110 1642 1989 1705; baseline 0.001 -19.003"><span class='ocrx_word' id='word_1_312' title='bbox 1110 1645 1470 1705; x_wconf 80' lang='grc' dir='ltr'><em>περιπατοῦσαν</em></span> <span class='ocrx_word' id='word_1_313' title='bbox 1528 1642 1989 1701; x_wconf 63' lang='grc' dir='ltr'>αὕτῷ.1)ειηορῐιί1.</span> 
     </span>
     <span class='ocr_line' id='line_1_56' title="bbox 1110 1708 1988 1762; baseline 0.001 -14"><span class='ocrx_word' id='word_1_314' title='bbox 1110 1708 1245 1750; x_wconf 90' lang='lat' dir='ltr'>Simil.</span> <span class='ocrx_word' id='word_1_315' title='bbox 1293 1710 1335 1749; x_wconf 91' lang='lat' dir='ltr'>in</span> <span class='ocrx_word' id='word_1_316' title='bbox 1382 1709 1528 1750; x_wconf 89' lang='lat' dir='ltr'>Orellii</span> <span class='ocrx_word' id='word_1_317' title='bbox 1559 1711 1748 1762; x_wconf 89' lang='lat' dir='ltr'>Opuscc.</span> <span class='ocrx_word' id='word_1_318' title='bbox 1780 1711 1811 1749; x_wconf 95' lang='grc'>1.</span> <span class='ocrx_word' id='word_1_319' title='bbox 1858 1721 1902 1762; x_wconf 90' lang='lat' dir='ltr'>p.</span> <span class='ocrx_word' id='word_1_320' title='bbox 1937 1711 1988 1750; x_wconf 90' lang='lat'>6:</span> 
     </span>
     <span class='ocr_line' id='line_1_57' title="bbox 1109 1766 1993 1829; baseline 0.002 -18"><span class='ocrx_word' id='word_1_321' title='bbox 1109 1773 1191 1812; x_wconf 81' lang='grc' dir='ltr'>καὶ</span> <span class='ocrx_word' id='word_1_322' title='bbox 1222 1766 1452 1825; x_wconf 76' lang='grc' dir='ltr'><em>ὑπόδημα</em></span> <span class='ocrx_word' id='word_1_323' title='bbox 1488 1773 1568 1812; x_wconf 79' lang='grc' dir='ltr'>καὶ</span> <span class='ocrx_word' id='word_1_324' title='bbox 1598 1770 1709 1822; x_wconf 81' lang='grc' dir='ltr'><em>βίος</em></span> <span class='ocrx_word' id='word_1_325' title='bbox 1738 1767 1993 1829; x_wconf 73' lang='grc' dir='ltr'><em>ἁρμόττων</em></span> 
     </span>
     <span class='ocr_line' id='line_1_58' title="bbox 1109 1829 1990 1892; baseline -0.001 -17"><span class='ocrx_word' id='word_1_326' title='bbox 1109 1830 1135 1874; x_wconf 85' lang='grc' dir='ltr'><em>ὁ</em></span> <span class='ocrx_word' id='word_1_327' title='bbox 1159 1829 1469 1892; x_wconf 76' lang='grc' dir='ltr'><em>ἀλυπότερος.</em></span> <span class='ocrx_word' id='word_1_328' title='bbox 1504 1835 1642 1887; x_wconf 88' lang='lat' dir='ltr'>Epict.</span> <span class='ocrx_word' id='word_1_329' title='bbox 1665 1835 1890 1876; x_wconf 87' lang='lat' dir='ltr'>Enchirid.</span> <span class='ocrx_word' id='word_1_330' title='bbox 1914 1836 1990 1875; x_wconf 90' lang='lat'>39:</span> 
     </span>
     <span class='ocr_line' id='line_1_59' title="bbox 1107 1893 1989 1954; baseline 0.001 -18"><span class='ocrx_word' id='word_1_331' title='bbox 1107 1897 1294 1954; x_wconf 79' lang='grc' dir='ltr'><em>Μέτρον</em></span> <span class='ocrx_word' id='word_1_332' title='bbox 1314 1895 1532 1950; x_wconf 80' lang='grc' dir='ltr'><em>κτήσεως</em></span> <span class='ocrx_word' id='word_1_333' title='bbox 1551 1893 1608 1936; x_wconf 83' lang='grc' dir='ltr'>τὸ</span> <span class='ocrx_word' id='word_1_334' title='bbox 1626 1895 1770 1950; x_wconf 78' lang='grc' dir='ltr'><em>σῶμα</em></span> <span class='ocrx_word' id='word_1_335' title='bbox 1785 1895 1989 1952; x_wconf 77' lang='grc' dir='ltr'><em>ἑκάστῳ,</em></span> 
     </span>
     <span class='ocr_line' id='line_1_60' title="bbox 1107 1955 1989 2012; baseline 0.002 -14"><span class='ocrx_word' id='word_1_336' title='bbox 1107 1955 1172 2010; x_wconf 80' lang='grc' dir='ltr'>ὥς</span> <span class='ocrx_word' id='word_1_337' title='bbox 1195 1956 1222 1998; x_wconf 87' lang='grc' dir='ltr'><em>ὁ</em></span> <span class='ocrx_word' id='word_1_338' title='bbox 1239 1958 1360 2010; x_wconf 81' lang='grc' dir='ltr'><em>ποῦς</em></span> <span class='ocrx_word' id='word_1_339' title='bbox 1378 1955 1706 2012; x_wconf 76' lang='grc' dir='ltr'><em>ὑποδήματος.</em></span> <span class='ocrx_word' id='word_1_340' title='bbox 1730 1961 1811 2000; x_wconf 91' lang='lat' dir='ltr'>Dio</span> <span class='ocrx_word' id='word_1_341' title='bbox 1831 1961 1989 2011; x_wconf 83' lang='lat' dir='ltr'>Chrys.</span> 
     </span>
     <span class='ocr_line' id='line_1_61' title="bbox 1107 2017 1992 2076; baseline 0.001 -15"><span class='ocrx_word' id='word_1_342' title='bbox 1107 2023 1178 2062; x_wconf 91' lang='lat' dir='ltr'>Or.</span> <span class='ocrx_word' id='word_1_343' title='bbox 1200 2023 1265 2061; x_wconf 73' lang='lat'>47.</span> <span class='ocrx_word' id='word_1_344' title='bbox 1289 2033 1333 2074; x_wconf 92' lang='lat' dir='ltr'>p.</span> <span class='ocrx_word' id='word_1_345' title='bbox 1359 2022 1454 2063; x_wconf 76' lang='lat'>472.</span> <span class='ocrx_word' id='word_1_346' title='bbox 1473 2024 1546 2063; x_wconf 90' lang='lat' dir='ltr'>R.:</span> <span class='ocrx_word' id='word_1_347' title='bbox 1579 2022 1673 2063; x_wconf 78' lang='grc' dir='ltr'>Καὶ</span> <span class='ocrx_word' id='word_1_348' title='bbox 1696 2017 1882 2075; x_wconf 72' lang='grc' dir='ltr'><em>ἐσθῆτα</em></span> <span class='ocrx_word' id='word_1_349' title='bbox 1902 2022 1992 2076; x_wconf 77' lang='grc' dir='ltr'>μὲν</span> 
     </span>
     <span class='ocr_line' id='line_1_62' title="bbox 1107 2079 1992 2138; baseline 0.002 -15"><span class='ocrx_word' id='word_1_350' title='bbox 1107 2079 1267 2134; x_wconf 79' lang='grc' dir='ltr'><em>οὐδεὶς</em></span> <span class='ocrx_word' id='word_1_351' title='bbox 1309 2081 1538 2133; x_wconf 77' lang='grc' dir='ltr'><em>βούλεται</em></span> <span class='ocrx_word' id='word_1_352' title='bbox 1580 2086 1724 2138; x_wconf 77' lang='grc' dir='ltr'><em>μείζω</em></span> <span class='ocrx_word' id='word_1_353' title='bbox 1765 2083 1849 2125; x_wconf 82' lang='grc' dir='ltr'>τοῦ</span> <span class='ocrx_word' id='word_1_354' title='bbox 1893 2083 1992 2125; x_wconf 81' lang='grc' dir='ltr'>σώ-</span> 
     </span>
     <span class='ocr_line' id='line_1_63' title="bbox 1105 2142 1986 2205; baseline 0.002 -19"><span class='ocrx_word' id='word_1_355' title='bbox 1105 2159 1261 2199; x_wconf 82' lang='grc' dir='ltr'><em>ματος</em></span> <span class='ocrx_word' id='word_1_356' title='bbox 1293 2142 1445 2196; x_wconf 60' lang='grc' dir='ltr'><em>ἔχειν,</em></span> <span class='ocrx_word' id='word_1_357' title='bbox 1478 2143 1542 2197; x_wconf 71' lang='grc' dir='ltr'>ὦς</span> <span class='ocrx_word' id='word_1_358' title='bbox 1571 2144 1880 2205; x_wconf 73' lang='grc' dir='ltr'><em>δύσχρηστον</em></span> <span class='ocrx_word' id='word_1_359' title='bbox 1902 2143 1986 2188; x_wconf 78' lang='grc' dir='ltr'>ὄν·</span> 
     </span>
     <span class='ocr_line' id='line_1_64' title="bbox 1107 2205 1992 2264; baseline 0.001 -15"><span class='ocrx_word' id='word_1_360' title='bbox 1107 2205 1283 2250; x_wconf 75' lang='grc' dir='ltr'><em>οὐσίαν</em></span> <span class='ocrx_word' id='word_1_361' title='bbox 1323 2207 1374 2250; x_wconf 81' lang='grc' dir='ltr'>δὲ</span> <span class='ocrx_word' id='word_1_362' title='bbox 1418 2208 1481 2263; x_wconf 73' lang='grc' dir='ltr'>τῷ</span> <span class='ocrx_word' id='word_1_363' title='bbox 1531 2211 1673 2250; x_wconf 79' lang='grc' dir='ltr'><em>παντὶ</em></span> <span class='ocrx_word' id='word_1_364' title='bbox 1715 2212 1860 2263; x_wconf 74' lang='grc' dir='ltr'><em>μείζω</em></span> <span class='ocrx_word' id='word_1_365' title='bbox 1904 2208 1992 2264; x_wconf 77' lang='grc' dir='ltr'>τῆς</span> 
     </span>
     <span class='ocr_line' id='line_1_65' title="bbox 1106 2266 1992 2330; baseline 0.002 -18"><span class='ocrx_word' id='word_1_366' title='bbox 1106 2273 1270 2330; x_wconf 79' lang='grc' dir='ltr'><em>χρείας</em></span> <span class='ocrx_word' id='word_1_367' title='bbox 1289 2266 1419 2320; x_wconf 66' lang='grc' dir='ltr'><em>ἔχειν</em></span> <span class='ocrx_word' id='word_1_368' title='bbox 1440 2267 1649 2324; x_wconf 75' lang='grc' dir='ltr'><em>ἅπαντες</em></span> <span class='ocrx_word' id='word_1_369' title='bbox 1669 2271 1992 2326; x_wconf 78' lang='grc' dir='ltr'><em>ἐπιθυμοῦσιν</em></span> 
     </span>
     <span class='ocr_line' id='line_1_66' title="bbox 1107 2331 1990 2386; baseline 0.006 -13"><span class='ocrx_word' id='word_1_370' title='bbox 1107 2331 1197 2375; x_wconf 79' lang='grc' dir='ltr'>οὐκ</span> <span class='ocrx_word' id='word_1_371' title='bbox 1242 2332 1446 2386; x_wconf 80' lang='grc' dir='ltr'><em>εἰδότες,</em></span> <span class='ocrx_word' id='word_1_372' title='bbox 1500 2331 1575 2376; x_wconf 87' lang='grc' dir='ltr'>ὅτι</span> <span class='ocrx_word' id='word_1_373' title='bbox 1618 2333 1762 2376; x_wconf 79' lang='grc' dir='ltr'><em>τοῦτο</em></span> <span class='ocrx_word' id='word_1_374' title='bbox 1804 2335 1990 2378; x_wconf 78' lang='grc' dir='ltr'><em>ἐκείνου</em></span> 
     </span>
     <span class='ocr_line' id='line_1_67' title="bbox 1105 2394 1993 2455; baseline 0.003 -19"><span class='ocrx_word' id='word_1_375' title='bbox 1105 2394 1455 2455; x_wconf 79' lang='grc' dir='ltr'><em>χαλεπώτερον.</em></span> <span class='ocrx_word' id='word_1_376' title='bbox 1505 2397 1673 2447; x_wconf 87' lang='lat' dir='ltr'>Quibus</span> <span class='ocrx_word' id='word_1_377' title='bbox 1705 2401 1857 2439; x_wconf 89' lang='lat' dir='ltr'>contra</span> <span class='ocrx_word' id='word_1_378' title='bbox 1889 2399 1993 2440; x_wconf 90' lang='lat' dir='ltr'>dicit</span> 
     </span>
     <span class='ocr_line' id='line_1_68' title="bbox 1105 2461 1987 2531; baseline 0.002 -31"><span class='ocrx_word' id='word_1_379' title='bbox 1105 2461 1354 2531; x_wconf 90' lang='lat' dir='ltr'>Aristippus</span> <span class='ocrx_word' id='word_1_380' title='bbox 1379 2461 1499 2513; x_wconf 90' lang='lat' dir='ltr'>apud</span> <span class='ocrx_word' id='word_1_381' title='bbox 1519 2462 1696 2502; x_wconf 86' lang='lat' dir='ltr'>Maxim.</span> <span class='ocrx_word' id='word_1_382' title='bbox 1721 2463 1863 2502; x_wconf 90' lang='lat' dir='ltr'>Serm.</span> <span class='ocrx_word' id='word_1_383' title='bbox 1885 2461 1987 2502; x_wconf 79' lang='lat'>¹420</span> 
     </span>
     <span class='ocr_line' id='line_1_69' title="bbox 1107 2516 1992 2580; baseline 0.002 -19"><span class='ocrx_word' id='word_1_384' title='bbox 1107 2517 1208 2570; x_wconf 79' lang='grc' dir='ltr'>Οὐχ</span> <span class='ocrx_word' id='word_1_385' title='bbox 1254 2516 1386 2563; x_wconf 74' lang='grc' dir='ltr'><em>ὥσπε</em></span> <span class='ocrx_word' id='word_1_386' title='bbox 1389 2536 1415 2580; x_wconf 90' lang='grc' dir='ltr'><em>ρ</em></span> <span class='ocrx_word' id='word_1_387' title='bbox 1461 2519 1690 2576; x_wconf 77' lang='grc' dir='ltr'><em>ὑπόδημα</em></span> <span class='ocrx_word' id='word_1_388' title='bbox 1726 2519 1782 2563; x_wconf 89' lang='grc' dir='ltr'>τὸ</span> <span class='ocrx_word' id='word_1_389' title='bbox 1826 2526 1992 2576; x_wconf 80' lang='grc' dir='ltr'><em>μεῖζον</em></span> 
     </span>
     <span class='ocr_line' id='line_1_70' title="bbox 1105 2579 1988 2654; baseline 0.002 -30"><span class='ocrx_word' id='word_1_390' title='bbox 1105 2579 1382 2654; x_wconf 77' lang='grc' dir='ltr'><em>ἄχρηστον,</em></span> <span class='ocrx_word' id='word_1_391' title='bbox 1414 2587 1495 2626; x_wconf 80' lang='grc' dir='ltr'>καὶ</span> <span class='ocrx_word' id='word_1_392' title='bbox 1525 2600 1555 2638; x_wconf 95' lang='grc' dir='ltr'><em>η</em></span> <span class='ocrx_word' id='word_1_393' title='bbox 1590 2584 1764 2626; x_wconf 83' lang='grc' dir='ltr'><em>πλείων</em></span> <span class='ocrx_word' id='word_1_394' title='bbox 1793 2585 1988 2639; x_wconf 77' lang='grc' dir='ltr'><em>κτῆσις·</em></span> 
     </span>
     <span class='ocr_line' id='line_1_71' title="bbox 1105 2645 1991 2719; baseline 0.001 -32"><span class='ocrx_word' id='word_1_395' title='bbox 1105 2646 1191 2688; x_wconf 82' lang='grc' dir='ltr'>τοῦ</span> <span class='ocrx_word' id='word_1_396' title='bbox 1221 2647 1312 2719; x_wconf 78' lang='grc' dir='ltr'>μὲν</span> <span class='ocrx_word' id='word_1_397' title='bbox 1341 2645 1481 2706; x_wconf 70' lang='grc' dir='ltr'>γὰρε</span> <span class='ocrx_word' id='word_1_398' title='bbox 1463 2649 1513 2689; x_wconf 76' lang='grc' dir='ltr'>ἐν</span> <span class='ocrx_word' id='word_1_399' title='bbox 1543 2647 1600 2707; x_wconf 78' lang='grc' dir='ltr'>τῇ</span> <span class='ocrx_word' id='word_1_400' title='bbox 1632 2646 1806 2707; x_wconf 80' lang='grc' dir='ltr'><em>χρήσει</em></span> <span class='ocrx_word' id='word_1_401' title='bbox 1836 2646 1891 2688; x_wconf 91' lang='grc' dir='ltr'>τὸ</span> <span class='ocrx_word' id='word_1_402' title='bbox 1914 2661 1991 2688; x_wconf 85' lang='grc' dir='ltr'><em>πε-</em></span> 
     </span>
     <span class='ocr_line' id='line_1_72' title="bbox 1106 2706 1990 2770; baseline 0.002 -21"><span class='ocrx_word' id='word_1_403' title='bbox 1106 2706 1313 2767; x_wconf 65' lang='grc' dir='ltr'><em>ριττὸνε</em></span> <span class='ocrx_word' id='word_1_404' title='bbox 1295 2709 1563 2763; x_wconf 77' lang='grc' dir='ltr'><em>ἐμποδίζει,</em></span> <span class='ocrx_word' id='word_1_405' title='bbox 1602 2710 1661 2768; x_wconf 81' lang='grc' dir='ltr'>τῇ</span> <span class='ocrx_word' id='word_1_406' title='bbox 1701 2710 1752 2751; x_wconf 80' lang='grc' dir='ltr'>δὲ</span> <span class='ocrx_word' id='word_1_407' title='bbox 1789 2712 1870 2751; x_wconf 79' lang='grc' dir='ltr'>καὶ</span> <span class='ocrx_word' id='word_1_408' title='bbox 1901 2706 1990 2770; x_wconf 83' lang='grc' dir='ltr'>ὅλη</span> 
     </span>
     <span class='ocr_line' id='line_1_73' title="bbox 1105 2768 1991 2831; baseline 0.003 -20"><span class='ocrx_word' id='word_1_409' title='bbox 1105 2770 1322 2829; x_wconf 78' lang='grc' dir='ltr'><em>χρῆσθαι</em></span> <span class='ocrx_word' id='word_1_410' title='bbox 1359 2770 1482 2813; x_wconf 77' lang='grc' dir='ltr'><em>κατὰ</em></span> <span class='ocrx_word' id='word_1_411' title='bbox 1523 2770 1740 2831; x_wconf 53' lang='grc' dir='ltr'><em>καιρὸν(</em></span> <span class='ocrx_word' id='word_1_412' title='bbox 1721 2768 1797 2825; x_wconf 60' lang='grc' dir='ltr'>ἷξε</span> <span class='ocrx_word' id='word_1_413' title='bbox 1801 2785 1878 2814; x_wconf 86' lang='grc' dir='ltr'>στι</span> <span class='ocrx_word' id='word_1_414' title='bbox 1908 2775 1991 2814; x_wconf 79' lang='grc' dir='ltr'>καὶ</span> 
     </span>
     <span class='ocr_line' id='line_1_74' title="bbox 1105 2836 1256 2891; baseline 0 -17"><span class='ocrx_word' id='word_1_415' title='bbox 1105 2836 1256 2891; x_wconf 81' lang='grc' dir='ltr'><em>μέρει.</em></span> 
     </span>
    </p>

    <p class='ocr_par' dir='ltr' id='par_1_11' title="bbox 1105 2899 1990 3576">
     <span class='ocr_line' id='line_1_75' title="bbox 1161 2899 1988 2953; baseline 0.006 -14"><span class='ocrx_word' id='word_1_416' title='bbox 1161 2899 1310 2940; x_wconf 90' lang='grc'><strong>44-46.</strong></span> <span class='ocrx_word' id='word_1_417' title='bbox 1342 2900 1494 2940; x_wconf 75' lang='lat' dir='ltr'>Laetus</span> <span class='ocrx_word' id='word_1_418' title='bbox 1515 2900 1616 2953; x_wconf 90' lang='lat' dir='ltr'>eet.]</span> <span class='ocrx_word' id='word_1_419' title='bbox 1648 2902 1783 2942; x_wconf 89' lang='lat' dir='ltr'>«Tum</span> <span class='ocrx_word' id='word_1_420' title='bbox 1804 2902 1988 2944; x_wconf 92' lang='lat' dir='ltr'>demum</span> 
     </span>
     <span class='ocr_line' id='line_1_76' title="bbox 1106 2963 1986 3016; baseline 0.006 -15"><span class='ocrx_word' id='word_1_421' title='bbox 1106 2963 1287 3014; x_wconf 89' lang='lat' dir='ltr'>poteris,</span> <span class='ocrx_word' id='word_1_422' title='bbox 1312 2965 1360 3002; x_wconf 87' lang='lat' dir='ltr'>ut</span> <span class='ocrx_word' id='word_1_423' title='bbox 1381 2965 1511 3005; x_wconf 86' lang='lat' dir='ltr'>decet</span> <span class='ocrx_word' id='word_1_424' title='bbox 1532 2964 1794 3015; x_wconf 87' lang='lat' dir='ltr'>sapientem,</span> <span class='ocrx_word' id='word_1_425' title='bbox 1817 2966 1986 3016; x_wconf 86' lang='lat' dir='ltr'>vivere,</span> 
     </span>
     <span class='ocr_line' id='line_1_77' title="bbox 1107 3025 1989 3068; baseline 0.006 -5"><span class='ocrx_word' id='word_1_426' title='bbox 1107 3025 1143 3064; x_wconf 91' lang='lat' dir='ltr'>si</span> <span class='ocrx_word' id='word_1_427' title='bbox 1175 3026 1408 3065; x_wconf 87' lang='lat' dir='ltr'>contentus</span> <span class='ocrx_word' id='word_1_428' title='bbox 1440 3027 1527 3066; x_wconf 91' lang='lat' dir='ltr'>eris</span> <span class='ocrx_word' id='word_1_429' title='bbox 1555 3026 1816 3067; x_wconf 86' lang='lat' dir='ltr'>condicione</span> <span class='ocrx_word' id='word_1_430' title='bbox 1847 3039 1872 3067; x_wconf 88' lang='lat' dir='ltr'>a</span> <span class='ocrx_word' id='word_1_431' title='bbox 1901 3027 1989 3068; x_wconf 86' lang='lat' dir='ltr'>fato</span> 
     </span>
     <span class='ocr_line' id='line_1_78' title="bbox 1105 3085 1990 3141; baseline 0.005 -15"><span class='ocrx_word' id='word_1_432' title='bbox 1105 3085 1186 3126; x_wconf 85' lang='lat' dir='ltr'>tibi</span> <span class='ocrx_word' id='word_1_433' title='bbox 1215 3087 1435 3138; x_wconf 88' lang='lat' dir='ltr'>imposita.</span> <span class='ocrx_word' id='word_1_434' title='bbox 1499 3087 1686 3138; x_wconf 90' lang='lat' dir='ltr'>Verum,</span> <span class='ocrx_word' id='word_1_435' title='bbox 1734 3091 1782 3128; x_wconf 92' lang='lat' dir='ltr'>ut</span> <span class='ocrx_word' id='word_1_436' title='bbox 1826 3100 1907 3141; x_wconf 83' lang='lat' dir='ltr'>ego</span> <span class='ocrx_word' id='word_1_437' title='bbox 1936 3089 1990 3130; x_wconf 88' lang='lat' dir='ltr'>li-</span> 
     </span>
     <span class='ocr_line' id='line_1_79' title="bbox 1106 3149 1988 3202; baseline 0.003 -14"><span class='ocrx_word' id='word_1_438' title='bbox 1106 3149 1214 3188; x_wconf 85' lang='lat' dir='ltr'>bere</span> <span class='ocrx_word' id='word_1_439' title='bbox 1246 3151 1288 3189; x_wconf 92' lang='lat' dir='ltr'>te</span> <span class='ocrx_word' id='word_1_440' title='bbox 1321 3161 1508 3199; x_wconf 91' lang='lat' dir='ltr'>moneo,</span> <span class='ocrx_word' id='word_1_441' title='bbox 1541 3151 1599 3190; x_wconf 90' lang='lat' dir='ltr'>ita</span> <span class='ocrx_word' id='word_1_442' title='bbox 1631 3153 1676 3190; x_wconf 89' lang='lat' dir='ltr'>tu</span> <span class='ocrx_word' id='word_1_443' title='bbox 1703 3161 1883 3202; x_wconf 90' lang='lat' dir='ltr'>quoque</span> <span class='ocrx_word' id='word_1_444' title='bbox 1914 3161 1988 3191; x_wconf 85' lang='lat' dir='ltr'>me</span> 
     </span>
     <span class='ocr_line' id='line_1_80' title="bbox 1107 3212 1989 3265; baseline 0.001 -13"><span class='ocrx_word' id='word_1_445' title='bbox 1107 3212 1302 3262; x_wconf 80' lang='lat' dir='ltr'>corrige,</span> <span class='ocrx_word' id='word_1_446' title='bbox 1348 3212 1425 3251; x_wconf 92' lang='lat' dir='ltr'>ubi</span> <span class='ocrx_word' id='word_1_447' title='bbox 1468 3224 1541 3253; x_wconf 90' lang='lat' dir='ltr'>me</span> <span class='ocrx_word' id='word_1_448' title='bbox 1585 3214 1746 3253; x_wconf 91' lang='lat' dir='ltr'>horum</span> <span class='ocrx_word' id='word_1_449' title='bbox 1790 3214 1989 3265; x_wconf 91' lang='lat' dir='ltr'>ipsorum</span> 
     </span>
     <span class='ocr_line' id='line_1_81' title="bbox 1105 3276 1990 3326; baseline 0.003 -14"><span class='ocrx_word' id='word_1_450' title='bbox 1105 3276 1451 3325; x_wconf 89' lang='lat' dir='ltr'>praeceptorum</span> <span class='ocrx_word' id='word_1_451' title='bbox 1500 3286 1699 3326; x_wconf 90' lang='lat' dir='ltr'>unquam</span> <span class='ocrx_word' id='word_1_452' title='bbox 1756 3276 1990 3315; x_wconf 85' lang='lat' dir='ltr'>immemo—</span> 
     </span>
     <span class='ocr_line' id='line_1_82' title="bbox 1106 3335 1987 3386; baseline 0.002 -11"><span class='ocrx_word' id='word_1_453' title='bbox 1106 3347 1201 3375; x_wconf 89' lang='lat' dir='ltr'>rem</span> <span class='ocrx_word' id='word_1_454' title='bbox 1233 3336 1449 3377; x_wconf 82' lang='lat' dir='ltr'>videbis.»</span> <span class='ocrx_word' id='word_1_455' title='bbox 1497 3339 1587 3386; x_wconf 87' lang='lat' dir='ltr'>Qua</span> <span class='ocrx_word' id='word_1_456' title='bbox 1620 3337 1838 3378; x_wconf 84' lang='lat' dir='ltr'>sententia</span> <span class='ocrx_word' id='word_1_457' title='bbox 1869 3335 1987 3377; x_wconf 90' lang='lat' dir='ltr'>illam</span> 
     </span>
     <span class='ocr_line' id='line_1_83' title="bbox 1106 3398 1987 3451; baseline 0.003 -14"><span class='ocrx_word' id='word_1_458' title='bbox 1106 3400 1249 3450; x_wconf 88' lang='lat' dir='ltr'>ipsam</span> <span class='ocrx_word' id='word_1_459' title='bbox 1280 3398 1454 3439; x_wconf 90' lang='lat' dir='ltr'>molesti</span> <span class='ocrx_word' id='word_1_460' title='bbox 1487 3400 1754 3440; x_wconf 85' lang='lat' dir='ltr'>correctoris</span> <span class='ocrx_word' id='word_1_461' title='bbox 1790 3401 1987 3451; x_wconf 90' lang='lat' dir='ltr'>speciem</span> 
     </span>
     <span class='ocr_line' id='line_1_84' title="bbox 1108 3460 1988 3513; baseline 0.003 -15"><span class='ocrx_word' id='word_1_462' title='bbox 1108 3460 1277 3501; x_wconf 89' lang='lat' dir='ltr'>urbane</span> <span class='ocrx_word' id='word_1_463' title='bbox 1308 3473 1329 3499; x_wconf 78' lang='lat' dir='ltr'>a</span> <span class='ocrx_word' id='word_1_464' title='bbox 1363 3473 1411 3501; x_wconf 88' lang='lat' dir='ltr'>se</span> <span class='ocrx_word' id='word_1_465' title='bbox 1442 3462 1658 3501; x_wconf 80' lang='lat' dir='ltr'>removet.</span> <span class='ocrx_word' id='word_1_466' title='bbox 1687 3485 1729 3488; x_wconf 91' lang='lat'>—-</span> <span class='ocrx_word' id='word_1_467' title='bbox 1763 3462 1988 3513; x_wconf 71' lang='lat' dir='ltr'>incasliqa-</span> 
     </span>
     <span class='ocr_line' id='line_1_85' title="bbox 1107 3515 1986 3576; baseline 0.002 -15"><span class='ocrx_word' id='word_1_468' title='bbox 1107 3522 1207 3573; x_wconf 74' lang='lat' dir='ltr'>tam]</span> <span class='ocrx_word' id='word_1_469' title='bbox 1240 3515 1370 3574; x_wconf 77' lang='grc' dir='ltr'><em>ἅπαξ</em></span> <span class='ocrx_word' id='word_1_470' title='bbox 1390 3521 1664 3576; x_wconf 65' lang='grc' dir='ltr'>λεγ(3,ιιενον.</span> <span class='ocrx_word' id='word_1_471' title='bbox 1704 3525 1855 3562; x_wconf 79' lang='lat' dir='ltr'>Graeci</span> <span class='ocrx_word' id='word_1_472' title='bbox 1878 3518 1986 3563; x_wconf 82' lang='grc' dir='ltr'><em>ἀνε-</em></span> 
     </span>
    </p>
   </div>
   <div class='ocr_carea' id='block_1_11' title="bbox 2197 666 2203 1186">
    <p class='ocr_par' dir='ltr' id='par_1_12' title="bbox 2197 666 2203 1186">
     <span class='ocr_line' id='line_1_86' title="bbox 2197 666 2203 1186; baseline 0 0"><span class='ocrx_word' id='word_1_473' title='bbox 2197 666 2203 1186; x_wconf 95' lang='lat' dir='ltr'> </span> 
     </span>
    </p>
   </div>
  </div>
 </body>
</html>
