2231 3787
844 245 940 284 Llss.
975 246 1024 283 11.
1087 245 1196 283 sAT.
1235 246 1337 284 vni.
1901 244 1991 294 :3431

256 378 316 430 Et
355 386 530 440 soleas
572 389 758 458 poscit.

837 390 966 440 Tum
1008 387 1058 438 in
1102 386 1237 439 lecto
1278 399 1496 455 quoque
1539 380 1751 433 videres

255 485 492 542 Stridere
534 497 745 543 secreta
783 489 984 542 divisos
1026 504 1156 541 aure
1197 501 1464 539 susurros.

251 588 434 642 Nullos
477 589 558 643 his
598 590 809 644 mallem
849 590 1005 644 ludos
1045 597 1351 661 spectass03
1393 585 1491 639 sed
1530 584 1648 637 illa·

251 690 435 744 Redde
477 710 602 762 age,
645 709 786 763 quae
827 692 1085 762 deinceps
1126 691 1302 744 risisti.

1379 687 1620 741 Vibidius
1660 687 1785 739 duni
1932 686 1999 736 80

253 793 474 857 Quaerit
512 793 579 846 de
620 795 828 864 pueris,
872 813 999 846 num
1039 794 1105 846 sit
1142 809 1362 864 quoque
1402 791 1564 844 fracta
1603 789 1817 860 lagena,

252 894 409 959 Quod
450 894 550 949 sibi
592 897 831 967 poscenti
874 913 978 949 non
1019 895 1213 948 dantur
1253 893 1467 966 pocula,
1510 892 1749 962 dumque

250 996 471 1050 Ridetur
508 996 645 1051 fictis
686 1014 867 1050 reruni
908 996 1191 1050 Balatrone
1234 995 1498 1050 secundO.

248 1098 563 1158 Nasidiene‚
608 1099 750 1153 redis
791 1107 1023 1152 mutatae
1065 1098 1276 1160 frontis,
1318 1107 1376 1150 ut
1414 1106 1526 1150 arte

250 1200 643 1254 Emendaturus
689 1201 978 1264 fortunam,
1020 1199 1218 1254 deinde
1262 1199 1432 1253 secuti
1930 1199 1996 1249 8³5

248 1302 560 1356 Mazonomo
599 1303 753 1373 pueri
794 1319 986 1373 magno
1027 1302 1297 1373 discerpta
1336 1302 1568 1355 serentes

286 1445 350 1484 81.
385 1445 562 1497 lassoena
593 1456 629 1484 c.
669 1467 712 1473 -—
747 1445 813 1486 82.
849 1446 997 1485 dentur
1027 1456 1070 1496 p,
1104 1455 1218 1485 corr.
1244 1445 1285 1493 S,
1312 1444 1397 1484 LCt
1419 1445 1462 1484 et
1482 1441 1722 1483 Bentleius.
1758 1444 1821 1493 <Ut
1843 1454 1938 1489 nos,

230 1506 287 1546 bc
318 1510 361 1547 et
392 1519 456 1560 pr.
492 1509 550 1559 S.)

175 1625 292 1664 ximo
324 1625 511 1676 quisque
543 1627 907 1675 insusurrabant3
947 1638 1054 1678 quo—

175 1687 320 1726 minus
352 1688 393 1727 in
425 1688 589 1730 effusos
609 1691 724 1730 risus
747 1691 1050 1742 erumperent,

176 1748 355 1788 vetabat
430 1752 697 1792 Maecenatis
775 1752 1049 1804 praesentia,

177 1811 301 1851 cuius
346 1812 532 1862 dignitas
578 1825 633 1854 ne
679 1825 832 1854 coram
874 1814 1053 1864 parochi

173 1874 313 1914 servis
330 1875 655 1926 periclitaretur
671 1888 752 1917 cav
756 1876 922 1917 endum
940 1878 1047 1916 erat.

174 1935 309 1985 (Hanc
340 1936 677 1989 explicationem
710 1940 964 1979 etiamnunc
984 1951 1053 1979 re-

172 1996 313 2046 tineo,
349 2010 434 2050 qua
465 2002 557 2039 tota
587 2012 721 2041 scena
752 2002 800 2041 fit
829 2002 969 2052 magis
991 2002 1052 2040 ri—

173 2058 338 2109 dicula,
386 2062 608 2112 siquidem
642 2063 802 2104 falsum
843 2065 977 2103 etiam
1008 2065 1051 2103 in

173 2123 504 2164 convivatorem
535 2124 648 2165 solet
679 2137 778 2166 esse
810 2136 942 2167 omne
970 2137 1052 2178 pa-

172 2184 410 2224 rasitorum
441 2197 604 2236 genus3
638 2186 747 2227 alius
779 2189 932 2227 contra
954 2189 1051 2240 opi-

172 2250 300 2286 natus
317 2250 383 2287 est
404 2249 731 2290 Nomentanum
752 2252 1049 2302 Porciumque

172 2309 227 2349 de
276 2311 447 2360 patroni
499 2312 690 2360 tristitia,
746 2312 802 2353 de
846 2315 1049 2364 agasonis

171 2371 492 2422 imprudentia,
535 2374 590 2413 de
622 2374 799 2416 ferculis
831 2387 933 2415 mox
969 2388 1050 2428 ap-

172 2433 411 2484 ponendis,
454 2434 639 2475 fortasse
682 2437 815 2476 etiam
854 2437 909 2477 de
941 2449 1050 2478 con-

171 2495 278 2535 vixis
310 2496 414 2547 ipsis
445 2497 559 2536 inter
579 2508 627 2537 se
650 2497 891 2539 collocutos
914 2500 1046 2551 esse.)

175 2578 217 2584 —
260 2558 431 2610 videres]
477 2560 573 2599 Non
618 2563 685 2600 est
728 2562 924 2612 positum
968 2573 1048 2613 pro

172 2619 424 2669 «audires»,
467 2623 515 2660 ut
553 2621 788 2662 videbatur
817 2623 1044 2674 Lambino,

171 2680 270 2721 sed:
306 2681 438 2722 «dum
469 2687 723 2734 susurrant,
755 2685 914 2725 videres
943 2686 1047 2726 bina

171 2744 312 2795 capita
329 2743 412 2784 sibi
432 2745 623 2786 invicem
641 2748 1045 2799 appropinquare.»

174 2827 217 2833 —
248 2806 444 2858 Stridet-e]
491 2809 599 2848 Nota
641 2810 967 2860 sigmatismum
1003 2811 1047 2850 in

170 2866 255 2906 hoc
291 2879 425 2908 versu
465 2869 664 2910 consulto
706 2873 959 2923 quaesitum
991 2873 1047 2913 ad

172 2930 484 2979 exprimendos
514 2943 722 2973 susurros.
760 2957 804 2963 —
846 2940 1005 2976 secreta
1025 2959 1048 2965 -

172 2989 288 3041 aure]
313 2993 431 3031 Pers.
457 2994 503 3041 5,
537 2994 614 3033 96:
656 2996 872 3037 Secretam
900 2999 1047 3049 ,qannit

170 3064 211 3091 m
245 3063 405 3092 auram.

223 3114 363 3155 80-87.
400 3117 554 3168 Redde]
579 3118 732 3159 «Refer
752 3110 901 3161 mihis»
928 3145 972 3151 -
994 3125 1047 3163 sic

170 3188 330 3227 quoque
355 3178 509 3230 fracta]
532 3181 580 3218 ut
607 3182 754 3230 patina
775 3182 844 3222 illa
865 3195 1047 3225 murae-

171 3250 268 3279 nae.
287 3263 329 3268 —
348 3240 515 3292 layena]
533 3242 654 3281 Hanc
672 3254 830 3284 vocem
849 3246 1047 3297 layonam

169 3302 344 3352 scripsit
373 3303 675 3343 Schneidewin
705 3306 824 3356 apud
859 3309 1038 3350 Martial.

170 3363 215 3410 7,
248 3364 322 3412 20,
358 3365 441 3413 γ19.,
474 3367 535 3405 uti
567 3366 749 3406 exhibet
778 3369 911 3408 etiam
934 3371 1040 3410 Cod.

169 3424 393 3466 Mediceus
425 3428 513 3468 Cic.
546 3428 601 3468 ad
633 3429 751 3468 Fam.
787 3430 858 3477 1¹6,
889 3431 967 3480 26,
1001 3433 1040 3472 2.

175 3504 217 3513 -
252 3498 332 3527 non
362 3489 530 3541 dantur]
562 3491 743 3531 Factum
765 3494 831 3532 est
854 3493 1040 3542 certum3

1118 1628 1288 1679 itaque,
1332 1627 1413 1666 etsi
1450 1626 1679 1678 praecedit
1709 1626 1848 1665 oratio
1879 1624 1992 1665 obli-

1118 1700 1228 1741 qua,
1283 1690 1364 1729 rite
1410 1689 1690 1740 subiungitur
1734 1688 1993 1728 indicativus

1116 1751 1317 1792 firmatus
1337 1763 1361 1790 a
1392 1752 1554 1792 nostris
1577 1751 1716 1791 Codd.
1741 1751 1992 1802 antiquiss,

1116 1815 1165 1853 ut
1185 1813 1303 1865 apud
1324 1812 1480 1854 Salust.
1505 1815 1597 1865 lug.
1620 1814 1695 1854 38:
1727 1814 1996 1865 Iugurtha--

1114 1876 1241 1917 verba
1278 1877 1403 1928 facit,
1446 1878 1607 1917 tametsi
1643 1877 1779 1927 ipsum
1798 1899 1822 1905 -
1842 1877 1996 1928 -fame

1115 1944 1152 1979 et
1179 1939 1294 1990 ferro
1324 1941 1513 1980 clausum
1543 1944 1696 1989 tenet,
1729 1944 1868 1979 tamen
1887 1950 1927 1979 se
1946 1961 1995 1968 --

1114 2003 1331 2042 incolumis
1369 2003 1502 2042 omnis
1540 2002 1613 2042 sub
1656 2003 1802 2054 iugum
1844 2003 1994 2042 missu-

1113 2077 1252 2104 rrumz-
1277 2067 1320 2105 et
1359 2075 1578 2116 persaepe
1615 2065 1734 2116 apud
1777 2065 1990 2105 Tacitum.

1114 2129 1164 2167 V.
1201 2128 1444 2167 Botticheri
1486 2128 1677 2167 Lexicon
1720 2138 1762 2179 p.
1800 2127 1893 2167 253.
1947 2150 1990 2155 —

1114 2191 1285 2230 Ridetur
1319 2191 1426 2242 fictis
1464 2189 1622 2242 rerum]
1654 2191 1703 2229 ut
1741 2191 1827 2229 Sat.
1862 2190 1910 2239 2,
1943 2190 1991 2238 Ξ,

1113 2253 1188 2291 25:
1226 2253 1348 2291 vanis
1375 2263 1533 2291 rerum.
1583 2254 1632 2292 A.
1657 2253 1702 2292 P.
1727 2251 1803 2292 49:
1852 2251 1995 2290 abdita

1112 2324 1270 2352 rerum.
1335 2314 1558 2354 Sententia
1603 2314 1694 2353 est:
1744 2312 1993 2363 «FIngeba-

1114 2385 1215 2415 mus
1245 2386 1326 2415 nos
1357 2375 1412 2414 de
1444 2374 1537 2416 aliis
1567 2375 1704 2415 rebus
1741 2376 1901 2415 iocosis
1930 2376 1993 2414 ri-

1114 2438 1265 2478 dere.»
1303 2461 1346 2466 -
1377 2438 1567 2490 secundo]
1599 2437 1786 2478 Tralatio
1816 2439 1992 2489 sumpta

1114 2503 1181 2541 est
1211 2512 1235 2540 a
1265 2502 1399 2540 vento
1441 2500 1640 2540 secundo
1687 2502 1808 2552 (Epp.
1846 2502 1893 2548 ⁶2,
1941 2502 1987 2549 sl,

1115 2563 1248 2613 402),
1296 2564 1506 2614 «praeter
1545 2565 1720 2604 ceteros
1752 2574 1832 2603 nos
1863 2563 1990 2602 adiu-

1111 2627 1287 2675 vante‚»
1305 2626 1451 2677 potius
1470 2636 1626 2676 quam:
1649 2624 1987 2678 «applaudente,

1113 2688 1379 2734 arridentem
1411 2690 1506 2727 aut:
1545 2689 1613 2728 «in
1643 2688 1811 2729 facetiis
1840 2689 1990 2740 profe-

1112 2751 1262 2791 rendis
1312 2750 1533 2791 secundas
1585 2753 1736 2802 partes
1779 2753 1987 2804 agentem

1111 2815 1160 2853 ut
1189 2812 1258 2853 alii
1289 2812 1524 2864 explicant.
1560 2835 1607 2842 --
1639 2814 1875 2866 Nasidiene]
1908 2815 1990 2853 Vo-

1112 2876 1254 2915 cativo
1284 2877 1438 2925 utitur,
1479 2876 1528 2915 ut
1556 2876 1599 2915 in
1629 2875 1760 2925 locis,
1792 2876 1867 2915 ubi
1899 2873 1990 2916 πά-

1109 2937 1199 2988 θος
1236 2936 1488 2989 praevalet,
1536 2948 1640 2978 suos
1680 2939 1840 2978 heroas
1881 2937 1990 2979 allo-

1111 3002 1308 3050 quuntur
1335 3001 1494 3051 poetae
1527 3001 1656 3051 epici.
1688 2999 1809 3040 Iliad.
1827 2998 1867 3050 6,
1894 3001 1985 3039 ⁴27:

1112 3057 1232 3102 Οὐδὲ
1262 3062 1428 3109 σέθεν,
1474 3061 1706 3112 Μενέλαε,
1748 3062 1855 3103 θεοὶ
1892 3058 1989 3115 μάο

1109 3137 1252 3182 καρες
1281 3121 1560 3165 λελάθοντο.
1597 3147 1641 3153 —
1673 3130 1720 3165 ut
1756 3129 1846 3165 arte
1885 3125 1987 3177 cet]

1111 3189 1192 3227 «ut
1230 3188 1444 3239 sapientia
1489 3189 1563 3227 tua
1607 3188 1714 3228 scite
1765 3187 1988 3227 medearis

1110 3247 1309 3289 fortunae
1341 3249 1644 3290 adversitati.»
1704 3250 1877 3289 Terent.
1900 3247 1980 3286 Ad.

1109 3309 1158 3358 4,
1193 3311 1237 3359 7,
1271 3311 1347 3351 23:
1390 3312 1517 3361 Illud,
1552 3313 1660 3361 quod
1689 3311 1832 3351 cecidit
1860 3310 1982 3359 forle,

1107 3372 1150 3410 id
1179 3376 1272 3413 arte
1308 3378 1354 3413 ut
1383 3375 1585 3425 corrigas.
1634 3396 1677 3401 —
1720 3371 1983 3422 Mazonomo]

1107 3433 1396 3488 Μαζονόμος
1438 3436 1614 3487 proprie
1660 3436 1727 3474 est
1769 3431 1868 3474 lanx
1914 3433 2027 3479 in-.‚

1107 3506 1239 3546 gens,
1274 3508 1326 3537 ex
1358 3508 1443 3548 qua
1473 3493 1601 3549 μάζα
1632 3496 1843 3548 νέμεται,
1885 3494 1984 3547 puls
