2231 3787
901 263 998 301 ΗΒ.
1033 264 1063 302 1.
1106 263 1270 303 EPlsT.
1304 265 1372 303 111.

1953 264 2045 316 411

303 392 434 456 Quis
475 392 575 445 sibi
616 411 702 446 res
743 400 922 463 gestas
961 394 1182 465 Augusti
1222 394 1463 448 scribere
1503 396 1700 449 sumit‘?

301 493 448 547 Bella
486 495 608 566 quis
649 503 701 548 et
740 512 904 566 paces
942 495 1161 567 longum
1201 496 1448 550 diffundit
1486 497 1537 550 in
1577 499 1810 552 aevum?

301 595 442 661 Quid
484 596 649 650 Titius
688 599 925 651 Romana
962 597 1113 652 brevi
1157 607 1414 653 venturus
1455 600 1506 652 in
1547 601 1679 654 ora?

282 757 348 799 pr.
374 749 415 787 S.
454 770 497 775 —-
532 748 570 787 6.
604 752 742 788 struat
772 760 886 789 corr.
911 751 952 789 S.
991 773 1033 778 ψ
1068 751 1169 789 haec·
1200 751 1299 790 LCt.
1335 752 1399 801 (Ut
1421 762 1524 799 nos,
1561 752 1724 801 nostri,
1758 751 1998 794 Bentleiani

283 811 328 850 et
356 810 549 850 Pottierii
581 811 737 862 Codd.)
773 835 817 839 —
851 813 889 851 7.
924 817 1062 852 sumat
1092 824 1206 852 corr.
1241 815 1281 853 S.
1320 837 1364 842 —
1398 814 1437 854 8.
1472 814 1680 865 diffundat
1710 825 1825 855 corr.
1860 817 1901 857 S.

227 937 320 977 cede
355 936 545 977 inventas
581 937 759 988 legiones
794 938 1109 989 Porphyrionis
1172 937 1441 990 plicissimae
1464 939 1542 980 fuit
1563 939 1816 992 consilium,
1847 943 1897 982 ut
1918 944 2051 992 tecte,

226 1000 366 1041 Editio
382 1001 593 1052 princeps
608 1001 777 1040 Veneta
797 1000 916 1041 448¹.
938 1003 1110 1043 Utrum-

226 1075 313 1115 que
330 1063 505 1104 videtur
521 1064 584 1104 sic
601 1063 977 1115 coniungendam:
1002 1076 1110 1104 mer-

224 1129 319 1168 cede
339 1139 455 1167 mera
477 1128 665 1167 inventas
691 1127 905 1180 legiones)
930 1151 975 1156 —
1002 1129 1109 1178 Quid

222 1213 242 1220 —
260 1202 433 1241 operam
451 1190 620 1240 strmw]
646 1202 785 1241 «quae
804 1192 967 1242 scripta
986 1202 1109 1231 com-

225 1255 400 1305 ponit‘?»
447 1255 600 1293 Senon.
629 1274 672 1280 —
702 1254 788 1292 Hoc
808 1265 970 1304 quoque
989 1254 1104 1305 curo]

227 1327 341 1356 «non
362 1314 531 1364 solum,
555 1315 632 1355 ubi
653 1317 874 1356 terrarum
897 1328 1015 1356 nunc
1031 1317 1108 1357 de-

224 1379 359 1430 gatis,
401 1389 560 1418 verum
592 1379 724 1418 etiam
757 1378 918 1429 quibus
949 1379 1105 1420 studiis

222 1442 435 1482 vacetis.»
475 1441 702 1492 Iungenda
726 1442 845 1481 enim
867 1442 979 1482 haec
1002 1454 1105 1483 cum

223 1504 623 1556 praecedentibus,
659 1516 746 1545 non
779 1516 882 1545 cum
914 1516 1107 1556 sequen-

224 1567 362 1617 tibus,
395 1569 444 1607 ut
473 1568 620 1608 minus
651 1569 867 1608 concinne
899 1568 947 1608 fit
978 1570 1020 1608 in
1040 1568 1105 1608 al-

222 1632 317 1671 tera
356 1629 545 1671 lectione
582 1632 708 1671 Haec.
745 1652 790 1659 —-
823 1631 1014 1683 scribere]
1059 1633 1105 1671 ut

222 1693 300 1734 Od.
336 1694 381 1742 4,
416 1693 463 1743 6,
498 1695 536 1733 4.
572 1693 627 1734 de
667 1694 940 1735 carminibus
970 1706 1104 1746 prae-

223 1757 377 1797 sertim
399 1757 695 1808 panegyricis.
721 1778 764 1784 —
786 1757 924 1809 sumit]
951 1769 1104 1809 «prae-

222 1819 434 1859 dicandas
456 1818 625 1870 eligit‚>›
659 1832 762 1860 cum
783 1820 1022 1870 infinitivo,
1056 1823 1104 1860 ut

221 1883 299 1924 Od.
326 1883 371 1931 4,
406 1883 482 1932 42,
517 1883 533 1921 11
557 1894 564 1921 :
610 1884 738 1933 Quem
766 1884 907 1923 virum
935 1906 958 1912 -
977 1885 1104 1924 sumis

219 1944 455 1986 celebrare?
502 1947 668 1985 Neutro
707 1949 858 1988 autem
894 1946 990 1987 loco
1020 1947 1104 1987 ha-

220 2007 298 2048 bet
327 2007 604 2058 arrogantiae
633 2008 1022 2059 significationem,
1056 2012 1104 2049 ut

220 2072 264 2111 in
293 2070 374 2111 illis
407 2071 495 2111 Cic.
519 2082 599 2122 pro
623 2070 771 2111 Plane.
799 2073 842 2121 4,
867 2073 914 2112 3:
949 2075 1104 2124 Quam-

221 2145 348 2185 quam
383 2133 484 2172 mihi
522 2145 606 2172 non
634 2145 751 2174 sumo
781 2138 944 2175 tantam
973 2147 1103 2186 neque

220 2208 402 2248 arroyo,
449 2195 530 2235 sed
560 2195 729 2236 dictum
760 2200 850 2247 est,
894 2200 942 2238 ut
970 2200 1019 2239 A.
1054 2202 1098 2239 P.

220 2259 295 2300 38:
342 2259 500 2298 Sumile
528 2260 755 2299 materiam
786 2263 870 2300 cet.
908 2285 952 2290 ἡ
985 2262 1102 2301 Bella

220 2316 312 2371 qais
342 2321 445 2373 cet]
490 2317 792 2375 ἐπεξήγησις.
847 2324 979 2371 «Quis
1021 2325 1101 2375 igi—

220 2387 292 2425 tur
327 2383 463 2433 bella,
510 2395 624 2435 quae
663 2386 823 2436 gessit,
870 2397 1007 2437 paces
1045 2386 1101 2426 illi

223 2450 314 2487 tam
336 2446 573 2498 gloriosas,
599 2458 709 2498 quas
731 2448 857 2488 victis
878 2449 1099 2499 imposuit,

221 2509 276 2549 ad
320 2510 626 2561 posteritatem
670 2521 915 2561 propagare
966 2522 1101 2551 cona-

221 2574 347 2612 tur‘?»
401 2572 487 2613 Cfr.
513 2571 596 2612 Sal.
621 2573 712 2623 Iug.
738 2573 782 2612 31
806 2585 814 2612 ;
848 2573 955 2613 bella
976 2579 1102 2625 atque

214 2647 342 2687 paces
360 2658 421 2664 --
437 2647 561 2686 penes
583 2647 746 2685 paucos
775 2641 915 2686 erant,
949 2637 992 2678 id
1015 2640 1096 2688 est,

223 2699 336 2748 «ius,
360 2698 718 2750 quandocunque
740 2700 791 2740 iis
812 2699 1000 2749 libebat,
1026 2713 1102 2753 pa-

221 2772 321 2802 cem
340 2761 574 2801 faciendi.»
618 2763 745 2801 Paces
766 2764 868 2803 sunt
887 2765 1102 2805 Friedens-

219 2825 405 2864 sclzlasse.
457 2824 538 2865 Alii
569 2824 665 2865 coll.
697 2826 806 2878 Epp.
841 2827 889 2876 2,
926 2828 967 2877 l,
1003 2827 1095 2868 402.

221 2885 463 2938 explicant:
513 2898 611 2928 «res
650 2888 705 2929 ab
742 2891 939 2940 Augusto
974 2891 1098 2942 pacis

222 2950 424 3000 tempore
459 2951 649 3000 gestas.»
701 2952 766 2991 Ad
810 2952 932 3004 quod
977 2953 1099 2993 ince—

220 3012 346 3062 ptum
376 3011 471 3061 ipse
502 3022 730 3062 nunquam
762 3025 809 3055 se
831 3015 979 3055 induci
999 3027 1100 3068 pas-

221 3083 296 3113 sus
327 3073 443 3121 erat,
487 3074 534 3112 ut
562 3077 885 3127 panegyricum
915 3089 1099 3120 carmen

220 3135 263 3174 in
292 3134 540 3185 Augustum
571 3141 885 3189 componeret,
918 3141 962 3180 id
991 3143 1097 3182 satis

220 3195 391 3236 urbane
449 3197 685 3239 iuvenibus
742 3199 824 3241 illis
886 3203 1093 3255 inmugit,

221 3259 383 3310 quibus
413 3260 666 3301 huiusmodi
701 3263 889 3314 scripta,
932 3266 968 3306 si
1006 3278 1096 3307 non

222 3321 477 3362 diuturnam
506 3321 709 3373 gloriam,
743 3326 787 3364 at
816 3328 938 3367 certe
970 3339 1096 3369 com-

221 3384 354 3424 moda
386 3386 567 3425 externa
609 3388 654 3426 et
694 3388 892 3438 praemia
937 3390 1096 3431 afferre

221 3447 440 3496 poterant.
493 3447 649 3498 (Atque
687 3448 771 3488 hoc
801 3449 988 3492 fortasse
1019 3463 1097 3493 oc—

223 3507 387 3549 cultum
419 3509 630 3563 epistolae
661 3511 791 3553 huius
814 3510 974 3564 alioqui
995 3514 1097 3555 sim-

1172 1001 1253 1041 sed
1282 1001 1580 1043 urbanissime
1608 1004 1878 1055 significaret
1897 1006 2054 1046 huius—

1171 1064 1292 1103 modi
1333 1066 1629 1117 panegyricos
1664 1078 1751 1107 non
1788 1079 1812 1107 a
1851 1078 1925 1118 se,
1973 1068 2054 1109 sed

1169 1127 1316 1177 potius
1347 1138 1372 1166 a
1402 1128 1668 1179 iunioribus,
1710 1131 1836 1181 quasi
1866 1132 2054 1172 tirocinii

1169 1190 1331 1240 poetici
1389 1190 1665 1241 rudimenta,
1724 1194 2052 1244 exspectandos

1171 1263 1286 1293 esse.
1334 1251 1503 1294 Talium
1534 1256 1654 1294 enim
1684 1266 1755 1296 ars
1787 1257 1931 1297 omnis
1964 1268 2052 1297 non

1168 1317 1259 1354 tam
1290 1316 1334 1355 in
1364 1318 1638 1368 φαντασίας
1667 1317 1807 1358 libero
1838 1321 1962 1360 motu
1985 1322 2053 1360 at—

1169 1390 1255 1430 que
1276 1379 1512 1430 instinctu,
1546 1392 1692 1432 neque
1715 1382 1757 1421 in
1780 1382 2047 1432 inventione,

1168 1453 1305 1493 quam
1349 1444 1393 1482 in
1436 1444 1701 1494 imaginibus
1741 1445 2053 1497 descriptioni·-

1167 1504 1344 1556 busque
1378 1504 1678 1557 elegantibus,
1719 1508 1762 1547 in
1792 1519 1905 1560 pura
1934 1509 2053 1548 Lati—

1168 1568 1302 1608 nitate
1365 1567 1664 1621 laudabilique
1724 1570 2050 1611 versificatione

1166 1625 1465 1684 versabatur.)
1501 1654 1545 1660 —
1581 1634 1776 1685 diffundit
1810 1635 1855 1673 1η
1885 1634 2047 1686 aevum]

1166 1696 1265 1746 Ipse
1299 1694 1487 1747 explicat
1508 1696 1587 1736 Od.
1612 1696 1659 1746 4,
1694 1696 1766 1747 44,
1801 1697 1846 1738 3:
1876 1699 2052 1738 virtutes

1166 1759 1209 1797 in
1239 1770 1388 1798 aevum
1409 1782 1470 1788 --
1488 1759 1698 1809 Aeternet,
1745 1759 1821 1799 ubi
1862 1761 2050 1800 Hosman

1167 1820 1427 1873 Peerlkamp
1474 1823 1568 1862 sine
1607 1821 1693 1862 ulla
1734 1834 1868 1863 causa
1909 1823 2050 1864 male—

1166 1882 1244 1923 bat
1274 1884 1485 1936 pedestre
1516 1884 1707 1925 verbum
1737 1887 1940 1926 extendet.

1222 1946 1262 1986 9.
1298 1947 1406 1997 Quid
1437 1948 1565 1987 Titius
1603 1949 1704 2001 cet]
1747 1950 1810 1989 De
1842 1950 1932 1988 toto
1964 1949 2048 1989 hoc

1166 2008 1262 2049 1000
1298 2008 1395 2061 lege
1439 2012 1663 2062 egregiam
1702 2012 2049 2064 disputationem

1166 2073 1354 2113 Iacobsii
1376 2074 1419 2114 in
1439 2076 1559 2114 Lect.
1579 2075 1744 2116 Venus.
1769 2087 1811 2127 p.
1835 2075 1929 2116 340.
1966 2078 2050 2115 Re-

1165 2135 1271 2176 fellit
1301 2148 1402 2186 eos,
1440 2138 1516 2188 qui
1546 2149 1649 2178 cum
1681 2138 1935 2179 Scholiastis
1967 2140 2052 2178 Ho-

1166 2199 1328 2239 ratium
1368 2199 1587 2240 malitiosa
1626 2200 1784 2251 dilogia
1816 2202 1887 2241 liic
1918 2212 2050 2241 usum

1167 2273 1267 2302 esse
1313 2262 1513 2302 arbitrati
1557 2266 1673 2304 sunt.
1735 2266 1877 2304 Immo
1917 2265 2049 2316 poeta

1167 2323 1221 2363 de
1253 2325 1464 2364 iuvenum
1502 2325 1664 2365 horum
1695 2327 1851 2367 studiis
1889 2327 1947 2366 ita
1982 2326 2049 2365 fe-

1166 2387 1276 2426 stive
1306 2386 1479 2427 locutus
1510 2390 1598 2437 est,
1640 2390 1688 2427 ut
1724 2388 1826 2428 nihil
1866 2389 2048 2428 omnino

1167 2460 1244 2489 eos
1275 2449 1503 2489 offendere
1533 2452 1688 2502 posset
1717 2451 1760 2491 in
1789 2450 1941 2491 verbis
1970 2462 2048 2490 ur-

1164 2512 1417 2553 banissimis
1431 2514 1560 2553 amici
1577 2516 1681 2553 natu
1698 2514 1893 2563 maioris,
1910 2524 2048 2564 quem

1164 2576 1247 2627 ipsi
1276 2577 1324 2615 ut
1352 2577 1567 2617 Romanae
1592 2578 1800 2629 fidicinem
1829 2577 1948 2626 lyrae
1969 2587 2048 2617 su-

1164 2639 1391 2690 spicerent
1411 2641 1544 2691 atque
1568 2640 1876 2680 observarent.
1915 2639 1963 2679 Id
1983 2641 2049 2679 ta-

1164 2713 1269 2742 men
1299 2703 1589 2753 meminerat,
1637 2704 1718 2744 hos
1758 2713 1924 2755 pueros
1963 2703 2047 2753 ipsi

1162 2766 1361 2806 nondum
1384 2778 1483 2807 esse
1516 2778 1671 2819 pares,
1704 2769 1753 2807 ut
1783 2766 1886 2806 fecit
1906 2776 2042 2817 saepe

1164 2828 1330 2868 Goethe
1362 2840 1542 2881 quoque
1574 2830 1617 2870 in
1647 2829 1864 2871 similibus
1901 2829 2044 2881 poetis

1162 2891 1422 2932 iunioribus.
1475 2892 1631 2933 Iacobs
1670 2905 1713 2945 p.
1748 2893 1855 2933 355:
1901 2893 2046 2932 Hor-az

1159 2954 1316 3004 spricht
1341 2966 1422 2993 υοη
1453 2955 1545 2994 dem
1574 2955 1776 2995 Streben
1804 2955 1890 2994 und
1923 2954 2047 2993 Wol-

1162 3017 1240 3056 len
1282 3018 1350 3056 cles
1404 3018 1559 3064 Titias‚·
1609 3029 1655 3057 er
1696 3018 1867 3058 erkennt
1907 3017 2044 3056 seinen

1160 3080 1279 3120 Math
1307 3081 1393 3120 und
1419 3082 1515 3121 dass
1532 3092 1578 3121 er
1606 3081 1706 3122 hohe
1724 3081 1830 3121 Ziele
1850 3080 2043 3131 verfolqt1·

1160 3143 1226 3182 ein
1273 3143 1427 3183 Urtheil
1467 3144 1623 3193 spricht
1663 3155 1710 3184 er
1741 3143 1893 3194 jedoch
1934 3141 2045 3181 nicht

1159 3216 1260 3252 aus,·
1304 3206 1387 3245 wir
1426 3206 1575 3246 wissen
1617 3206 1728 3246 nicht
1770 3207 1925 3247 einmal
1964 3206 2042 3249 mit

1160 3267 1408 3322 Sicherheit,
1453 3268 1502 3308 ob
1532 3279 1577 3308 er
1615 3269 1772 3309 Proben
1800 3269 1928 3310 seinos
1960 3271 2041 3310 Ta-

1160 3329 1284 3370 lentes
1310 3331 1492 3382 qekanm
1520 3331 1637 3372 habe.
1697 3332 1791 3371 Nur
1829 3332 1893 3372 die
1921 3332 2040 3383 Hoff-

1158 3404 1274 3444 για-ηρ
1303 3397 1428 3444 quien
1456 3394 1646 3445 Erfolyes
1673 3393 1827 3443 spricht
1851 3405 1897 3433 er
1914 3393 2042 3434 wohl-

1159 3455 1336 3494 wollend
1356 3466 1454 3503 aas;
1485 3457 1571 3495 und
1590 3456 1736 3504 dieses,
1760 3455 1814 3505 ja
1830 3456 1894 3496 die
1914 3455 2042 3496 blosse

1159 3517 1430 3570 Erinneranq
1460 3530 1515 3558 an
1546 3519 1642 3568 das,
1689 3529 1779 3557 was
1808 3519 1881 3559 cler
1906 3519 2040 3571 Junqe
