2231 3787
278 287 378 339 722

349 420 558 484 Quanto
598 415 796 469 rectius
835 413 949 473 hic,
993 411 1084 482 qui
1123 409 1194 461 nil
1234 407 1449 460 molitur
1487 406 1693 476 inepte:

1089 281 1303 321 HORATII

1995 402 2097 456 440

355 520 494 573 «Dic
533 516 674 577 mihi,
718 517 880 576 Musa,
923 513 1111 573 virum,
1153 517 1342 580 captae
1381 516 1502 579 post
1541 515 1784 578 tempora
1823 503 2009 558 Troiae

356 621 499 686 «Qui
540 635 718 672 mores
760 615 1032 669 hominum
1070 611 1360 664 multorum
1396 609 1529 663 vidit
1568 617 1620 662 et
1657 606 1866 662 urbeS.''

390 801 482 841 444.
515 803 609 849 post
638 797 801 836 moenia
839 805 939 835 cum
974 792 1137 834 Codice
1170 792 1406 844 pervetere
1437 790 1545 830 Ach.
1569 790 1714 837 Statii,
1747 789 2043 840 vigorniensi,

331 864 474 914 Regiis
519 859 716 908 duobus,
765 859 875 898 Feae
922 867 1009 896 uno
1056 857 1098 895 et
1141 854 1320 894 Ausonii
1363 853 1575 893 Periocha
1606 854 1636 892 I.
1671 851 1788 892 Libri
1819 851 2045 903 Odysseae

333 923 577 970 Bentleius,
604 925 698 972 post
724 921 876 971 funera
907 917 1110 959 eiusdem
1141 916 1278 957 dubia
1309 917 1518 968 suspicio.

279 1090 457 1130 ditativa
499 1090 621 1127 recte
658 1086 820 1124 vocant
857 1082 1155 1129 Grammatici‚

280 1154 413 1193 etiam
442 1152 485 1190 in
515 1150 658 1201 primo
690 1152 891 1198 tempore
915 1144 1047 1184 futuri
1067 1144 1159 1182 vim

279 1215 459 1255 habent.
499 1211 695 1252 Par-turio
716 1208 903 1262 perinde
926 1209 1013 1255 est,
1047 1216 1100 1245 ac
1122 1206 1159 1245 si

278 1278 399 1317 dicas
423 1274 639 1314 «meditor
658 1281 841 1324 parere,
874 1268 979 1309 inibi
1007 1269 1087 1316 est,
1110 1269 1159 1306 ut

277 1339 497 1392 pariam.»
558 1337 618 1376 Ita
662 1344 774 1386 quae
807 1332 962 1372 Graeci
991 1329 1159 1370 ἐπιθυ-

276 1396 473 1454 munci,
498 1397 790 1445 desiderativa,
809 1396 970 1434 vocant
985 1394 1028 1433 in
1043 1392 1158 1432 ΕΙΩ

278 1464 507 1510 exeuntia,
551 1459 696 1512 qualia
726 1458 996 1513 γαμησείω,
1029 1454 1157 1513 βρω-

278 1528 408 1575 oeteo,
433 1522 755 1576 πολεμησεὶω,
774 1522 962 1570 χεσείω,
988 1518 1156 1559 habere

277 1590 484 1629 dicuntur
513 1581 732 1639 εἐ’,ιιφασιν
761 1581 846 1624 τοῦ
877 1581 1153 1636 μέλλοντος,

274 1651 617 1703 siqnificationem
646 1648 822 1699 futuri.»
854 1646 1024 1696 BENTL.)
1077 1645 1157 1692 Qui

275 1714 473 1754 futurum
493 1711 766 1764 praeferunt,
802 1708 921 1749 haud
942 1707 1056 1748 male
1080 1719 1157 1748 ex-

273 1775 465 1828 plicant:
515 1774 661 1822 «Fiet,
695 1772 815 1824 quod
845 1773 888 1811 in
917 1770 1156 1822 proverbio

276 1840 386 1877 est.»
413 1857 458 1864 —
491 1836 694 1875 ridiculus
712 1834 816 1885 mus]
851 1831 1024 1881 Quintil.
1050 1833 1089 1881 8,
1116 1831 1154 1880 3,

277 1899 349 1940 49:
393 1899 592 1946 Risimus,
627 1901 664 1937 et
692 1897 862 1944 merito,
895 1905 1030 1944 'nuper
1051 1896 1159 1943 poe—

275 1967 384 2011 tam,
409 1962 480 2011 qui
500 1961 670 1999 dixerat
690 1959 970 1998 Praetextam
990 1956 1033 1995 in
1051 1956 1157 1996 cista

275 2035 429 2064 mures
471 2033 625 2062 rosere
673 2019 856 2061 Camilli.
913 2019 964 2059 At
996 2019 1159 2069 Viryilii

274 2088 485 2127 miramur
525 2084 653 2132 illud,
705 2105 748 2110 —
796 2092 930 2132 saepe
976 2081 1158 2131 exiguus

275 2161 391 2190 mus.
419 2150 590 2199 (Georg.
617 2147 655 2194 l,
681 2144 791 2195 484.)
823 2145 936 2184 Nam
957 2143 1158 2193 epitheton

276 2214 459 2264 exiguus
489 2214 635 2261 aptum
658 2208 884 2259 proprium
912 2208 1062 2258 effecit,
1109 2217 1159 2246 ue

270 2276 366 2326 plus
395 2277 752 2324 exspectaremus,
799 2274 837 2310 et
865 2280 986 2309 casus
1014 2270 1160 2320 sinqu—

275 2339 379 2378 laris
406 2337 543 2388 ‘mayis
572 2334 726 2383 decuit,
768 2337 805 2373 et
847 2332 1039 2372 clausula
1067 2332 1160 2381 ipsa

273 2401 398 2441 unius
426 2399 633 2449 syllabae,
676 2408 759 2436 vnon
787 2396 967 2444 usitata,
1001 2395 1161 2434 addidit

275 2463 476 2515 qratiam.
495 2461 687 2500 Imitatus
703 2463 760 2499 est
775 2459 917 2508 itaque
936 2461 1161 2505 utrumque

276 2525 476 2566 Horatius
502 2546 545 2551 —
570 2524 782 2562 nascetur
803 2519 1016 2560 ridiculus
1041 2530 1157 2560 mus.

277 2590 341 2629 De
380 2595 538 2626 versus
584 2582 779 2625 clausula
821 2582 936 2623 conf.
974 2584 1084 2623 Aen.
1118 2581 1158 2632 3,

278 2650 379 2691 390:
416 2648 592 2688 Litoreis
618 2647 762 2698 ingyens
792 2646 960 2685 inventa
989 2644 1061 2684 sub
1090 2644 1164 2683 ili-

277 2713 390 2753 cibus
418 2722 500 2750 sus.
549 2709 672 2750 ovid.
696 2709 799 2750 Met.
824 2708 864 2757 8,
890 2707 991 2747 359:
1024 2708 1073 2747 In
1092 2707 1163 2746 iu-

275 2785 395 2816 venes
433 2777 544 2813 certo
582 2773 640 2812 sic
677 2772 825 2821 impete
851 2770 1066 2822 volnificus
1095 2781 1162 2809 sus

277 2837 441 2877 Fertur.
460 2836 602 2885 Atque
625 2832 821 2885 amplam
841 2843 1055 2873 versuum
1071 2842 1166 2872 mo-

278 2897 521 2949 nosyllabis
544 2896 768 2936 finitorum
792 2895 1047 2946 congeriem
1063 2905 1167 2946 sup-

279 2961 448 3013 peditat
477 2959 656 2999 Ausonii
681 2958 1094 3010 Technopaegnion.

339 3021 541 3062 lit-445.
589 3022 668 3060 Dic
696 3021 796 3060 mihi
827 3020 929 3071 cet.]
974 3021 1023 3059 In
1053 3019 1166 3059 duos

284 3095 441 3124 versus
473 3083 691 3123 contraxit
728 3082 956 3132 Odysseae
989 3080 1166 3121 exordi-

285 3158 382 3186 um:
432 3140 602 3202 Ἄνδρα
654 3157 741 3197 μοι
783 3138 974 3192 ῗέ,ννεπε
1033 3141 1166 3183 Μοῦ-

286 3222 372 3258 σα,
406 3205 734 3265 ποὶύτροπον,
769 3202 824 3256 ὃς
851 3203 985 3258 μάλα
1015 3201 1167 3245 πολ>ὰ

286 3267 551 3325 Πλάγχθη
585 3269 665 3311 ἐπε
669 3270 684 3310 ὶ
708 3270 883 3326 Τροίης
905 3269 941 3308 ic
929 3264 1032 3325 οὸν
1052 3281 1167 3308 πτο-

288 3333 369 3374 hez
362 3328 535 3390 990²²
523 3327 606 3372 ἐπε
609 3344 694 3389 οσε
757 3328 958 3371 Ποὶλῶν
998 3328 1035 3369 δ’
1081 3325 1167 3370 ἆτ-

288 3392 493 3452 θοώπων
514 3393 579 3435 ι’ὄε-
586 3408 610 3434 v
630 3389 745 3435 (Iove
733 3393 878 3433 ακαὶ
893 3391 1048 3432 νόονε
1028 3387 1164 3446 aymo.

294 3458 481 3509 Cf.Epp.
500 3460 538 3506 4,
552 3459 592 3507 2,
613 3459 698 3507 49„
716 3456 850 3497 ubiv.
864 3453 1168 3513 ποὶύτοοπον

294 3532 403 3568 non,
437 3523 482 3559 ut
512 3521 606 3569 hic,
641 3520 973 3571 praetermittit,
1014 3519 1094 3558 sed
1126 3520 1167 3559 in

1224 1081 1428 1120 Latinum
1449 1079 1666 1119 convertit
1680 1079 1900 1129 providus,
1925 1089 2028 1120 cum
2048 1079 2105 1120 sit

1224 1138 1611 1194 πολύπλαγκτος,
1658 1142 1731 1181 der
1768 1141 1848 1181 viel
1884 1141 2105 1193 hei-umge-

1223 1205 1422 1254 triebene,
1460 1205 1607 1256 potius
1638 1215 1773 1255 quam
1801 1205 2024 1244 versutus.
2055 1227 2100 1232 —

1219 1268 1382 1318 fumum
1402 1288 1425 1295 —
1453 1289 1477 1294 —
1502 1266 1631 1318 fumo]
1677 1266 1857 1306 Lucian.
1904 1267 2014 1306 Tim.
2048 1267 2100 1305 11:

1212 1323 1452 1370 (Ἀπαντα
1439 1325 1530 1387 γὰρ
1550 1325 1702 1370 ταῦτα
1717 1325 1864 1386 λῆρος
1885 1322 1976 1381 ἢδη
1993 1339 2106 1367 ανα-

1222 1393 1407 1446 πέφηνε
1425 1392 1508 1431 καὶ
1536 1387 1760 1442 καπνὸς
1781 1401 1916 1443 ποιη
1932 1402 2023 1430 τικ
2040 1385 2105 1441 ὸς

1222 1451 1468 1505 ἀτεχνῶςΕ
1450 1449 1540 1506 ³0gco
1557 1452 1642 1494 τοῦ
1661 1450 1877 1507 πατάγου
1893 1450 1988 1493 τῶν
2001 1447 2107 1493 ὀνο-

1220 1515 1402 1571 μάτων.
1436 1540 1474 1546 -
1501 1517 1705 1568 fulqore-
1725 1516 1916 1568 -lucemJ
1948 1516 2106 1568 Fulyor

1223 1582 1293 1621 est
1321 1579 1473 1620 lumen
1505 1579 1703 1621 subitum
1735 1580 1779 1619 et
1805 1578 1958 1619 oculos
1978 1589 2107 1630 prae-

1223 1645 1469 1696 stringens,
1517 1653 1621 1682 mox
1664 1644 1815 1682 tamen
1859 1643 1903 1682 in
1931 1642 2104 1683 fumum

1221 1708 1443 1759 ingratum
1465 1706 1674 1746 desinens
1692 1717 1699 1753 3
1730 1706 1883 1745 contra
1905 1705 1982 1745 lua:
2001 1716 2107 1745 ocu-

1221 1769 1272 1810 lis
1312 1771 1459 1820 grata,
1501 1769 1595 1808 sine
1630 1768 1849 1819 imagine:
1898 1768 2106 1807 «initium

1223 1831 1508 1884 splendidum
1521 1842 1574 1871 ac
1591 1842 1731 1883 prope
1743 1841 1968 1881 arrogans,
1985 1830 2106 1882 quod

1223 1896 1385 1946 excipit
1405 1895 1596 1934 narratio
1618 1893 1751 1933 taedii
1770 1892 1926 1945 plena;
1951 1894 2105 1933 contra

1222 1958 1396 1997 initium
1434 1954 1622 2007 simplex
1658 1956 1702 1995 et
1738 1967 1878 2007 prope
1920 1953 2103 2003 humile,

1224 2019 1344 2071 quod
1375 2019 1578 2070 egregiae
1605 2019 1884 2058 narrationes
1906 2028 2107 2069 sequun-

1223 2084 1337 2122 tur.»
1365 2105 1409 2110 -—
1442 2081 1626 2131 speciosa
1643 2102 1662 2109 -
1679 2080 1905 2132 miracula]
1952 2076 2107 2120 «θαύ-

1222 2156 1376 2197 ματα,
1411 2143 1706 2194 φαντασίας,
1740 2144 1783 2182 in
1811 2142 1990 2194 quibus,
2023 2143 2106 2182 etsi

1225 2208 1327 2248 sunt
1352 2217 1426 2247 res
1448 2205 1764 2255 miraculosae,
1796 2207 1845 2245 ut
1864 2216 1978 2256 quae
2000 2215 2106 2245 nar—

1222 2273 1377 2309 rantur
1393 2269 1448 2309 de
1465 2269 1717 2320 Antiphate,
1751 2269 2107 2319 Laestrygonum

1224 2343 1345 2383 rege,
1380 2331 1540 2383 Odyss.
1564 2345 1614 2380 κ,
1640 2331 1718 2371 400
1740 2341 1859 2381 sqq.,
1883 2329 1938 2369 de
1962 2328 2106 2380 Scylla

1227 2395 1365 2445 (cuius
1387 2394 1627 2444 imaginem
1658 2392 1839 2433 exhibet
1866 2391 2107 2443 Inghirami

1226 2456 1319 2497 Gal.
1341 2456 1430 2496 Om.
1450 2457 1520 2496 111.
1545 2457 1592 2495 T.
1611 2455 1694 2506 98.)
1719 2457 1762 2495 et
1780 2453 2007 2505 Charybdi
2023 2453 2103 2494 Od.

1224 2534 1283 2573 μ,
1313 2519 1364 2560 85
1388 2529 1505 2570 sqq.,
1540 2518 1595 2558 de
1628 2517 1822 2570 Cyclope
1853 2517 1932 2558 Od.
1963 2530 1996 2566 ι,
2028 2518 2106 2558 487

1226 2593 1352 2634 sqq.,
1398 2582 1514 2621 inest
1556 2583 1708 2622 tamen
1737 2581 1832 2621 veri
1869 2579 2106 2621 similitudo

1225 2645 1412 2698 poetica.
1467 2642 1592 2684 Tales
1638 2645 1787 2684 autem
1830 2643 2108 2684 narrationes

1226 2718 1332 2748 vere
1375 2707 1573 2758 poeticas
1604 2705 1723 2757 apud
1754 2704 1957 2756 Cyclicos
1987 2705 2107 2745 haud

1226 2769 1468 2822 reperias.»
1492 2790 1536 2796 —-
1556 2766 1712 2819 dehinc]
1737 2767 1806 2807 «in
1826 2766 1965 2807 rebus
1987 2767 2110 2808 dein-

1230 2842 1336 2883 ceps
1367 2829 1645 2870 narrandis.»
1678 2830 1798 2869 HAND
1828 2830 1952 2869 Turs.
1976 2831 2028 2870 11.
2059 2841 2104 2882 p.

1286 2955 1378 2996 446.
1411 2956 1496 2995 Nec
1523 2956 1703 2995 reditum
1731 2955 1945 2995 Diomedis
1972 2954 2025 2995 ab
2045 2955 2109 2995 in—

1230 3020 1353 3060 teritu
1380 3019 1598 3071 Meleayri]
1630 3017 1802 3058 Scholia
1836 3018 1949 3058 haec
1978 3019 2104 3059 sunt:

1232 3080 1477 3132 «Meleager
1522 3083 1566 3121 et
1601 3081 1778 3132 Tydeus
1818 3080 1976 3121 fratres
2010 3080 2108 3121 fue-

1230 3146 1345 3184 runt.
1406 3144 1692 3184 Antimachus
1741 3145 1869 3195 poeta
1914 3143 2109 3184 reditum

1230 3206 1457 3247 Diomedis
1487 3217 1672 3246 narrans
1703 3205 1758 3245 ab
1790 3204 1972 3245 exordio
2002 3216 2110 3245 coe-

1232 3270 1293 3321 pit
1321 3269 1490 3320 primae
1523 3268 1722 3319 originis,
1754 3266 1800 3307 id
1829 3268 1920 3316 est,
1954 3265 2010 3306 ab
2040 3266 2112 3306 in-

1233 3331 1364 3371 teritu
1413 3329 1668 3382 Meleagri.»
1715 3333 1848 3370 Aeno.
1898 3328 2110 3380 [«Bonus

1232 3396 1385 3445 poeta,
1432 3393 1594 3444 inquit,
1626 3393 1703 3444 qui
1731 3390 1823 3432 volt
1850 3390 2108 3432 describere

1232 3456 1426 3496 reditum
1455 3454 1704 3504 Diomedis,
1735 3453 1946 3506 principis
1973 3455 2111 3494 Grae-

1235 3529 1411 3567 corum,
1445 3530 1469 3558 a
1499 3519 1625 3558 Troia
1656 3518 1699 3556 in
1730 3516 1980 3566 Graeciam,
2020 3525 2109 3556 non
