2231 3787
268 273 370 325 :376

338 405 531 468 Bilem,
576 422 739 476 saepe
780 405 956 458 iocum
996 404 1160 457 vestri
1201 421 1421 456 movere
1461 401 1743 455 tumultusl

873 273 1087 313 HORATII
1119 273 1487 315 EPISTOLARUM

339 508 533 562 Libera
572 525 670 578 per
707 524 938 560 vacuum
978 506 1133 576 posui
1174 504 1399 574 vestigia
1436 504 1717 575 princeps,

338 612 453 664 Non
493 609 666 663 aliena
705 625 826 661 meo
866 607 1041 678 pressi
1080 605 1239 676 pede.

339 713 457 764 Dux
494 710 631 781 regit
669 726 910 763 examen.

376 848 443 886 Ἦ.
474 846 571 896 fidet
601 845 677 893 cd,
712 845 811 884 LCt.

1318 604 1421 669 Qui
1461 604 1564 658 sibi
1603 604 1744 666 fidit,

987 708 1174 762 Parios
1215 725 1315 778 ego
1355 708 1562 778 primus
1603 707 1809 762 iambos

864 845 935 894 (Ut
965 855 1071 892 nos,
1104 842 1238 893 bSE.)
1274 865 1318 871 —
1353 843 1424 892 qui
1462 842 1538 882 sibi
1573 843 1670 894 sidet
1701 842 1811 894 (fidit
1841 843 1887 893 F)
1922 844 2038 892 Dum,

322 912 436 960 reget
467 908 586 959 (repit
615 908 657 957 F)
692 907 965 958 distinguunt
1002 906 1134 945 LCtF.
1173 927 1216 933 —
1251 905 1319 944 ⁶23.
1352 909 1466 957 reget
1494 904 1633 952 bScd,
1670 906 1804 946 LCtO.
1842 905 1906 955 (Ut
1936 917 2039 953 nos,

324 972 354 1009 E
387 972 430 1010 et
459 972 550 1009 tres
583 969 812 1009 dumtaxat
842 967 1069 1018 Pottierii.)

270 1082 411 1128 antur,
431 1079 512 1119 sed
530 1078 829 1129 agnoscantur
842 1088 923 1128 pro
941 1077 1147 1117 nostris.»

269 1145 471 1183 RAPPOLT.
500 1165 544 1169 ——
577 1152 698 1191 saepe
718 1164 740 1170 -
760 1140 893 1192 saepe]
927 1141 1046 1179 Haec
1076 1150 1150 1178 re—

268 1206 442 1257 petitio,
478 1216 592 1256 quae
624 1204 785 1244 eadem
816 1206 884 1243 est
914 1204 1047 1243 etiam
1068 1202 1147 1242 Od.

271 1271 308 1317 4,
342 1269 381 1317 8,
415 1269 480 1307 44.
521 1270 564 1307 et
599 1268 663 1306 4⁶2.
718 1268 804 1307 Sat.
832 1268 870 1314 4,
895 1267 933 1315 3,
966 1267 989 1306 9
1019 1276 1148 1317 seqq.

269 1332 379 1382 Epp.
406 1332 444 1379 4,
471 1331 535 1379 47,
556 1331 640 1378 55,
666 1330 780 1369 adeo
803 1327 1026 1380 displicuit
1046 1329 1152 1368 scri-

268 1393 383 1444 ptori
415 1392 588 1432 Codicis
621 1390 727 1432 Coll.
760 1392 900 1438 Trin.,
937 1393 986 1430 ut
1014 1392 1154 1430 inter-

268 1453 464 1506 polaret:
500 1458 543 1492 ut
561 1454 661 1492 mihi
683 1453 817 1503 bilem,
846 1454 894 1492 Ut
911 1454 1013 1492 mihi
1032 1447 1154 1502 sa'epe

268 1518 405 1556 iocum
437 1517 539 1564 cet,
589 1515 632 1555 id
670 1516 790 1567 quod
821 1518 1055 1566 receptum
1087 1516 1155 1555 est

269 1591 294 1618 a
327 1579 648 1629 Cuninghamio
683 1580 725 1618 et
751 1577 998 1617 Sanadono.
1028 1601 1071 1605 —-
1096 1578 1156 1615 io—

269 1641 595 1692 cum-movere]
643 1642 730 1680 Sat.
764 1641 809 1689 4,
845 1641 891 1689 5,
924 1640 998 1679 98;
1046 1640 1156 1678 dedit

271 1707 458 1755 risusque
487 1705 678 1753 iocosque
710 1704 907 1754 (Gnatia).
935 1725 980 1730 —
1005 1703 1156 1741 tumul-

270 1767 346 1819 tus]
382 1766 586 1806 «violenti
608 1777 659 1806 ac
682 1765 870 1814 turbidi,
901 1765 983 1805 sed
1003 1766 1155 1804 tamen

270 1830 549 1882 praeposteri
587 1831 631 1868 et
668 1839 849 1880 semper
878 1830 1048 1876 inanes,
1082 1838 1156 1866 co-

271 1895 401 1932 natus
434 1902 505 1931 me
528 1890 749 1938 imitandi,
783 1901 894 1940 quos
918 1901 1021 1929 cum
1042 1890 1155 1927 inter

270 1966 350 1994 vos
382 1964 543 2004 magno
576 1963 680 1992 cum
711 1952 897 2003 strepitu
928 1950 1155 1991 collauda—

273 2018 347 2065 tis,
382 2015 512 2056 simul
544 2026 616 2054 me
639 2015 894 2066 deprimere
922 2013 1152 2062 molimini,

272 2081 357 2119 hoc
379 2078 597 2129 imprimis
619 2076 864 2116 identidem
880 2078 1152 2128 repetentes,

272 2153 345 2182 me
377 2151 556 2192 quoque
580 2141 773 2179 Graecos
795 2139 1015 2178 imitatum
1037 2148 1152 2186 esse,

273 2204 392 2243 idem
421 2214 501 2242 vos
538 2202 706 2250 facere,
757 2200 982 2241 Interdum
1022 2201 1155 2240 etiam

272 2265 456 2307 meliore
489 2276 592 2304 cum
621 2274 881 2304 successu»

326 2328 474 2368 24-23.
520 2327 672 2367 Libera
701 2326 804 2378 cet.]
840 2328 933 2366 Iam
964 2325 1156 2365 demon-

273 2392 404 2439 strat,
430 2401 516 2441 qua
537 2390 606 2428 via
629 2400 681 2428 ac
701 2389 871 2428 ratione
894 2399 1002 2428 usus
1024 2389 1158 2427 Grae-

274 2464 350 2494 cos
372 2453 427 2493 sit
446 2452 656 2501 imitatus,
680 2451 814 2491 modo
836 2450 1006 2491 scilicet
1027 2449 1153 2501 longe

274 2516 451 2556 diverso
482 2514 537 2554 ab
571 2525 645 2563 eo,
680 2524 816 2564 quem
851 2512 1157 2564 sequebantur

274 2578 409 2628 iniqui
439 2576 498 2616 ilii
528 2574 706 2616 aemuli.
763 2577 810 2614 In
847 2575 972 2626 poesi
1002 2575 1155 2614 Latina

274 2641 405 2680 libera
432 2640 608 2690 vestiqia
640 2638 762 2688 ponit
805 2638 872 2688 (cf.
907 2638 995 2676 Sat.
1034 2638 1074 2687 ⁶2,
1114 2637 1153 2686 6,

277 2704 347 2743 401
379 2702 462 2753 sq.)
488 2713 568 2752 per
594 2712 776 2740 vacuum
807 2701 886 2751 (pr.
915 2711 994 2750 per
1029 2710 1158 2738 vacu-

275 2777 347 2804 am
377 2765 469 2804 sive
497 2768 716 2803 vacantem
738 2762 918 2802 domino
938 2762 1159 2811 possessio-

276 2838 387 2875 nem,
429 2825 812 2877 quemadmodum
851 2824 1002 2864 dicunt
1041 2824 1152 2870 ICti;

277 2889 330 2929 cf.
356 2889 510 2927 Gaium
530 2889 570 2937 2,
595 2889 661 2927 54.
695 2887 734 2936 4,
757 2886 867 2937 434.)
890 2888 951 2935 is,
977 2887 1051 2937 qui
1071 2886 1157 2937 pri-

277 2961 376 2990 mus
407 2951 449 2989 in
481 2960 595 2989 novo
626 2951 775 3000 poesis
812 2960 975 2999 genere
1009 2947 1157 2988 elabo-

276 3015 343 3053 rat
363 3012 574 3062 idemque
597 3012 654 3050 ita
676 3010 864 3062 perficit,
886 3012 935 3050 ut
951 3011 1156 3050 Horatius

275 3077 370 3128 ipse
402 3084 541 3124 genus
571 3072 774 3123 lyricum.
825 3073 1061 3124 Specimen
1083 3083 1158 3110 au-

278 3138 368 3176 tem
399 3135 520 3187 quod
550 3136 592 3174 in
614 3134 766 3186 paucis
789 3133 1060 3173 carminibus
1082 3134 1157 3173 de-

277 3199 405 3238 derat
436 3196 628 3238 Catullus
673 3206 753 3247 pro
784 3194 948 3235 leviore
981 3197 1158 3247 experi-

278 3265 427 3302 mento
472 3260 682 3301 habuisse
726 3258 901 3298 videtur
930 3260 1153 3309 Horatius,

278 3323 389 3364 illius
428 3322 548 3364 haud
587 3322 748 3362 nimius
779 3320 1033 3361 admirator.
1090 3322 1152 3362 Cf.

281 3388 367 3425 Sat.
395 3387 440 3434 4,
475 3386 540 3434 40,
573 3385 638 3424 49.
673 3381 844 3424 Similes
875 3386 1024 3424 autem
1055 3386 1157 3424 sunt

280 3446 364 3487 loci
394 3449 567 3487 Lucret.
594 3448 631 3496 4,
656 3446 734 3486 9ἓὸ
755 3456 852 3497 sqq.
886 3447 1082 3497 Propert.
1113 3445 1152 3495 4,

282 3512 319 3555 4,
345 3510 367 3549 3
390 3520 455 3560 sq.
485 3533 527 3537 --
556 3509 689 3559 pressi
713 3507 830 3559 pede]
866 3509 983 3547 «Non
1016 3507 1155 3548 aliena

1216 1076 1421 1129 exempla
1452 1078 1578 1117 anxie
1610 1078 1806 1117 imitatus
1831 1088 1976 1117 sum.»
2021 1078 2109 1121 Lu-,

1216 1141 1323 1179 cret.
1351 1140 1389 1188 3,
1415 1139 1458 1179 3:
1491 1141 1616 1190 inque
1645 1141 1726 1180 tuis
1758 1140 1959 1192 (Epicuri)
1990 1151 2100 1179 nunc

1214 1204 1332 1242 Ficta
1355 1203 1547 1253 (antique
1573 1214 1654 1254 pro
1676 1202 1804 1254 Fixa)
1819 1203 1974 1252 pedum
1987 1213 2100 1252 pono
2129 1204 2141 1225 2'

1212 1266 1366 1315 pressis
1395 1266 1570 1317 vestigia
1598 1265 1739 1316 siynis.
1795 1263 2003 1304 Similiter
2032 1263 2100 1303 di—

1218 1327 1379 1367 cebant
1399 1328 1604 1379 stringere
1621 1328 1810 1379 vestigia.
1845 1327 1971 1367 Ovid.
1995 1328 2096 1367 Met.

1219 1391 1258 1439 4,
1282 1389 1377 1429 536.
1406 1412 1451 1417 —
1479 1391 1557 1439 Qui
1586 1390 1661 1429 sibi
1679 1390 1783 1441 fidit]
1819 1400 1896 1429 «ac
1918 1390 2101 1440 propte-

1218 1463 1294 1491 rea
1315 1463 1429 1491 nova
1450 1453 1611 1501 tentat,
1645 1452 1693 1491 fit
1720 1452 1808 1491 dux
1829 1453 2098 1499 ceterorum,

1220 1524 1411 1564 quorum
1441 1515 1667 1565 ingenium
1690 1515 1835 1554 minus
1858 1515 2010 1565 aptum
2033 1514 2103 1553 est

1220 1576 1276 1615 ad
1314 1587 1426 1616 nova
1468 1588 1632 1627 genera
1671 1577 1937 1616 invenienda
1967 1578 2101 1626 atque

1221 1637 1510 1678 excolenda.»
1537 1660 1581 1666 ——
1619 1641 1722 1678 Dum
1746 1638 1848 1690 cet]
1885 1639 2102 1678 «imitatus

1220 1712 1375 1752 regem
1394 1702 1586 1752 apium.»
1607 1703 1814 1741 PORPHYR.
1844 1724 1886 1730 —
1907 1700 2102 1752 examen]

1221 1765 1290 1804 Sic
1323 1765 1526 1804 Cratinus
1558 1764 1761 1804 Meinekii
1790 1774 1832 1815 p.
1867 1764 1939 1804 46:
1989 1757 2103 1802 Οἶον

1221 1823 1473 1875 σοφιστῶν
1505 1825 1767 1877 (poetarum)
1792 1824 1981 1879 σμῆνος
2001 1821 2104 1866 ἀνε-

1220 1887 1460 1939 ὄιφῆσατε
1480 1890 1492 1926 !

1278 1952 1426 1991 23-27.
1458 1951 1870 2003 Parios—-ostendiJ
1904 1953 2103 1993 «Primus

1222 2012 1477 2065 exemplum
1520 2013 1734 2064 praebui,
1776 2014 2002 2064 quomodo
2033 2016 2104 2054 to-

1221 2078 1316 2115 tum
1347 2074 1598 2115 Archilochi
1627 2076 1740 2116 Parii
1770 2086 1909 2127 genus
1940 2076 1997 2116 ad
2027 2078 2105 2116 La-

1221 2139 1360 2178 tinam
1398 2138 1556 2189 poesin
1600 2138 1959 2179 transserendum
2004 2139 2101 2179 sit.»

1222 2199 1443 2250 Significat
1478 2201 1670 2240 maxime
1702 2200 1894 2252 Epodos.
1957 2201 2104 2241 Osten-

1222 2265 1317 2303 dere
1347 2265 1522 2315 autem,
1555 2265 1604 2302 ut
1628 2259 1965 2304 ἀναδεικνύναι
1984 2264 2104 2316 apud

1221 2327 1634 2366 Hermesianactem
1651 2328 1696 2376 ⁶2,
1716 2326 1783 2367 47.
1807 2327 2100 2370 Schneidew.:

1220 2387 1430 2440 Λέσβιος
1455 2385 1670 2440 Ἀλκαῖος
1699 2387 1750 2429 δὲ
1781 2388 1966 2441 πόσους
1994 2386 2104 2431 ἀνε-

1220 2449 1410 2503 δείξατο
1450 2449 1669 2504 κώμους,
1714 2450 1950 2503 Σαπφοῦς
1980 2465 2103 2511 φορ-

1219 2516 1368 2568 μίζων
1410 2511 1664 2571 ἱμερόεντα
1694 2509 1879 2564 πόθον,
1925 2513 2103 2570 Γιγνώ-

1221 2590 1353 2627 σκεις
1372 2589 1382 2598 ·
1421 2588 1474 2616 ex
1505 2579 1694 2617 venusta
1726 2577 1781 2617 de
1811 2579 2102 2618 Anacreontis

1222 2642 1266 2680 et
1296 2639 1499 2691 Sapphus
1530 2640 1759 2680 amoribus
1790 2640 1951 2681 fabula.
1990 2641 2101 2681 Male

1222 2701 1456 2754 explicavit
1486 2713 1737 2741 nonnemo:
1774 2705 1963 2743 «ostendi
1992 2705 2103 2743 tam-

1221 2775 1356 2816 quam
1387 2765 1622 2813 mysteria3
1642 2778 1661 2798 ι)
1694 2764 1852 2812 immo,
1889 2767 1967 2804 «ut.
1995 2766 2102 2805 arti-

1221 2827 1328 2867 fices
1360 2828 1465 2865 tunc
1495 2825 1678 2864 demum
1709 2836 1820 2865 nova
1852 2837 1932 2867 sua
1964 2837 2101 2878 opera

1221 2888 1313 2928 aliis
1345 2887 1584 2928 ostendere
1615 2886 1779 2937 solent,
1813 2900 1916 2929 cum
1936 2890 2024 2929 iam
2045 2889 2102 2928 ad

1220 2960 1416 3001 unguem
1438 2951 1647 3001 castigata
1669 2953 1713 2990 et
1732 2952 1929 3002 perfecta
1953 2953 2098 2991 sunt.»

1225 3036 1270 3042 -
1302 3023 1496 3052 numeros
1535 3011 1799 3065 animosque]
1848 3016 2021 3054 «metra
2058 3017 2101 3054 et

1222 3074 1446 3114 fervorem
1485 3075 1792 3126 impetumque
1830 3076 2098 3126 poeticum.»

1223 3139 1315 3178 Hoc
1347 3137 1465 3176 enim
1497 3136 1713 3187 significat
1743 3149 1782 3176 v.
1806 3138 1959 3187 animi,
1993 3148 2096 3185 non,

1221 3203 1269 3239 ut
1309 3198 1497 3246 Merkel,
1544 3200 1760 3247 Diintzer‚
1807 3198 1875 3239 alii
1905 3201 2096 3247 vertunt,

1223 3263 1354 3311 Geist,
1379 3262 1527 3311 esprim
1561 3262 1726 3301 rectius
1749 3264 1905 3312 Goupy
1924 3261 1960 3300 le
1978 3272 2101 3301 mou-

1219 3327 1401 3372 vement‚
1450 3321 1700 3363 pallavicini
1734 3322 2012 3363 l‘ardimento.
2049 3345 2093 3351 —

1219 3385 1463 3437 Archilochi]
1486 3385 1800 3425 Archilochum
1817 3385 1992 3425 Parium
2015 3387 2100 3436 Gy-

1221 3447 1284 3498 gis
1317 3448 1406 3499 (qui
1437 3448 1637 3498 regnavit
1655 3447 1779 3486 annis
1801 3457 1838 3485 a.
1866 3447 1967 3487 Chr.
1993 3448 2099 3488 746-

1222 3509 1331 3559 678.)
1365 3508 1599 3560 aequalem
1619 3508 1753 3548 fuisse
1776 3508 1881 3549 dicit
1903 3509 2098 3549 Herodo-
