2231 3787
264 276 365 329 564

868 273 1082 313 HORATH
1115 272 1481 313 EPISTOLARUM

332 406 593 460 Incutiant
630 404 802 457 aliena
842 403 934 456 tibi
973 411 1195 474 peccata
1233 401 1513 471 pudorem.

333 508 585 562 Fallimur
622 514 674 559 et
712 504 986 577 quondam
1024 521 1130 556 non
1169 502 1389 573 dignum
1428 500 1715 554 tradimus:
1758 518 1886 571 ergo

333 612 506 676 Quem
546 626 644 662 sua
682 607 839 678 culpa
876 614 1106 677 premet,
1151 603 1411 673 deceptus
1451 602 1633 655 omitte
1676 602 1836 663 tueri,

331 713 393 767 Ut
432 713 644 782 penitus
683 716 893 768 notum,
936 707 980 758 si
1019 713 1221 759 tentent
1259 705 1507 767 crimina,
1550 721 1737 758 serves

2014 703 2081 755 80

330 812 648 882 'futei-isque
688 819 778 862 tuo
817 808 1073 861 fidentem
1112 806 1412 878 praesidi03
1454 806 1545 878 qui

328 917 498 968 Dente
539 911 812 966 Theonino
853 928 976 964 cum
1015 907 1454 970 circumfoditur,
1498 906 1695 978 ecquid

364 1065 430 1105 80.
463 1066 514 1104 At
535 1064 702 1114 penitus
730 1060 953 1101 Bentleius
985 1059 1253 1100 coniectura.
1293 1079 1336 1085 —
1372 1058 1438 1098 81.
1469 1058 1643 1108 fidenter
1672 1057 1792 1097 idem
1816 1068 1840 1096 e
1861 1057 2025 1097 Barthii

311 1127 496 1175 Codice,
530 1128 579 1165 ut
607 1125 802 1172 videtur,
845 1133 1029 1175 prorsus
1060 1121 1244 1170 ficticio,
1282 1119 1422 1172 qualis
1454 1121 1522 1160 est
1552 1120 1686 1160 etiam
1714 1117 1895 1159 Valartii
1924 1120 2029 1159 Sor-

309 1190 521 1237 bonicus,
550 1188 680 1240 fidens
709 1190 766 1225 est
794 1196 836 1237 p.

257 1330 365 1387 πρὶν
383 1324 444 1368 ἄν
467 1325 595 1384 εἰδῇς
612 1319 1136 1382 ἄνδρασα(ρηνῶς,”Ορ-
1200 1334 1307 1363 vero
1353 1322 1449 1363 talis
1493 1333 1599 1363 usus
1643 1321 1780 1363 ullum
1826 1321 2082 1374 exemplum

256 1388 347 1446 γὴν
375 1391 457 1430 καὶ
477 1385 668 1447 ῥυθμὸν
687 1388 770 1428 καὶ
791 1383 970 1444 τρόπον
1001 1379 1137 1436 ὅστις

253 1449 315 1494 ἂν
344 1446 392 1510 ᾗ.
426 1475 469 1481 -
504 1451 682 1502 adspice]
717 1447 916 1490 «σκόπει
951 1449 1032 1489 καὶ
1060 1443 1137 1488 εὗ-

254 1512 436 1565 iacob,
470 1513 703 1564 diligenter
737 1511 984 1564 expende.»
1011 1534 1056 1539 —
1089 1522 1140 1550 ne

252 1591 355 1619 ‘mox
365 1577 574 1616 Incutiant
592 1575 693 1626 cet]
719 1585 799 1613 «ne
822 1573 968 1614 subito
989 1575 1032 1612 te
1053 1583 1139 1624 pu-

254 1642 364 1681 dore
380 1638 650 1691 perfundant
664 1638 849 1688 peccata
868 1637 977 1684 eius,
1003 1646 1137 1686 quem

252 1701 384 1756 paulo
428 1699 798 1740 inconsideratius
838 1697 1135 1738 laudaveris.»

256 1788 302 1794 —
328 1763 554 1814 quondam]
585 1764 634 1802 ut
664 1761 742 1802 Od.
766 1762 815 1810 2,
847 1762 922 1810 1¹0,
949 1760 1014 1800 48.
1048 1761 1134 1799 Sat.

253 1829 293 1876 Ξ,
318 1828 359 1875 ⁶2,
383 1827 450 1865 812..
474 1836 555 1876 pro
587 1825 810 1864 interdum.
839 1845 883 1851 -
917 1821 1136 1873 tradimus]

251 1889 350 1929 vid.
375 1888 432 1927 ad
458 1888 567 1938 Epp.
595 1887 640 1934 11,
674 1886 720 1934 9,
755 1885 792 1923 3.
821 1907 864 1912 -
899 1895 998 1935 erqo
1034 1884 1137 1935 cet.]

253 1967 272 1987 «
286 1951 365 1994 Ubi
413 1949 685 1997 acciderit,»
736 1948 898 1998 inquit,
954 1948 1034 1985 «ut
1073 1946 1134 1995 is,

252 2024 392 2064 quem
436 2014 481 2051 tu
530 2010 724 2062 probum
768 2020 819 2048 ac
867 2007 1136 2060 prudentem

250 2076 480 2115 hominem
527 2083 626 2112 esse
672 2071 912 2110 arbItratus
948 2070 1138 2121 principi

251 2137 379 2178 alicui
409 2136 502 2175 viro
526 2132 882 2181 commendaras‚
906 2132 1136 2182 indignum

250 2211 299 2240 se
330 2201 403 2238 tua
426 2195 813 2237 commendatione
844 2195 1025 2246 propria
1048 2192 1138 2233 cul-

249 2273 307 2314 pa
336 2259 582 2300 reddiderit
612 2260 656 2297 et
686 2257 868 2297 fautoris
897 2257 1035 2307 gratia
1058 2267 1136 2296 ex—

252 2323 394 2371 cidat,
441 2323 536 2361 tum
580 2322 655 2359 tua
690 2319 840 2370 priore
879 2330 957 2370 spe
999 2317 1134 2358 falsus

252 2385 406 2425 desine
446 2393 548 2422 eum
589 2382 724 2429 tueri,
773 2381 875 2431 quia
906 2379 1135 2430 indignum

250 2445 354 2487 nihil
401 2443 592 2491 iuvabis,
640 2444 779 2482 temet
814 2443 960 2493 ipsum
991 2441 1136 2482 stulti-

251 2511 336 2550 tiae
354 2508 613 2559 suspectum
626 2505 761 2544 facies
779 2516 830 2544 ac
848 2504 1000 2553 fidem,
1017 2515 1132 2555 quae

252 2573 382 2611 antea
412 2569 491 2608 tibi
522 2566 831 2615 tribuebatur,
879 2567 1130 2606 imminues.

250 2632 484 2682 Indignum
527 2631 658 2680 igitur
711 2629 899 2668 missum
951 2628 1041 2677 fac,
1088 2632 1136 2667 ut

253 2693 369 2745 (ἵνα,
400 2694 500 2744 quo)
532 2692 676 2744 possis
699 2693 819 2730 tanto
841 2691 1008 2730 maiore
1031 2701 1131 2730 cum

1203 1388 1371 1426 exst-at:
1407 1396 1510 1424 nam
1540 1387 1725 1436 propter
1746 1384 2080 1436 ambiguitatem

1201 1448 1284 1487 hac
1325 1448 1571 1488 sententiae
1607 1447 1747 1487 forma
1778 1447 2080 1488 abstinebant.

1203 1509 1266 1550 Cf.
1293 1510 1427 1549 etiam
1450 1509 1614 1550 Herbst
1634 1511 1773 1549 Lectt.
1795 1510 1961 1549 Venus.
1981 1511 2012 1549 l.
2035 1520 2080 1562 p.

1203 1572 1285 1622 47.)
1320 1594 1367 1600 —
1404 1571 1576 1622 tentent]
1620 1571 1820 1611 Verbum
1849 1575 2009 1612 tentare
2039 1573 2084 1611 et

1203 1635 1257 1675 de
1302 1634 1472 1674 morbis
1515 1636 1557 1674 et
1597 1635 1652 1675 de
1684 1634 1915 1686 quibusvis
1945 1633 2082 1674 rebus

1200 1696 1434 1737 hostilibus
1467 1696 1640 1736 dicitur.
1669 1720 1713 1725 —-
1745 1697 1952 1749 fidentem]
2001 1698 2084 1738 «Ut

1200 1759 1269 1799 ille
1307 1759 1387 1799 tibi
1425 1760 1603 1812 penitus
1638 1761 1901 1810 perspectus
1933 1761 2001 1799 est
2030 1770 2082 1799 ac

1199 1821 1436 1873 probatus,
1472 1822 1534 1861 sic
1565 1832 1720 1861 rursus
1752 1832 1933 1861 omnem
1953 1832 2082 1862 suam

1200 1883 1412 1922 fiduciam
1442 1884 1487 1922 in
1508 1885 1550 1922 te
1573 1883 1770 1933 reponit,
1806 1884 1850 1922 et
1869 1894 1951 1934 pro
1972 1882 2081 1923 falso

1201 1946 1344 1985 amico
1384 1945 1544 1984 merito
1580 1946 1623 1984 te
1655 1944 1863 1993 habebit,
1910 1945 1944 1984 si
1977 1956 2081 1984 eum

1201 2020 1290 2048 non
1334 2007 1610 2055 defenderis,
1658 2006 1738 2046 sed
1780 2007 2079 2047 deserueris.»

1202 2072 1321 2110 Haec
1351 2069 1480 2110 lectio
1512 2079 1615 2108 cum
1645 2080 1808 2108 novam
1831 2071 1875 2109 et
1898 2080 2080 2120 gravem

1201 2133 1467 2173 sententiam
1489 2131 1730 2180 contineat,
1753 2130 1883 2182 longe
1903 2131 2082 2183 praefe-

1200 2195 1339 2235 renda
1372 2195 1441 2234 est
1470 2193 1734 2233 Barthianae
1762 2194 1950 2244 fidenter.

1255 2257 1428 2296 81-85.
1478 2257 1549 2306 qui
1590 2257 1722 2295 Dente
1761 2256 1865 2306 cet]
1908 2255 2078 2304 «Quid,

1201 2317 1322 2369 quod
1353 2318 1488 2357 etiam
1517 2318 1694 2369 propria
1717 2316 1880 2357 utilitas
1900 2317 1987 2356 hoc
2007 2328 2082 2356 re-

1201 2381 1351 2431 quirit,
1399 2382 1448 2419 ut
1489 2380 1635 2419 inania
1680 2380 1865 2419 crimina
1893 2380 1936 2419 in
1968 2380 2082 2419 ami—

1201 2453 1304 2482 cum
1335 2443 1536 2481 coniecta
1566 2441 1768 2481 refutes?
1818 2443 1929 2481 Nam
1959 2440 2082 2481 mali-

1199 2516 1310 2555 gnus
1342 2505 1623 2552 criminator,
1663 2505 1840 2544 iamiam
1870 2504 2080 2544 audacior

1198 2567 1340 2606 factus
1372 2569 1415 2606 et
1444 2566 1711 2618 praevidens
1741 2568 1784 2606 te
1805 2567 2000 2607 vicissim
2021 2566 2078 2606 ab

1198 2630 1364 2678 amico,
1412 2639 1547 2679 quem
1585 2627 1842 2680 prodidisti,
1891 2629 2080 2668 destitu—

1197 2694 1292 2731 tum
1321 2691 1396 2739 iri,
1431 2702 1536 2730 mox
1564 2692 1607 2729 te
1639 2701 1817 2741 quoque
1841 2690 1954 2730 clam
1974 2690 2079 2730 ado-

252 2757 413 2797 fiducia
434 2755 550 2794 tueri
570 2754 879 2801 innocentem,
912 2752 993 2792 sed
1015 2751 1132 2792 falsis
1164 2739 1168 2793 Ι
1196 2754 1335 2792 rietur
1376 2754 1419 2791 et
1457 2751 1675 2791 maledico
1708 2752 1840 2792 dente
1879 2754 2075 2804 carpet.»

253 2816 512 2858 criminibus
530 2816 886 2855 circumventum
908 2817 1039 2865 atque
1058 2826 1135 2866 op-
1164 2794 1167 2839 Ι

250 2889 503 2932 pressum.»
551 2877 632 2924 Qui
661 2879 707 2914 ut
727 2875 946 2926 explicant
974 2877 1129 2924 «sicut,

253 2939 690 2993 quemadmodum,»
727 2948 815 2976 non
846 2939 950 2977 satis
982 2938 1133 2977 defen-

253 3005 361 3045 dere
405 3001 593 3053 possunt
631 2999 867 3038 coniunctt.
901 3010 1035 3039 serves
1064 3004 1133 3038 tu-

251 3067 428 3114 terisque
457 3073 537 3114 pro
559 3061 760 3109 servabis,
785 3060 983 3099 cumbere.
1029 3060 1133 3110 (Fal-

253 3187 497 3229 defendere
520 3186 706 3224 conatus
725 3186 792 3223 est
808 3185 1026 3230 Diintzer3
1051 3183 1131 3222 sed

254 3249 422 3292 nullum
468 3247 627 3287 afferre
672 3246 814 3297 potuit
859 3243 1127 3296 exemplum,
1163 3288 1165 3295 Ι

252 3315 294 3353 'm
339 3323 426 3363 quo
471 3311 572 3350 ante
613 3306 723 3348 tales
755 3307 1057 3347 coniunctivos
1087 3311 1133 3346 ut

253 3373 446 3426 positum
490 3373 572 3420 sit,
633 3368 1016 3421 quemadmodum
1060 3370 1130 3409 hic

252 3434 517 3476 sententiam
551 3442 651 3472 esse
681 3428 800 3470 volt:
836 3430 981 3470 «sicut
1010 3431 1132 3481 peni-

251 3499 321 3537 tus
366 3497 518 3535 notum
564 3503 742 3533 servare
793 3489 976 3531 debes.»

1200 2838 1244 2843 —
1281 2813 1497 2864 Theonino]
1541 2813 1843 2853 «Luthienus»
1891 2814 2076 2864 (nomen

1197 2878 1481 2927 corruptum;
1539 2876 1581 2915 in
1630 2877 1694 2915 Lu
1735 2875 1842 2916 latet
1889 2876 2074 2918 fortasse

1192 2937 1359 2988 Lucius)
1383 2938 1573 2986 «Theon,
1602 2937 1848 2988 libertinus,
1872 2938 2075 2978 dicacita-

1163 3017 1165 3029 ι
1194 3000 1247 3040 tis
1279 3000 1572 3039 amaritudine
1603 3002 1782 3052 praeter
1811 3002 1985 3040 ceteros
2015 3000 2072 3040 ita

1163 3079 1165 3099 2
1193 3064 1432 3112 patronum
1477 3073 1608 3102 suum
1662 3062 1965 3113 exasperavit,
2026 3064 2075 3102 ut

252 3138 350 3169 sam
379 3126 494 3164 hanc
537 3123 947 3173 interpretationem
979 3132 1131 3161 rursus
1163 3145 1165 3158 2

1196 3122 1329 3162 domo
1362 3125 1456 3164 eius
1497 3126 1858 3164 summoveretur
1888 3126 1933 3164 et
1961 3134 2075 3175 qua-

1196 3185 1412 3224 ternario»
1449 3185 1506 3235 (id
1538 3187 1627 3234 est,
1670 3185 1929 3236 quadrante)
1978 3183 2074 3224 «le-

1196 3247 1294 3296 gato
1325 3245 1556 3285 iuberetur
1587 3249 1754 3287 restem
1784 3246 1868 3287 sibi
1896 3244 2073 3298 palum-

1196 3319 1283 3358 que
1323 3319 1489 3348 emere.
1543 3311 1627 3348 Per
1656 3309 1774 3348 hunc
1803 3319 1908 3358 ergo
1938 3306 2074 3348 male-

1196 3368 1281 3408 dici
1326 3370 1370 3408 et
1413 3368 1688 3410 detractores
1728 3367 2071 3420 intelliguntur.»

1196 3431 1335 3470 Comi.
1371 3431 1501 3477 CRUQ.
1559 3432 1658 3471 Sine
1694 3429 1778 3470 ulla
1810 3431 2071 3471 auctoritate

1041 3494 1130 3532 Nec
1162 3485 1165 3540 i
1198 3493 1407 3532 Erasmus
1437 3493 1478 3532 in
1509 3492 1666 3532 Adnot.
1693 3492 1748 3531 ad
1778 3493 1820 3531 h.
1849 3492 1873 3532 Ι.
1899 3495 1943 3533 et
1962 3493 2072 3532 Tor-
