2231 3787
804 204 902 244 .st
935 203 1174 244 POETICA.

160 332 381 388 Difficile
423 342 503 387 est
541 334 756 405 proprie
794 333 1095 387 communia
1134 332 1343 396 dicere;
1384 340 1548 403 tuque

160 436 372 488 Rectius
414 434 631 489 Iliacum
671 452 887 489 carmen
926 432 1152 488 deducis
1192 432 1241 485 in
1282 441 1456 494 actuS,

158 536 330 600 Quam
375 536 417 588 si
463 537 732 606 proferres
772 536 950 606 ignota
990 533 1295 605 indictaque
1335 534 1555 604 primus.

1800 535 1900 588 ⁴30

196 683 287 724 ⁴29.
320 685 478 724 diducis
508 686 665 735 Regius
700 696 813 724 unus
844 688 887 724 et
918 696 970 724 ex
1003 686 1199 725 Romano
1230 694 1316 723 uno
1349 685 1446 724 Fea.
1483 684 1660 733 (deducis
1689 695 1844 726 omnes

142 746 251 792 mei,
285 746 417 786 etiam
449 747 504 795 E,
537 749 580 786 et
613 745 880 794 {locliederi,
914 746 1030 796 Regii
1063 745 1231 794 ceteri.)

86 868 346 909 iracundum
363 901 372 919 ,
404 868 743 918 inexorabilem,
766 878 960 916 acrem,2›

84 934 359 983 spectatores
398 930 510 973 illico
547 930 819 972 exclament:
867 931 962 971 «En

1023 869 1098 908 lice
1123 869 1254 920 filum.
1303 869 1365 909 Cf.
1398 869 1626 910 Ruhnken.
1649 871 1704 911 ad
1726 873 1899 914 Timae-

1025 941 1099 969 um
1124 942 1163 969 ν.
1188 927 1424 983 κάταχιια.
1473 933 1583 972 Fcae
1613 936 1657 972 et
1680 935 1898 986 Doeringii

84 992 197 1033 alter
217 992 428 1042 Achilles,
463 994 591 1034 toties
613 994 721 1041 iam,
754 992 834 1033 sed
856 1003 962 1031 vero
992 987 993 1031 j
1024 991 1153 1032 lectio
1185 994 1365 1041 diducis,
1398 996 1522 1045 quasi
1556 996 1719 1036 sontem
1751 999 1900 1048 ingen-

83 1056 166 1096 suh
206 1057 383 1096 nomine
418 1059 642 1108 spectatus
663 1058 705 1096 !»
751 1057 960 1108 quocirca
991 1038 994 1097 Ι
1024 1056 1114 1093 teni
1161 1055 1199 1094 in
1242 1054 1429 1103 rivulos,
1478 1059 1626 1108 tragici
1657 1071 1795 1111 prope
1827 1073 1899 1101 rc-

84 1119 219 1159 satius
240 1119 392 1158 suisset
416 1117 471 1158 illi
493 1129 657 1158 nomen
678 1130 857 1170 quoque
884 1119 960 1157 hu-
991 1112 993 1118 ⁴
1022 1116 1366 1167 prehensionem
1380 1120 1589 1159 continet.
1613 1122 1814 1162 «Rectius
1828 1133 1899 1162 e).-

85 1180 152 1220 ius
182 1178 447 1231 relinquere.
487 1180 614 1221 Haud
643 1183 764 1220 recte
790 1191 961 1220 nonne·

82 1252 157 1281 mo
204 1253 347 1294 nuper
390 1243 501 1283 haec
545 1243 766 1293 Difficilc-
785 1265 808 1271 -
828 1243 962 1282 dicere

83 1315 164 1355 pro
194 1316 262 1344 vv.
297 1304 536 1345 adx'ersarii
567 1303 849 1356 obloquentis
878 1305 960 1344 ha—

82 1367 177 1407 buit
199 1371 494 1408 comen-iens:
527 1369 738 1408 Schwer
769 1369 862 1408 ists
890 1369 962 1409 ei-

81 1429 420 1480 qenthiimlich
452 1442 512 1469 zu
540 1442 694 1482 sayen
725 1431 960 1471 Bekann-

81 1495 245 1538 teres;
280 1492 348 1531 cui
379 1493 534 1532 rationi
567 1493 798 1532 manifesto
829 1503 961 1544 repu-

81 1556 185 1604 gnat
214 1564 254 1592 v.
288 1558 438 1604 tuque:
472 1556 663 1603 etenim,
696 1555 730 1595 si
762 1553 866 1594 illud
896 1553 958 1594 di-

81 1625 185 1654 cere
214 1613 451 1664 voluisset,
483 1628 670 1668 pergere
702 1616 954 1657 debuisset:

82 1679 154 1716 -tu
171 1679 364 1725 tamen‚»
389 1678 694 1720 «nihilominus
713 1682 800 1719 tu.»
823 1680 956 1718 Recte

80 1739 235 1780 Voss:
267 1740 475 1781 Schwer
505 1742 624 1791 ists,
655 1743 834 1794 eiyene
859 1741 959 1782 We-

78 1814 164 1842 sen
183 1804 952 1856 ausAllqemeinemzubeiden.

78 1865 221 1906 Etiam
241 1867 484 1908 Gesnerus:
519 1869 716 1919 «Proprie
735 1869 870 1908 dicere
889 1870 954 1908 est

79 1927 137 1967 ita
167 1927 363 1979 undique
391 1929 649 1970 describere
672 1941 723 1970 ac
745 1930 885 1977 finire,
910 1931 957 1969 ut

79 1990 166 2030 iam
206 2001 293 2030 non
332 2001 570 2031 commune
608 1991 850 2043 quidquam
882 1993 960 2031 aut

79 2050 284 2102 generale
305 2052 528 2101 videatur,
561 2054 642 2094 sed
663 2053 953 2103 individuum,

80 2113 122 2153 in
153 2124 242 2165 quo
272 2115 418 2154 omnia
445 2118 547 2155 sunt
567 2115 877 2164 determinata,
910 2117 957 2154 ut

79 2175 320 2227 loquuntur
357 2176 616 2229 philosophi.
664 2179 864 2217 Pit-turae
907 2180 956 2216 ut

79 2239 257 2290 proprie
288 2237 407 2287 talis,
450 2240 514 2279 sic
543 2241 770 2292 poeticae,
816 2240 956 2280 maior

79 2299 196 2350 laus,
242 2302 277 2341 si
317 2313 414 2342 rem
453 2302 720 2354 singularem
760 2304 952 2355 pingat.»

79 2363 171 2403 Nec
199 2374 307 2403 vero
336 2363 539 2417 displicet
568 2366 806 2406 Metastasii
836 2366 956 2417 peri-

78 2423 276 2476 phrasis:
307 2427 343 2465 Il
360 2430 456 2466 lrar
466 2429 671 2477 primiero
685 2428 792 2479 degli
810 2427 956 2468 umani

79 2487 211 2526 eventi
241 2487 325 2527 Dal
350 2492 483 2529 tesoro
511 2501 660 2529 comem
687 2491 892 2540 vinacei-ia,
933 2500 955 2530 e

79 2549 199 2589 darle
225 2550 405 2600 Propria
428 2551 570 2602 forma
598 2552 646 2592 ed
674 2553 895 2603 acconcia,
932 2551 954 2593 ἑ

79 2611 189 2650 dura
218 2613 410 2663 impresa.

136 2674 229 2714 429.
268 2675 361 2716 430.
411 2677 572 2717 Rectius
616 2677 791 2717 Iliacum
838 2677 954 2730 cet.]

80 2738 253 2789 «Longe
283 2737 442 2779 melius
472 2739 652 2790 seceris,
692 2740 727 2781 si
757 2741 882 2780 utere
911 2741 955 2781 in

79 2799 307 2852 tragoedia
341 2798 520 2854 μύθοις
560 2805 604 2842 et
632 2803 834 2854 personis
864 2802 956 2843 Ho-

81 2863 302 2912 mericis,»
324 2866 372 2903 ut
390 2863 639 2915 Aeschylus
660 2863 829 2905 fabulas
849 2875 954 2905 suas

80 2921 269 2978 τεμάχη
290 2923 384 2966 τῶν
397 2920 608 2983 Ὁμήρου
626 2923 848 2980 μεγάλων
867 2924 956 2968 δεί-

81 2999 211 3027 πνων
230 2986 454 3040 appellare
475 2989 569 3040 ipse
585 2987 771 3029 solebat.
793 2989 951 3029 Athen.

79 3049 130 3097 8,
152 3049 194 3090 8.
237 3048 357 3090 Plato
387 3049 443 3090 de
472 3051 578 3101 Rep.
609 3050 674 3090 40.
708 3061 752 3101 p.
775 3050 870 3090 595.
894 3052 951 3091 C:

78 3104 209 3151 ἔοικε
250 3107 341 3169 γὰρ
384 3106 624 3169 (Όμηρος)
664 3109 757 3151 τῶν
796 3109 954 3151 καλῶν

78 3166 305 3214 ἁπάντων
356 3169 538 3213 τούτων
582 3169 676 3212 τῶν
718 3170 953 3231 τραγικῶν

79 3233 268 3293 πρῶτος
286 3231 576 3286 διδάσκαλός
594 3247 644 3275 τε
663 3235 745 3276 καὶ
762 3231 955 3289 ἡγεμὼν

79 3297 321 3352 γενέσθαι.
357 3320 401 3326 -
434 3297 612 3350 deducis]
650 3297 776 3348 quasi
806 3295 951 3336 filum:

82 3362 416 3412 ausspinnen.
448 3358 547 3399 vid.
570 3358 626 3399 ad
646 3359 734 3399 Sat.
757 3359 807 3407 2,
843 3359 889 3407 4,
912 3357 952 3399 4.

82 3422 206 3463 ovid.
229 3423 332 3464 Met.
355 3421 403 3471 4,
427 3421 501 3462 36:
532 3421 609 3462 levi
637 3421 838 3461 deducens
858 3419 956 3470 pol-

1024 1179 1180 1219 tendes
1208 1177 1369 1231 ¹‹zi-‹901›
1399 1179 1590 1231 aliquem
1613 1183 1895 1225 Homericum

1021 1241 1193 1280 actione
1218 1243 1402 1292 tragica,
1427 1243 1468 1281 in
1490 1255 1574 1294 qua
1598 1247 1639 1283 et
1661 1256 1894 1296 personae,

1022 1314 1131 1354 quus
1156 1303 1362 1352 induces,
1397 1307 1439 1344 et
1456 1303 1617 1356 μῦθος
1638 1307 1729 1357 ipse
1752 1310 1899 1360 copio-

1021 1365 1112 1405 sius
1143 1365 1442 1417 explicentur,
1476 1379 1611 1418 quam
1633 1369 1726 1408 lieri
1751 1374 1895 1420 potest

1022 1427 1063 1466 in
1094 1426 1345 1482 ἑπεισοδὶῳ
1375 1430 1545 1480 epico.»
1604 1431 1712 1470 Nam
1743 1430 1799 1470 de
1830 1432 1897 1472 his

1022 1491 1300 1541 potissimum
1322 1491 1428 1542 agit,
1462 1494 1508 1530 ut
1531 1492 1692 1532 caedes
1711 1496 1898 1543 Agame-

1020 1553 1194 1592 mnonis
1224 1552 1381 1603 Odyss.
1405 1550 1454 1603 λ,
1478 1552 1557 1594 404
1578 1565 1678 1605 sqq.
1705 1554 1895 1595 deducta

1021 1616 1087 1653 est
1111 1615 1151 1654 in
1172 1618 1553 1666 Agamemnonem
1577 1616 1892 1667 Aeschyleum,

1020 1676 1192 1717 Rhesus
1224 1688 1277 1716 ex
1297 1677 1493 1718 Dolonea
1525 1677 1643 1718 lliad.
1668 1693 1719 1727 κ,
1743 1683 1828 1719 cet.
1852 1684 1895 1720 et

1020 1735 1145 1789 longe
1184 1737 1268 1778 alio
1306 1751 1441 1780 sensu
1478 1739 1736 1781 Aristoteles
1773 1743 1891 1781 Poct.

1018 1799 1087 1848 ⁶23,
1112 1800 1158 1838 7:
1199 1799 1252 1840 ἐκ
1280 1800 1371 1853 μὲν
1399 1797 1597 1852 Ἰλιάδος
1627 1804 1704 1842 καὶ
1733 1797 1895 1844 Ὀδυσ-

1018 1862 1153 1913 σείας
1181 1865 1271 1915 μία
1299 1862 1536 1921 τραγῳδία
1565 1870 1767 1906 ποιεῖται
1790 1865 1895 1907 ἑκα-

1017 1925 1157 1981 τέρας
1176 1919 1213 1978 ἦ
1231 1923 1319 1966 δύο
1337 1923 1502 1979 μόνοι,
1534 1926 1586 1968 ἐκ
1607 1926 1654 1968 δὲ
1673 1928 1894 1985 Κυπρίων

1019 1985 1190 2027 πολλαὶ
1218 1989 1299 2028 καὶ
1329 1988 1382 2030 ἐκ
1403 1986 1488 2042 τῆς
1505 1988 1680 2047 μικρᾶς
1697 1986 1894 2042 Ἰλιάδος

1018 2047 1163 2089 πλέον
1192 2046 1317 2090 ὀκτώ
1334 2081 1347 2100 ,
1379 2047 1487 2091 οἷον
1507 2047 1691 2092 Ὀπλων
1720 2056 1891 2110 κρίσις,

1017 2109 1332 2165 Φιλοκτήτης,
1356 2112 1714 2167 Νεοπτόλεμος,
1737 2116 1776 2156 Ε
1781 2111 1894 2173 1396-

1017 2174 1191 2225 πυλος,
1224 2174 1473 2226 Πτωχεία,
1499 2175 1762 2226 Λάκαιναι,
1791 2174 1894 2220 Ἠί-

1017 2248 1074 2277 ου
1105 2239 1270 2294 πέρσις
1298 2239 1381 2278 καὶ
1413 2233 1676 2290 Ἀκόπλους
1703 2242 1782 2280 καὶ
1812 2241 1894 2282 Σί-

1016 2312 1110 2339 νων
1130 2301 1207 2340 καὶ
1229 2297 1458 2356 Τρῳάδες.
1481 2300 1691 2342 Ceterum
1710 2304 1750 2343 in
1766 2304 1893 2346 Iliaco

1014 2363 1202 2402 carmine
1236 2360 1466 2403 brexitatis
1503 2374 1637 2404 causa
1670 2364 1890 2414 substitit;

1014 2434 1161 2475 neque
1192 2424 1310 2464 enim
1330 2435 1411 2476 pro
1431 2427 1555 2465 certo
1575 2425 1631 2465 de
1651 2425 1894 2468 excluden-

1015 2488 1072 2528 do
1104 2487 1275 2539 reliquo
1312 2486 1439 2539 cyclo
1476 2484 1648 2540 μύθων
1687 2490 1893 2530 Troiano-

1016 2562 1130 2598 rum,
1159 2551 1266 2590 item
1285 2549 1473 2590 Hercule
1493 2553 1537 2591 et
1552 2551 1724 2591 furente
1742 2553 1787 2592 et
1806 2553 1893 2592 Oe-

1016 2616 1138 2659 taeo.
1173 2613 1339 2664 Oedipo
1361 2614 1544 2663 eiusque
1566 2612 1735 2661 liberis,
1757 2615 1891 2654 Atreo

1016 2687 1068 2715 ac
1097 2675 1315 2725 Thyeste,
1363 2685 1559 2726 uuquam
1589 2675 1808 2727 cogitavit.
1841 2695 1887 2704 —

1017 2739 1153 2788 Quam
1179 2737 1214 2775 si
1238 2736 1466 2789 proferres]
1502 2737 1751 2778 Haeserunt
1778 2749 1892 2779 non-

1016 2798 1120 2840 nulli
1164 2800 1207 2838 in
1249 2797 1451 2839 facillima
1494 2799 1579 2840 hac
1613 2800 1889 2850 attractione,

1016 2861 1129 2902 adeo
1160 2862 1207 2900 ut
1235 2860 1374 2901 Bothe
1405 2861 1516 2900 mire
1546 2862 1787 2902 coniecerit
1813 2862 1892 2902 de-

1015 2924 1170 2963 ἀνω-οε
1209 2922 1251 2961 in
1281 2926 1421 2971 actus,
1461 2923 1597 2972 Quam
1623 2923 1698 2962 sic
1719 2923 1891 2973 proser-

1015 2996 1100 3031 res3
1132 2995 1235 3024 cum
1254 2985 1332 3024 sit:
1367 2984 1569 3025 «Rectius
1590 2983 1720 3034 facis,
1752 2984 1788 3025 si
1809 2983 1891 3025 de-

1016 3046 1143 3087 ducis
1164 3068 1225 3075 --
1245 3056 1381 3097 quam
1411 3045 1607 3096 faceres,
1653 3047 1687 3087 si
1717 3046 1891 3098 proser-

1016 3119 1138 3148 res.»
1190 3107 1353 3148 Contra
1380 3107 1638 3148 Aristoteles
1667 3109 1787 3148 Poet.
1820 3106 1887 3157 44,

1016 3171 1082 3210 44.
1107 3171 1152 3210 et
1179 3170 1405 3221 propriam
1427 3170 1725 3210 inventionem
1746 3171 1789 3209 et
1807 3169 1891 3210 sei-

1018 3234 1108 3271 tam
1143 3234 1348 3272 veterum
1384 3243 1437 3272 ac
1476 3234 1682 3272 notorum
1718 3226 1889 3282 μύθων

1014 3295 1324 3335 tractationem
1344 3305 1369 3334 a
1391 3295 1555 3345 tragico
1575 3293 1778 3344 requirit:
1800 3287 1891 3334 Αὖ-

1015 3353 1100 3396 τόν
1127 3353 1178 3397 δὲ
1208 3351 1445 3414 εὗρίοκειν
1472 3352 1548 3394 δεῖ
1573 3355 1654 3394 καὶ
1682 3357 1784 3404 τοῖς
1803 3366 1890 3395 πα-

1015 3416 1352 3478 ραδεδομένας
1378 3414 1593 3474 χρῆσθαι
1625 3414 1798 3467 καλῶς.
1836 3437 1884 3446 -
