2231 3787
807 229 903 267 Lm.
940 229 968 266 1.

1034 229 1194 268 EPlST.
1228 229 1333 268 XlX.

1892 225 1983 278 2571

724 637 1170 688 EPISTOLA
1213 639 1408 688 :ux-

228 745 411 799 Prisco
453 746 495 798 si
538 746 746 807 crediS,
787 748 1071 801 Maecenas
1113 748 1292 810 docte,
1338 750 1577 810 Cratino,

229 846 381 900 Nulla
420 847 637 918 placere
678 847 769 901 diu
811 866 911 902 nec
951 850 1133 904 vivere
1175 851 1412 905 carmina
1451 862 1702 923 possunt,

229 950 380 1014 Quae
421 949 733 1003 scribuntur
771 968 947 1021 aquae
986 952 1284 1022 potoribus

1361 954 1425 1008 Ut
1463 954 1602 1008 male
1642 972 1803 1009 sanos

263 1101 345 1141 ΕΡ.
369 1103 477 1142 XIX.
502 1102 734 1154 Inscriptio
758 1102 933 1142 Codicis
957 1103 1012 1142 E:
1046 1103 1109 1142 Ad
1130 1105 1430 1145 Maecenatem.
1459 1127 1503 1133 —
1531 1107 1568 1145 4.
1593 1107 1739 1146 credas
1760 1107 1932 1148 Comm.

210 1164 406 1215 Cruquii.
445 1188 489 1193 —
523 1165 562 1205 3.
596 1165 829 1205 scribentur
858 1177 925 1217 pr.
960 1166 1002 1206 d.

208 1289 314 1329 XIX.
349 1288 517 1341 Duplex
550 1289 786 1330 hominum
808 1301 964 1341 genus,
993 1294 1042 1331 ut

153 1353 341 1403 egregiis
363 1352 658 1404 scriptoribus
679 1353 885 1393 accidere
909 1353 1036 1403 solet,

156 1415 333 1454 Horatio
383 1415 691 1465 importunum
741 1415 933 1463 exstitit,
994 1416 1039 1455 id

154 1478 244 1526 est,
292 1479 336 1517 et
380 1478 654 1517 imitatorum
698 1480 742 1518 et
786 1478 1038 1519 invidorum

152 1538 296 1578 turba.
347 1539 576 1580 Adversus
622 1542 836 1591 utrosque
884 1551 1038 1580 coram

151 1603 431 1652 Maecenate,
479 1604 647 1654 optimo
687 1602 841 1643 talium
882 1613 1038 1643 rerum

151 1665 318 1715 iudice,
359 1666 443 1706 hac
475 1665 660 1718 epistola
692 1677 875 1706 causam
908 1676 1036 1705 suam

151 1729 251 1779 agit.
323 1729 522 1768 Primum
579 1728 709 1778 igitur
765 1728 1034 1777 Imitatores,

151 1802 334 1831 servum
362 1802 527 1843 pecus,
572 1792 767 1841 graviter
798 1793 842 1831 et
872 1790 1037 1830 acerba

151 1865 254 1894 cum
284 1854 506 1895 derisione
540 1854 733 1904 exagitat
765 1854 848 1905 (vv.
877 1853 1034 1904 11-20.),

151 1916 372 1968 simulque
404 1928 493 1956 non
523 1917 618 1956 sine
650 1927 871 1967 generoso
902 1927 1036 1968 prae-

65 2006 75 2016 .
151 1980 338 2019 stantiae
385 1990 493 2019 suae
538 1990 675 2020 sensu
719 1990 800 2019 sua
839 1981 1037 2019 carmina

153 2043 332 2092 proprio
365 2043 408 2080 et
430 2042 638 2081 Romanis
661 2044 790 2082 antea
813 2042 1036 2093 incognito

152 2103 335 2142 artificio
367 2103 481 2142 facia
508 2114 610 2143 cun]
642 2104 831 2144 istorum
860 2105 1036 2155 ineptiis

152 2166 381 2206 contendit
422 2167 505 2216 (vv.
545 2166 725 2215 art-34).
766 2166 936 2206 Deinde
980 2167 1035 2206 de

152 2227 475 2268 malevolorum
506 2229 548 2267 in
579 2241 625 2268 se
657 2229 897 2268 invidentia
924 2229 1039 2269 eius-

152 2303 239 2342 que
286 2292 432 2331 causis
478 2293 658 2342 exponit
703 2292 787 2343 (vv.
826 2290 1033 2341 δ’ὁ-49).

152 2355 274 2393 ZELL.
326 2355 374 2393 In
411 2352 575 2394 ultimis
612 2354 744 2393 huius
782 2353 900 2392 Libri
941 2354 1036 2404 epi—

152 2416 274 2457 stolis
306 2417 421 2456 hanc
454 2416 588 2456 fuisse
621 2416 910 2456 manifestum
943 2418 1033 2464 est3

152 2479 235 2519 sed
264 2481 443 2531 tempus
473 2491 554 2531 pro
585 2482 708 2520 certo
741 2479 914 2520 definiri
953 2491 1038 2520 ne—

153 2543 259 2593 quit.

210 2670 247 2708 4.
285 2668 325 2707 2.
375 2668 600 2708 Prisco--
623 2668 808 2720 Cratino]
856 2668 900 2708 id
946 2670 1034 2718 est,

153 2732 311 2783 poetae
343 2731 518 2782 priscae
542 2730 827 2781 comoediae,
861 2734 1038 2771 mortuo

156 2794 554 2845 <quemadmodum
597 2795 768 2835 iocatur
809 2796 1034 2847 Aristoph.

154 2858 196 2895 in
241 2858 355 2896 Pace
399 2869 441 2896 v.
486 2858 594 2897 700:
637 2853 784 2897 ἙΡΜ.
835 2859 890 2898 Τι’
932 2856 1038 2907 da&

156 2919 390 2976 Κρατῖνος
421 2914 447 2958 ὁ
479 2917 641 2971 σοφὸς
671 2915 831 2969 {oum
878 2921 1035 2961 ΤΡΥΓ.

150 2976 418 3030 Ἀπέθανεν,
453 2976 528 3021 ὅθ’
552 2983 603 3022 οἱ
625 2981 852 3036 Λάκωνες
873 2984 1040 3034 ἐνέβα-

157 3042 262 3093 λον,
287 3066 309 3072 -
330 3039 690 3100 -ἳΩρακιάιπιςΗ
724 3042 782 3088 οὐ
814 3045 906 3104 γὰρ
936 3045 1041 3101 ἑξη-

159 3109 359 3156 νεσχετο
390 3101 518 3146 Ἰδών
554 3109 700 3149 πίθον
738 3108 1039 3166 καταγνύμε-

156 3183 241 3210 νον
283 3168 417 3210 οῖ’νου
458 3169 643 3221 πλέων.)
693 3171 867 3225 Olymp.
902 3175 980 3225 89,
1016 3177 1031 3215 11

156 3232 226 3274 vel
256 3234 296 3273 2.
332 3232 439 3283 (423.
473 3244 511 3272 a.
547 3233 666 3284 Chr.)
715 3234 778 3275 Cf.
802 3237 890 3276 Sat.
917 3238 962 3286 4,
995 3237 1035 3287 4,

158 3297 196 3335 Ἰ.
233 3319 280 3324 -
314 3295 442 3347 docte]
477 3297 578 3347 «qui
607 3295 725 3336 bene
757 3299 959 3339 versatus
990 3311 1039 3340 es

158 3359 200 3398 in
245 3357 400 3399 litteris
448 3361 626 3399 Graecis
668 3361 711 3399 et
755 3360 938 3409 Latinis,
987 3373 1038 3401 ac

159 3423 397 3473 propterea
427 3423 574 3474 ipsum
605 3433 786 3473 quoque
809 3423 1037 3464 Cratinum

161 3483 357 3525 trivisti.»
410 3485 487 3526 Od.
524 3485 567 3535 3,
609 3486 654 3536 8,
697 3486 744 3525 5:
792 3487 921 3527 Docte
950 3497 1040 3527 ser—

1105 1303 1246 1332 mones
1286 1294 1504 1343 utriusque
1547 1294 1729 1346 linquae.
1779 1319 1822 1323 -—
1863 1297 1992 1336 Nulla

1106 1356 1210 1408 cet.]
1241 1357 1288 1395 In
1318 1354 1502 1413 Πυτίνῃ
1533 1357 1619 1395 hoc
1650 1356 1841 1397 edixisse
1863 1358 1992 1397 vide-

1105 1420 1189 1457 tur.
1243 1419 1306 1458 Cf.
1338 1418 1543 1458 Meinekii
1574 1419 1746 1468 Fragm.
1780 1421 1905 1460 Com.
1937 1422 1989 1461 II.

1103 1492 1146 1532 p.
1174 1481 1267 1520 4119.
1316 1481 1545 1520 Nicaeneti
1576 1482 1723 1533 Epigr.
1748 1482 1790 1521 in
1812 1483 1988 1523 Anthol.

1104 1542 1191 1583 Pal.
1215 1544 1266 1582 II.
1289 1554 1333 1595 p.
1359 1542 1463 1584 543:
1499 1539 1644 1594 Οἱνός
1673 1556 1749 1584 τοι
1777 1547 1992 1601 χαρίεντι

1103 1603 1233 1646 πέλει
1261 1603 1412 1656 ταχὺς
1453 1604 1598 1657 ἵππος
1635 1601 1812 1661 ἀοιδῷ·
1847 1603 1992 1665 Ὓδωρ

1102 1666 1153 1707 δὲ
1184 1669 1332 1709 πίνων
1365 1663 1504 1709 οῦδὲν
1540 1664 1603 1708 ἄν
1639 1671 1769 1709 τέκοι
1809 1665 1986 1720 σοφόν.

1103 1728 1244 1771 Ταῦτ’
1266 1725 1447 1785 ἔλεγεν,
1469 1731 1698 1782 Διόνυσε,
1723 1733 1805 1773 καὶ
1827 1727 1990 1773 ἔπνεεν

1103 1788 1196 1842 οὐχ
1228 1790 1336 1844 ἑνὸς
1366 1789 1523 1835 ἀσκοῦ
1560 1795 1820 1852 Κρατῖνος,
1867 1790 1989 1836 ἀλλὰ

1102 1855 1283 1908 παντὸς
1324 1853 1506 1899 ὠδώδει
1541 1858 1706 1899 πίθου.
1752 1860 1985 1899 Demosth.

1104 1920 1287 1972 Philipp.
1313 1922 1360 1970 2,
1395 1921 1470 1960 30:
1515 1919 1763 1975 λέγοντας,
1802 1918 1867 1972 ὠς
1897 1918 1987 1976 ἐγώ

1101 1983 1192 2035 μὲν
1234 1977 1360 2041 ὕδωρ
1402 1985 1551 2024 πίνων
1582 1981 1780 2034 εἰκότως
1810 1981 1989 2024 δύσκο-

1103 2045 1186 2097 λος
1223 2048 1307 2086 καὶ
1342 2041 1616 2104 δύστροπος
1659 2048 1758 2100 εἰμι’
1796 2060 1866 2097 τις
1904 2040 1990 2085 ἄν-

1103 2110 1313 2166 θρωπος.
1366 2111 1502 2160 lunge
1533 2113 1684 2150 autem
1714 2109 1784 2149 vel
1805 2111 1990 2161 propter

1104 2183 1320 2211 caesurae
1341 2173 1432 2211 vim
1455 2173 1626 2222 placere
1647 2173 1742 2220 dizo,
1778 2183 1865 2211 non
1887 2182 1988 2211 cum

1104 2236 1178 2274 Ge.
1220 2234 1417 2274 Fabricio
1462 2235 1535 2273 dia
1577 2246 1650 2273 nec
1680 2235 1839 2284 vivere,
1888 2245 1991 2274 cum

1100 2298 1239 2336 vivere
1283 2308 1365 2348 per
1409 2308 1457 2336 se
1503 2297 1722 2348 significet
1767 2297 1986 2345 «durare,

1102 2358 1368 2399 immortalia
1391 2370 1535 2399 esse.»
1588 2359 1667 2399 Od.
1693 2361 1708 2398 4
1730 2392 1737 2408 ,
1763 2359 1839 2409 32,
1874 2360 1914 2399 3.
1947 2359 1988 2409 4,

1095 2422 1148 2472 Θ,
1185 2423 1250 2462 411.
1302 2421 1485 2462 Martial.
1521 2422 1567 2470 6,
1603 2423 1677 2471 60,
1721 2422 1797 2462 110:
1850 2423 1991 2462 Victu-

1102 2496 1176 2524 rus
1197 2485 1374 2525 Genium
1393 2485 1506 2525 debet
1534 2484 1685 2524 habere
1704 2485 1819 2524 liber.
1863 2484 1986 2524 Pind.

1104 2549 1231 2587 Nem.
1271 2547 1317 2596 4,
1366 2547 1410 2586 6:
1459 2541 1613 2599 Ῥῆμα
1655 2544 1694 2585 δ’
1738 2545 1990 2604 ἑργμάτων

1104 2606 1426 2668 χρονιώτερον
1454 2608 1680 2658 βιοτεύει.

1160 2673 1252 2713 3-5.
1291 2674 1351 2723 Ut]
1387 2673 1474 2712 «Ex
1496 2685 1629 2724 quo.»
1680 2672 1743 2712 Cf.
1771 2673 1850 2713 Od.
1875 2673 1921 2723 4,
1946 2673 1986 2723 4,

1104 2735 1171 2776 402..
1217 2737 1303 2776 «Ex
1326 2747 1379 2775 eo
1402 2736 1605 2786 tempore
1623 2751 1659 2785 ,»
1682 2735 1846 2787 inquit,
1873 2746 1987 2787 «quo

1104 2800 1301 2850 primum
1344 2800 1500 2849 poetas
1544 2798 1746 2838 Bacchus
1778 2809 1907 2838 suam
1944 2799 1989 2838 in

1105 2860 1288 2901 tutelam
1317 2861 1490 2912 recepit
1515 2862 1649 2911 atque
1671 2872 1759 2900 una
1782 2873 1885 2901 cum
1908 2862 1990 2901 Sa-

1102 2925 1213 2975 tyris
1245 2935 1297 2963 ac
1340 2924 1498 2965 Faunis
1539 2924 1633 2964 sive
1666 2924 1860 2964 Paniscis
1893 2924 1984 2975 (Od.

1103 2989 1152 3037 ⁶2,
1189 2987 1260 3036 47,
1292 2987 1360 3027 ⁶28.
1396 2988 1442 3035 ⁰2,
1470 2986 1543 3035 119,
1569 2986 1625 3037 4.)
1659 2987 1856 3027 insnum
1879 2998 1989 3027 con-

1104 3050 1292 3091 sortium
1313 3049 1520 3099 adscivit,
1545 3050 1590 3089 id
1612 3052 1701 3099 est,
1726 3049 1827 3090 inde
1850 3061 1875 3089 a
1895 3050 1989 3101 pri—

1106 3124 1178 3153 ma
1216 3113 1367 3164 po'e'sis
1405 3113 1599 3164 origine⁷
1646 3113 1769 3164 ipsae
1808 3124 1988 3164 quoque

1106 3177 1259 3218 Musae
1279 3176 1365 3226 fere
1384 3174 1684 3228 (plerumque,
1708 3186 1848 3227 prope
1872 3185 1988 3214 sem-

1105 3239 1199 3290 per>
1230 3238 1301 3279 vel
1328 3250 1460 3278 mane
1482 3238 1659 3279 sobriae
1682 3250 1770 3278 non
1792 3238 1983 3285 fuerunt,

1105 3300 1278 3341 olentes
1324 3302 1385 3352 (ut
1431 3302 1489 3341 ait
1533 3300 1692 3350 Acron)
1745 3300 1985 3339 etiamtunc

1106 3363 1260 3403 vinum
1291 3365 1421 3403 nocte
1452 3364 1696 3415 potatum.»
1724 3384 1768 3389 .-
1790 3361 1899 3400 onace
1914 3372 1987 3400 sa-

1103 3425 1190 3477 nos]
1214 3437 1445 3475 «vesanos,
1472 3426 1572 3476 quia
1588 3424 1844 3476 μαίνονται
1865 3423 1987 3463 furo-

1106 3499 1153 3528 re
1170 3490 1345 3539 poetico
1364 3488 1601 3539 correpti.»
1627 3486 1688 3527 Cf.
1712 3486 1839 3527 Hand
1859 3486 1982 3526 Turs.
