2231 3787
837 237 933 276 Ans
967 237 1203 275 PoE'l'ltjA.
1837 234 1930 285 liii]

195 366 253 418 [ft
296 366 394 417 iam
438 384 576 419 nune
617 366 757 420 «licat
798 367 898 418 iam
940 385 1078 419 nune
1119 366 1368 419 debentia
1408 366 1535 423 dici.

191 466 452 538 Pleraque
493 468 703 521 differat
745 477 796 521 et
839 485 1097 538 praesens
1140 468 1186 519 in
1229 477 1438 538 tempus
1477 469 1704 532 omittat,

193 568 304 620 Hoe
344 577 498 624 amet,
546 568 645 621 hoe
685 578 903 639 spernat
941 569 1190 640 promissi
1231 570 1482 623 carminis
1523 580 1722 624 auetor.
1872 573 1935 624 455

191 670 244 719 ln
287 668 464 722 verbis
505 670 662 722 etiam
706 671 878 723 tenuis
918 679 1216 742 cautusque
1259 671 1528 733 serendiS,

173 827 241 872 Ct,
277 825 519 874 Bentleius,
556 827 662 875 Fea,
698 828 865 866 Gonod.
904 851 947 855 -
983 827 1048 867 45.
1079 833 1241 877 spernet
1272 830 1316 868 B.
1346 853 1387 857 —
1423 830 1589 870 Versus
1620 830 1685 870 45.
1711 830 1777 871 4-6.
1803 842 1883 870 no-

171 891 262 928 stro
301 889 454 928 ordine
493 889 704 928 exhibent
743 890 904 930 ceteris
935 901 1038 930 eum
1070 890 1209 931 Libris
1240 891 1326 930 mei
1358 902 1513 931 omnes
1550 892 1788 944 (BbSTep):
1824 894 1884 931 in-

172 962 301 991 verso
324 951 478 991 ordine
503 950 723 991 Bentleius
746 952 997 992 coniectura
1022 956 1064 992 et
1095 956 1147 994 M.

117 1093 199 1132 bus
231 1096 358 1144 poeta
389 1092 586 1132 deterior
608 1092 730 1132 facile
753 1091 995 1132 luxuriatus

116 1158 254 1202 esset,
292 1156 517 1206 sapienter
551 1156 750 1204 spreverit
790 1167 996 1194 reserva-

116 1218 259 1266 ritque
304 1216 358 1255 ad
399 1215 533 1255 alium
574 1217 790 1268 poematis
821 1216 991 1266 locum,

1061 1094 1190 1134 nibus
1222 1094 1358 1134 habet
1387 1098 1619 1147 praestans
1658 1099 1810 1147 poeta,
1859 1096 1936 1136 sed

1061 1157 1247 1196 fortasse
1280 1161 1379 1207 post
1409 1156 1558 1208 plures
1589 1158 1770 1198 denium
1801 1169 1939 1198 annos

1061 1218 1178 1265 edet3
1196 1236 1213 1254 »
1232 1219 1361 1270 plane
1380 1222 1610 1268 mitoneis,
1632 1232 1764 1271 quam
1783 1232 1939 1260 omnes

116 1278 190 1317 ubi
225 1278 265 1318 id
298 1278 514 1327 ei'iieiant,
550 1280 597 1318 ut
617 1279 813 1330 priorum
838 1290 994 1319 rursus
1060 1282 1218 1332 cupide
1242 1281 1574 1333 exspectabant,
1609 1283 1848 1322 identidem
1872 1294 1941 1322 re—

116 1352 290 1380 memor
312 1342 451 1381 faetus
475 1340 615 1381 lector
632 1343 868 1391 utramque
891 1345 996 1393 po'e-
1059 1347 1264 1396 petentes
1286 1344 1391 1385 illud
1412 1347 1650 1397 Propertii:
1675 1347 1819 1386 Nescio
1841 1346 1940 1395 quid

115 1404 245 1443 matis
262 1406 433 1455 partem
452 1407 600 1443 mente
624 1406 902 1443 connectat.»
935 1403 997 1442 Si-
1058 1408 1196 1446 maius
1215 1408 1403 1447 nascitur
1418 1408 1572 1447 Iliade:
1605 1410 1939 1459 propterquam

116 1465 231 1505 milia
254 1469 358 1506 sunt
379 1468 616 1517 praecepta
639 1467 850 1506 Demetrii
874 1464 991 1505 Phal.
1059 1470 1201 1521 ipsam
1234 1471 1636 1521 exspectationem,
1671 1481 1724 1509 ne
1753 1469 1936 1518 fallatur,

116 1530 154 1580 g.
179 1530 258 1569 222
281 1541 288 1567 ε
315 1523 394 1568 Ἐν
424 1527 614 1580 τούτοις
643 1541 692 1568 τε
723 1522 808 1569 οὖν
839 1525 893 1568 τὸ
925 1542 996 1569 :n-
1059 1533 1216 1583 poetae
1249 1543 1536 1583 summopere
1573 1534 1824 1572 cavendum
1855 1534 1936 1572 est.

113 1589 268 1632 θανόν
296 1593 376 1631 καὶ
407 1591 457 1633 ἐν
487 1583 524 1645 ᾦ
559 1588 878 1649 Θεόφραστός
898 1605 995 1644 (ρη-
1060 1593 1436 1634 Similiterluven.
1462 1595 1501 1643 7,
1520 1594 1594 1634 82:
1620 1595 1817 1635 Curritur
1835 1595 1915 1633 ad·
1923 1617 1941 1622 -

115 1667 215 1703 σιν,
264 1649 335 1694 ὅτι
368 1649 424 1695 οὗ
458 1651 614 1694 πάντα
644 1654 714 1694 εἶπ’
745 1649 995 1712 ἀκριβείας
1059 1669 1134 1696 σαι
1136 1669 1228 1697 men
1245 1669 1407 1697 amicae
1425 1658 1658 1706 Thebaidos,
1678 1659 1831 1697 laetam
1846 1669 1939 1696 cum

115 1715 189 1756 δεῖ
225 1723 554 1774 μακρηγορεῖν
584 1712 681 1756 ἀλλ’
712 1712 815 1757 ἔνια
844 1730 994 1757 κατα-
1057 1720 1151 1770 fecit
1195 1720 1354 1759 Statius
1401 1720 1546 1759 Urbem
1590 1721 1940 1768 Promisitque

115 1778 267 1819 λιπεῖν
310 1781 392 1820 καὶ
431 1778 494 1819 τῶ
532 1775 747 1837 ἀκροατῆ
781 1781 994 1821 συνιέναι
1060 1783 1181 1821 diem.

116 1843 197 1883 καὶ
227 1841 502 1914 λςγὶζεσθαι
532 1840 583 1894 εξ
613 1840 817 1883 εαυτοῦ·
851 1865 912 1873 --
935 1838 991 1882 τὰ
1117 1843 1290 1883 46-52.
1337 1843 1384 1881 In
1413 1842 1547 1882 verbis
1576 1841 1680 1893 eet]
1726 1843 1816 1882 lan]
1852 1843 1936 1894 (w.

115 1904 163 1946 δὲ
209 1904 363 1946 πάντα
400 1901 464 1956 ὠς
503 1901 694 1959 αιοήτῳ
726 1904 791 1946 λε’
754 1919 826 1960 εγ
809 1918 876 1945 ειν
906 1919 995 1945 κα-

116 1966 462 2022 ταγινιόσκοντι
482 1963 610 2008 εὀικε
628 1964 711 2008 τοῦ
730 1963 992 2025 ἀκροατοῦ.

115 2032 357 2073 Menander
395 2043 498 2088 ,τεοι
534 2026 676 2070 Επιὸ.
704 2032 748 2079 4,
781 2032 819 2071 6.
853 2033 899 2071 Τ.
923 2031 991 2070 IX:

114 2108 158 2147 p.
193 2094 284 2135 'tt-6.
318 2095 372 2133 W
380 2106 414 2133 .:
460 2093 661 2150 Πρῶτον
697 2093 786 2145 μὲν
814 2108 883 2146 μη
915 2088 993 2132 απ

115 2153 304 2207 εὐθείας
335 2153 489 2196 πάντα
520 2154 751 2209 εἰσάγειν,
784 2150 905 2194 ἀλλὰ
937 2151 995 2195 τὰ

113 2219 204 2273 μὲν
238 2217 441 2273 λέγοντα
473 2217 570 2258 κτλ.
619 2219 728 2258 Vidn
763 2219 922 2258 Poetic.
953 2219 993 2267 ⁶2,

118 2283 221 2322 409:
269 2283 414 2322 Nonne
443 2283 579 2331 vides,
619 2285 663 2320 ut
694 2292 813 2330 saepe
844 2281 998 2330 aliquis

115 2346 238 2385 nimis
267 2349 358 2384 arte
386 2344 566 2394 superbit
612 2343 827 2394 Improbus
857 2347 893 2382 ei
922 2354 997 2382 ca-

109 2409 196 2459 ptis
223 2408 376 2447 animis
405 2407 576 2447 illudere
603 2407 777 2458 (sauciet,
810 2407 862 2445 Et
888 2417 997 2444 nune

114 2471 214 2520 huc,
246 2471 390 2510 deinde
418 2470 496 2509 huc
524 2473 678 2509 mentes
698 2469 854 2508 diducit
873 2468 998 2507 hian-

116 2538 194 2582 tes,
241 2533 542 2582 Suspenditque
584 2533 656 2571 diu
697 2532 869 2570 miseros
909 2536 998 2570 tor-

117 2600 291 2646 quelque
311 2596 485 2646 tegentes
499 2593 520 2632 ἴ)
555 2594 692 2633 Go'the
714 2593 999 2644 Briefwechsel

115 2671 154 2698 v.
191 2658 356 2708 Do‘riny
397 2658 437 2696 S.
465 2657 539 2696 85:
586 2657 688 2695 Eine
715 2657 998 2707 Haupteiyen-

116 2721 248 2771 schaft
277 2721 345 2759 des
374 2719 557 2769 epischen
580 2719 767 2758 Gedichts
797 2719 872 2768 ist,
904 2718 999 2757 dass

118 2795 158 2823 es
188 2779 336 2822 iimizer
363 2794 440 2822 vor
469 2783 555 2821 und
584 2781 744 2820 :urae-717
772 2781 878 2832 geht.
911 2781 1000 2820 Da-
1064 2782 1111 2819 ut
1140 2776 1332 2829 λεπτός,
1380 2779 1550 2819 subtilis
1581 2780 1751 2828 iudicii,
1792 2781 1939 2832 sein,

117 2847 190 2886 her
232 2846 324 2885 sind
367 2846 446 2885 alle
488 2845 803 2884 retardirenden
846 2844 1000 2883 Molive
1029 2853 1034 2870 ’
1065 2854 1267 2893 prorsus,
1298 2844 1341 2881 ut
1365 2842 1623 2893 accipienda
1646 2847 1749 2883 sunt
1775 2856 1840 2883 vv.
1861 2845 1937 2885 Od.

118 2909 265 2958 episch.
290 2930 311 2936 —
333 2930 355 2936 -
384 2909 475 2947 Das
509 2907 839 2958 Verschwieyene
857 2906 999 2957 yehb'rt
1064 2907 1112 2953 2,
1140 2905 1211 2954 46,
1245 2906 1325 2945 38:
1359 2905 1564 2955 Spiritum
1595 2906 1752 2946 Graiae
1781 2911 1942 2947 ten-uem

117 2970 191 3010 mit
219 2982 316 3010 zum
349 2971 546 3019 Ganzen,
580 2970 658 3008 wie
688 2969 752 3008 die
771 2969 902 3007 Pause
920 2979 1000 3007 zur
1064 2968 1290 3016 Camenae,
1340 2966 1413 3006 ubi
1459 2967 1573 3007 male
1615 2967 1684 3008 aiii
1723 2971 1942 3021 interpre-

117 3033 269 3081 Much,
292 3032 835 3081 undmitbestimmtoftden
860 3031 997 3069 Werth
1065 3033 1211 3069 tantur
1242 3042 1496 3082 ‹spart-uin.»
1546 3055 1589 3059 -
1636 3032 1803 3084 cautus]
1841 3044 1942 3071 «ea-

118 3097 186 3135 des
227 3094 528 3134 Kunstwerkes.
580 3092 695 3133 Alias
732 3094 998 3144 interpreta-
1064 3103 1172 3131 vens
1206 3094 1493 3143 praesertim,
1530 3105 1582 3134 ne
1607 3095 1647 3133 in
1670 3093 1819 3134 verbis
1842 3095 1943 3134 insit

119 3158 261 3198 tiones
278 3156 379 3196 vide
402 3157 443 3195 in
467 3157 664 3196 Excursu
683 3157 749 3194 111.
776 3177 816 3182 —
841 3157 886 3195 ln
904 3167 1000 3194 ver·
1063 3153 1224 3206 aliquid
1243 3155 1434 3207 ambigui
1454 3156 1718 3197 autobseuri
1737 3157 1940 3207 autquod

120 3219 188 3260 bis
220 3220 385 3270 differat
416 3220 459 3258 et
489 3219 651 3257 omittat
681 3218 862 3257 minime
885 3218 998 3257 inest
1063 3220 1244 3269 propter
1274 3218 1467 3270 ineptam
1498 3219 1736 3259 xerborum
1771 3219 1945 3257 iunctu-

118 3281 279 3322 inutilis
315 3280 576 3331 tautologia;
612 3279 715 3319 illud
748 3281 864 3320 enim
889 3285 998 3331 poe-
1060 3290 1155 3320 ram
1185 3280 1267 3320 sihi
1290 3281 1368 3332 ipsi
1393 3283 1650 3332 repugnet.»
1678 3304 1716 3307 —
1744 3281 1941 3332 serendis]

119 3346 189 3384 tae
211 3343 444 3384 eonsilium
464 3343 704 3394 significat,
730 3343 814 3382 hoe
831 3341 995 3383 consilii
1064 3343 1202 3382 «inter
1231 3354 1279 3383 se
1311 3343 1628 3394 coniungendis
1660 3345 1791 3392 atque
1819 3344 1939 3382 reete

120 3407 468 3448 exsecutionem.
497 3429 539 3434 —
565 3406 760 3455 prom-issi
781 3406 994 3458 carminis]
1062 3404 1381 3455 collocandis,„
1420 3405 1790 3456 i'erkniipfunss.
1831 3404 1941 3445 Male

122 3469 290 3520 «quod,
338 3471 383 3509 ut
415 3479 570 3509 omnes
603 3468 792 3515 scimus,
826 3469 868 3508 in
900 3479 996 3508 ma·
1062 3467 1129 3507 alii
1161 3467 1327 3509 ducunt
1368 3480 1392 3508 a
1424 3480 1462 3507 v.
1496 3479 1608 3517 sero,
1655 3468 1758 3516 sevi,
1807 3468 1938 3517 atque-

1060 1904 1224 1955 lie-59.)
1272 1905 1345 1944 dat
1375 1907 1614 1956 praecepta
1647 1905 1701 1944 de
1738 1905 1821 1945 stili
1853 1907 1940 1945 xir-

1061 1968 1228 2007 tutibus
1276 1969 1316 2006 in
1362 1967 1601 2007 verborum
1648 1967 1836 2017 dilectu,
1898 1970 1940 2008 in

1060 2029 1297 2078 iuncturis,
1332 2030 1372 2068 in
1396 2029 1544 2069 verbis
1568 2029 1792 2070 faciendis.
1842 2033 1942 2070 Per-

1062 2104 1195 2145 quam
1227 2092 1381 2133 similia
1413 2095 1536 2140 sunt,
1571 2103 1683 2143 quae
1717 2093 1848 2133 tradit
1875 2095 1942 2134 Ci-

1063 2166 1167 2195 cero
1199 2154 1253 2194 de
1286 2156 1402 2193 Orat.
1427 2154 1472 2203 3,
1498 2155 1573 2203 37,
1600 2155 1698 2196 449:
1744 2158 1817 2196 Est
1846 2157 1941 2205 qui-

1062 2220 1160 2258 dam
1189 2222 1363 2258 ornatu-s
1393 2218 1615 2267 orationis,
1663 2220 1733 2268 qui
1771 2231 1826 2260 θυι·
1853 2221 1941 2259 sin—

1061 2281 1169 2332 yutis
1197 2280 1330 2320 verbis
1359 2285 1439 2328 est‚·
1479 2280 1611 2330 alius,
1659 2282 1730 2330 qui
1759 2293 1812 2321 εφ-
1840 2294 1940 2321 eon-

1062 2343 1236 2382 tinuatis
1265 2343 1573 2392 coniunctisque
1602 2348 1776 2383 constat.
1828 2345 1941 2396 Ergo

1062 2409 1228 2445 utemur
1255 2404 1389 2444 verbis
1419 2409 1492 2444 aut
1522 2406 1594 2454 iis,
1632 2417 1739 2455 quae
1760 2408 1943 2456 propria

1062 2471 1156 2507 sunt
1199 2471 1235 2507 et
1276 2471 1391 2506 certa
1421 2468 1542 2517 quasi
1568 2468 1773 2508 vocabula
1801 2481 1942 2509 rerum

1058 2541 1193 2580 paene
1222 2541 1310 2569 una
1338 2534 1444 2569 nata
1463 2541 1557 2569 eum
1576 2530 1697 2570 rebus
1715 2531 1835 2581 ipsis,
1869 2536 1943 2571 aut

1062 2593 1128 2642 iis,
1152 2603 1259 2642 quae
1278 2592 1591 2642 transferuntur
1610 2597 1647 2632 et
1669 2595 1789 2641 quasi
1808 2594 1943 2633 alieno

1065 2656 1105 2694 in
1149 2655 1237 2694 ioco
1280 2655 1555 2703 collocantur,
1602 2659 1676 2694 aut
1718 2656 1788 2705 iis,
1836 2667 1944 2706 quae

1063 2729 1266 2757 novamus
1294 2722 1330 2756 et
1368 2718 1545 2768 facimus
1575 2718 1667 2767 ipsi.
1708 2739 1751 2746 -
1795 2719 1941 2770 tenuis]
