2231 3787
241 248 340 301 198

871 246 1083 286 HORATII
1113 244 1412 286 SATIRARUM

309 379 540 448 Imperet
576 376 677 429 hoc
715 384 901 428 natura
940 384 1152 445 potens,
1194 375 1270 428 sic
1308 373 1496 442 collige
1534 387 1767 425 mecum:

308 480 476 532 Dente
514 477 696 548 lupus,
738 494 903 530 cornu
941 485 1123 529 taurus
1160 475 1313 545 petit:
1354 472 1498 526 unde
1535 473 1635 526 nisi
1674 472 1813 525 intus

312 579 692 632 lilonstratum‘?
732 578 967 631 Scaevae
1007 577 1247 628 vivacem
1286 573 1448 628 crede
1488 573 1668 644 nepoti

310 681 560 742 Matrem,
601 678 669 730 nil
710 678 864 731 saciet
902 677 1122 731 sceleris
1160 676 1248 746 pia
1285 675 1533 728 dextera:
1572 674 1790 734 mirum,

312 781 374 835 [t
401 797 577 850 neque
605 779 750 833 calco
777 778 933 849 lupus
956 793 1283 848 quemquam
1304 793 1482 847 neque
1502 775 1661 829 dente
1682 773 1951 846 petitbos;
1979 773 2047 825 55

311 881 418 934 Sed
457 880 595 933 mala
634 880 778 932 tollet
816 897 975 932 anum
1012 878 1191 931 vitiato
1230 877 1387 931 melle
1427 877 1614 931 cicuta.

310 983 383 1034 Ne
422 981 639 1051 longum
675 980 890 1033 faciam:
933 996 1030 1033 seu
1068 997 1154 1032 me
1192 977 1475 1049 tranquilla
1512 986 1762 1031 senectus

312 1083 593 1152 Exspectat
631 1098 728 1134 seu
767 1082 906 1135 Mors
945 1081 1071 1134 atris
1111 1079 1459 1134 circumvolat
1496 1078 1621 1141 alis,

347 1225 413 1263 51.
446 1225 627 1273 Imperat
657 1234 694 1263 c.
722 1246 766 1251 —
791 1224 857 1262 55.
881 1224 934 1262 Ni
963 1233 1094 1271 neque
1121 1220 1190 1261 vel
1222 1222 1266 1261 Si
1296 1231 1424 1270 neque
1453 1219 1613 1260 dubiae
1645 1219 1826 1260 Bentleii
1857 1222 2000 1273 suspi-

296 1285 469 1332 ciones;
505 1285 609 1334 Quin
640 1295 769 1331 neque
799 1283 969 1324 Goeller
989 1283 1045 1323 ad
1068 1282 1205 1323 Plauti
1225 1284 1339 1323 Trin.
1363 1294 1404 1334 p.
1430 1282 1522 1322 437.
1547 1281 1644 1322 coll.
1671 1283 1774 1323 Cist.
1799 1282 1838 1329 4,
1862 1283 1903 1331 2,
1927 1283 1995 1323 67.

299 1366 342 1374 —
372 1351 490 1397 petat
518 1345 663 1399 pylt.
701 1369 746 1374 -—
778 1347 845 1386 56.
879 1347 981 1385 tollit
1011 1348 1051 1385 S.

244 1472 461 1510 terrorem
492 1471 674 1510 incutiat
704 1470 786 1510 sibi
818 1471 1034 1521 suspectis
1056 1471 1118 1509 at-

243 1543 328 1581 que
375 1533 560 1572 exosis.»
604 1554 648 1560 —
688 1534 746 1572 sic
787 1532 943 1583 collige]
989 1531 1113 1571 Conf.

153 1637 163 1642 Δ
244 1594 351 1644 Epp.
377 1595 422 1640 Ξ,
459 1595 503 1640 i,
539 1594 629 1633 419.
668 1617 712 1622 ——
744 1595 872 1643 unde,
903 1594 981 1631 nisi
1012 1593 1114 1643 cet]

246 1657 288 1694 in
319 1666 448 1706 prosa
481 1657 703 1695 oratione:
738 1656 808 1695 «id
839 1655 957 1706 quod
989 1655 1117 1694 unice

245 1717 360 1757 intus
384 1718 446 1757 eis
468 1720 762 1757 monstratum
784 1720 900 1764 est;»
932 1717 1016 1756 hoc
1038 1727 1118 1755 au-

247 1781 338 1817 tem
383 1780 599 1818 convertit
629 1781 672 1818 in
702 1779 1116 1829 interrogationem:

248 1841 380 1878 «unde
413 1841 509 1882 ,hoc
551 1841 626 1890 eis)
658 1845 934 1880 monstratum
963 1844 1020 1880 est
1061 1840 1121 1889 (ut

246 1901 383 1941 habet
414 1913 467 1941 ex
498 1901 628 1952 gloss.
655 1904 706 1943 C·i
719 1904 761 1942 d.
786 1903 921 1952 Feae}
952 1903 1031 1941 m'si
1059 1902 1122 1940 in-

247 1968 331 2011 tus,
384 1964 592 2004 instinctu
636 1965 831 2015 quodam
875 1962 1117 2004 naturalia»

247 2024 326 2065 Alii
372 2025 666 2076 distinguunt:
716 2028 847 2075 uncle,
891 2027 971 2065 nisi
1013 2027 1123 2064 intus

246 2088 556 2126 ‹inonstratumi’
601 2088 642 2128 id
676 2091 764 2137 est,
812 2099 997 2139 «quare,
1040 2087 1122 2125 nisi

250 2150 392 2188 cet.‘?»
432 2150 598 2189 Verum
628 2151 698 2189 hic
728 2161 834 2190 usus
865 2149 1122 2201 posterioris

250 2212 317 2249 est
348 2211 586 2251 Latinitatis
617 2223 699 2251 nec
739 2214 908 2251 temere
941 2211 1120 2251 Horatio

250 2271 381 2311 tribui
431 2276 593 2324 potest.
666 2274 946 2313 Heindorfius
990 2273 1126 2312 habet

249 2344 330 2384 pro
347 2336 598 2374 accusativo
615 2337 781 2375 Graeca
798 2335 1125 2375 constructione

252 2397 452 2446 apposito
492 2394 688 2447 (πόθεν,
735 2399 778 2437 εἰ
817 2394 887 2450 μὴ
931 2392 1126 2437 ἔνδοθεν

253 2455 617 2511 (δεδειγμένου),
665 2471 778 2510 quae
812 2463 960 2500 tamen
999 2460 1123 2508 ratio,

254 2522 520 2571 praesertim
560 2523 603 2561 in
643 2522 772 2562 huius
812 2523 986 2572 generis
1017 2522 1128 2561 sim-

255 2581 471 2632 plicitate,
509 2583 685 2622 videtur
714 2585 843 2624 nimis
874 2583 1124 2623 artificiosa.

310 2643 457 2682 53-56.
504 2645 688 2685 Scaevae
722 2645 822 2696 cet]
865 2645 1127 2685 «Committe

257 2705 359 2744 huic
381 2707 580 2746 vivacem
611 2710 798 2747 matrem
830 2711 874 2747 et
893 2719 979 2747 non
1002 2707 1131 2747 faciet

258 2766 420 2817 aliquid
451 2767 630 2808 sceleris
651 2770 719 2820 pia
743 2770 894 2809 dextra
912 2801 921 2818 ,
954 2769 1036 2808 sed
1050 2780 1131 2807 ve-

260 2839 375 2868 neno
397 2831 566 2877 utetur,
601 2831 646 2869 id
675 2833 764 2878 est,
799 2843 886 2870 non
907 2842 1006 2870 eam
1033 2841 1132 2881 per-

259 2892 365 2930 imet
394 2890 551 2940 gladio.
612 2894 775 2933 Scaeva
802 2893 983 2944 quidam
1011 2892 1134 2932 luxu·-

261 2956 402 2995 riosus
434 2954 664 2994 dicebatur
705 2955 836 2995 fuisse
882 2958 925 2995 et
966 2966 1132 3007 pronus

263 3018 319 3057 ad
349 3019 466 3057 artes
488 3018 724 3067 magicas.»
773 3020 901 3057 Aeno.
951 3019 1044 3057 «Sic
1067 3018 1133 3057 Ci-

264 3091 368 3120 cero
399 3090 478 3130 pro
510 3081 674 3119 Scauro
707 3080 767 3128 (2,
804 3081 901 3128 40.>:
948 3080 1134 3118 Libertus

259 3147 489 3192 patronam
527 3154 605 3180 non
648 3143 814 3190 occidit,
869 3143 937 3181 sed
980 3142 1134 3181 duobus

264 3205 446 3256 digitulis
483 3204 627 3254 ,qulam
665 3203 839 3241 oblisis.»
891 3205 1030 3243 Comi.
1058 3205 1131 3243 Cn.

271 3291 313 3295 —
347 3267 521 3314 mirum,
558 3265 618 3317 Ut]
643 3265 785 3316 «quod
807 3276 948 3315 aeque
972 3265 1132 3304 mirum

267 3332 331 3369 est
354 3332 485 3380 atque
508 3327 633 3376 illud,
667 3327 785 3378 quod
800 3349 822 3355 -
838 3349 860 3354 -
879 3328 988 3377 petit
1008 3326 1131 3373 bos,»

268 3394 309 3433 id
342 3395 432 3440 cst,
480 3394 712 3431 «neutrum
744 3390 942 3441 profecto
973 3390 1134 3429 mirum

271 3457 378 3496 est.·›
430 3454 706 3495 Contrarium
748 3453 865 3493 enirn
897 3453 963 3492 est
1002 3452 1135 3492 Scae-

1179 1480 1258 1509 vae
1291 1467 1422 1508 indoli
1452 1468 1569 1508 ferro
1600 1469 1804 1509 homines
1827 1468 2052 1518 occidere,

1180 1531 1261 1571 sed
1290 1531 1423 1570 homo
1464 1531 1647 1580 ignavus
1676 1542 1769 1582 pro‘
1788 1530 1941 1571 doloso
1971 1541 2055 1572 suo

1179 1593 1353 1643 ingenio
1384 1594 1616 1644 promptus
1639 1593 1722 1632 erit
1751 1592 1806 1632 ad
1827 1604 2053 1633 venenum

1180 1655 1309 1694 matri
1349 1654 1655 1694 miscendum:
1706 1648 1865 1706 reapse
1902 1658 2053 1696 autem

1180 1719 1369 1767 uterque
1400 1716 1588 1756 necandi
1610 1715 1770 1757 modus
1792 1727 1935 1768 aeque
1957 1728 2060 1758 sce-

1179 1777 1344 1818 leratus
1376 1780 1485 1818 est.»
1524 1801 1569 1806 -
1592 1778 1722 1830 mala]
1754 1778 1851 1818 Vid.
1876 1779 1932 1819 ad
1964 1780 2052 1820 Sat.

1184 1841 1230 1888 si,
1266 1840 1313 1889 4,
1347 1841 1414 1879 77.
1458 1862 1503 1868 --
1540 1840 1687 1880 vitiato
1728 1840 1858 1893 melle]
1907 1842 2058 1892 «post-

1183 1913 1316 1952 quam
1355 1900 1441 1941 mel
1487 1913 1522 1942 s.
1560 1902 1753 1943 mulsum
1797 1905 2057 1955 corruptum

1185 1966 1251 2003 est
1280 1964 1475 2003 immixta
1506 1965 1691 2004 cicuta.»

1238 2026 1384 2065 57-60.
1429 2027 1490 2066 Ne
1525 2027 1693 2078 lonyum
1725 2027 1897 2079 faciam]
1930 2026 2057 2067 cons.

1186 2089 1272 2127 Sat.
1299 2089 1345 2136 i,
1379 2088 1427 2136 3,
1462 2088 1555 2127 437.
1590 2110 1636 2116 -
1670 2090 1802 2139 Mors]
1832 2088 1969 2139 alata,
2010 2091 2060 2128 ut

1187 2151 1280 2189 eius
1320 2149 1471 2199 frater,
1517 2151 1721 2189 Somnus.
1782 2151 1930 2202 Eurip.
1962 2149 2056 2193 Alc.

1187 2213 1287 2252 262:
1323 2208 1558 2269 πτερωτὸς
1580 2206 1747 2261 Ἅιδας.
1799 2212 1877 2253 Od.
1901 2213 1948 2261 2,
1983 2213 2057 2261 47,

1187 2275 1267 2315 ⁶24:
1307 2275 1567 2324 volucrisque
1595 2275 1688 2313 Fati
1719 2274 1920 2313 Tardavit
1948 2274 2057 2314 alas.

1191 2360 1236 2365 —
1269 2336 1554 2387 circumvolat]
1604 2337 1717 2375 «iam
1760 2346 1899 2385 nunc,
1946 2336 2062 2377 adeo

1189 2400 1236 2438 ut
1265 2401 1365 2449 post
1384 2398 1522 2438 breve
1547 2399 1721 2449 tempus
1743 2398 1848 2438 mihi
1870 2398 2063 2439 morien-

1189 2461 1297 2501 dum
1326 2461 1423 2501 sit.»
1459 2481 1503 2488 ——
1536 2459 1714 2510 iusserit]
1744 2460 1891 2499 Lectio
1919 2460 2063 2500 luserit

1190 2525 1301 2564 Feae
1344 2523 1434 2573 («V.
1464 2523 1513 2562 A.
1546 2521 1601 2562 ab
1643 2520 1801 2561 eadem
1844 2531 1979 2561 manu
2018 2522 2063 2562 in

1190 2586 1411 2635 margine,
1459 2584 1537 2624 Ch.
1577 2585 1626 2623 A.
1659 2593 1684 2622 a
1724 2584 1763 2622 4.
1804 2593 1864 2622 m.
1902 2583 1976 2622 Ba.
2009 2584 2061 2623 A.

1192 2659 1214 2687 a
1249 2648 1286 2686 4.
1320 2657 1379 2685 m.
1413 2645 1576 2684 iusserit
1603 2644 1653 2684 V.
1686 2645 1778 2695 C.»)
1810 2644 2065 2684 destituitur

1192 2720 1241 2749 ea
1275 2708 1558 2755 auctoritate,
1590 2716 1727 2756 quam
1756 2706 1799 2746 in
1830 2708 1920 2746 tam
1940 2707 2065 2757 gravi

1192 2771 1433 2812 mutatione
1477 2768 1759 2819 requirimus.
1823 2770 2060 2808 Praeterea

1194 2835 1383 2875 Fortuna
1427 2831 1511 2871 dea
1553 2831 1674 2870 recte
1723 2830 1863 2869 ludere
1905 2829 2067 2870 dicitur

1195 2896 1287 2948 (Od.
1316 2895 1360 2942 3,
1393 2893 1470 2941 29,
1502 2893 1604 2941 50.)‚
1637 2902 1724 2931 non
1755 2892 1858 2931 item
1886 2892 1989 2942 fors.
2017 2915 2061 2921 —-

1196 2957 1387 3009 Quisquis
1407 2954 1508 3006 cet]
1533 2954 1819 3003 «Quicunque
1837 2953 1920 2993 erit
1939 2955 2068 2994 tenor

1195 3021 1422 3068 statusque
1439 3017 1554 3055 vitae
1572 3025 1700 3055 meae
1715 3046 1724 3063 ,
1747 3013 1945 3054 scribere
1966 3025 2068 3066 per-

1195 3093 1318 3133 gam,
1366 3080 1402 3119 si
1443 3076 1738 3129 qualicunque
1775 3077 1909 3116 modo
1940 3087 2066 3117 com—

1196 3145 1341 3183 motus
1386 3151 1461 3180 ero
1495 3140 1547 3190 (v.
1585 3138 1667 3189 45.)
1700 3136 1951 3189 aequalium
1992 3137 2063 3178 vel

1196 3205 1308 3244 vitiis
1339 3201 1532 3242 ridiculis
1553 3199 1623 3241 vel
1654 3201 1694 3240 in
1726 3211 1797 3239 me
1819 3199 2065 3250 iniquitate,

1196 3269 1327 3317 atque
1360 3263 1609 3316 opprobriis
1639 3262 1791 3312 dignos
1829 3259 1968 3300 libere
1997 3260 2066 3300 in-

1197 3326 1419 3369 sectabor.
1455 3326 1509 3376 (v.
1542 3325 1652 3375 85.)»
1703 3321 1959 3363 Sanadonus
1989 3331 2067 3362 ca-

1198 3391 1324 3440 stigat
1352 3388 1603 3434 Horatium,
1637 3384 1756 3436 quod
1785 3394 1873 3424 non
1894 3380 2070 3423 mollius

1199 3451 1446 3503 scripserit:
1498 3448 1711 3498 Scribam,
1765 3445 1950 3496 quisquis
1989 3444 2069 3485 eric
