<?xml version="1.0" encoding="UTF-8"?>
<!DOCTYPE html PUBLIC "-//W3C//DTD XHTML 1.0 Transitional//EN"
    "http://www.w3.org/TR/xhtml1/DTD/xhtml1-transitional.dtd">
<html xmlns="http://www.w3.org/1999/xhtml" xml:lang="en" lang="en">
 <head>
  <title>
</title>
<meta http-equiv="Content-Type" content="text/html;charset=utf-8" />
  <meta name='ocr-system' content='tesseract 3.04.00' />
  <meta name='ocr-capabilities' content='ocr_page ocr_carea ocr_par ocr_line ocrx_word'/>
</head>
<body>
  <div class='ocr_page' id='page_1' title='image "./qhoratiusflaccus02horauoft_0031.png"; bbox 0 0 2231 3787; ppageno 0'>
   <div class='ocr_carea' id='block_1_1' title="bbox 903 206 2023 257">
    <p class='ocr_par' dir='ltr' id='par_1_1' title="bbox 903 206 2023 257">
     <span class='ocr_line' id='line_1_1' title="bbox 903 206 2023 257; baseline 0.011 -12"><span class='ocrx_word' id='word_1_1' title='bbox 903 207 1000 245; x_wconf 74' lang='lat' dir='ltr'>Lm.</span> <span class='ocrx_word' id='word_1_2' title='bbox 1036 208 1065 246; x_wconf 90' lang='lat'>1.</span> <span class='ocrx_word' id='word_1_3' title='bbox 1130 207 1242 247; x_wconf 66' lang='lat' dir='ltr'>sAT.</span> <span class='ocrx_word' id='word_1_4' title='bbox 1278 208 1306 246; x_wconf 84' lang='lat'>1.</span> <span class='ocrx_word' id='word_1_5' title='bbox 1968 206 2023 257; x_wconf 79' lang='grc'>17</span> 
     </span>
    </p>
   </div>
   <div class='ocr_carea' id='block_1_2' title="bbox 265 337 1769 512">
    <p class='ocr_par' dir='ltr' id='par_1_2' title="bbox 265 337 1769 512">
     <span class='ocr_line' id='line_1_2' title="bbox 265 337 1355 410; baseline 0 -19"><span class='ocrx_word' id='word_1_6' title='bbox 265 340 327 391; x_wconf 87' lang='lat' dir='ltr'>At</span> <span class='ocrx_word' id='word_1_7' title='bbox 366 338 409 391; x_wconf 90' lang='lat' dir='ltr'>si</span> <span class='ocrx_word' id='word_1_8' title='bbox 450 346 707 410; x_wconf 79' lang='lat' dir='ltr'>cognatos</span> <span class='ocrx_word' id='word_1_9' title='bbox 749 337 896 391; x_wconf 90' lang='lat' dir='ltr'>nullo</span> <span class='ocrx_word' id='word_1_10' title='bbox 938 346 1129 391; x_wconf 85' lang='lat' dir='ltr'>natura</span> <span class='ocrx_word' id='word_1_11' title='bbox 1168 337 1355 391; x_wconf 88' lang='lat' dir='ltr'>labore</span> 
     </span>
     <span class='ocr_line' id='line_1_3' title="bbox 265 439 1769 512; baseline 0 -19"><span class='ocrx_word' id='word_1_12' title='bbox 265 442 413 505; x_wconf 84' lang='lat' dir='ltr'>Quos</span> <span class='ocrx_word' id='word_1_13' title='bbox 455 441 547 494; x_wconf 87' lang='lat' dir='ltr'>tibi</span> <span class='ocrx_word' id='word_1_14' title='bbox 589 440 679 494; x_wconf 88' lang='lat' dir='ltr'>dat</span> <span class='ocrx_word' id='word_1_15' title='bbox 716 440 950 494; x_wconf 89' lang='lat' dir='ltr'>retinere</span> <span class='ocrx_word' id='word_1_16' title='bbox 989 439 1123 494; x_wconf 73' lang='lat' dir='ltr'>velis</span> <span class='ocrx_word' id='word_1_17' title='bbox 1164 458 1497 512; x_wconf 70' lang='lat' dir='ltr'>servareque</span> <span class='ocrx_word' id='word_1_18' title='bbox 1539 440 1769 502; x_wconf 56' lang='lat' dir='ltr'>anilem,</span> 
     </span>
    </p>
   </div>
   <div class='ocr_carea' id='block_1_3' title="bbox 264 542 2031 615">
    <p class='ocr_par' dir='ltr' id='par_1_3' title="bbox 264 542 2031 615">
     <span class='ocr_line' id='line_1_4' title="bbox 264 542 2031 615; baseline -0.002 -20"><span class='ocrx_word' id='word_1_19' title='bbox 264 544 449 597; x_wconf 78' lang='lat' dir='ltr'><strong>Infelix</strong></span> <span class='ocrx_word' id='word_1_20' title='bbox 489 561 713 615; x_wconf 90' lang='lat' dir='ltr'>operam</span> <span class='ocrx_word' id='word_1_21' title='bbox 752 542 976 615; x_wconf 82' lang='lat' dir='ltr'>perdaS,</span> <span class='ocrx_word' id='word_1_22' title='bbox 1018 551 1076 595; x_wconf 91' lang='lat' dir='ltr'>ut</span> <span class='ocrx_word' id='word_1_23' title='bbox 1117 543 1159 595; x_wconf 92' lang='lat' dir='ltr'>si</span> <span class='ocrx_word' id='word_1_24' title='bbox 1201 542 1324 614; x_wconf 81' lang='lat' dir='ltr'>quis</span> <span class='ocrx_word' id='word_1_25' title='bbox 1365 542 1591 596; x_wconf 85' lang='lat' dir='ltr'>asellum</span> <span class='ocrx_word' id='word_1_26' title='bbox 1964 545 2031 594; x_wconf 76' lang='lat'>90</span> 
     </span>
    </p>
   </div>
   <div class='ocr_carea' id='block_1_4' title="bbox 266 645 1861 923">
    <p class='ocr_par' dir='ltr' id='par_1_4' title="bbox 266 645 1861 923">
     <span class='ocr_line' id='line_1_5' title="bbox 266 645 1604 718; baseline -0.001 -20"><span class='ocrx_word' id='word_1_27' title='bbox 266 649 323 698; x_wconf 89' lang='lat' dir='ltr'>In</span> <span class='ocrx_word' id='word_1_28' title='bbox 364 647 566 718; x_wconf 88' lang='lat' dir='ltr'>Campo</span> <span class='ocrx_word' id='word_1_29' title='bbox 607 645 802 699; x_wconf 87' lang='lat' dir='ltr'>doceat</span> <span class='ocrx_word' id='word_1_30' title='bbox 839 653 1121 717; x_wconf 84' lang='lat' dir='ltr'>parentem</span> <span class='ocrx_word' id='word_1_31' title='bbox 1161 662 1383 699; x_wconf 88' lang='lat' dir='ltr'>currere</span> <span class='ocrx_word' id='word_1_32' title='bbox 1424 645 1604 699; x_wconf 87' lang='lat' dir='ltr'>frenis.</span> 
     </span>
     <span class='ocr_line' id='line_1_6' title="bbox 266 747 1861 821; baseline -0.001 -20"><span class='ocrx_word' id='word_1_33' title='bbox 266 749 516 821; x_wconf 87' lang='lat' dir='ltr'>Denique</span> <span class='ocrx_word' id='word_1_34' title='bbox 556 749 623 802; x_wconf 87' lang='lat' dir='ltr'>sit</span> <span class='ocrx_word' id='word_1_35' title='bbox 659 748 781 801; x_wconf 85' lang='lat' dir='ltr'>finis</span> <span class='ocrx_word' id='word_1_36' title='bbox 821 747 1149 820; x_wconf 90' lang='lat' dir='ltr'>quaerendi,</span> <span class='ocrx_word' id='word_1_37' title='bbox 1194 765 1430 819; x_wconf 85' lang='lat' dir='ltr'>cumque</span> <span class='ocrx_word' id='word_1_38' title='bbox 1470 747 1674 802; x_wconf 77' lang='lat' dir='ltr'>habeas</span> <span class='ocrx_word' id='word_1_39' title='bbox 1714 748 1861 819; x_wconf 74' lang='lat' dir='ltr'>plus,</span> 
     </span>
     <span class='ocr_line' id='line_1_7' title="bbox 270 848 1632 923; baseline -0.002 -18"><span class='ocrx_word' id='word_1_40' title='bbox 270 852 596 923; x_wconf 78' lang='lat' dir='ltr'>pauperiem</span> <span class='ocrx_word' id='word_1_41' title='bbox 637 860 846 905; x_wconf 87' lang='lat' dir='ltr'>metuas</span> <span class='ocrx_word' id='word_1_42' title='bbox 884 850 1063 904; x_wconf 85' lang='lat' dir='ltr'>minus</span> <span class='ocrx_word' id='word_1_43' title='bbox 1104 859 1157 903; x_wconf 88' lang='lat' dir='ltr'>et</span> <span class='ocrx_word' id='word_1_44' title='bbox 1196 848 1350 904; x_wconf 87' lang='lat' dir='ltr'>finire</span> <span class='ocrx_word' id='word_1_45' title='bbox 1391 849 1632 904; x_wconf 87' lang='lat' dir='ltr'>laborem</span> 
     </span>
    </p>
   </div>
   <div class='ocr_carea' id='block_1_5' title="bbox 250 1065 1990 1497">
    <p class='ocr_par' dir='ltr' id='par_1_5' title="bbox 250 1065 1990 1497">
     <span class='ocr_line' id='line_1_8' title="bbox 307 1065 1987 1118; baseline -0.001 -10"><span class='ocrx_word' id='word_1_46' title='bbox 307 1068 374 1108; x_wconf 90' lang='lat'>88.</span> <span class='ocrx_word' id='word_1_47' title='bbox 407 1067 459 1107; x_wconf 77' lang='lat' dir='ltr'>Ac</span> <span class='ocrx_word' id='word_1_48' title='bbox 495 1068 528 1106; x_wconf 78' lang='lat' dir='ltr'>si</span> <span class='ocrx_word' id='word_1_49' title='bbox 558 1066 694 1118; x_wconf 81' lang='lat' dir='ltr'>bcdp,</span> <span class='ocrx_word' id='word_1_50' title='bbox 730 1066 909 1106; x_wconf 85' lang='lat' dir='ltr'>LCtMJ:</span> <span class='ocrx_word' id='word_1_51' title='bbox 956 1066 1019 1105; x_wconf 75' lang='lat' dir='ltr'>An</span> <span class='ocrx_word' id='word_1_52' title='bbox 1049 1067 1083 1105; x_wconf 75' lang='lat' dir='ltr'>si</span> <span class='ocrx_word' id='word_1_53' title='bbox 1112 1066 1198 1114; x_wconf 70' lang='grc' dir='ltr'>ΒΞ,</span> <span class='ocrx_word' id='word_1_54' title='bbox 1235 1067 1417 1117; x_wconf 87' lang='lat' dir='ltr'>Cruquii</span> <span class='ocrx_word' id='word_1_55' title='bbox 1449 1065 1563 1115; x_wconf 89' lang='lat' dir='ltr'>duo,</span> <span class='ocrx_word' id='word_1_56' title='bbox 1598 1065 1831 1107; x_wconf 88' lang='lat' dir='ltr'>Pulmanni</span> <span class='ocrx_word' id='word_1_57' title='bbox 1861 1069 1987 1118; x_wconf 84' lang='lat' dir='ltr'>quat-</span> 
     </span>
     <span class='ocr_line' id='line_1_9' title="bbox 253 1128 1988 1183; baseline -0.001 -12"><span class='ocrx_word' id='word_1_58' title='bbox 253 1135 376 1179; x_wconf 89' lang='lat' dir='ltr'>tuor,</span> <span class='ocrx_word' id='word_1_59' title='bbox 426 1130 642 1170; x_wconf 90' lang='lat' dir='ltr'>Torrentii</span> <span class='ocrx_word' id='word_1_60' title='bbox 685 1128 854 1180; x_wconf 78' lang='lat' dir='ltr'>aliquot</span> <span class='ocrx_word' id='word_1_61' title='bbox 891 1130 934 1168; x_wconf 93' lang='lat' dir='ltr'>et</span> <span class='ocrx_word' id='word_1_62' title='bbox 962 1140 1042 1180; x_wconf 92' lang='lat' dir='ltr'>pro</span> <span class='ocrx_word' id='word_1_63' title='bbox 1073 1140 1167 1168; x_wconf 72' lang='lat' dir='ltr'>var.</span> <span class='ocrx_word' id='word_1_64' title='bbox 1203 1128 1304 1169; x_wconf 89' lang='lat' dir='ltr'>lect.</span> <span class='ocrx_word' id='word_1_65' title='bbox 1337 1144 1388 1183; x_wconf 81' lang='grc' dir='ltr'>γ,</span> <span class='ocrx_word' id='word_1_66' title='bbox 1438 1131 1544 1169; x_wconf 88' lang='lat' dir='ltr'>item</span> <span class='ocrx_word' id='word_1_67' title='bbox 1573 1129 1820 1180; x_wconf 88' lang='lat' dir='ltr'>Bentleius,</span> <span class='ocrx_word' id='word_1_68' title='bbox 1866 1132 1923 1171; x_wconf 77' lang='lat' dir='ltr'>Ae</span> <span class='ocrx_word' id='word_1_69' title='bbox 1953 1132 1988 1170; x_wconf 74' lang='lat' dir='ltr'>si</span> 
     </span>
     <span class='ocr_line' id='line_1_10' title="bbox 252 1191 1982 1244; baseline 0.001 -11"><span class='ocrx_word' id='word_1_70' title='bbox 252 1193 392 1234; x_wconf 91' lang='lat' dir='ltr'>Codd.</span> <span class='ocrx_word' id='word_1_71' title='bbox 434 1193 556 1244; x_wconf 90' lang='lat' dir='ltr'>Regii</span> <span class='ocrx_word' id='word_1_72' title='bbox 599 1193 719 1232; x_wconf 79' lang='lat'>7975.</span> <span class='ocrx_word' id='word_1_73' title='bbox 761 1193 804 1231; x_wconf 86' lang='lat' dir='ltr'>et</span> <span class='ocrx_word' id='word_1_74' title='bbox 844 1191 995 1240; x_wconf 55' lang='lat'>8246,</span> <span class='ocrx_word' id='word_1_75' title='bbox 1030 1192 1342 1241; x_wconf 89' lang='lat' dir='ltr'>Heindorfius‚</span> <span class='ocrx_word' id='word_1_76' title='bbox 1388 1192 1452 1232; x_wconf 81' lang='lat' dir='ltr'>An</span> <span class='ocrx_word' id='word_1_77' title='bbox 1496 1193 1553 1232; x_wconf 75' lang='lat' dir='ltr'>sic</span> <span class='ocrx_word' id='word_1_78' title='bbox 1591 1204 1613 1232; x_wconf 90' lang='lat' dir='ltr'>e</span> <span class='ocrx_word' id='word_1_79' title='bbox 1649 1192 1828 1233; x_wconf 77' lang='lat' dir='ltr'>Valartii</span> <span class='ocrx_word' id='word_1_80' title='bbox 1874 1194 1982 1234; x_wconf 93' lang='lat' dir='ltr'>Cod.</span> 
     </span>
     <span class='ocr_line' id='line_1_11' title="bbox 252 1255 1988 1307; baseline 0.001 -11"><span class='ocrx_word' id='word_1_81' title='bbox 252 1255 497 1296; x_wconf 75' lang='lat' dir='ltr'>SobornIco</span> <span class='ocrx_word' id='word_1_82' title='bbox 536 1255 876 1307; x_wconf 86' lang='lat' dir='ltr'>suspectissimo</span> <span class='ocrx_word' id='word_1_83' title='bbox 908 1255 936 1294; x_wconf 91' lang='lat' dir='ltr'>F</span> <span class='ocrx_word' id='word_1_84' title='bbox 969 1256 1013 1294; x_wconf 91' lang='lat' dir='ltr'>et</span> <span class='ocrx_word' id='word_1_85' title='bbox 1042 1255 1257 1306; x_wconf 88' lang='lat' dir='ltr'>Reisigius</span> <span class='ocrx_word' id='word_1_86' title='bbox 1295 1257 1408 1296; x_wconf 85' lang='lat' dir='ltr'>teste</span> <span class='ocrx_word' id='word_1_87' title='bbox 1445 1255 1707 1296; x_wconf 86' lang='lat' dir='ltr'>Eberhardo</span> <span class='ocrx_word' id='word_1_88' title='bbox 1743 1255 1839 1307; x_wconf 85' lang='lat' dir='ltr'>(alio</span> <span class='ocrx_word' id='word_1_89' title='bbox 1870 1259 1988 1297; x_wconf 91' lang='lat' dir='ltr'>tem-</span> 
     </span>
     <span class='ocr_line' id='line_1_12' title="bbox 250 1317 1987 1372; baseline -0.001 -12"><span class='ocrx_word' id='word_1_90' title='bbox 250 1331 359 1372; x_wconf 83' lang='lat' dir='ltr'>pore</span> <span class='ocrx_word' id='word_1_91' title='bbox 391 1319 537 1370; x_wconf 82' lang='lat' dir='ltr'>Reisig</span> <span class='ocrx_word' id='word_1_92' title='bbox 565 1317 746 1359; x_wconf 84' lang='lat' dir='ltr'>volebat</span> <span class='ocrx_word' id='word_1_93' title='bbox 780 1319 828 1358; x_wconf 73' lang='lat' dir='ltr'>Ut</span> <span class='ocrx_word' id='word_1_94' title='bbox 856 1317 948 1370; x_wconf 69' lang='lat' dir='ltr'>sic),</span> <span class='ocrx_word' id='word_1_95' title='bbox 980 1319 1034 1358; x_wconf 75' lang='lat' dir='ltr'>Et</span> <span class='ocrx_word' id='word_1_96' title='bbox 1066 1319 1101 1358; x_wconf 74' lang='lat' dir='ltr'>si</span> <span class='ocrx_word' id='word_1_97' title='bbox 1134 1318 1379 1369; x_wconf 86' lang='lat' dir='ltr'>Marcilius,</span> <span class='ocrx_word' id='word_1_98' title='bbox 1411 1319 1493 1359; x_wconf 74' lang='lat' dir='ltr'>Aut</span> <span class='ocrx_word' id='word_1_99' title='bbox 1521 1320 1556 1358; x_wconf 74' lang='lat' dir='ltr'>si</span> <span class='ocrx_word' id='word_1_100' title='bbox 1585 1320 1859 1371; x_wconf 83' lang='lat' dir='ltr'>Stephanus,</span> <span class='ocrx_word' id='word_1_101' title='bbox 1892 1321 1987 1359; x_wconf 79' lang='lat' dir='ltr'>Non</span> 
     </span>
     <span class='ocr_line' id='line_1_13' title="bbox 252 1381 1984 1432; baseline -0.001 -9"><span class='ocrx_word' id='word_1_102' title='bbox 252 1384 286 1423; x_wconf 82' lang='lat' dir='ltr'>si</span> <span class='ocrx_word' id='word_1_103' title='bbox 330 1381 583 1431; x_wconf 82' lang='lat' dir='ltr'>Markland,</span> <span class='ocrx_word' id='word_1_104' title='bbox 630 1383 756 1432; x_wconf 77' lang='lat' dir='ltr'>Atqm</span> <span class='ocrx_word' id='word_1_105' title='bbox 799 1383 974 1422; x_wconf 79' lang='lat' dir='ltr'>Baxter.</span> <span class='ocrx_word' id='word_1_106' title='bbox 1027 1406 1071 1411; x_wconf 82' lang='lat'>—-</span> <span class='ocrx_word' id='word_1_107' title='bbox 1119 1382 1185 1421; x_wconf 87' lang='lat'>90.</span> <span class='ocrx_word' id='word_1_108' title='bbox 1228 1383 1377 1432; x_wconf 76' lang='lat' dir='ltr'>perdes</span> <span class='ocrx_word' id='word_1_109' title='bbox 1421 1383 1446 1421; x_wconf 89' lang='lat' dir='ltr'>S</span> <span class='ocrx_word' id='word_1_110' title='bbox 1493 1384 1536 1422; x_wconf 89' lang='lat' dir='ltr'>et</span> <span class='ocrx_word' id='word_1_111' title='bbox 1578 1393 1694 1422; x_wconf 88' lang='lat' dir='ltr'>unus</span> <span class='ocrx_word' id='word_1_112' title='bbox 1733 1381 1887 1422; x_wconf 87' lang='lat' dir='ltr'>Bland.</span> <span class='ocrx_word' id='word_1_113' title='bbox 1939 1404 1984 1411; x_wconf 93' lang='lat'><strong>—</strong></span> 
     </span>
     <span class='ocr_line' id='line_1_14' title="bbox 252 1445 1990 1497; baseline 0 -11"><span class='ocrx_word' id='word_1_114' title='bbox 252 1447 320 1487; x_wconf 70' lang='lat'>92.</span> <span class='ocrx_word' id='word_1_115' title='bbox 357 1457 519 1497; x_wconf 76' lang='lat' dir='ltr'>quoque</span> <span class='ocrx_word' id='word_1_116' title='bbox 560 1447 590 1487; x_wconf 93' lang='lat' dir='ltr'>C</span> <span class='ocrx_word' id='word_1_117' title='bbox 634 1447 785 1495; x_wconf 87' lang='lat' dir='ltr'>tacite,</span> <span class='ocrx_word' id='word_1_118' title='bbox 833 1446 1061 1495; x_wconf 86' lang='lat' dir='ltr'>Muretus,</span> <span class='ocrx_word' id='word_1_119' title='bbox 1097 1445 1324 1486; x_wconf 82' lang='lat' dir='ltr'>Heindorf.</span> <span class='ocrx_word' id='word_1_120' title='bbox 1390 1446 1451 1496; x_wconf 71' lang='lat' dir='ltr'>&lt;Ut</span> <span class='ocrx_word' id='word_1_121' title='bbox 1482 1457 1584 1495; x_wconf 91' lang='lat' dir='ltr'>nos,</span> <span class='ocrx_word' id='word_1_122' title='bbox 1626 1456 1784 1486; x_wconf 90' lang='lat' dir='ltr'>omnes</span> <span class='ocrx_word' id='word_1_123' title='bbox 1824 1447 1914 1486; x_wconf 90' lang='lat' dir='ltr'>mei</span> <span class='ocrx_word' id='word_1_124' title='bbox 1946 1448 1990 1486; x_wconf 89' lang='lat' dir='ltr'>et</span> 
     </span>
    </p>
   </div>
   <div class='ocr_carea' id='block_1_6' title="bbox 254 1510 479 1560">
    <p class='ocr_par' dir='ltr' id='par_1_6' title="bbox 254 1510 479 1560">
     <span class='ocr_line' id='line_1_15' title="bbox 254 1510 479 1560; baseline -0.004 -9"><span class='ocrx_word' id='word_1_125' title='bbox 254 1510 479 1560; x_wconf 85' lang='lat' dir='ltr'>Pottierii.)</span> 
     </span>
    </p>
   </div>
   <div class='ocr_carea' id='block_1_7' title="bbox 199 1709 1100 3582">
    <p class='ocr_par' dir='ltr' id='par_1_7' title="bbox 199 1709 1100 3582">
     <span class='ocr_line' id='line_1_16' title="bbox 199 1709 1090 1760; baseline 0.001 -11"><span class='ocrx_word' id='word_1_126' title='bbox 199 1713 343 1759; x_wconf 66' lang='grc' dir='ltr'>ναίεις,</span> <span class='ocrx_word' id='word_1_127' title='bbox 385 1721 469 1750; x_wconf 91' lang='lat' dir='ltr'>nec</span> <span class='ocrx_word' id='word_1_128' title='bbox 498 1712 755 1760; x_wconf 65' lang='lat' dir='ltr'>vocativus,</span> <span class='ocrx_word' id='word_1_129' title='bbox 797 1710 900 1752; x_wconf 90' lang='lat' dir='ltr'>sed:</span> <span class='ocrx_word' id='word_1_130' title='bbox 951 1709 1090 1750; x_wconf 90' lang='lat' dir='ltr'>«adeo</span> 
     </span>
     <span class='ocr_line' id='line_1_17' title="bbox 199 1773 1093 1826; baseline -0.001 -13"><span class='ocrx_word' id='word_1_131' title='bbox 199 1775 247 1813; x_wconf 90' lang='lat' dir='ltr'>ut</span> <span class='ocrx_word' id='word_1_132' title='bbox 275 1775 370 1826; x_wconf 87' lang='lat' dir='ltr'>ipse</span> <span class='ocrx_word' id='word_1_133' title='bbox 402 1773 607 1815; x_wconf 79' lang='lat' dir='ltr'>dolenter</span> <span class='ocrx_word' id='word_1_134' title='bbox 629 1775 821 1825; x_wconf 88' lang='lat' dir='ltr'>sentias,</span> <span class='ocrx_word' id='word_1_135' title='bbox 856 1785 993 1826; x_wconf 88' lang='lat' dir='ltr'>quam</span> <span class='ocrx_word' id='word_1_136' title='bbox 1016 1773 1093 1814; x_wconf 82' lang='lat' dir='ltr'>ad-</span> 
     </span>
     <span class='ocr_line' id='line_1_18' title="bbox 200 1837 1092 1889; baseline 0.001 -13"><span class='ocrx_word' id='word_1_137' title='bbox 200 1848 332 1876; x_wconf 86' lang='lat' dir='ltr'>versa</span> <span class='ocrx_word' id='word_1_138' title='bbox 374 1837 549 1878; x_wconf 88' lang='lat' dir='ltr'>fortuna</span> <span class='ocrx_word' id='word_1_139' title='bbox 590 1839 729 1878; x_wconf 86' lang='lat' dir='ltr'>utaris</span> <span class='ocrx_word' id='word_1_140' title='bbox 761 1839 973 1889; x_wconf 91' lang='lat' dir='ltr'>omnique</span> <span class='ocrx_word' id='word_1_141' title='bbox 1014 1849 1092 1877; x_wconf 89' lang='lat' dir='ltr'>ca—</span> 
     </span>
     <span class='ocr_line' id='line_1_19' title="bbox 199 1901 1090 1952; baseline 0.002 -14"><span class='ocrx_word' id='word_1_142' title='bbox 199 1911 301 1940; x_wconf 85' lang='lat' dir='ltr'>reas</span> <span class='ocrx_word' id='word_1_143' title='bbox 333 1911 549 1941; x_wconf 87' lang='lat' dir='ltr'>successu</span> <span class='ocrx_word' id='word_1_144' title='bbox 579 1902 622 1941; x_wconf 91' lang='lat' dir='ltr'>in</span> <span class='ocrx_word' id='word_1_145' title='bbox 652 1901 924 1950; x_wconf 84' lang='lat' dir='ltr'>rationibus,</span> <span class='ocrx_word' id='word_1_146' title='bbox 974 1912 1090 1952; x_wconf 84' lang='lat' dir='ltr'>quae</span> 
     </span>
     <span class='ocr_line' id='line_1_20' title="bbox 199 1962 1093 2016; baseline 0.003 -15"><span class='ocrx_word' id='word_1_147' title='bbox 199 1962 280 2002; x_wconf 89' lang='lat' dir='ltr'>tibi</span> <span class='ocrx_word' id='word_1_148' title='bbox 326 1973 429 2004; x_wconf 91' lang='lat' dir='ltr'>cum</span> <span class='ocrx_word' id='word_1_149' title='bbox 473 1964 737 2016; x_wconf 73' lang='lat' dir='ltr'>propinquis</span> <span class='ocrx_word' id='word_1_150' title='bbox 779 1965 865 2004; x_wconf 86' lang='lat' dir='ltr'>tuis</span> <span class='ocrx_word' id='word_1_151' title='bbox 897 1965 1093 2004; x_wconf 85' lang='lat' dir='ltr'>interce-</span> 
     </span>
     <span class='ocr_line' id='line_1_21' title="bbox 201 2025 1095 2078; baseline 0.003 -14"><span class='ocrx_word' id='word_1_152' title='bbox 201 2025 354 2065; x_wconf 86' lang='lat' dir='ltr'>dunt.»</span> <span class='ocrx_word' id='word_1_153' title='bbox 413 2026 481 2066; x_wconf 86' lang='lat' dir='ltr'>Ad</span> <span class='ocrx_word' id='word_1_154' title='bbox 511 2039 554 2067; x_wconf 90' lang='lat' dir='ltr'>v.</span> <span class='ocrx_word' id='word_1_155' title='bbox 589 2028 737 2078; x_wconf 61' lang='lat' dir='ltr'>infelix</span> <span class='ocrx_word' id='word_1_156' title='bbox 768 2027 845 2067; x_wconf 89' lang='lat' dir='ltr'>cfr.</span> <span class='ocrx_word' id='word_1_157' title='bbox 877 2029 1095 2067; x_wconf 89' lang='lat' dir='ltr'>Herman-</span> 
     </span>
     <span class='ocr_line' id='line_1_22' title="bbox 200 2088 1092 2142; baseline 0.003 -15"><span class='ocrx_word' id='word_1_158' title='bbox 200 2099 309 2128; x_wconf 91' lang='lat' dir='ltr'>num</span> <span class='ocrx_word' id='word_1_159' title='bbox 340 2088 397 2128; x_wconf 86' lang='lat' dir='ltr'>ad</span> <span class='ocrx_word' id='word_1_160' title='bbox 434 2090 585 2141; x_wconf 90' lang='lat' dir='ltr'>Eurip.</span> <span class='ocrx_word' id='word_1_161' title='bbox 618 2091 711 2129; x_wconf 88' lang='lat' dir='ltr'>Ion.</span> <span class='ocrx_word' id='word_1_162' title='bbox 747 2089 844 2130; x_wconf 73' lang='lat'>944.</span> <span class='ocrx_word' id='word_1_163' title='bbox 879 2089 1092 2142; x_wconf 76' lang='lat' dir='ltr'>Exempla</span> 
     </span>
     <span class='ocr_line' id='line_1_23' title="bbox 200 2150 1095 2204; baseline 0.002 -14"><span class='ocrx_word' id='word_1_164' title='bbox 200 2150 333 2193; x_wconf 78' lang='lat' dir='ltr'>hqus</span> <span class='ocrx_word' id='word_1_165' title='bbox 365 2152 699 2203; x_wconf 84' lang='lat' dir='ltr'>significationis</span> <span class='ocrx_word' id='word_1_166' title='bbox 735 2152 953 2203; x_wconf 72' lang='lat' dir='ltr'>(astultus,</span> <span class='ocrx_word' id='word_1_167' title='bbox 985 2164 1095 2204; x_wconf 86' lang='lat' dir='ltr'>per-</span> 
     </span>
     <span class='ocr_line' id='line_1_24' title="bbox 200 2215 1094 2267; baseline 0.001 -14"><span class='ocrx_word' id='word_1_168' title='bbox 200 2224 385 2264; x_wconf 87' lang='lat' dir='ltr'>versus,</span> <span class='ocrx_word' id='word_1_169' title='bbox 447 2216 492 2254; x_wconf 87' lang='lat' dir='ltr'>et</span> <span class='ocrx_word' id='word_1_170' title='bbox 548 2217 790 2267; x_wconf 86' lang='lat' dir='ltr'>propterea</span> <span class='ocrx_word' id='word_1_171' title='bbox 839 2215 896 2255; x_wconf 90' lang='lat' dir='ltr'>ad</span> <span class='ocrx_word' id='word_1_172' title='bbox 956 2215 1094 2255; x_wconf 87' lang='lat' dir='ltr'>finem</span> 
     </span>
     <span class='ocr_line' id='line_1_25' title="bbox 202 2277 1094 2328; baseline 0.002 -13"><span class='ocrx_word' id='word_1_173' title='bbox 202 2286 335 2315; x_wconf 88' lang='lat' dir='ltr'>suum</span> <span class='ocrx_word' id='word_1_174' title='bbox 374 2288 461 2316; x_wconf 91' lang='lat' dir='ltr'>non</span> <span class='ocrx_word' id='word_1_175' title='bbox 503 2278 826 2328; x_wconf 67' lang='lat' dir='ltr'>perveniens»)</span> <span class='ocrx_word' id='word_1_176' title='bbox 870 2277 986 2317; x_wconf 86' lang='lat' dir='ltr'>adde</span> <span class='ocrx_word' id='word_1_177' title='bbox 1025 2280 1094 2317; x_wconf 88' lang='lat' dir='ltr'>ter</span> 
     </span>
     <span class='ocr_line' id='line_1_26' title="bbox 203 2334 1092 2390; baseline 0.003 -14"><span class='ocrx_word' id='word_1_178' title='bbox 203 2337 321 2389; x_wconf 89' lang='lat' dir='ltr'>apud</span> <span class='ocrx_word' id='word_1_179' title='bbox 354 2338 623 2389; x_wconf 82' lang='lat' dir='ltr'>Sophoclem</span> <span class='ocrx_word' id='word_1_180' title='bbox 657 2334 886 2390; x_wconf 77' lang='grc' dir='ltr'><strong><em>ἄνολβος.</em></strong></span> <span class='ocrx_word' id='word_1_181' title='bbox 947 2340 1092 2390; x_wconf 85' lang='lat' dir='ltr'>Antig.</span> 
     </span>
     <span class='ocr_line' id='line_1_27' title="bbox 205 2401 1097 2442; baseline 0.001 -2"><span class='ocrx_word' id='word_1_182' title='bbox 205 2401 327 2441; x_wconf 73' lang='lat'>4026.</span> <span class='ocrx_word' id='word_1_183' title='bbox 365 2402 485 2441; x_wconf 67' lang='lat'>4265.</span> <span class='ocrx_word' id='word_1_184' title='bbox 519 2402 627 2441; x_wconf 80' lang='lat' dir='ltr'>Aiax</span> <span class='ocrx_word' id='word_1_185' title='bbox 659 2403 780 2442; x_wconf 83' lang='grc'><strong>4456.</strong></span> <span class='ocrx_word' id='word_1_186' title='bbox 807 2402 917 2442; x_wconf 92' lang='lat' dir='ltr'>Plut.</span> <span class='ocrx_word' id='word_1_187' title='bbox 943 2402 1000 2441; x_wconf 89' lang='lat' dir='ltr'>de</span> <span class='ocrx_word' id='word_1_188' title='bbox 1024 2413 1097 2441; x_wconf 83' lang='lat' dir='ltr'>co-</span> 
     </span>
     <span class='ocr_line' id='line_1_28' title="bbox 207 2458 1098 2504; baseline 0.001 -1"><span class='ocrx_word' id='word_1_189' title='bbox 207 2463 299 2503; x_wconf 89' lang='lat' dir='ltr'>hib.</span> <span class='ocrx_word' id='word_1_190' title='bbox 325 2464 389 2503; x_wconf 87' lang='lat' dir='ltr'>ira</span> <span class='ocrx_word' id='word_1_191' title='bbox 423 2463 499 2504; x_wconf 72' lang='lat'>44:</span> <span class='ocrx_word' id='word_1_192' title='bbox 535 2458 671 2504; x_wconf 76' lang='grc' dir='ltr'><em>Οὕτω</em></span> <span class='ocrx_word' id='word_1_193' title='bbox 704 2476 784 2504; x_wconf 83' lang='grc' dir='ltr'>σοι</span> <span class='ocrx_word' id='word_1_194' title='bbox 815 2461 943 2504; x_wconf 75' lang='grc' dir='ltr'><strong><em>δοκῶ</em></strong></span> <span class='ocrx_word' id='word_1_195' title='bbox 977 2477 1098 2504; x_wconf 70' lang='grc' dir='ltr'><strong><em>,ταν-</em></strong></span> 
     </span>
     <span class='ocr_line' id='line_1_29' title="bbox 204 2521 1098 2581; baseline 0 -16"><span class='ocrx_word' id='word_1_196' title='bbox 204 2525 415 2567; x_wconf 80' lang='grc' dir='ltr'><strong><em>τάπασιν</em></strong></span> <span class='ocrx_word' id='word_1_197' title='bbox 437 2521 624 2579; x_wconf 66' lang='grc' dir='ltr'><em>ἀτυχής</em></span> <span class='ocrx_word' id='word_1_198' title='bbox 644 2539 714 2578; x_wconf 82' lang='grc' dir='ltr'>τις</span> <span class='ocrx_word' id='word_1_199' title='bbox 736 2524 859 2568; x_wconf 74' lang='grc' dir='ltr'><strong><em>εἶναι</em></strong></span> <span class='ocrx_word' id='word_1_200' title='bbox 879 2528 961 2567; x_wconf 73' lang='grc' dir='ltr'>καὶ</span> <span class='ocrx_word' id='word_1_201' title='bbox 983 2524 1098 2581; x_wconf 78' lang='grc' dir='ltr'><strong><em>ἁνή-</em></strong></span> 
     </span>
     <span class='ocr_line' id='line_1_30' title="bbox 203 2582 1097 2643; baseline 0.003 -14"><span class='ocrx_word' id='word_1_202' title='bbox 203 2602 402 2640; x_wconf 75' lang='grc' dir='ltr'>κεστος,</span> <span class='ocrx_word' id='word_1_203' title='bbox 449 2582 575 2630; x_wconf 71' lang='grc' dir='ltr'><em>ὥστε</em></span> <span class='ocrx_word' id='word_1_204' title='bbox 611 2587 681 2643; x_wconf 70' lang='grc' dir='ltr'>μὴ</span> <span class='ocrx_word' id='word_1_205' title='bbox 723 2591 985 2641; x_wconf 74' lang='grc' dir='ltr'><strong><em>νουθεσίας</em></strong></span> <span class='ocrx_word' id='word_1_206' title='bbox 1015 2604 1097 2632; x_wconf 86' lang='grc' dir='ltr'>τυ-</span> 
     </span>
     <span class='ocr_line' id='line_1_31' title="bbox 204 2654 1096 2706; baseline 0.002 -13"><span class='ocrx_word' id='word_1_207' title='bbox 204 2657 332 2701; x_wconf 78' lang='grc' dir='ltr'><strong><em>χεῖν;</em></strong></span> <span class='ocrx_word' id='word_1_208' title='bbox 353 2677 398 2681; x_wconf 89' lang='lat'>—-</span> <span class='ocrx_word' id='word_1_209' title='bbox 419 2654 606 2705; x_wconf 77' lang='lat' dir='ltr'>asellum]</span> <span class='ocrx_word' id='word_1_210' title='bbox 634 2656 787 2705; x_wconf 85' lang='lat' dir='ltr'>«quasi</span> <span class='ocrx_word' id='word_1_211' title='bbox 810 2657 931 2695; x_wconf 86' lang='lat' dir='ltr'>esset</span> <span class='ocrx_word' id='word_1_212' title='bbox 953 2666 1096 2706; x_wconf 90' lang='lat' dir='ltr'>equus</span> 
     </span>
     <span class='ocr_line' id='line_1_32' title="bbox 204 2718 1098 2769; baseline 0.002 -13"><span class='ocrx_word' id='word_1_213' title='bbox 204 2727 501 2768; x_wconf 83' lang='lat' dir='ltr'>generosus.»</span> <span class='ocrx_word' id='word_1_214' title='bbox 565 2718 668 2757; x_wconf 89' lang='lat' dir='ltr'>«Est</span> <span class='ocrx_word' id='word_1_215' title='bbox 711 2720 863 2758; x_wconf 88' lang='lat' dir='ltr'>autem</span> <span class='ocrx_word' id='word_1_216' title='bbox 906 2729 1098 2769; x_wconf 78' lang='lat' dir='ltr'>prover-</span> 
     </span>
     <span class='ocr_line' id='line_1_33' title="bbox 203 2778 1098 2821; baseline 0.002 -2"><span class='ocrx_word' id='word_1_217' title='bbox 203 2778 320 2819; x_wconf 89' lang='lat' dir='ltr'>biale</span> <span class='ocrx_word' id='word_1_218' title='bbox 353 2780 561 2819; x_wconf 86' lang='lat' dir='ltr'>schema:</span> <span class='ocrx_word' id='word_1_219' title='bbox 609 2781 755 2821; x_wconf 75' lang='lat' dir='ltr'>docere</span> <span class='ocrx_word' id='word_1_220' title='bbox 790 2782 957 2820; x_wconf 75' lang='lat' dir='ltr'>asinum</span> <span class='ocrx_word' id='word_1_221' title='bbox 995 2793 1098 2821; x_wconf 77' lang='lat' dir='ltr'>cur—</span> 
     </span>
     <span class='ocr_line' id='line_1_34' title="bbox 203 2842 1098 2896; baseline 0.002 -15"><span class='ocrx_word' id='word_1_222' title='bbox 203 2853 341 2882; x_wconf 77' lang='lat' dir='ltr'>rere.»</span> <span class='ocrx_word' id='word_1_223' title='bbox 405 2842 545 2882; x_wconf 79' lang='lat' dir='ltr'>CoMM.</span> <span class='ocrx_word' id='word_1_224' title='bbox 581 2843 712 2889; x_wconf 77' lang='lat' dir='ltr'>CRUQ.</span> <span class='ocrx_word' id='word_1_225' title='bbox 765 2844 977 2884; x_wconf 88' lang='lat' dir='ltr'>Ceterum</span> <span class='ocrx_word' id='word_1_226' title='bbox 996 2856 1098 2896; x_wconf 88' lang='lat' dir='ltr'>per—</span> 
     </span>
     <span class='ocr_line' id='line_1_35' title="bbox 204 2905 1097 2959; baseline 0.004 -16"><span class='ocrx_word' id='word_1_227' title='bbox 204 2905 394 2944; x_wconf 87' lang='lat' dir='ltr'>versitas</span> <span class='ocrx_word' id='word_1_228' title='bbox 424 2905 611 2945; x_wconf 89' lang='lat' dir='ltr'>huiusce</span> <span class='ocrx_word' id='word_1_229' title='bbox 643 2906 809 2958; x_wconf 79' lang='lat' dir='ltr'>incepti</span> <span class='ocrx_word' id='word_1_230' title='bbox 840 2905 985 2947; x_wconf 92' lang='lat' dir='ltr'>elucet</span> <span class='ocrx_word' id='word_1_231' title='bbox 1012 2919 1097 2959; x_wconf 90' lang='lat' dir='ltr'>po-</span> 
     </span>
     <span class='ocr_line' id='line_1_36' title="bbox 206 2967 1095 3020; baseline 0.003 -14"><span class='ocrx_word' id='word_1_232' title='bbox 206 2967 429 3007; x_wconf 83' lang='lat' dir='ltr'>tissimum</span> <span class='ocrx_word' id='word_1_233' title='bbox 470 2979 493 3007; x_wconf 89' lang='lat' dir='ltr'>e</span> <span class='ocrx_word' id='word_1_234' title='bbox 534 2979 577 3007; x_wconf 89' lang='lat' dir='ltr'>v.</span> <span class='ocrx_word' id='word_1_235' title='bbox 609 2968 763 3019; x_wconf 62' lang='lat' dir='ltr'>frenis,</span> <span class='ocrx_word' id='word_1_236' title='bbox 812 2971 938 3020; x_wconf 85' lang='lat' dir='ltr'>quasi</span> <span class='ocrx_word' id='word_1_237' title='bbox 985 2981 1095 3010; x_wconf 71' lang='lat' dir='ltr'>vero</span> 
     </span>
     <span class='ocr_line' id='line_1_37' title="bbox 206 3029 1096 3080; baseline 0.006 -12"><span class='ocrx_word' id='word_1_238' title='bbox 206 3029 276 3069; x_wconf 90' lang='lat' dir='ltr'>his</span> <span class='ocrx_word' id='word_1_239' title='bbox 306 3030 453 3080; x_wconf 88' lang='lat' dir='ltr'>potius</span> <span class='ocrx_word' id='word_1_240' title='bbox 485 3041 622 3080; x_wconf 90' lang='lat' dir='ltr'>quam</span> <span class='ocrx_word' id='word_1_241' title='bbox 653 3031 903 3073; x_wconf 86' lang='lat' dir='ltr'>calcaribus</span> <span class='ocrx_word' id='word_1_242' title='bbox 935 3035 978 3073; x_wconf 84' lang='lat' dir='ltr'>et</span> <span class='ocrx_word' id='word_1_243' title='bbox 1013 3033 1096 3072; x_wconf 88' lang='lat' dir='ltr'>ssa—</span> 
     </span>
     <span class='ocr_line' id='line_1_38' title="bbox 208 3091 1094 3149; baseline 0.006 -18"><span class='ocrx_word' id='word_1_244' title='bbox 208 3091 332 3144; x_wconf 87' lang='lat' dir='ltr'>gellis</span> <span class='ocrx_word' id='word_1_245' title='bbox 353 3091 516 3132; x_wconf 80' lang='lat' dir='ltr'>asellus</span> <span class='ocrx_word' id='word_1_246' title='bbox 537 3093 770 3145; x_wconf 81' lang='lat' dir='ltr'>indigeret.</span> <span class='ocrx_word' id='word_1_247' title='bbox 794 3119 839 3123; x_wconf 85' lang='lat'>—-</span> <span class='ocrx_word' id='word_1_248' title='bbox 858 3096 906 3134; x_wconf 83' lang='lat' dir='ltr'>In</span> <span class='ocrx_word' id='word_1_249' title='bbox 923 3096 1094 3149; x_wconf 81' lang='lat' dir='ltr'>Campo]</span> 
     </span>
     <span class='ocr_line' id='line_1_39' title="bbox 207 3155 1092 3208; baseline 0.003 -13"><span class='ocrx_word' id='word_1_250' title='bbox 207 3155 388 3204; x_wconf 85' lang='lat' dir='ltr'>Martio,</span> <span class='ocrx_word' id='word_1_251' title='bbox 422 3157 472 3194; x_wconf 93' lang='lat' dir='ltr'>ut</span> <span class='ocrx_word' id='word_1_252' title='bbox 502 3155 581 3194; x_wconf 93' lang='lat' dir='ltr'>Od.</span> <span class='ocrx_word' id='word_1_253' title='bbox 616 3157 664 3206; x_wconf 96' lang='grc'>4,</span> <span class='ocrx_word' id='word_1_254' title='bbox 698 3157 743 3206; x_wconf 87' lang='grc'>8,</span> <span class='ocrx_word' id='word_1_255' title='bbox 777 3156 817 3198; x_wconf 81' lang='grc'>4.</span> <span class='ocrx_word' id='word_1_256' title='bbox 858 3157 907 3207; x_wconf 87' lang='grc'>3,</span> <span class='ocrx_word' id='word_1_257' title='bbox 944 3159 991 3208; x_wconf 91' lang='grc'>4,</span> <span class='ocrx_word' id='word_1_258' title='bbox 1026 3159 1092 3198; x_wconf 94' lang='grc'>44.</span> 
     </span>
     <span class='ocr_line' id='line_1_40' title="bbox 208 3218 1094 3270; baseline 0.002 -13"><span class='ocrx_word' id='word_1_259' title='bbox 208 3218 354 3258; x_wconf 90' lang='lat' dir='ltr'>Etiam</span> <span class='ocrx_word' id='word_1_260' title='bbox 385 3218 430 3257; x_wconf 90' lang='lat' dir='ltr'>in</span> <span class='ocrx_word' id='word_1_261' title='bbox 459 3228 593 3269; x_wconf 85' lang='lat' dir='ltr'>prosa</span> <span class='ocrx_word' id='word_1_262' title='bbox 618 3229 683 3258; x_wconf 86' lang='lat' dir='ltr'>or.</span> <span class='ocrx_word' id='word_1_263' title='bbox 710 3221 799 3260; x_wconf 90' lang='lat' dir='ltr'>Cic.</span> <span class='ocrx_word' id='word_1_264' title='bbox 826 3220 949 3261; x_wconf 86' lang='lat' dir='ltr'>Catil.</span> <span class='ocrx_word' id='word_1_265' title='bbox 974 3222 1021 3270; x_wconf 71' lang='lat'>2,</span> <span class='ocrx_word' id='word_1_266' title='bbox 1047 3222 1062 3261; x_wconf 93' lang='grc'><strong>4</strong></span> <span class='ocrx_word' id='word_1_267' title='bbox 1086 3233 1094 3259; x_wconf 91' lang='lat'>:</span> 
     </span>
     <span class='ocr_line' id='line_1_41' title="bbox 209 3281 1099 3333; baseline 0.003 -13"><span class='ocrx_word' id='word_1_268' title='bbox 209 3292 294 3320; x_wconf 73' lang='lat' dir='ltr'>non</span> <span class='ocrx_word' id='word_1_269' title='bbox 323 3281 368 3320; x_wconf 76' lang='lat' dir='ltr'>in</span> <span class='ocrx_word' id='word_1_270' title='bbox 399 3282 577 3330; x_wconf 75' lang='lat' dir='ltr'>Campo,</span> <span class='ocrx_word' id='word_1_271' title='bbox 609 3292 692 3320; x_wconf 77' lang='lat' dir='ltr'>non</span> <span class='ocrx_word' id='word_1_272' title='bbox 721 3282 766 3321; x_wconf 78' lang='lat' dir='ltr'>in</span> <span class='ocrx_word' id='word_1_273' title='bbox 793 3283 910 3333; x_wconf 77' lang='lat' dir='ltr'>foro,</span> <span class='ocrx_word' id='word_1_274' title='bbox 941 3295 1026 3323; x_wconf 72' lang='lat' dir='ltr'>non</span> <span class='ocrx_word' id='word_1_275' title='bbox 1054 3284 1099 3323; x_wconf 78' lang='lat' dir='ltr'>in</span> 
     </span>
     <span class='ocr_line' id='line_1_42' title="bbox 211 3342 1099 3397; baseline 0.002 -14"><span class='ocrx_word' id='word_1_276' title='bbox 211 3344 349 3383; x_wconf 75' lang='lat' dir='ltr'>curia.</span> <span class='ocrx_word' id='word_1_277' title='bbox 411 3342 491 3383; x_wconf 87' lang='lat' dir='ltr'>Alii</span> <span class='ocrx_word' id='word_1_278' title='bbox 529 3343 676 3383; x_wconf 81' lang='lat' dir='ltr'>minus</span> <span class='ocrx_word' id='word_1_279' title='bbox 713 3346 836 3384; x_wconf 85' lang='lat' dir='ltr'>recte</span> <span class='ocrx_word' id='word_1_280' title='bbox 876 3346 1099 3397; x_wconf 88' lang='lat' dir='ltr'>interpre-</span> 
     </span>
     <span class='ocr_line' id='line_1_43' title="bbox 213 3405 1095 3458; baseline 0.002 -13"><span class='ocrx_word' id='word_1_281' title='bbox 213 3408 362 3446; x_wconf 88' lang='lat' dir='ltr'>tantur</span> <span class='ocrx_word' id='word_1_282' title='bbox 392 3406 449 3446; x_wconf 89' lang='lat' dir='ltr'>de</span> <span class='ocrx_word' id='word_1_283' title='bbox 471 3406 628 3458; x_wconf 85' lang='lat' dir='ltr'>quavis</span> <span class='ocrx_word' id='word_1_284' title='bbox 658 3405 855 3457; x_wconf 85' lang='lat' dir='ltr'>planitie,</span> <span class='ocrx_word' id='word_1_285' title='bbox 888 3410 936 3447; x_wconf 88' lang='lat' dir='ltr'>ut</span> <span class='ocrx_word' id='word_1_286' title='bbox 959 3407 1095 3449; x_wconf 85' lang='lat' dir='ltr'>Wolf:</span> 
     </span>
     <span class='ocr_line' id='line_1_44' title="bbox 214 3469 1100 3521; baseline 0.001 -13"><span class='ocrx_word' id='word_1_287' title='bbox 214 3471 272 3509; x_wconf 78' lang='lat' dir='ltr'>im</span> <span class='ocrx_word' id='word_1_288' title='bbox 299 3470 533 3521; x_wconf 77' lang='lat' dir='ltr'>Blachfelcl3</span> <span class='ocrx_word' id='word_1_289' title='bbox 567 3469 649 3509; x_wconf 88' lang='lat' dir='ltr'>sed</span> <span class='ocrx_word' id='word_1_290' title='bbox 670 3479 812 3520; x_wconf 88' lang='lat' dir='ltr'>equos</span> <span class='ocrx_word' id='word_1_291' title='bbox 834 3470 1100 3510; x_wconf 83' lang='lat' dir='ltr'>exercitatos</span> 
     </span>
     <span class='ocr_line' id='line_1_45' title="bbox 312 3545 984 3582; baseline 0.003 -2"><span class='ocrx_word' id='word_1_292' title='bbox 312 3546 465 3582; x_wconf 67' lang='lat' dir='ltr'>HonA‘r.</span> <span class='ocrx_word' id='word_1_293' title='bbox 494 3556 585 3582; x_wconf 63' lang='lat' dir='ltr'>von.</span> <span class='ocrx_word' id='word_1_294' title='bbox 615 3546 659 3582; x_wconf 90' lang='lat' dir='ltr'>II.</span> <span class='ocrx_word' id='word_1_295' title='bbox 713 3555 778 3580; x_wconf 73' lang='lat' dir='ltr'>En.</span> <span class='ocrx_word' id='word_1_296' title='bbox 808 3555 893 3582; x_wconf 69' lang='lat' dir='ltr'>MAI.</span> <span class='ocrx_word' id='word_1_297' title='bbox 924 3545 984 3582; x_wconf 85' lang='grc' dir='ltr'><strong>ΙΙΙ.</strong></span> 
     </span>
    </p>
   </div>
   <div class='ocr_carea' id='block_1_8' title="bbox 1157 1710 2053 3569">
    <p class='ocr_par' dir='ltr' id='par_1_8' title="bbox 1157 1710 2047 1823">
     <span class='ocr_line' id='line_1_46' title="bbox 1157 1710 2047 1763; baseline 0 -13"><span class='ocrx_word' id='word_1_298' title='bbox 1157 1721 1258 1751; x_wconf 90' lang='lat' dir='ltr'>esse</span> <span class='ocrx_word' id='word_1_299' title='bbox 1300 1710 1344 1750; x_wconf 92' lang='lat' dir='ltr'>in</span> <span class='ocrx_word' id='word_1_300' title='bbox 1377 1710 1546 1763; x_wconf 87' lang='lat' dir='ltr'>Campo</span> <span class='ocrx_word' id='word_1_301' title='bbox 1588 1710 1741 1751; x_wconf 85' lang='lat' dir='ltr'>Martio</span> <span class='ocrx_word' id='word_1_302' title='bbox 1774 1711 1945 1751; x_wconf 83' lang='lat' dir='ltr'>constat</span> <span class='ocrx_word' id='word_1_303' title='bbox 1975 1710 2047 1750; x_wconf 73' lang='lat' dir='ltr'>vel</span> 
     </span>
     <span class='ocr_line' id='line_1_47' title="bbox 1158 1773 1833 1823; baseline 0 -10"><span class='ocrx_word' id='word_1_304' title='bbox 1158 1785 1211 1813; x_wconf 77' lang='lat' dir='ltr'>ex</span> <span class='ocrx_word' id='word_1_305' title='bbox 1242 1773 1321 1813; x_wconf 88' lang='lat' dir='ltr'>Od.</span> <span class='ocrx_word' id='word_1_306' title='bbox 1357 1775 1406 1823; x_wconf 88' lang='grc'>4,</span> <span class='ocrx_word' id='word_1_307' title='bbox 1440 1774 1490 1822; x_wconf 89' lang='lat'>8,</span> <span class='ocrx_word' id='word_1_308' title='bbox 1525 1774 1564 1813; x_wconf 79' lang='lat'>5.</span> <span class='ocrx_word' id='word_1_309' title='bbox 1599 1773 1646 1822; x_wconf 88' lang='lat'>3,</span> <span class='ocrx_word' id='word_1_310' title='bbox 1684 1774 1758 1821; x_wconf 70' lang='grc'>42,</span> <span class='ocrx_word' id='word_1_311' title='bbox 1793 1774 1833 1814; x_wconf 84' lang='grc'>8.</span> 
     </span>
    </p>

    <p class='ocr_par' dir='ltr' id='par_1_9' title="bbox 1157 1835 2053 3518">
     <span class='ocr_line' id='line_1_48' title="bbox 1213 1835 2046 1888; baseline 0.002 -13"><span class='ocrx_word' id='word_1_312' title='bbox 1213 1835 1360 1876; x_wconf 74' lang='lat'>92-94·.</span> <span class='ocrx_word' id='word_1_313' title='bbox 1407 1836 1610 1888; x_wconf 75' lang='lat' dir='ltr'>Denique]</span> <span class='ocrx_word' id='word_1_314' title='bbox 1647 1836 1764 1876; x_wconf 90' lang='lat' dir='ltr'>Cave</span> <span class='ocrx_word' id='word_1_315' title='bbox 1798 1836 2046 1878; x_wconf 85' lang='lat' dir='ltr'>confundas</span> 
     </span>
     <span class='ocr_line' id='line_1_49' title="bbox 1158 1898 2047 1951; baseline 0.001 -12"><span class='ocrx_word' id='word_1_316' title='bbox 1158 1911 1263 1939; x_wconf 91' lang='lat' dir='ltr'>cum</span> <span class='ocrx_word' id='word_1_317' title='bbox 1298 1901 1411 1951; x_wconf 85' lang='lat' dir='ltr'>part.</span> <span class='ocrx_word' id='word_1_318' title='bbox 1446 1900 1615 1939; x_wconf 79' lang='lat' dir='ltr'>tandem</span> <span class='ocrx_word' id='word_1_319' title='bbox 1651 1898 1959 1951; x_wconf 89' lang='lat' dir='ltr'>intelligasque</span> <span class='ocrx_word' id='word_1_320' title='bbox 1991 1901 2047 1940; x_wconf 88' lang='lat' dir='ltr'>de</span> 
     </span>
     <span class='ocr_line' id='line_1_50' title="bbox 1157 1961 2047 2014; baseline 0.001 -12"><span class='ocrx_word' id='word_1_321' title='bbox 1157 1964 1379 2014; x_wconf 86' lang='lat' dir='ltr'>tempore.</span> <span class='ocrx_word' id='word_1_322' title='bbox 1442 1961 1535 2002; x_wconf 76' lang='lat' dir='ltr'>Est:</span> <span class='ocrx_word' id='word_1_323' title='bbox 1586 1964 1744 2013; x_wconf 87' lang='lat' dir='ltr'>«atque</span> <span class='ocrx_word' id='word_1_324' title='bbox 1790 1962 1906 2002; x_wconf 90' lang='lat' dir='ltr'>haec</span> <span class='ocrx_word' id='word_1_325' title='bbox 1934 1963 2047 2004; x_wconf 86' lang='lat' dir='ltr'>adeo</span> 
     </span>
     <span class='ocr_line' id='line_1_51' title="bbox 1158 2028 2048 2077; baseline 0.001 -11"><span class='ocrx_word' id='word_1_326' title='bbox 1158 2037 1335 2066; x_wconf 87' lang='lat' dir='ltr'>summa</span> <span class='ocrx_word' id='word_1_327' title='bbox 1386 2028 1454 2066; x_wconf 91' lang='lat' dir='ltr'>est</span> <span class='ocrx_word' id='word_1_328' title='bbox 1509 2028 1859 2077; x_wconf 85' lang='lat' dir='ltr'>praeceptorum</span> <span class='ocrx_word' id='word_1_329' title='bbox 1919 2038 2048 2068; x_wconf 88' lang='lat' dir='ltr'>meo-</span> 
     </span>
     <span class='ocr_line' id='line_1_52' title="bbox 1157 2089 2050 2140; baseline 0.002 -12"><span class='ocrx_word' id='word_1_330' title='bbox 1157 2100 1303 2137; x_wconf 65' lang='lat' dir='ltr'>rum»,</span> <span class='ocrx_word' id='word_1_331' title='bbox 1339 2089 1403 2128; x_wconf 72' lang='lat' dir='ltr'>(lie</span> <span class='ocrx_word' id='word_1_332' title='bbox 1433 2089 1558 2140; x_wconf 68' lang='lat' dir='ltr'>Folqe</span> <span class='ocrx_word' id='word_1_333' title='bbox 1586 2100 1668 2128; x_wconf 80' lang='lat' dir='ltr'>von</span> <span class='ocrx_word' id='word_1_334' title='bbox 1698 2089 1823 2128; x_wconf 70' lang='lat' dir='ltr'>(illem</span> <span class='ocrx_word' id='word_1_335' title='bbox 1853 2090 1944 2129; x_wconf 84' lang='lat' dir='ltr'>dem</span> <span class='ocrx_word' id='word_1_336' title='bbox 1973 2091 2050 2130; x_wconf 74' lang='lat' dir='ltr'>mit</span> 
     </span>
     <span class='ocr_line' id='line_1_53' title="bbox 1157 2151 2044 2203; baseline 0.001 -12"><span class='ocrx_word' id='word_1_337' title='bbox 1157 2153 1306 2192; x_wconf 74' lang='lat' dir='ltr'>Einem</span> <span class='ocrx_word' id='word_1_338' title='bbox 1339 2152 1474 2193; x_wconf 71' lang='lat' dir='ltr'>IVort.</span> <span class='ocrx_word' id='word_1_339' title='bbox 1509 2151 1636 2192; x_wconf 91' lang='lat' dir='ltr'>Hand</span> <span class='ocrx_word' id='word_1_340' title='bbox 1657 2152 1781 2191; x_wconf 90' lang='lat' dir='ltr'>Turs.</span> <span class='ocrx_word' id='word_1_341' title='bbox 1806 2153 1857 2191; x_wconf 94' lang='grc' dir='ltr'>ΙΙ.</span> <span class='ocrx_word' id='word_1_342' title='bbox 1880 2163 1924 2203; x_wconf 89' lang='lat' dir='ltr'>p.</span> <span class='ocrx_word' id='word_1_343' title='bbox 1950 2153 2044 2192; x_wconf 67' lang='lat'>272.</span> 
     </span>
     <span class='ocr_line' id='line_1_54' title="bbox 1163 2213 2047 2268; baseline -0.001 -12"><span class='ocrx_word' id='word_1_344' title='bbox 1163 2239 1208 2244; x_wconf 91' lang='lat'><em>-</em></span> <span class='ocrx_word' id='word_1_345' title='bbox 1253 2216 1351 2268; x_wconf 74' lang='lat' dir='ltr'>finis</span> <span class='ocrx_word' id='word_1_346' title='bbox 1394 2215 1642 2266; x_wconf 75' lang='lat' dir='ltr'>quaerendi]</span> <span class='ocrx_word' id='word_1_347' title='bbox 1690 2213 1825 2254; x_wconf 89' lang='lat' dir='ltr'>Lucil.</span> <span class='ocrx_word' id='word_1_348' title='bbox 1873 2216 2047 2266; x_wconf 80' lang='lat' dir='ltr'>Fragm.</span> 
     </span>
     <span class='ocr_line' id='line_1_55' title="bbox 1159 2278 2051 2330; baseline -0.002 -12"><span class='ocrx_word' id='word_1_349' title='bbox 1159 2280 1245 2318; x_wconf 89' lang='lat' dir='ltr'>inc.</span> <span class='ocrx_word' id='word_1_350' title='bbox 1282 2280 1327 2327; x_wconf 95' lang='grc'>4,</span> <span class='ocrx_word' id='word_1_351' title='bbox 1362 2279 1406 2319; x_wconf 89' lang='grc'>6;</span> <span class='ocrx_word' id='word_1_352' title='bbox 1444 2279 1583 2318; x_wconf 67' lang='lat' dir='ltr'>Virtus</span> <span class='ocrx_word' id='word_1_353' title='bbox 1614 2279 1881 2327; x_wconf 75' lang='lat' dir='ltr'>quaerendae</span> <span class='ocrx_word' id='word_1_354' title='bbox 1910 2278 1972 2318; x_wconf 77' lang='lat' dir='ltr'>rei</span> <span class='ocrx_word' id='word_1_355' title='bbox 1996 2279 2051 2330; x_wconf 78' lang='lat' dir='ltr'>fi-</span> 
     </span>
     <span class='ocr_line' id='line_1_56' title="bbox 1158 2341 2051 2389; baseline 0.001 -11"><span class='ocrx_word' id='word_1_356' title='bbox 1158 2352 1254 2380; x_wconf 59' lang='lat' dir='ltr'>nem,</span> <span class='ocrx_word' id='word_1_357' title='bbox 1296 2341 1402 2379; x_wconf 78' lang='lat' dir='ltr'>scire</span> <span class='ocrx_word' id='word_1_358' title='bbox 1446 2342 1711 2389; x_wconf 69' lang='lat' dir='ltr'>modumque.</span> <span class='ocrx_word' id='word_1_359' title='bbox 1772 2362 1819 2369; x_wconf 87' lang='lat'>-—</span> <span class='ocrx_word' id='word_1_360' title='bbox 1875 2351 2051 2389; x_wconf 76' lang='lat' dir='ltr'>cumque</span> 
     </span>
     <span class='ocr_line' id='line_1_57' title="bbox 1158 2400 2049 2453; baseline 0.001 -12"><span class='ocrx_word' id='word_1_361' title='bbox 1158 2403 1312 2441; x_wconf 80' lang='lat' dir='ltr'>habeas</span> <span class='ocrx_word' id='word_1_362' title='bbox 1325 2401 1436 2453; x_wconf 75' lang='lat' dir='ltr'>plus]</span> <span class='ocrx_word' id='word_1_363' title='bbox 1463 2403 1533 2441; x_wconf 87' lang='lat' dir='ltr'>«et</span> <span class='ocrx_word' id='word_1_364' title='bbox 1554 2402 1764 2452; x_wconf 88' lang='lat' dir='ltr'>quoniam</span> <span class='ocrx_word' id='word_1_365' title='bbox 1788 2400 1889 2453; x_wconf 85' lang='lat' dir='ltr'>plus</span> <span class='ocrx_word' id='word_1_366' title='bbox 1906 2402 2049 2442; x_wconf 84' lang='lat' dir='ltr'>habes</span> 
     </span>
     <span class='ocr_line' id='line_1_58' title="bbox 1161 2466 2050 2516; baseline 0.003 -13"><span class='ocrx_word' id='word_1_367' title='bbox 1161 2476 1299 2516; x_wconf 88' lang='lat' dir='ltr'>quam</span> <span class='ocrx_word' id='word_1_368' title='bbox 1331 2476 1383 2504; x_wconf 93' lang='lat' dir='ltr'>eo</span> <span class='ocrx_word' id='word_1_369' title='bbox 1424 2466 1655 2516; x_wconf 87' lang='lat' dir='ltr'>tempore,</span> <span class='ocrx_word' id='word_1_370' title='bbox 1704 2476 1793 2515; x_wconf 89' lang='lat' dir='ltr'>quo</span> <span class='ocrx_word' id='word_1_371' title='bbox 1840 2466 2050 2516; x_wconf 79' lang='lat' dir='ltr'>egestatis</span> 
     </span>
     <span class='ocr_line' id='line_1_59' title="bbox 1161 2528 2046 2579; baseline 0 -11"><span class='ocrx_word' id='word_1_372' title='bbox 1161 2530 1286 2568; x_wconf 89' lang='lat' dir='ltr'>metu</span> <span class='ocrx_word' id='word_1_373' title='bbox 1331 2539 1440 2579; x_wconf 89' lang='lat' dir='ltr'>opes</span> <span class='ocrx_word' id='word_1_374' title='bbox 1486 2538 1707 2578; x_wconf 85' lang='lat' dir='ltr'>quaerere</span> <span class='ocrx_word' id='word_1_375' title='bbox 1754 2528 2046 2579; x_wconf 82' lang='lat' dir='ltr'>incipiebas.»</span> 
     </span>
     <span class='ocr_line' id='line_1_60' title="bbox 1161 2591 2049 2641; baseline 0.001 -11"><span class='ocrx_word' id='word_1_376' title='bbox 1161 2591 1269 2631; x_wconf 87' lang='lat' dir='ltr'>Mira</span> <span class='ocrx_word' id='word_1_377' title='bbox 1316 2592 1383 2630; x_wconf 89' lang='lat' dir='ltr'>est</span> <span class='ocrx_word' id='word_1_378' title='bbox 1428 2591 1588 2630; x_wconf 87' lang='lat' dir='ltr'>Mureti</span> <span class='ocrx_word' id='word_1_379' title='bbox 1620 2591 1734 2630; x_wconf 84' lang='lat' dir='ltr'>coni.</span> <span class='ocrx_word' id='word_1_380' title='bbox 1770 2602 1957 2641; x_wconf 76' lang='lat' dir='ltr'>quoque,</span> <span class='ocrx_word' id='word_1_381' title='bbox 2006 2592 2049 2631; x_wconf 89' lang='lat' dir='ltr'>in</span> 
     </span>
     <span class='ocr_line' id='line_1_61' title="bbox 1160 2653 2047 2706; baseline 0.002 -13"><span class='ocrx_word' id='word_1_382' title='bbox 1160 2653 1281 2694; x_wconf 92' lang='lat' dir='ltr'>nullo</span> <span class='ocrx_word' id='word_1_383' title='bbox 1312 2653 1459 2693; x_wconf 90' lang='lat' dir='ltr'>adhuc</span> <span class='ocrx_word' id='word_1_384' title='bbox 1488 2653 1651 2694; x_wconf 85' lang='lat' dir='ltr'>Codice</span> <span class='ocrx_word' id='word_1_385' title='bbox 1673 2656 1866 2706; x_wconf 84' lang='lat' dir='ltr'>reperta,</span> <span class='ocrx_word' id='word_1_386' title='bbox 1900 2655 1946 2694; x_wconf 89' lang='lat' dir='ltr'>id</span> <span class='ocrx_word' id='word_1_387' title='bbox 1967 2657 2047 2703; x_wconf 87' lang='lat' dir='ltr'>est,</span> 
     </span>
     <span class='ocr_line' id='line_1_62' title="bbox 1163 2715 2050 2768; baseline 0.006 -15"><span class='ocrx_word' id='word_1_388' title='bbox 1163 2719 1233 2756; x_wconf 89' lang='lat' dir='ltr'>«et</span> <span class='ocrx_word' id='word_1_389' title='bbox 1278 2728 1366 2768; x_wconf 91' lang='lat' dir='ltr'>quo</span> <span class='ocrx_word' id='word_1_390' title='bbox 1406 2715 1505 2768; x_wconf 90' lang='lat' dir='ltr'>plus</span> <span class='ocrx_word' id='word_1_391' title='bbox 1545 2716 1760 2766; x_wconf 83' lang='lat' dir='ltr'>habebis,</span> <span class='ocrx_word' id='word_1_392' title='bbox 1810 2729 1862 2757; x_wconf 92' lang='lat' dir='ltr'>eo</span> <span class='ocrx_word' id='word_1_393' title='bbox 1901 2719 2050 2758; x_wconf 87' lang='lat' dir='ltr'>minus</span> 
     </span>
     <span class='ocr_line' id='line_1_63' title="bbox 1160 2778 2049 2832; baseline 0.003 -13"><span class='ocrx_word' id='word_1_394' title='bbox 1160 2779 1403 2819; x_wconf 84' lang='lat' dir='ltr'>metuenda</span> <span class='ocrx_word' id='word_1_395' title='bbox 1434 2778 1513 2818; x_wconf 90' lang='lat' dir='ltr'>tibi</span> <span class='ocrx_word' id='word_1_396' title='bbox 1545 2780 1628 2819; x_wconf 88' lang='lat' dir='ltr'>erit</span> <span class='ocrx_word' id='word_1_397' title='bbox 1645 2782 1908 2831; x_wconf 84' lang='lat' dir='ltr'>paupertas;</span> <span class='ocrx_word' id='word_1_398' title='bbox 1943 2793 2049 2832; x_wconf 88' lang='lat' dir='ltr'>ergo</span> 
     </span>
     <span class='ocr_line' id='line_1_64' title="bbox 1161 2842 2051 2894; baseline 0.002 -11"><span class='ocrx_word' id='word_1_399' title='bbox 1161 2842 1371 2889; x_wconf 86' lang='lat' dir='ltr'>corrade‚</span> <span class='ocrx_word' id='word_1_400' title='bbox 1425 2844 1644 2893; x_wconf 88' lang='lat' dir='ltr'>quantum</span> <span class='ocrx_word' id='word_1_401' title='bbox 1697 2845 1882 2894; x_wconf 88' lang='lat' dir='ltr'>potes.»</span> <span class='ocrx_word' id='word_1_402' title='bbox 1957 2846 2051 2885; x_wconf 88' lang='lat' dir='ltr'>Hoc</span> 
     </span>
     <span class='ocr_line' id='line_1_65' title="bbox 1160 2905 2048 2956; baseline 0.002 -12"><span class='ocrx_word' id='word_1_403' title='bbox 1160 2915 1297 2956; x_wconf 87' lang='lat' dir='ltr'>quam</span> <span class='ocrx_word' id='word_1_404' title='bbox 1339 2905 1562 2945; x_wconf 89' lang='lat' dir='ltr'>absonum</span> <span class='ocrx_word' id='word_1_405' title='bbox 1599 2907 1655 2946; x_wconf 88' lang='lat' dir='ltr'>sit</span> <span class='ocrx_word' id='word_1_406' title='bbox 1691 2907 1890 2947; x_wconf 88' lang='lat' dir='ltr'>sentiens</span> <span class='ocrx_word' id='word_1_407' title='bbox 1927 2907 1964 2947; x_wconf 92' lang='lat' dir='ltr'>J.</span> <span class='ocrx_word' id='word_1_408' title='bbox 1997 2910 2048 2948; x_wconf 89' lang='lat' dir='ltr'>A.</span> 
     </span>
     <span class='ocr_line' id='line_1_66' title="bbox 1161 2968 2053 3019; baseline 0.003 -12"><span class='ocrx_word' id='word_1_409' title='bbox 1161 2968 1374 3008; x_wconf 86' lang='lat' dir='ltr'>Schaefer</span> <span class='ocrx_word' id='word_1_410' title='bbox 1403 2969 1721 3019; x_wconf 88' lang='lat' dir='ltr'>interpretatus</span> <span class='ocrx_word' id='word_1_411' title='bbox 1764 2970 1856 3008; x_wconf 85' lang='lat' dir='ltr'>est:</span> <span class='ocrx_word' id='word_1_412' title='bbox 1905 2971 1975 3010; x_wconf 89' lang='lat' dir='ltr'>«et</span> <span class='ocrx_word' id='word_1_413' title='bbox 2004 2972 2053 3010; x_wconf 86' lang='lat' dir='ltr'>ut</span> 
     </span>
     <span class='ocr_line' id='line_1_67' title="bbox 1160 3030 2049 3083; baseline 0.002 -13"><span class='ocrx_word' id='word_1_414' title='bbox 1160 3031 1356 3070; x_wconf 87' lang='lat' dir='ltr'>maiores</span> <span class='ocrx_word' id='word_1_415' title='bbox 1394 3030 1564 3070; x_wconf 86' lang='lat' dir='ltr'>habeas</span> <span class='ocrx_word' id='word_1_416' title='bbox 1604 3030 1777 3070; x_wconf 88' lang='lat' dir='ltr'>divitias</span> <span class='ocrx_word' id='word_1_417' title='bbox 1807 3031 2049 3083; x_wconf 91' lang='lat' dir='ltr'>minusque</span> 
     </span>
     <span class='ocr_line' id='line_1_68' title="bbox 1160 3093 2051 3144; baseline 0.002 -13"><span class='ocrx_word' id='word_1_418' title='bbox 1160 3093 1426 3144; x_wconf 86' lang='lat' dir='ltr'>pauperiem</span> <span class='ocrx_word' id='word_1_419' title='bbox 1462 3094 1662 3142; x_wconf 87' lang='lat' dir='ltr'>metuas,</span> <span class='ocrx_word' id='word_1_420' title='bbox 1705 3096 1864 3133; x_wconf 76' lang='lat' dir='ltr'>coerce</span> <span class='ocrx_word' id='word_1_421' title='bbox 1904 3095 2051 3133; x_wconf 76' lang='lat' dir='ltr'>avari—</span> 
     </span>
     <span class='ocr_line' id='line_1_69' title="bbox 1160 3154 2051 3208; baseline 0.002 -14"><span class='ocrx_word' id='word_1_422' title='bbox 1160 3156 1319 3204; x_wconf 79' lang='lat' dir='ltr'>tiam3»</span> <span class='ocrx_word' id='word_1_423' title='bbox 1343 3155 1498 3205; x_wconf 89' lang='lat' dir='ltr'>utique</span> <span class='ocrx_word' id='word_1_424' title='bbox 1516 3166 1660 3207; x_wconf 88' lang='lat' dir='ltr'>aeque</span> <span class='ocrx_word' id='word_1_425' title='bbox 1682 3154 1899 3207; x_wconf 87' lang='lat' dir='ltr'>populare</span> <span class='ocrx_word' id='word_1_426' title='bbox 1921 3168 2051 3208; x_wconf 92' lang='lat' dir='ltr'>prae—</span> 
     </span>
     <span class='ocr_line' id='line_1_70' title="bbox 1162 3216 2042 3269; baseline 0.001 -12"><span class='ocrx_word' id='word_1_427' title='bbox 1162 3219 1344 3269; x_wconf 90' lang='lat' dir='ltr'>ceptum</span> <span class='ocrx_word' id='word_1_428' title='bbox 1366 3218 1500 3268; x_wconf 79' lang='lat' dir='ltr'>atque</span> <span class='ocrx_word' id='word_1_429' title='bbox 1523 3216 1630 3257; x_wconf 92' lang='lat' dir='ltr'>illud</span> <span class='ocrx_word' id='word_1_430' title='bbox 1651 3217 1873 3258; x_wconf 83' lang='lat' dir='ltr'>Plutarchi</span> <span class='ocrx_word' id='word_1_431' title='bbox 1896 3218 1951 3258; x_wconf 91' lang='lat' dir='ltr'>de</span> <span class='ocrx_word' id='word_1_432' title='bbox 1970 3219 2042 3258; x_wconf 83' lang='lat' dir='ltr'>vit.</span> 
     </span>
     <span class='ocr_line' id='line_1_71' title="bbox 1162 3273 2047 3334; baseline -0.001 -15"><span class='ocrx_word' id='word_1_433' title='bbox 1162 3291 1267 3320; x_wconf 86' lang='lat' dir='ltr'>aere</span> <span class='ocrx_word' id='word_1_434' title='bbox 1290 3279 1344 3320; x_wconf 87' lang='lat' dir='ltr'>al.</span> <span class='ocrx_word' id='word_1_435' title='bbox 1367 3280 1416 3320; x_wconf 87' lang='lat'>8:</span> <span class='ocrx_word' id='word_1_436' title='bbox 1448 3277 1590 3334; x_wconf 76' lang='grc' dir='ltr'><strong><em>γενοῦ</em></strong></span> <span class='ocrx_word' id='word_1_437' title='bbox 1621 3273 1845 3331; x_wconf 76' lang='grc' dir='ltr'>ἄδουλος,</span> <span class='ocrx_word' id='word_1_438' title='bbox 1881 3279 1959 3320; x_wconf 74' lang='grc' dir='ltr'>ἵνα</span> <span class='ocrx_word' id='word_1_439' title='bbox 1976 3276 2047 3333; x_wconf 73' lang='grc' dir='ltr'>μὴ</span> 
     </span>
     <span class='ocr_line' id='line_1_72' title="bbox 1161 3333 2047 3399; baseline -0.001 -17"><span class='ocrx_word' id='word_1_440' title='bbox 1161 3341 1336 3394; x_wconf 77' lang='grc' dir='ltr'><strong><em>δοῦλος</em></strong></span> <span class='ocrx_word' id='word_1_441' title='bbox 1363 3333 1441 3399; x_wconf 71' lang='grc' dir='ltr'>ᾖς,</span> <span class='ocrx_word' id='word_1_442' title='bbox 1473 3343 1556 3383; x_wconf 81' lang='grc' dir='ltr'>καὶ</span> <span class='ocrx_word' id='word_1_443' title='bbox 1585 3337 1834 3396; x_wconf 74' lang='grc' dir='ltr'>ἀκτήμων,</span> <span class='ocrx_word' id='word_1_444' title='bbox 1870 3341 1947 3381; x_wconf 73' lang='grc' dir='ltr'>ἵνα</span> <span class='ocrx_word' id='word_1_445' title='bbox 1975 3339 2047 3395; x_wconf 75' lang='grc' dir='ltr'>μὴ</span> 
     </span>
     <span class='ocr_line' id='line_1_73' title="bbox 1162 3398 2052 3464; baseline -0.002 -18"><span class='ocrx_word' id='word_1_446' title='bbox 1162 3403 1327 3459; x_wconf 72' lang='grc' dir='ltr'><em>κτῆμα</em></span> <span class='ocrx_word' id='word_1_447' title='bbox 1355 3399 1416 3464; x_wconf 77' lang='grc' dir='ltr'>ᾖς</span> <span class='ocrx_word' id='word_1_448' title='bbox 1445 3398 1610 3446; x_wconf 74' lang='grc' dir='ltr'>ἄλλου.</span> <span class='ocrx_word' id='word_1_449' title='bbox 1654 3405 1871 3444; x_wconf 83' lang='lat' dir='ltr'>Latinitati</span> <span class='ocrx_word' id='word_1_450' title='bbox 1894 3405 2052 3444; x_wconf 84' lang='lat' dir='ltr'>adver-</span> 
     </span>
     <span class='ocr_line' id='line_1_74' title="bbox 1164 3467 2050 3518; baseline -0.003 -9"><span class='ocrx_word' id='word_1_451' title='bbox 1164 3472 1288 3509; x_wconf 90' lang='lat' dir='ltr'>satur</span> <span class='ocrx_word' id='word_1_452' title='bbox 1308 3469 1517 3509; x_wconf 79' lang='lat' dir='ltr'>Diintzeri</span> <span class='ocrx_word' id='word_1_453' title='bbox 1539 3467 1869 3518; x_wconf 83' lang='lat' dir='ltr'>interpretatio:</span> <span class='ocrx_word' id='word_1_454' title='bbox 1891 3468 1937 3506; x_wconf 76' lang='lat' dir='ltr'>In</span> <span class='ocrx_word' id='word_1_455' title='bbox 1959 3468 2050 3506; x_wconf 80' lang='lat' dir='ltr'>dem</span> 
     </span>
    </p>

    <p class='ocr_par' dir='ltr' id='par_1_10' title="bbox 1737 3545 1758 3569">
     <span class='ocr_line' id='line_1_75' title="bbox 1737 3545 1758 3569; baseline 0 0"><span class='ocrx_word' id='word_1_456' title='bbox 1737 3545 1758 3569; x_wconf 63' lang='grc' dir='ltr'>(ι)</span> 
     </span>
    </p>
   </div>
  </div>
 </body>
</html>
