2231 3787
260 225 364 277 {548
870 220 1086 260 HossATn
1115 218 1483 259 EPISTOLARUM
1525 237 1529 239 -

330 357 520 410 Coram
561 370 689 425 rege
732 369 831 405 suo
871 351 939 404 de
979 357 1293 421 paupertate
1335 354 1570 399 tacentes

326 456 450 510 Plus
490 463 747 526 poscente
787 455 982 515 serent3
1023 451 1209 508 distat,
1253 465 1505 501 sumasne
1544 446 1835 517 pudenter,

324 562 403 611 An
442 558 635 628 rapias
712 556 867 627 Atqui
908 572 1090 608 rerum
1128 560 1288 623 caput
1326 552 1427 604 hoc
1467 557 1605 611 erat,
1646 548 1732 602 hic
1770 547 1902 601 fons.
2011 547 2078 597 45

324 657 727 712 Indotata-mihi
769 673 925 709 soror
964 663 1070 717 est,
1112 651 1446 725 paupercula
1483 659 1654 704 mater

324 762 387 813 Et
424 759 619 812 fundus
658 775 758 811 nec
796 755 1081 810 vendibilis
1120 772 1222 809 nec
1259 770 1489 826 pascere
1528 751 1739 813 firmuS‚

360 963 426 1004 43.
458 973 535 1003 sua
565 972 588 1001 e
621 961 728 1001 Cod.
761 961 961 1000 Petrensi
993 960 1049 1010 (et
1080 970 1182 999 cum
1221 969 1309 998 uno
1352 957 1581 997 dumtaxat
1618 956 1730 996 Feae
1770 956 1902 1006 atque
1934 965 2021 993 uno

306 1025 513 1075 Pottierii)
546 1023 770 1074 Bentleius
801 1034 853 1063 ac
884 1034 918 1063 s.
954 1024 1017 1073 <Ut
1046 1033 1148 1071 nos,
1182 1019 1367 1069 bSEcd.)

254 1214 380 1253 Verr.
403 1215 507 1253 Acc.
531 1212 570 1261 3,
594 1212 662 1260 21,
688 1211 761 1251 53:
794 1212 914 1250 homo
934 1221 1068 1249 navus
1097 1213 1134 1248 et
1161 1218 1165 1242 ε
1194 1207 1448 1247 mercenarii
1462 1206 1706 1245 salutatoris
1717 1204 2079 1245 mendacissimum

249 1276 499 1324 industrius,
550 1274 928 1324 emperientissimus
957 1283 1007 1311 ao
1037 1271 1134 1310 dili-
1197 1270 1424 1319 aucupium
1453 1268 1824 1309 circumvolitantis
1843 1267 1990 1306 limina
2002 1277 2080 1316 po-

249 1336 510 1388 9entissimus
525 1339 690 1374 arator.
716 1334 839 1374 Ovid.
864 1334 1040 1373 Metam.
1063 1332 1129 1381 44,
1196 1333 1420 1372 tentiorum
1464 1342 1734 1381 somnumque
1769 1330 1880 1381 regis
1908 1330 1972 1368 sui
1999 1340 2079 1368 ru-

253 1398 356 1437 459:
390 1408 523 1437 comes
552 1396 803 1446 experientis
836 1395 982 1434 Ulioeei.
1194 1395 1381 1434 moribus
1420 1394 1687 1445 auqurantis
1730 1415 1774 1420 —
1817 1392 1942 1441 Atqui
1973 1390 2075 1442 cet.]

305 1459 452 1500 43-45.
488 1459 641 1498 Coram
675 1458 778 1507 cet.]
811 1458 904 1496 Iam
940 1467 993 1496 ex
1021 1454 1135 1495 mul·
1195 1457 1272 1495 Est
1316 1451 1545 1513 ἀναφορὰ
1588 1454 1659 1495 vel
1699 1450 1875 1506 κλῐμαξ
1919 1465 1961 1493 v.
1994 1453 2074 1494 38:

249 1523 303 1561 tis
338 1520 616 1573 praeceptis,
651 1530 765 1570 quae
799 1519 907 1558 dare
939 1520 1130 1569 poterat,
1194 1517 1320 1566 Atqui
1363 1518 1426 1556 hio
1467 1522 1524 1557 est
1563 1519 1647 1557 cet.
1686 1538 1731 1544 —
1764 1527 1908 1555 rerum
1937 1515 2077 1566 caput]

248 1594 391 1635 pauca
441 1581 684 1634 quaedam,
736 1580 816 1621 sed
864 1579 1129 1631 praecipua,
1162 1579 1165 1634 ξ
1198 1580 1372 1620 «Totius
1394 1580 1580 1630 incepti,
1605 1578 1727 1629 quod
1747 1577 1825 1618 tibi
1845 1579 2078 1629 tantopere

252 1645 472 1696 (pudoris,
520 1643 789 1690 modestiae,
833 1640 1129 1693 prudentiae‚)
1161 1635 1165 1704 J
1197 1641 1320 1680 cordi
1352 1644 1439 1691 est,
1482 1641 1602 1691 origo
1632 1651 1685 1680 ac
1713 1640 1812 1680 finis
1841 1639 2079 1691 primarius

248 1708 392 1747 amico
437 1706 641 1747 inculcat.
704 1706 914 1744 Ceterum
956 1706 1164 1743 summa!
1199 1705 1312 1751 erat,
1359 1705 1406 1742 ut
1437 1702 1718 1743 commodius
1747 1703 1950 1750 viveres,
1998 1712 2079 1740 au-

250 1781 354 1809 cum
384 1769 619 1809 festivitate
653 1767 849 1819 depingit
879 1766 921 1805 in
947 1766 1016 1805 his
1040 1763 1134 1803 vol-
1161 1735 1164 1826 Ι
1197 1766 1397 1805 ctoritate
1421 1764 1666 1815 gauderes,
1701 1764 1908 1804 ditarere.
1941 1763 2079 1802 Huius

249 1832 421 1883 garium
464 1831 791 1870 assentatorum
831 1828 1050 1868 inscitiam
1080 1837 1132 1865 ac
1161 1829 1164 1881 ξ
1196 1829 1346 1867 autem
1369 1828 1532 1878 incepti
1555 1836 1794 1867 successus
1817 1826 1890 1864 tua
1911 1826 1955 1864 in
1976 1835 2080 1876 pru-

246 1893 536 1946 pravitatem,
587 1902 674 1942 qua
718 1892 923 1942 potentes
964 1889 1131 1928 amicos
1161 1884 1164 1928 l
1196 1890 1346 1929 dentia
1377 1890 1486 1929 situs
1509 1891 1599 1929 est:
1634 1898 1738 1928 nam
1764 1888 1801 1928 si
1821 1886 2077 1927 verecunde

248 1966 382 2007 saepe
414 1965 437 1993 a
466 1965 571 1993 vera
605 1953 795 1993 amicitia
825 1950 1055 2003 repellant.
1087 1973 1128 1977 —
1160 1929 1164 2003 Ξ
1195 1953 1423 2003 acceperis
1444 1952 1617 2002 patroni
1639 1951 1755 1990 dona
1778 1960 1862 1990 nec
1883 1948 2078 1989 mendici

205 2045 209 2049 Δ
246 2029 342 2069 rege
370 2016 458 2068 suo]
505 2016 679 2055 «amico
717 2025 797 2054 suo
837 2013 1130 2065 potentiore‚»
1194 2014 1334 2054 instar
1378 2013 1663 2065 impudenter
1691 2012 1950 2064 poposceris
1981 2012 2076 2050 avi-

248 2083 296 2119 ut
325 2080 435 2131 Epp.
461 2081 476 2118 4
499 2110 507 2127 ,
532 2079 571 2124 7,
596 2078 662 2117 37.
713 2078 880 2116 Seneca
912 2076 966 2115 de
997 2076 1127 2114 BreV.
1196 2076 1342 2127 deque
1365 2077 1582 2128 rapueris,
1614 2074 1830 2126 quidquid
1851 2073 1929 2114 tihi
1949 2073 2078 2114 offert

248 2143 362 2181 vitae
386 2142 424 2189 3,
450 2142 496 2180 2:
530 2140 610 2180 Dic
632 2144 836 2189 quantum
859 2150 912 2178 ex
931 2139 1007 2176 isto
1028 2141 1133 2176 tem—
1159 2131 1163 2190 ᾗ
1196 2139 1398 2188 occasio,
1461 2137 1530 2178 ille
1585 2148 1766 2189 semper
1816 2137 1957 2187 magis
1998 2135 2077 2175 tibi

246 2215 346 2255 pore
367 2204 570 2252 creditor,
596 2206 800 2252 quantum
822 2201 976 2250 amica,
1001 2211 1134 2250 quan-
1160 2197 1163 2251 ξ
1195 2200 1384 2249 favebit;
1433 2200 1554 2251 quod
1587 2200 1736 2251 ipsum
1765 2199 1844 2239 tibi
1874 2202 1940 2240 est
1973 2210 2077 2250 pro-

248 2270 335 2305 tum
363 2277 480 2313 νεα),
515 2268 719 2313 quantum
749 2264 873 2303 cliens
901 2262 1128 2302 abstulerit.
1160 2256 1164 2303 Ξ
1195 2264 1415 2315 positum:
1463 2265 1642 2312 contra,
1684 2263 1719 2303 si
1748 2261 2077 2302 inverecundus

248 2329 370 2368 Pers.
397 2328 435 2376 4,
461 2327 537 2366 67:
572 2327 615 2366 in
639 2326 833 2376 prandia
860 2335 1020 2376 requm.
1054 2325 1133 2362 Le·
1160 2305 1164 2384 ἓ
1197 2327 1240 2365 et
1269 2327 1397 2375 tagax
1429 2325 1540 2374 eris,
1589 2324 1717 2364 brevi
1748 2326 1950 2376 tempore
1980 2324 2077 2363 fau—

249 2388 405 2429 ctionis
448 2399 554 2438 sua,
608 2398 744 2439 quam
788 2397 891 2426 cum
934 2384 1131 2425 Bentleio
1160 2386 1164 2416 2
1195 2389 1341 2426 torem
1372 2386 1452 2426 abs
1484 2388 1526 2426 te
1559 2385 1816 2426 alienabis.»
1849 2386 1928 2425 Vv.
1950 2390 2079 2436 caput

248 2448 556 2502 praetulerunt
573 2451 1008 2490 etiamButtmannus
1020 2448 1128 2487 Krit.
1193 2450 1268 2489 hoe
1288 2448 1544 2488 referuntur
1566 2448 1622 2488 ad
1641 2459 1714 2487 w.
1737 2448 1832 2488 Plus
1849 2469 1901 2476 --
1916 2448 2072 2498 ferent;

248 2512 353 2551 Bibl.
379 2510 417 2560 3,
440 2512 476 2550 4.
500 2521 544 2561 p.
565 2511 658 2550 392.
684 2513 726 2550 et
742 2511 1053 2551 Lachmannus
1075 2509 1130 2548 ad
1192 2524 1263 2552 vv.
1288 2513 1413 2551 distat
1432 2534 1531 2540 ---
1550 2511 1698 2561 rapias
1725 2522 1807 2562 per
1840 2506 2074 2564 ἐπεξήγη-

249 2574 423 2613 Lucret.
449 2572 487 2620 4,
512 2571 624 2619 472„
658 2572 901 2613 admodum
927 2573 1084 2622 exigua
1105 2583 1130 2610 a
1159 2576 1162 2613 Ι
1194 2587 1272 2614 σιν
1308 2574 1567 2625 interposita
1599 2574 1714 2613 sunt.
1766 2573 1920 2623 (Minus
1950 2575 2074 2613 recte

251 2634 479 2676 codicibus
502 2636 570 2674 est
591 2636 843 2675 auctoritas.
889 2636 1031 2685 Atque
1058 2633 1130 2673 vel
1194 2635 1264 2675 alii
1282 2636 1356 2675 hoc
1376 2635 1433 2675 ad
1452 2647 1523 2674 vv.
1548 2645 1741 2674 sumasne
1756 2635 1964 2684 pudenter
1981 2635 2075 2674 ret—

249 2699 433 2749 propter
472 2706 632 2736 versus
671 2706 904 2736 caesuram
933 2698 1131 2747 praestat
1193 2697 1419 2748 tulerunt.)
1485 2697 1621 2746 Caput
1648 2698 1798 2735 autem
1830 2697 1874 2735 et
1899 2696 1992 2746 fons
2020 2706 2075 2736 ex

250 2771 348 2808 suo,
381 2758 424 2799 id
447 2760 537 2798 est:
564 2768 818 2808 «nunquam
838 2758 988 2798 locum
1008 2757 1130 2797 illum
1157 2772 1161 2779 ·
1193 2759 1382 2799 formula
1411 2760 1563 2798 Latina
1593 2759 1656 2798 sic
1681 2758 1921 2808 iunguntur
1940 2758 2075 2798 etiam

252 2831 540 2862 communem
571 2818 626 2859 de
656 2821 916 2870 paupertate
948 2823 991 2860 et
1021 2819 1132 2859 mul—

252 2884 306 2923 tis
335 2882 557 2931 variisque
590 2882 685 2922 eius
712 2881 1006 2921 incommodis
1036 2884 1132 2921 tan·
1186 2882 1526 2931 philosophorum
1566 2892 1730 2932 ffleyes,
1778 2881 1866 2920 iam
1909 2880 1962 2920 ab
2003 2881 2073 2920 illo

252 2946 431 2995 gentes,
460 2945 508 2981 ut
528 2942 690 2982 faciunt
712 2941 795 2991 alii,
819 2953 921 2992 qUO,
945 2944 981 2983 si
1000 2943 1127 2991 forte,
1191 2944 1305 2994 fonte
1321 2948 1359 2983 et
1378 2944 1513 2993 capite
1529 2944 1717 2983 Socrate.
1746 2966 1790 2971 —-
1813 2943 1918 2992 erat]
1943 2944 2074 2982 «tunc

250 3006 394 3046 fautor
438 3003 647 3054 intelligat
691 3004 811 3054 ipsos
857 3014 1033 3054 quoque
1079 3005 1130 3044 iis
1158 2989 1162 3065 ff
1194 3016 1298 3045 cum
1328 3005 1540 3046 sumebas
1571 3005 1813 3057 pudenter,
1846 3006 1980 3055 atque
2006 3005 2074 3045 est

250 3066 394 3119 premi
438 3076 489 3106 ac
533 3064 816 3116 pauperculis
849 3066 1002 3104 amicis
1033 3067 1130 3105 tan—
1158 3067 1161 3132 Ι
1194 3068 1494 3108 etiamnunc.»

252 3129 357 3169 dem
379 3129 623 3173 succurrat,
649 3137 737 3166 non
759 3127 852 3166 sine
874 3127 1004 3166 tacita
1025 3137 1132 3176 qua·
1158 3134 1162 3190 Q
1247 3128 1395 3169 46-49.
1441 3131 1637 3169 Indotata
1667 3128 1770 3179 cet.]
1811 3126 2072 3179 Exemplum

252 3192 358 3231 dam
378 3189 708 3239 contemptione
727 3198 778 3227 ac
796 3187 1127 3239 despicientia.»
1193 3191 1515 3242 impudentiae,
1550 3201 1664 3241 quae
1694 3189 1912 3229 beneficia
1942 3199 2072 3229 men-

253 3253 316 3292 Cf.
336 3250 473 3292 Plaut.
494 3250 627 3290 Stich.
648 3249 746 3298 3‚2,
770 3250 818 3288 ι1;
852 3253 938 3288 tam
953 3251 1126 3300 σοηῙῑάο,
1194 3251 1310 3292 dicat
1357 3265 1382 3292 a
1441 3255 1657 3304 patronO,
1709 3252 1856 3292 causis
1905 3248 2067 3299 allatis,

1194 3323 1307 3363 quae
1338 3314 1468 3353 huius
1500 3312 1871 3360 misericordiam,
1904 3313 1953 3350 ut
1972 3322 2072 3363 spe-

1192 3376 1284 3423 rat,
1309 3374 1432 3414 facile
1455 3377 1679 3415 moveant.
1719 3373 2071 3424 Ignominiosum

1194 3437 1345 3475 autem
1378 3437 1473 3475 erat
1501 3435 1623 3476 fratri
1648 3434 1789 3475 sorori
1810 3434 1962 3475 dotem
1980 3444 2070 3475 non

1194 2820 1313 2871 apud
1345 2821 1609 2860 Ciceronem
1640 2819 1695 2858 de
1728 2820 1798 2859 Or.
1825 2820 1870 2867 4,
1899 2820 1972 2868 40,
1996 2818 2070 2860 42:

252 3323 380 3362 quam
414 3313 548 3361 potis,
593 3311 661 3350 Me
702 3320 839 3349 meum
868 3310 1131 3350 obtenturum

249 3384 389 3425 regem
417 3373 604 3413 ridiculis
631 3371 748 3425 loyis.
794 3370 963 3412 Colum.
998 3374 1044 3412 R.
1078 3374 1126 3413 R.

251 3434 388 3489 praef.
415 3435 462 3483 4,
497 3435 541 3473 9:
585 3434 648 3474 An
689 3433 895 3473 honestius
937 3434 1131 3474 duxerim
