2231 3787
233 284 335 335 520

834 286 1048 327 HORATH
1078 281 1442 330 EPISTOLARUM

301 417 613 486 Impransus
650 432 758 470 non
795 417 887 488 qui
927 417 1100 471 civem
1139 417 1446 470 dinosceret
1484 417 1662 475 hoste.

303 516 587 580 Quaelibet
625 517 676 569 in
715 519 963 589 quemvis
1001 517 1293 588 opprobria
1331 517 1534 588 fingere
1575 535 1798 578 saevus,

1984 522 2051 572 30

303 618 573 672 Pernicies
613 628 665 671 et
705 628 995 689 tempestas
1034 618 1455 689 barathrumque
1495 619 1728 682 macelli,

302 719 576 789 Quidquid
617 720 950 791 quaesierat,
993 719 1439 773 ventri-donabat
1477 737 1654 774 avaro.

341 886 406 924 29.
434 886 657 924 dinosceret
678 883 879 932 deE,O:
904 885 1157 936 cligynosceret
1177 886 1377 926 LCtFMJ.
1401 907 1445 913 —
1467 886 1532 926 30.
1554 887 1682 938 fiqere
1703 886 1994 938 Cuningham,

283 948 483 997 stringere
514 949 562 987 N.
598 947 825 995 Heinsius,
856 947 1030 997 fundere
1060 948 1281 988 Schrader
1310 948 1560 988 Emendatt.
1585 959 1628 999 p.
1652 949 1718 988 75.
1756 971 1800 977 —-
1832 949 1993 1001 saevus]

285 1014 420 1048 certus
449 1021 472 1049 e
503 1009 678 1049 duobus
709 1008 861 1049 Bland.
896 1011 1026 1050 Tons.
1060 1013 1103 1049 et
1133 1009 1205 1051 Sil.
1240 1012 1286 1051 C.

1331 1012 1395 1061 (Ut
1425 1022 1528 1059 nos,
1562 1012 1700 1052 nostri
1730 1013 1775 1051 et
1804 1012 1997 1052 Pottierii

285 1072 472 1121 omnes.)
509 1096 552 1099 —
587 1072 652 1111 32.
687 1073 869 1111 donarat
901 1073 977 1123 Ep,
1000 1076 1084 1126 73⁷-
1116 1084 1245 1113 «cum
1276 1073 1369 1114 aliis
1399 1073 1643 1125 pluribus,»
1676 1074 1794 1114 unde
1824 1075 1998 1115 donaret

282 1133 505 1175 Bentleius
537 1135 649 1174 coni.
685 1136 748 1185 (L't
778 1146 879 1183 nos,
913 1134 1036 1185 de.)

232 1288 326 1313 κων
348 1269 622 1315 πλουσίανί
604 1269 690 1331 έγῃ
713 1287 918 1328 φατιην
943 1275 1106 1316 Aelian.

230 1339 281 1377 H.
305 1339 352 1377 A.
378 1337 428 1384 9
551 1332 598 1376 O
630 1336 697 1376 Με
702 1334 905 1395 νάνόοου
939 1337 1110 1396 Θήοων

227 1400 305 1452 us>
309 1413 351 1438 α
380 1353 570 1453 maoz-et
620 1393 693 1439 ὅτι
732 1395 878 1455 ὁινῶν
916 1376 1107 1457 ἀνθοώ-

231 1474 349 1511 ,τοις
365 1459 553 1512 ([άτιηι
568 1457 747 1511 αὑτοῖς
765 1460 839 1502 ἑκὲ
822 1463 977 1512 είνους
995 1458 1108 1510 εἶχε.

231 1525 399 1563 Ari-ian.
426 1522 632 1573 Ερ101.4
661 1524 708 1571 1,
743 1523 819 1562 35:
851 1520 971 1563 Εἶτα
993 1518 1114 1576 ἀπη-

234 1583 543 1642 λευ9εοωται
592 1584 671 1623 καὶ
712 1579 855 1634 εὖθὶς
893 1584 984 1636 ιιὲν
1023 1581 1112 1626 οὐκ

228 1641 377 1695 ἔχων,
421 1651 508 1686 ποῖ
533 1643 693 1702 τράγῃ,
733 1649 864 1699 ζητεῖ
889 1649 995 1687 τίνα
1023 1660 1111 1687 κο-
1136 1670 1138 1672 -

229 1715 343 1749 Ιακε
351 1706 475 1758 ύσει,
529 1706 653 1767 ,ταοὰ
705 1711 796 1749 τίνι
838 1708 1063 1763 ὁειπνήσε
1066 1724 1106 1750 ι·

229 1797 296 1803 --
331 1767 425 1811 κᾶν
469 1769 565 1830 σχῇ
612 1768 717 1812 τινὰ
763 1770 976 1826 φάτνην,
1023 1774 1110 1827 ἐμ-

230 1837 472 1875 πέπτωκεν
503 1837 568 1884 εἰς
598 1833 818 1875 δουλείαν
861 1833 981 1877 πολὺ
1024 1835 1109 1890 τῆς

231 1899 462 1955 προτέρας
515 1896 863 1953 χαλεπωτέραν.
931 1899 1108 1941 Plautus

231 1962 361 2001 Cure.
387 1962 430 2008 Ξ,
468 1962 510 2007 1,
547 1962 619 2000 42:
655 1961 871 2001 Tormenta
900 1974 983 2001 non
1013 1963 1110 2001 reti—

230 2024 318 2062 neri
351 2025 489 2073 potuit
515 2024 674 2074 ferreo,
717 2024 824 2073 Quin
858 2024 1105 2075 (parasitus)

229 2087 429 2135 reciperet
457 2098 498 2125 se
526 2087 604 2125 huc
633 2098 746 2126 esum
784 2088 840 2125 acl
870 2088 1109 2136 praesepim

229 2160 362 2187 suam.
416 2148 525 2188 Male
575 2147 644 2187 alii
693 2149 736 2187 h.
779 2147 806 2187 l.
852 2151 1104 2199 exponunt:

233 2212 480 2263 «propriam
514 2211 712 2251 domum.
723 2227 742 2246 »
774 2234 818 2238 —-
851 2211 1107 2262 Impransus]

231 2285 360 2313 «cum
392 2274 623 2313 esuriret.»
677 2272 738 2312 Cf.
774 2274 860 2312 Sat.
896 2274 941 2321 ΞΖ,
985 2273 1033 2320 2,

231 2335 414 2375 Theocr.
451 2336 521 2381 15,
558 2329 968 2392 117;ανάοιστος
996 2333 1109 2374 Διο-

230 2396 286 2436 κ)
290 2395 437 2447 είόας,
469 2392 648 2454 Χῶνὴο
680 2392 793 2468 οξος
823 2391 974 2445 ἁπαν,
1007 2409 1108 2437 πει-

229 2457 362 2500 νᾶντι
391 2458 439 2499 δὲ
470 2458 593 2512 unde?
596 2470 699 2499 ,το-κ.
723 2453 884 2517 ε’νθῃς.
913 2482 957 2488 -
981 2461 1110 2500 civem

231 2524 457 2562 dinosceret
499 2522 683 2574 hoste]«
665 2523 822 2562 «Haec
860 2524 928 2563 est
972 2523 1014 2562 in
1055 2522 1108 2561 fi-

231 2596 337 2636 gura
382 2585 572 2624 hominis
616 2584 787 2633 feritas,
831 2596 945 2636 quae
991 2584 1107 2624 fame

231 2649 415 2698 urgente
455 2648 589 2697 ipsum
625 2649 806 2687 amicum
843 2647 894 2686 ab
937 2648 1109 2687 inimico

232 2721 319 2749 non
360 2710 629 2750 internoscit.
709 2711 777 2750 Sic
816 2711 927 2750 haec
968 2709 1106 2750 verba

232 2771 409 2822 intelligi
439 2771 555 2811 malo
587 2782 720 2822 quam
753 2782 854 2811 cum
886 2771 977 2812 aliis
1009 2783 1108 2812 sen-

232 2834 333 2872 tire:
388 2835 554 2873 «civem
586 2844 608 2871 a
640 2835 872 2884 peregrino
916 2833 984 2873 vel
1030 2845 1109 2873 ex-

232 2898 429 2934 traneo.»
489 2896 659 2935 Etenim
708 2897 827 2947 prior
870 2895 937 2935 illa
982 2895 1106 2936 verbi

233 2957 351 2997 notio
386 2957 453 3005 (de
492 2968 577 3007 qua
610 2957 662 2996 cf.
697 2958 786 2997 Cic.
817 2958 872 2997 de
905 2957 1026 2997 Oific.
1061 2959 1105 3007 1,

237 3019 307 3067 ⁴2,
342 3019 407 3058 37.
451 3019 588 3057 Varro
611 3021 656 3059 L.
676 3021 719 3058 L.
746 3021 792 3067 5,
826 3020 881 3069 3.)
914 3021 1001 3059 iam
1023 3020 1109 3071 pri-

235 3081 338 3121 dem
382 3081 610 3120 immutata
657 3084 764 3120 erat.
830 3082 905 3121 Est
947 3080 1108 3120 locutio

236 3142 429 3182 Plautina
461 3143 503 3181 in
526 3143 639 3181 Trin.
667 3143 710 3190 1,
734 3143 781 3190 2,
817 3143 891 3181 65:
925 3143 1110 3182 Hostisne

235 3219 287 3245 an
319 3207 420 3245 ciris
447 3206 644 3253 comedis,
687 3206 816 3254 parvi
847 3207 1025 3255 pendere
1056 3206 1109 3256 (te

235 3268 404 3318 dicunt).
446 3268 533 3308 Liv.
563 3268 636 3315 10,
670 3267 743 3314 36,
777 3267 814 3306 8.
866 3266 974 3317 (coll.
1000 3269 1038 3317 5,
1064 3269 1103 3316 8,

236 3331 339 3378 11.);
388 3331 514 3381 ele-9e,
552 3341 647 3368 cum
685 3329 771 3367 cire
799 3340 851 3367 an
890 3330 998 3368 hoste
1021 3341 1107 3379 pu-

231 3403 364 3441 9nare
392 3392 526 3430 malis.
560 3392 708 3431 onnia.
753 3390 876 3430 Cons.
902 3391 1103 3432 eiusdem

235 3453 289 3491 de
321 3453 404 3492 hoc
434 3452 530 3493 1000
562 3453 905 3504 disputationem
934 3454 975 3492 in
997 3454 1102 3493 Iahn

233 3515 382 3554 Archii-
400 3516 429 3565 s.
449 3516 546 3555 Phil.
571 3527 610 3554 u.
630 3516 807 3566 Paedaq.
833 3515 938 3555 XVI.
959 3526 1002 3566 p.
1024 3515 1095 3555 531

1174 1286 1271 1327 sqq.
1296 1275 1496 1317 Manilius
1517 1277 1565 1325 5,
1599 1275 1702 1317 494:
1735 1277 1819 1316 Nee
1841 1287 1993 1327 pacem
2023 1289 2052 1316 a

1174 1338 1290 1388 bello,
1313 1340 1443 1379 civem
1462 1339 1662 1378 discernet
1681 1339 1733 1378 ab
1754 1339 1876 1378 hoste.
1901 1338 2050 1379 Verbo

1175 1402 1384 1441 dinoscere
1419 1402 1589 1453 primus
1635 1411 1743 1441 usus
1784 1411 1884 1442 esse
1925 1401 2052 1441 vide-

1175 1465 1248 1502 tur
1278 1464 1494 1504 Horatius.
1544 1463 1606 1503 Cf.
1633 1464 1741 1514 Epp.
1765 1464 1811 1511 ⁶2,
1835 1464 1883 1512 2,
1908 1463 1976 1504 44.
2003 1487 2048 1492 -

1174 1525 1402 1575 opprobria
1427 1517 1597 1577 fingere]
1635 1526 1761 1565 «ficta
1792 1527 1976 1566 crimina
2007 1527 2051 1566 in

1175 1587 1369 1639 aliquem
1399 1588 1645 1628 conferre.»
1696 1588 1765 1627 Sic
1797 1589 1931 1629 etiam
1959 1589 2048 1629 Cic.

1174 1652 1217 1690 in
1247 1652 1374 1691 Verr.
1412 1653 1505 1691 Act.
1546 1652 1591 1700 1,
1629 1652 1675 1699 5,
1710 1652 1782 1690 15;
1834 1652 1970 1703 maqis
1997 1652 2052 1691 ti-

1174 1715 1388 1764 mendum,
1419 1725 1470 1753 ne
1498 1714 1631 1753 multa
1660 1714 1840 1753 crimina
1861 1717 2054 1764 praeter-

1171 1777 1334 1815 mittere
1354 1787 1482 1826 quam
1499 1787 1549 1815 ne
1571 1787 1654 1826 qua
1674 1777 1719 1815 in
1748 1777 1870 1815 istum
1894 1777 2053 1828 finyere

1173 1839 1399 1877 existimer.
1453 1837 1576 1877 Ovid.
1609 1839 1712 1878 Her.
1746 1839 1818 1886 ⁴2,
1852 1839 1955 1878 477:
2005 1840 2054 1879 In

1170 1900 1321 1951 faciem
1349 1911 1565 1949 moresque
1592 1911 1703 1939 meos
1730 1911 1842 1940 nova
1870 1901 2053 1941 crimina

1168 1963 1306 2014 singlis.
1342 1985 1387 1990 —
1421 1963 1526 2001 Mira
1558 1964 1625 2002 est
1654 1961 1785 2002 lectio
1807 1962 1946 2003 Codd.
1972 1963 2052 2004 ali-

1172 2027 1279 2076 quot
1308 2029 1443 2063 certus
1462 2035 1485 2063 a
1509 2025 1705 2076 Cruquio
1737 2028 1945 2077 recepta;
1977 2037 2052 2067 ve-

1170 2098 1270 2127 rum
1302 2087 1352 2127 iis
1384 2086 1600 2135 debetur,
1650 2087 1723 2138 qui
1755 2089 2052 2128 constructio-

1172 2161 1276 2189 nem
1308 2161 1454 2189 saevus
1481 2151 1658 2200 fingere,
1691 2149 1735 2189 id
1767 2151 1859 2199 est,
1892 2150 1936 2190 in
1965 2150 2052 2191 fin-

1172 2212 1338 2262 gendo,
1371 2212 1517 2252 miuus
1548 2210 1853 2262 intelligerent.
1881 2236 1927 2241 —
1949 2214 2052 2254 Per-

1171 2273 1295 2312 nicies
1339 2278 1376 2312 et
1421 2273 1652 2323 tempestas]
1698 2274 1876 2314 Comica
1920 2274 2047 2315 haec.

1171 2332 1316 2374 Alexis
1347 2334 1464 2385 apud
1495 2335 1654 2374 Athen.
1679 2335 1727 2384 8,
1761 2336 1835 2375 24:
1877 2337 1981 2377 νυνὶ
2000 2335 2051 2378 δὲ

1172 2392 1291 2453 πρὸς
1306 2400 1407 2447 τοῖς
1424 2394 1664 2449 πνεύμασι
1682 2394 1883 2449 Τούτοις
1899 2397 2051 2441 Φάῦλ-

1171 2457 1254 2509 λος
1304 2460 1596 2517 ποοσγέγονε
1644 2457 1825 2513 χειμών
1871 2463 2046 2519 τρίτος.

1166 2517 1313 2562 Ἐπὰν
1361 2535 1452 2580 γαρ
1499 2521 1725 2573 ἐκνεφίας
1766 2525 2050 2593 καταιγίσας

1171 2581 1293 2642 τύχῃ
1337 2583 1422 2635 Εἰς
1464 2581 1551 2636 τὴν
1595 2580 1811 2643 αγοράν,
1856 2577 2050 2639 τοῦψον

1172 2645 1434 2704 ποιάμενος
1483 2645 1668 2695 οἴχεται
1716 2648 1877 2705 Φέρων
1919 2642 2049 2689 ἅπαν

1172 2707 1227 2749 τὸ
1257 2708 1458 2762 ληφθέν.
1511 2708 1648 2749 Plaut.
1683 2710 1805 2762 Capt.
1840 2709 1885 2759 4,
1918 2710 1963 2760 3,
1996 2711 2043 2752 3·

1174 2774 1341 2822 Quanta
1363 2772 1509 2821 peinis
1534 2771 1660 2821 pestis
1686 2772 1843 2811 veniet!
1888 2777 2048 2822 quanta

1171 2834 1282 2873 labes
1310 2833 1471 2872 larido!
1500 2831 1547 2881 4,
1582 2831 1628 2881 4,
1668 2832 1707 2872 3.
1741 2832 1796 2873 de
1827 2835 2042 2885 parasito:

1171 2896 1314 2936 Clades
1333 2895 1652 2945 calamitasque,
1685 2895 1945 2946 intemperies
1961 2908 2048 2937 mo-

1171 2958 1221 2996 do
1250 2958 1294 2996 in
1323 2961 1511 2996 nostram
1540 2958 1706 2997 advenit
1735 2958 1917 2997 domum.
1954 2959 2043 2998 No-

1170 3019 1266 3059 vius
1296 3019 1439 3058 Bothii
1469 3030 1567 3071 pag.
1607 3018 1674 3059 44.
1709 3019 1765 3059 de
1794 3018 2041 3060 vinolento:

1171 3083 1307 3121 temeti
1337 3083 1474 3122 timor.
1508 3083 1683 3121 Terent.
1707 3082 1816 3122 Eun.
1843 3082 1882 3130 1,
1907 3082 1945 3130 1,
1969 3080 2042 3122 34;

1168 3144 1286 3193 suncti
1316 3144 1447 3183 nostri
1475 3143 1697 3182 calamitas
1717 3143 1860 3184 Thais.
1912 3144 2046 3182 Pseu-

1171 3205 1313 3245 docic.
1337 3216 1418 3256 pro
1439 3206 1582 3246 Domo
1603 3204 1678 3253 53,
1712 3204 1812 3244 ⁴37:
1848 3204 1926 3253 Tu,
1944 3215 2046 3254 pro-

1169 3267 1272 3306 cella
1295 3267 1490 3317 patriae,
1523 3267 1646 3306 turba
1667 3277 1718 3306 ac
1738 3269 1954 3316 tempestas
1964 3277 2044 3315 pa—

1167 3330 1225 3369 cis
1254 3334 1379 3380 atque
1408 3330 1495 3369 otii.
1548 3327 1764 3369 Caecilius
1785 3327 1944 3367 Statius
1964 3328 2044 3367 Bo-

1169 3392 1244 3431 thii
1275 3403 1372 3443 pag.
1399 3391 1491 3431 130.
1517 3390 1572 3431 de
1604 3392 1751 3431 asoto:
1796 3389 2044 3429 Iamdudum

1167 3454 1389 3504 depopulat
1415 3453 1649 3493 macellum.
1691 3473 1737 3479 —
1779 3450 2040 3502 barathrum]

1168 3526 1400 3567 «vorago»
1447 3514 1582 3555 Plaut.
1623 3515 1750 3555 Cure.
1791 3513 1835 3561 1,
1878 3513 1928 3561 2,
1960 3511 2036 3552 28:
