2231 3787
855 256 952 294 LlB.
987 255 1017 294 I.
1080 254 1242 293 l-Il'lS'l'.
1280 255 1325 292 V.

1904 250 1927 301 ,ι’-κ

1937 250 1977 301 εἶθ

1971 269 1998 300 Q
1971 251 1993 261 Ξ

249 419 377 471 Vina
418 417 572 471 bibes
617 417 806 470 iterum
847 418 1019 469 Tauro
1060 415 1251 468 dill'usa
1292 414 1557 486 palustres

251 522 389 573 lnter
429 520 721 572 Minturnas
762 519 1261 588 Sinuessanumque
1300 517 1588 570 Petrinum.
1968 517 1998 566 ὖ

249 622 299 675 Si
342 621 533 675 melius
574 621 703 692 quid
744 621 939 683 habes.
989 638 1206 674 arcesse
1247 619 1328 673 vel
1371 619 1655 690 imperium
1694 620 1785 672 ser.

248 723 567 777 Iamdudum
609 723 857 794 splendet
897 724 1043 777 l'ocus
1084 732 1136 776 et
1175 722 1266 775 tibi
1307 721 1508 775 munda
1548 720 1807 792 supellex.

250 825 391 879 Mitte
436 825 581 879 leves
624 843 749 896 spes
791 835 841 878 et
882 825 1172 878 certamina
1213 824 1513 878 divitiarum

289 992 326 1032 si.
370 991 589 1031 Exhibent
621 992 772 1042 diffusa
796 991 997 1044 bSchp.
1026 1015 1068 1019 —
1094 992 1298 1041 palustris
1318 992 1363 1031 E.
1394 1013 1436 1020 -—
1463 992 1500 1031 6.
1525 991 1570 1031 si
1591 990 1764 1040 128ch,
1790 1001 1947 1032 01111105

232 1055 446 1103 Ρο1110111,
483 1056 512 1095 C
547 1054 770 1095 Bentleius
803 1057 846 1094 et
877 1056 929 1094 O:
976 1056 1046 1094 Sin
1082 1056 1219 1094 LtFM.
1249 1077 1292 1081 —
1319 1064 1482 1093 accerse
1513 1053 1586 1105 dp,
1620 1054 1788 1095 Veneta
1823 1054 1942 1095 4484.

236 1142 279 1145 —
319 1119 392 1156 Vx.
428 1119 465 1156 6.
502 1118 539 1156 7.
575 1128 678 1156 cum
709 1129 797 1157 uno
830 1118 993 1158 Codice
1026 1116 1141 1157 male
1173 1117 1445 1168 transposuit
1474 1118 1572 1157 Fea.

177 1251 300 1291 sione
332 1250 528 1289 convivis
559 1250 722 1301 apponi
754 1252 920 1301 posset.
973 1251 1057 1289 Ga—

176 1312 303 1353 lenus
334 1324 403 1364 ap.
429 1312 587 1352 Athen.
614 1313 628 1350 4
654 1345 660 1360 ,
696 1312 769 1352 4-8:
805 1308 831 1352 ὁ
864 1311 1055 1370 Φαλερῖ-

176 1389 259 1426 νος
290 1372 421 1426 οἰνος
451 1370 548 1414 ἀπὸ
581 1372 697 1415 ἑτῶν
717 1372 833 1415 δέκα
853 1373 956 1416 ἐστὶ
977 1372 1060 1414 πό-

176 1451 314 1491 maog
335 1439 414 1478 καὶ
435 1433 533 1477 ἀπὸ
556 1436 893 1478 πεντεκαίδεκα
916 1439 1060 1495 μέχρι

177 1501 360 1542 εἴκοσιν
391 1499 490 1541 κτλ.
517 1523 564 1529 -
596 1502 708 1541 Inter
739 1501 841 1553 cet.]
873 1502 1060 1541 Mintur-

178 1577 270 1615 nae,
300 1567 613 1606 Auruncorum
636 1564 851 1616 oppidum
873 1564 927 1604 ad
951 1566 1059 1605 ostia

177 1630 286 1670 Liris
329 1629 393 1678 ss„
440 1639 464 1667 a
496 1639 582 1678 quo
627 1628 823 1667 Sinuessa
868 1627 1060 1668 distabat

177 1692 245 1732 IX.
269 1692 324 1732 M.
348 1693 394 1731 P.
448 1691 661 1731 «Petrinus
689 1702 819 1732 mons
842 1695 909 1732 est
931 1693 1061 1731 Sinu-

178 1765 362 1795 essanae
394 1754 554 1794 civitati
585 1754 822 1795 imminens
854 1753 924 1794 vel
956 1766 1062 1806 ager

177 1818 412 1857 Sinuessae
455 1817 676 1856 vicinus.»
743 1818 882 1857 Comi.
927 1818 1057 1864 Caco.

177 1877 316 1918 Hodie
346 1879 482 1918 Rocca
520 1879 561 1918 di
599 1883 734 1918 monte
772 1880 958 1931 Raqoni,
1008 1891 1060 1919 ex

178 1938 363 1980 aliorum
409 1941 625 1981 sententia
668 1942 932 1982 Piedimonte.
995 1942 1063 1981 Si-

178 2014 450 2044 nuessanum
483 2005 635 2044 autem
671 2004 825 2044 vinum
866 2004 1064 2044 meliori—

179 2065 263 2105 bus
313 2065 720 2115 adnumerabatur,
773 2078 862 2107 non
910 2070 1061 2108 tamen

179 2128 377 2179 optimis,
403 2126 609 2176 Falerno,
635 2128 869 2178 Caecubo,
895 2131 1058 2178 SetinO,

181 2191 428 2231 Formiano.
455 2189 649 2240 (Martial.
673 2191 744 2240 43,
771 2192 842 2231 444
871 2192 986 2243 sqq.)
1014 2216 1058 2220 —

181 2254 239 2305 Si]
273 2253 342 2292 Sic
373 2253 461 2292 mei
484 2252 624 2292 Codd.
651 2255 694 2292 et
713 2252 853 2293 Bentl.
878 2265 932 2293 ex
954 2265 1063 2294 0011-

181 2315 416 2357 suetudine
466 2316 657 2364 Horatii,
711 2316 785 2367 qui
834 2327 1063 2367 nunquam

181 2380 316 2418 utitur
347 2379 460 2429 part.
491 2379 578 2427 sin,
621 2378 701 2418 sed
744 2379 786 2417 in
822 2379 1064 2430 oppositio—

183 2441 312 2481 nibus
351 2439 513 2492 duplici
553 2441 601 2480 si.
665 2441 751 2481 Cfr.
786 2442 894 2493 Epp.
929 2442 978 2491 2,
1013 2441 1060 2489 4,

184 2503 236 2544 64-
267 2514 395 2554 seqq.
431 2525 478 2531 —
512 2504 684 2553 arcesse]
720 2503 787 2543 «Si
819 2503 926 2554 quid
966 2514 1065 2543 me-

182 2565 265 2606 lius
295 2566 383 2605 vini
412 2564 575 2614 habes,
621 2577 705 2618 per
743 2564 971 2606 servulum
1007 2565 1064 2606 ad

182 2640 255 2669 me
291 2628 571 2668 afferendum
611 2640 761 2668 cura.»
811 2629 946 2669 Recte
979 2628 1064 2668 dici

183 2702 389 2731 arcessere
417 2702 506 2731 rem
535 2692 658 2743 patet
688 2703 742 2732 ex
773 2692 864 2731 Cic.
889 2690 946 2730 ad
975 2692 1061 2732 Att.

185 2755 256 2802 46,
281 2756 325 2795 44
346 2787 354 2804 ,
378 2754 426 2796 4;
461 2755 547 2794 eius
565 2754 718 2794 libram
740 2754 951 2794 arcessivi.
984 2753 1064 2794 Alii

184 2815 478 2869 explicantes:
533 2827 746 2856 «arcesse
778 2827 851 2856 me
889 2816 944 2856 ad
985 2818 1028 2856 te
1044 2832 1062 2852 n

185 2880 254 2930 (so
294 2880 413 2918 lade
449 2879 586 2919 mich
623 2880 734 2919 Voss
774 2881 819 2918 et
857 2878 1063 2929 Passow.)

186 2940 307 2980 obliti
346 2943 470 2989 sunt,
523 2943 786 2992 apparatum
831 2941 920 2981 iam
964 2951 1064 2982 esse

187 3003 436 3043 convivium
467 3003 585 3054 apud
615 3004 866 3051 Horatium,
906 3004 1066 3043 1111113-

187 3067 255 3105 105
286 3075 372 3103 una
403 3076 506 3105 cum
541 3066 760 3116 Torquato
792 3068 966 3106 ceteros
998 3077 1066 3106 so-

188 3125 333 3175 dales,
366 3129 497 3177 atque
520 3127 698 3166 omnino
725 3127 1001 3168 fastidiosum
1024 3129 1065 3167 et

187 3190 409 3240 agrestem
451 3187 646 3243 futurum
689 3188 822 3230 fuisse
866 3191 1066 3241 Torqua-

187 3252 302 3299 tum,
349 3251 385 3291 si
431 3250 739 3290 tantummodo
779 3254 962 3302 propter
997 3252 1066 3291 vi-

186 3323 295 3352 num
325 3311 507 3352 Falerno
537 3312 683 3352 minus
705 3323 972 3363 generosum
994 3325 1067 3354 ve-

188 3375 280 3414 nire
301 3373 536 3423 noluisset,
571 3385 674 3414 cum
694 3375 787 3425 ipse
809 3374 943 3414 homo
961 3387 1067 3427 opu-

189 3435 331 3477 lentus
368 3436 533 3489 aliquot
573 3435 739 3476 Falerni
781 3436 918 3476 cados
947 3436 1067 3477 velut

190 3497 245 3538 ad
276 3498 530 3548 symbolam
561 3499 736 3539 mittere
759 3498 990 3550 potuisset.
1019 3522 1061 3527 -

1123 1242 1342 1292 imperium
1385 1242 1468 1292 fer]
1518 1242 1662 1293 «quod
1707 1244 1748 1282 in
1794 1244 2002 1284 0011111115

1122 1304 1459 1356 quodammodo
1519 1305 1761 1345 exercebat
1815 1306 2003 1345 convivii

1122 1366 1373 1408 dominus.»
1415 1368 1492 1408 Est
1513 1368 1661 1419 igitur:
1698 1367 1801 1408 «Vel
1824 1379 1876 1408 eo
1901 1380 2004 1408 con-

1122 1432 1268 1470 tentus
1318 1433 1441 1480 esto,
1494 1432 1616 1483 quod
1669 1443 1750 1483 ego
1801 1443 1902 1471 mea
1951 1444 2002 1472 ex

1123 1494 1340 1545 apotheca
1386 1494 1745 1546 depromendum
1790 1494 2003 1534 curabo.»

1125 1555 1420 1607 (Funkhaenel
1461 1556 1517 1596 ad
1560 1558 1698 1597 totam
1739 1557 2006 1597 sententiam

1124 1618 1296 1658 confert
1325 1619 1433 1670 Epp.
1460 1619 1474 1658 4
1500 1651 1507 1668 ,
1542 1619 1587 1668 6,
1622 1619 1695 1673 67;
1728 1620 1774 1659 δί
1804 1621 1904 1670 quid
1932 1631 2004 1659 no-

1124 1682 1215 1721 visti
1244 1682 1395 1721 rectius
1422 1682 1529 1731 istis,
1568 1682 1778 1723 Candidas
1808 1683 2001 1732 imperti‚·

1123 1746 1157 1784 si
1188 1757 1293 1793 non,
1332 1745 1395 1784 his
1422 1749 1538 1784 utere
1565 1744 1760 1797 mecam.)
1808 1745 2006 1785 Adnota-

1124 1809 1183 1847 tio
1200 1808 1386 1847 Acronis
1413 1808 1471 1859 (et
1496 1808 1871 1848 Commentatoris
1900 1808 2008 1847 Cru-

1126 1869 1227 1921 quii)
1260 1870 1323 1910 510
1345 1869 1532 1921 legenda
1555 1871 1622 1910 est
1643 1871 1825 1910 auctore
1846 1868 2008 1909 Dillen-

1125 1932 1319 1984 burgero
1365 1934 1514 1983 Progr.
1552 1934 1756 1983 Aquisgr.
1801 1931 1922 1973 4844.
1960 1943 2003 1984 p.

1126 1997 1200 2036 40:
1237 1995 1488 2045 «Imperium
1505 1995 1583 2047 fer]
1606 1996 1775 2035 Dicitur
1794 1996 1881 2035 hoc
1903 1996 2003 2046 quia

1126 2061 1256 2098 antea
1285 2059 1550 2110 pascentes»
1575 2057 1631 2109 (id
1654 2060 1742 2107 est,
1776 2057 1882 2098 alios
1904 2069 2008 2098 con-

1126 2122 1239 2161 vivio
1285 2119 1580 2172 excipientes)
1629 2132 1769 2172 «reyes
1810 2120 2008 2172 appella—

1126 2185 1312 2231 bantur;
1356 2183 1458 2223 inde
1497 2184 1572 2234 qui
1611 2184 1790 2223 Senatui
1821 2195 2008 2224 coenam

1126 2249 1227 2299 post
1258 2246 1534 2297 triumphum
1565 2245 1732 2286 dabant
1760 2247 1804 2286 in
1836 2247 2010 2298 Capito-

1126 2309 1204 2357 lio,
1245 2308 1451 2349 consules
1482 2307 1553 2348 vel
1583 2308 1849 2349 dictatorem
1878 2320 2009 2360 roga-

1127 2372 1255 2419 bant,
1299 2382 1353 2410 ne
1385 2371 1441 2410 ad
1473 2381 1660 2411 coenam
1688 2372 1913 2418 venirent;
1961 2383 2007 2412 se

1128 2434 1209 2474 illis
1246 2432 1367 2484 quod
1405 2432 1589 2472 ederent
1628 2433 1814 2473 domum
1845 2435 2009 2474 missu-

1129 2508 1228 2545 ros,
1262 2506 1317 2535 ne
1348 2493 1443 2536 illos
1472 2497 1522 2535 ut
1551 2506 1680 2546 reges
1712 2495 1898 2536 domum
1927 2496 2010 2537 de-

1130 2559 1231 2600 duci
1260 2557 1341 2598 illis
1370 2557 1684 2609 praesentibus
1715 2569 1902 2599 necesse
1935 2570 2009 2599 es-

1130 2624 1240 2663 set.»
1292 2622 1436 2661 Animi
1465 2623 1636 2661 tantum
1667 2632 1801 2661 causa
1832 2632 2009 2662 memo-

1128 2684 1268 2725 randa
1311 2684 1487 2725 videtur
1536 2685 1671 2724 etiam
1724 2685 2005 2734 coniectura,

1129 2759 1265 2800 quam
1295 2757 1398 2788 cum
1418 2746 1511 2788 aliis
1532 2758 1675 2799 aeque
1706 2747 1872 2788 festivis
1903 2758 2010 2799 pro-

1131 2811 1226 2852 tulit
1256 2809 1473 2851 Granville
1494 2812 1616 2850 Penn
1638 2810 1950 2862 (Transactions
1969 2811 2017 2862 of

1128 2876 1192 2915 the
1232 2874 1364 2924 Royal
1403 2874 1566 2923 Society
1605 2874 1653 2924 of
1687 2874 1935 2913 Liber-atara
1973 2874 2006 2912 Ῑ.

1131 2936 1250 2978 4843.
1284 2948 1328 2987 p.
1370 2936 1504 2986 426.);
1550 2936 1614 2975 vel
1642 2936 1686 2974 in
1712 2946 1823 2985 pera
1849 2936 1928 2986 fer.
1961 2957 2007 2963 —

1128 3000 1309 3050 splendet
1326 2998 1461 3050 focas]
1493 2999 1627 3038 Lares
1659 2996 1731 3037 tali
1761 2996 1831 3037 die
1862 2999 2011 3048 terge-

1129 3062 1293 3102 bantur
1323 3072 1449 3109 cera,
1491 3059 1621 3111 fuligo
1653 3059 1737 3099 soci
1767 3058 2011 3100 amoveba-

1131 3127 1215 3165 tur.
1251 3147 1295 3152 —
1328 3123 1413 3175 tibi]
1448 3123 1517 3162 «in
1546 3123 1765 3162 honorem
1795 3124 1964 3163 tuum.»

1184 3187 1304 3227 8-40.
1337 3187 1454 3227 Mitte
1485 3185 1588 3237 cet]
1621 3185 1829 3225 «Omissis
1865 3185 2009 3224 omni—

1129 3249 1215 3290 bus
1247 3250 1387 3298 curis,
1427 3260 1542 3300 quae
1572 3247 1716 3288 solent
1745 3249 1910 3298 agitare
1942 3247 2009 3284 vi-

1130 3315 1220 3352 tam
1251 3313 1493 3352 humanam
1522 3312 1637 3351 inter
1663 3311 1883 3350 honorum
1904 3318 2008 3358 spes

1129 3374 1395 3426 plerumque
1427 3373 1606 3413 fallaces
1630 3375 1674 3412 et
1703 3372 1897 3412 studium
1920 3371 2011 3420 opi-

1129 3436 1214 3477 bus
1245 3435 1352 3476 alios
1383 3435 1645 3487 superandi,
1690 3433 1825 3473 Genio
1866 3431 2010 3471 indul-

1130 3509 1358 3549 geamus.»
1424 3499 1523 3548 Ipse
1564 3508 1587 3536 a
1628 3493 1787 3534 talibus
1828 3503 2011 3546 semper
