2231 3787
234 208 290 260 16
857 210 1072 250 HORATH
1104 211 1407 253 SATiRARUM

293 344 394 393 Aut
431 339 566 393 alius
605 357 764 394 casus
804 338 942 393 lecto
982 348 1032 392 te
1073 339 1276 401 adfixit,
1319 341 1488 395 habes
1525 342 1616 412 qui

292 441 570 504 Adsideat,
613 442 844 494 fomenta
883 450 1059 512 paret.
1103 441 1376 496 medicum
1416 453 1592 514 roget,
1636 452 1694 495 ut
1732 452 1782 496 te

293 544 524 598 Suscitet
562 560 624 597 ac
662 543 833 614 gnatis
873 542 1064 596 reddat
1104 543 1356 615 carisque
1396 544 1764 616 propinquis?

291 647 403 698 Non
443 662 580 699 uxor
617 644 824 698 salvum
862 653 913 697 te
952 643 1090 706 volt,
1134 662 1241 698 non
1280 644 1449 710 filius,
1490 664 1680 699 omnes

291 748 456 802 Vicini
497 746 751 809 oderunt,
794 746 932 808 noti,
975 747 1130 817 pueri
1172 755 1334 818 atque
1374 746 1607 819 puellae.

291 849 516 910 Miraris
563 866 685 903 cum
722 857 778 901 tu
817 856 1039 919 argento
1078 858 1201 920 post
1241 850 1422 903 omnia
1459 866 1658 921 ponaS‚

291 951 344 1005 Si
383 968 542 1006 nemo
580 959 819 1022 praestet
856 968 1021 1022 quem
1059 968 1166 1005 non
1205 951 1469 1006 merearis
1509 953 1793 1007 amorem?

274 1181 340 1220 84.
374 1180 542 1220 morbus
573 1179 730 1232 <adscr.
765 1179 860 1221 «vel
890 1181 1051 1230 casus»)
1084 1180 1127 1220 d.
1166 1203 1211 1208 —
1244 1181 1402 1233 afflioeit
1431 1180 1659 1230 Bbcd‚LC.
1706 1183 1768 1232 (Ut
1799 1193 1902 1231 nos,
1938 1184 1994 1235 Sp

277 1246 322 1282 et
351 1245 561 1294 quattuor
590 1243 798 1283 Pottierii.
859 1244 923 1282 De
945 1244 1036 1284 suis
1064 1245 1183 1284 tacet
1210 1243 1420 1295 Bentley,
1455 1245 1537 1284 nisi
1568 1244 1689 1295 quod
1720 1246 1763 1284 in
1792 1244 1995 1297 pluribus

273 1305 550 1346 membranis
580 1306 768 1357 reperiri
799 1305 904 1346 dicit
933 1307 1112 1358 affinxit,
1145 1306 1201 1345 ab
1232 1307 1327 1358 ipso
1358 1307 1695 1358 improbatum.)
1727 1331 1771 1337 —
1805 1307 1872 1348 83.
1905 1309 1999 1348 recl-

274 1370 347 1407 dat
382 1369 521 1419 gnatis
550 1369 599 1419 (s.
632 1369 754 1419 natis)
786 1368 1020 1417 Bbed,LtJ.
1057 1368 1181 1419 (natis
1214 1369 1325 1409 Edd.
1358 1368 1616 1421 pleraeque.
1679 1370 1890 1410 Nostrum
1922 1381 1997 1409 or-

274 1430 426 1470 dinem
447 1432 629 1470 tuentur
650 1432 729 1482 Sp,
762 1433 852 1472 tres
873 1430 1110 1481 Blandinii,
1143 1443 1259 1472 unus
1282 1431 1533 1478 Pulmanni,
1560 1431 1710 1483 βόνυ.)
1737 1455 1783 1462 -
1808 1433 1874 1473 85.
1900 1434 1998 1472 ode-

275 1497 375 1532 runt
402 1494 490 1532 noti
516 1494 552 1531 J.

218 1698 388 1748 ptum»,
421 1699 469 1737 ut
499 1707 633 1749 saepe
654 1707 695 1737 v.
721 1701 882 1737 tentare
906 1696 961 1737 de
983 1708 1102 1737 mor·
1162 1699 1297 1751 Junq
1325 1701 1412 1740 und
1439 1701 1546 1751 ΑΗ,
1583 1700 1706 1742 velut
1736 1713 1790 1742 ex
1820 1702 2046 1754 proverbii

218 1759 381 1799 borum
429 1760 776 1801 accessionibus.
836 1782 883 1789 —
934 1761 1099 1812 adfilzit]

220 1823 371 1870 «fecit,
416 1824 466 1860 ut
510 1822 672 1862 diutius
717 1822 797 1862 tibi
841 1823 1101 1863 cubandum

219 1885 382 1924 esset.»
442 1886 542 1924 Sen.
576 1885 656 1936 Ep.
692 1883 765 1924 67:
809 1886 898 1936 Ayo
935 1887 1101 1937 qratias

216 1946 436 1994 senectuti,
487 1947 598 1994 qnod
638 1957 703 1986 me
751 1947 896 1987 lectulo
942 1948 1097 1999 affixit.

219 2009 366 2048 Lectio
389 2009 547 2059 afflicvic
575 2009 756 2057 notioni,
791 2021 905 2061 quae
936 2011 1007 2050 hic
1033 2022 1103 2050 re-

218 2071 428 2121 quiritur,
462 2073 564 2122 apta
595 2083 681 2111 non
711 2073 799 2119 est3
833 2073 1101 2123 significaret

218 2134 360 2173 enim:
416 2144 546 2172 «cum
592 2135 631 2173 vi
682 2136 722 2173 te
767 2134 882 2174 lecto
928 2134 1098 2175 illidit.»

217 2195 344 2244 Quod
403 2195 459 2235 ad
515 2197 826 2236 auctoritatem
873 2199 1095 2249 pertinet,

216 2257 510 2308 Sangallensis
540 2269 668 2298 meus
703 2261 1098 2310 praestantissimis

217 2319 356 2359 Codd.
394 2320 758 2360 adnumerandus
802 2325 884 2361 est.
952 2325 1096 2374 Atque

215 2382 376 2422 sufficit
405 2384 585 2421 omnino
617 2383 814 2423 Senecae
838 2386 1093 2425 auctoritas,

214 2443 387 2484 Nullam
415 2455 524 2483 vero
550 2445 667 2496 apud
698 2448 938 2498 scriptores
970 2459 1100 2499 repe-

214 2507 301 2546 ries
341 2518 422 2558 pro
464 2518 601 2558 pravo
641 2507 711 2547 illo
751 2509 853 2549 lecto
890 2510 1093 2561 affliqere.

219 2590 262 2597 —
297 2570 505 2620 Adsideat]
539 2568 694 2609 Celsus
725 2570 769 2619 3,
803 2570 852 2611 li:
890 2573 1023 2611 Unum
1044 2573 1097 2611 il-

215 2632 285 2670 lud
315 2636 392 2680 est,
441 2633 550 2681 quod
579 2643 761 2682 semper,
808 2635 919 2682 quod
947 2635 1097 2685 ubique

214 2695 466 2733 servandum
485 2699 562 2744 est,
595 2699 641 2733 ut
661 2689 779 2746 (wyri
798 2698 908 2736 vires
928 2698 1097 2737 subinde

215 2757 447 2795 assidens
474 2758 656 2796 medicus
684 2759 892 2808 inspiciat..
922 2781 966 2787 —
992 2761 1097 2799 Sus-

214 2819 326 2870 citet]
362 2819 569 2868 «efficiat,
613 2822 661 2859 ut
689 2831 845 2861 rursus
878 2833 900 2861 e
932 2822 1095 2863 lectulo

215 2893 397 2932 surgere
438 2883 631 2933 possis»,
678 2882 722 2922 id
759 2886 847 2931 est,
895 2884 1094 2926 «bonam

213 2944 518 2986 valetudinem
549 2946 626 2985 tibi
655 2947 900 2987 restituat.»

270 3069 416 3110 84-94.
475 3071 570 3110 Non
612 3082 726 3110 uoeor
768 3072 870 3124 eet]
917 3089 935 3109 a
952 3075 1093 3114 Immo

215 3143 347 3172 nemo
379 3133 439 3172 tui
461 3143 615 3172 curam
636 3134 789 3183 gerit.»
850 3134 1008 3175 Similis
1029 3135 1095 3175 lo-

215 3206 294 3235 cus
326 3198 393 3235 est
423 3195 542 3247 apud
571 3196 696 3235 Dion.
733 3197 890 3246 Chrys.
925 3198 995 3237 Or.
1026 3200 1091 3238 47.

216 3269 256 3309 p.
290 3257 386 3298 464.
418 3259 465 3297 R.
519 3258 609 3297 Cic.
650 3258 692 3297 in
733 3259 876 3299 Vatin.
910 3261 981 3309 1¹6,
1016 3261 1090 3300 39:

214 3320 247 3358 si
268 3324 304 3359 te
322 3320 471 3369 vicini,
494 3320 528 3359 si
550 3320 709 3371 affines,
732 3321 766 3359 si
787 3322 955 3361 tribules
970 3344 988 3350 -
1002 3324 1095 3363 ode-

215 3387 336 3431 runt,
358 3405 412 3411 --
431 3383 465 3422 si
498 3384 665 3434 coquant
693 3389 894 3433 respuunt
925 3386 1010 3425 cet.
1045 3408 1090 3414 —

211 3445 333 3492 pueri
380 3448 504 3493 atque
545 3445 734 3496 puellae]
782 3446 874 3485 fere
920 3450 967 3486 ut
1011 3458 1092 3487 nos

1165 1761 1374 1812 formula,
1418 1764 1572 1815 sicque
1610 1776 1766 1805 rursus
1803 1766 1891 1804 Sat.
1917 1766 1966 1814 ἓ,
1999 1765 2048 1810 3,

1165 1825 1257 1865 430.
1295 1849 1340 1854 -
1366 1831 1462 1876 post
1491 1828 1633 1867 omnia
1660 1828 1806 1880 ponas]
1839 1827 2048 1868 Similiter

1165 1888 1374 1928 dividitur
1413 1895 1664 1940 anteponere
1701 1902 1725 1930 a
1766 1892 1856 1931 Cic.
1891 1891 1970 1930 Off.
2001 1891 2048 1937 3,

1165 1951 1238 1999 47,
1272 1952 1315 1991 Ἡ
1339 1964 1347 1989 :
1380 1953 1546 1992 malitia
1565 1975 1584 1982 -
1606 1975 1625 1982 -
1643 1954 1761 1993 mala
1791 1953 1907 1993 bonis
1931 1954 2050 2003 ponit

1165 2017 1275 2053 ante.
1314 2035 1358 2042 -
1390 2015 1443 2055 At
1471 2016 1506 2054 si
1537 2015 1640 2067 eet]
1674 2019 1752 2056 «At
1782 2017 1818 2057 si
1849 2015 1968 2056 nullo
1989 2015 2051 2056 la-

1163 2075 1275 2116 bore
1296 2075 1405 2117 velis
1426 2088 1608 2118 servare
1630 2079 1799 2119 amieos
1822 2080 2049 2129 cognatos,

1164 2149 1279 2189 quos
1310 2139 1389 2178 tihi
1424 2143 1581 2180 natura
1621 2141 1720 2190 dat,
1761 2140 1908 2181 infelix
1937 2140 2051 2181 ludis

1164 2212 1391 2252 operam.»
1452 2204 1576 2243 Hanc
1609 2205 1791 2255 Cruquii
1828 2205 2051 2255 interpre-

1162 2264 1397 2313 tationem,
1445 2275 1531 2316 qua
1573 2265 1714 2305 verba
1753 2266 1866 2305 nullo
1910 2266 2051 2306 labore

1164 2325 1222 2364 ad
1245 2325 1315 2365 illa
1339 2327 1519 2366 retinere
1537 2328 1638 2367 velis
1657 2328 1913 2369 referuntur
1928 2361 1937 2377 ,
1961 2339 2050 2369 non

1162 2389 1218 2429 ad
1239 2401 1308 2429 W.
1333 2394 1494 2429 natura
1521 2391 1614 2440 dat,
1649 2403 1793 2443 nuper
1814 2391 2048 2432 Herbstius

1162 2451 1305 2502 (Lectt.
1344 2453 1487 2492 Venus,
1513 2455 1559 2493 P.
1584 2455 1615 2493 I.
1639 2465 1682 2505 p.
1707 2455 1759 2493 22
1781 2454 1898 2506 sqq.)
1931 2454 2050 2494 mul-

1161 2515 1215 2554 tis
1247 2513 1400 2554 similis
1431 2517 1800 2566 transgressionis
1831 2516 2048 2568 exemplis

1161 2577 1281 2629 apud
1339 2578 1569 2618 Horatium
1627 2578 1768 2618 obviis
1824 2579 2043 2631 probavit.

1159 2640 1410 2680 Duntzerus
1448 2642 1598 2680 autem
1637 2652 1832 2692 eumque
1864 2644 2046 2682 secutus

1159 2701 1525 2753 Dillenburgerus
1546 2715 1617 2743 vv,
1642 2705 1754 2743 nullo
1785 2704 1927 2745 labore
1947 2700 2046 2744 ἀπὸ

1158 2763 1326 2806 κοινοῦ
1358 2767 1501 2817 posita
1541 2769 1723 2818 putant:
1774 2769 1853 2807 «At
1891 2768 1927 2808 si
1968 2779 2046 2807 eo—

1159 2831 1338 2879 gnatos,
1375 2840 1487 2879 quos
1518 2828 1633 2869 ultro
1665 2829 1744 2868 tibi
1775 2829 1933 2869 obtulit
1962 2841 2046 2870 na-

1158 2893 1281 2939 tura,
1321 2890 1438 2930 nulla
1468 2892 1603 2931 etiam
1634 2892 1837 2943 impensa
1876 2893 2045 2934 amicos

1157 2952 1236 2992 tibi
1280 2963 1460 2993 servare
1506 2953 1641 3002 velis,
1693 2965 1836 3005 aeque
1883 2955 2042 2995 stultus

1160 3025 1208 3055 es
1229 3025 1283 3054 ac
1303 3015 1364 3055 si»
1389 3018 1475 3055 eet.
1499 3039 1543 3044 —-
1562 3016 1676 3056 nullo
1697 3039 1719 3045 —
1740 3017 1897 3068 labore]
1920 3019 2046 3058 ohne

1158 3082 1318 3117 etwas
1336 3079 1424 3129 Γᾶν
1443 3079 1514 3118 sie
1531 3090 1593 3119 zu
1613 3080 1753 3129 thun,
1777 3079 1896 3120 nullo
1919 3091 2042 3121 sum-

1156 3140 1256 3190 ptu,
1282 3138 1400 3179 nulla
1421 3138 1695 3191 largitione.»
1723 3165 1767 3171 —
1789 3154 2044 3193 servareque

1158 3203 1332 3252 amicos]
1362 3203 1450 3242 Sat.
1478 3204 1522 3252 4,
1564 3204 1609 3253 3,
1650 3204 1724 3245 54:
1771 3206 1883 3244 Haec
1911 3215 1978 3244 res
2007 3209 2046 3244 et

1157 3263 1314 3314 iungit,
1362 3265 1523 3303 iunctos
1553 3269 1590 3304 et
1619 3270 1757 3306 servat
1788 3267 1957 3305 amicos.
1996 3290 2040 3294 —

1155 3326 1332 3376 Infelix]
1382 3328 1432 3368 Ut
1467 3325 1640 3379 μέλεος
1681 3330 1749 3368 est
1795 3327 2039 3377 interdum,

1159 3389 1259 3438 «qui
1276 3387 1442 3440 aliquid
1463 3390 1567 3430 facit
1581 3389 1854 3438 infeliciter»,
1875 3391 1938 3430 sie
1955 3391 2041 3430 hoc

1154 3447 1252 3488 loeo
1284 3462 1371 3490 non
1403 3454 1467 3490 est
1494 3453 1633 3491 malus
1662 3463 1714 3491 ac
1745 3463 1884 3503 prope
1916 3453 2043 3493 sce-le·
