2231 3787
814 280 909 317 Lll3.
949 280 994 318 ll.

207 407 474 469 Quocirca
516 426 726 462 mecum
772 408 965 480 loquor
1003 409 1136 463 haec
1175 411 1476 482 tacitusque
1518 413 1797 466 recordor:

1059 279 1221 319 EPlST.
1259 282 1306 320 11.
1868 281 1968 332 069

1867 412 1885 465 4
1900 413 1965 464 45

204 508 256 559 Si
300 508 389 561 tibi
429 509 570 562 nulla
611 511 749 563 sitini
790 510 965 564 finiret
1002 511 1159 583 copia
1195 511 1475 585 lymphae,

201 611 460 664 Narrares
500 612 746 677 medicis3
789 612 961 684 quod,
1004 622 1204 685 quanto
1243 613 1398 685 plura
1437 616 1660 685 parasti,

202 713 365 765 Tanto
404 712 559 783 plura
596 714 773 784 cupiS,
817 714 1015 768 nulline
1055 715 1269 769 faterier
1307 717 1519 771 audes?

202 813 256 867 Si
294 814 485 867 volnus
525 814 617 868 tibi
658 825 950 869 monstrata
987 817 1171 871 radice
1210 817 1293 871 vel
1331 818 1501 872 herba

199 917 314 969 Non
351 915 506 971 fieret
543 916 741 978 levius,
783 917 997 988 fugeres
1038 919 1219 973 radice
1255 920 1340 973 vel
1378 920 1547 975 herba

198 1017 516 1072 Proficiente
556 1018 682 1071 nihil
723 1020 978 1073 curarier.

1860 921 1880 974 4
1895 923 1961 973 ’30

1054 1021 1339 1084 AudieraS,
1382 1023 1467 1076 cui

198 1122 329 1174 Rern
367 1120 421 1173 di
460 1120 743 1184 donarent,
788 1120 859 1173 illi
900 1121 1171 1176 decedere
1209 1141 1430 1194 pravam

199 1221 507 1288 Stultitiam3
547 1231 624 1286 et,
668 1240 791 1277 cum
828 1224 901 1276 sis
940 1223 1103 1277 nihilo
1144 1225 1469 1295 sapientior,

1513 1244 1578 1280 ex
1617 1245 1725 1299 quo

197 1324 412 1378 Plenior
451 1343 524 1387 eS,
569 1334 747 1379 tamen
786 1326 954 1379 uteris
993 1326 1350 1380 monitoribus
1391 1327 1603 1381 isdem?

185 1462 248 1512 (Ut
278 1471 383 1509 nos,
414 1459 554 1509 bScd,
590 1461 782 1500 Pottierii
815 1463 859 1500 et
888 1461 1100 1500 Schmidii
1131 1462 1321 1512 omnes.)
1350 1484 1393 1489 -—

182 1522 208 1561 d
232 1525 275 1562 et
306 1522 518 1562 Schmidii
546 1523 732 1574 primus.
761 1546 803 1551 —-

1422 1463 1514 1503 453.
1548 1464 1779 1504 Stultitiam
1809 1477 1902 1506 cum

831 1522 923 1563 1154.
946 1523 1180 1562 rationibus
1201 1523 1243 1572 d,
1277 1525 1488 1564 Schmidii
1508 1527 1688 1575 tertius,
1722 1528 1830 1568 item
1862 1531 1905 1568 et

179 1585 207 1624 b
241 1587 284 1625 et
314 1598 360 1635 c,
396 1585 476 1625 sed
508 1597 733 1638 superscr.
766 1585 1059 1636 monitoribus,
1099 1586 1355 1626 sermonibus
1390 1588 1600 1627 Schmidii
1632 1590 1872 1631 secundus.

125 1704 164 1751 4,
190 1704 256 1752 40,
281 1703 347 1743 46.
377 1726 419 1731 —
453 1704 580 1756 sequi]
615 1704 833 1752 «sectari,
868 1714 1009 1754 quae-

125 1778 256 1806 rere»
296 1768 408 1815 cet,
452 1767 496 1806 id
527 1769 615 1816 est,
666 1777 874 1807 «summa
906 1778 1008 1806 cum

125 1841 230 1870 cura
274 1841 547 1882 componere
589 1831 785 1870 carmina
826 1829 1008 1880 lyrica.»

125 1893 210 1933 Cfr.
250 1892 356 1933 Plat.
397 1895 525 1944 Gorg.
560 1892 640 1934 489
672 1894 742 1932 B.:
788 1887 1010 1945 ὀνόματα

124 1952 357 2013 θηρεύων.
399 1979 442 1984 —
492 1957 573 1996 Sed
613 1967 738 1996 verae
782 1955 887 2007 cet]
930 1956 1010 1995 Hic

123 2018 366 2058 verborum
411 2019 521 2058 ordo
567 2020 672 2058 satis
719 2018 922 2057 firmatur
952 2018 1007 2057 ab

125 2082 303 2132 optimis
336 2080 475 2120 Codd.
511 2082 554 2120 et
583 2079 653 2120 vel
683 2079 784 2119 ideo
814 2080 1010 2119 retinen-

124 2143 207 2184 dus
240 2146 330 2191 est,
372 2144 473 2193 quia
514 2143 576 2182 vis
616 2143 863 2182 sententiae
894 2142 1010 2181 inest

125 2208 167 2246 in
183 2218 225 2245 v.
244 2217 384 2245 verae.
409 2229 452 2233 -
476 2216 753 2254 numerosque
771 2203 1006 2255 modosque]

123 2266 343 2327 ῥυθμοὺς
384 2269 464 2309 καὶ
494 2267 631 2322 μέλη.
693 2268 759 2308 Ad
790 2266 1007 2307 moralem

125 2333 373 2372 doctrinam
403 2331 458 2371 de
490 2332 578 2371 vita
615 2333 738 2370 recte
770 2329 1007 2369 constituta

125 2397 169 2435 et
197 2406 352 2435 secum
390 2395 486 2446 ipsa
526 2394 781 2434 constanter
818 2402 1008 2432 concor-

124 2457 257 2498 dante
295 2457 507 2497 transfert
545 2457 820 2496 musicorum
851 2455 1007 2494 metri-

124 2531 371 2571 corumque
415 2518 647 2559 vocabula.
707 2516 1006 2559 Memorabilis

123 2582 249 2622 locus
295 2584 362 2622 est
406 2580 475 2621 ille
519 2580 721 2621 Aristidis
757 2578 1006 2628 Quintiliani

125 2644 217 2685 Lib.
243 2646 274 2684 Ι.
307 2655 351 2696 p.
376 2644 443 2685 43.
478 2643 710 2685 Meibom.:
748 2641 882 2692 Τινὲς
910 2638 1006 2680 τῶν

125 2704 340 2747 παλαιῶν
383 2703 467 2746 τὸν
509 2705 599 2759 μὲν
638 2701 828 2762 ῥυθμὸν
862 2698 1006 2760 ἄρῥεν

123 2765 421 2819 ἀπεκάλουν,
447 2765 503 2809 τὸ
525 2767 574 2808 δὲ
594 2766 742 2822 μέλος
763 2765 886 2819 θῆλυ
904 2765 1002 2805 κτλ.

126 2833 188 2873 Cf.
215 2834 348 2873 etiam
369 2833 492 2883 Diog.
517 2833 659 2871 Laert.
680 2831 719 2879 6,
739 2830 805 2870 37.
830 2829 885 2869 de
907 2829 1007 2868 Dio-

125 2906 236 2946 gene
255 2895 512 2946 Sinopensi:
535 2893 629 2934 Καὶ
647 2889 748 2946 μὴν
769 2892 851 2931 καὶ
867 2890 1007 2932 ἐθαύ-

123 2960 242 3010 μαζε
273 2953 387 3008 τοὺς
421 2953 693 3010 μουσικοὺς
721 2951 808 3005 τὰς
835 2953 925 3007 μὲν
955 2953 1005 2994 ἐν

124 3017 180 3076 τῆ
239 3017 360 3077 λύρα
417 3015 597 3076 χοοὸὰς
649 3014 1003 3075 ἁρμόττεσθαι,

123 3078 411 3138 ανάρμοστα
452 3056 556 3121 δὲ3
542 3074 673 3129 ἔχειν
709 3077 798 3132 τῆς
819 3086 1005 3180 τψυχης

124 3142 183 3185 τὰ
204 3141 319 3197 η’θη.
368 3145 535 3183 Seneca
556 3144 691 3194 Epist.
717 3142 790 3189 34,
859 3142 1005 3180 :Huic

124 3214 162 3250 et
190 3210 294 3249 illud
324 3209 494 3248 accedat
521 3215 566 3246 ut
590 3207 776 3257 perfecta
794 3206 928 3244 virtus
955 3205 1007 3244 sit

126 3271 360 3321 aequalitas
388 3282 438 3309 ac
478 3273 595 3309 tenor
621 3269 734 3308 vitae
757 3278 835 3317 per
864 3267 1007 3306 omnia

126 3345 355 3373 consonans
384 3332 472 3372 sibi.

183 3395 382 3436 445-459.
428 3393 640 3445 recordor]
690 3392 902 3443 «Proprie
938 3393 1007 3431 est

126 3469 274 3497 rursus
301 3459 342 3497 in
373 3469 446 3497 cor
468 3467 686 3504 revocare,
720 3457 768 3494 ut
787 3454 845 3493 ait
864 3454 1005 3493 Varro

130 3521 174 3558 L.
198 3521 242 3559 L.
268 3520 308 3570 6,
332 3519 423 3569 46.,
447 3519 532 3559 hoc
555 3520 641 3568 est,
675 3518 718 3557 in
739 3517 890 3557 mente
912 3516 1005 3567 agi-

1075 1707 1183 1752 tare,
1204 1704 1436 1754 cogitando
1458 1707 1679 1756 repetere,
1699 1708 1953 1757 reputare.»

1074 1767 1279 1805 FoncssLL.
1309 1789 1352 1795 —
1387 1767 1433 1806 Si
1463 1767 1534 1806 tibi
1567 1768 1670 1820 cet]
1703 1768 1766 1808 Cf.
1801 1769 1879 1809 Od.
1913 1771 1953 1819 2,

1074 1829 1120 1876 ⁶2,
1155 1828 1204 1868 43
1227 1839 1326 1879 sqq.
1361 1829 1482 1869 Stob
1508 1830 1582 1878 40,
1618 1829 1692 1870 46:
1726 1829 1956 1884 Διογένης

1073 1884 1261 1942 ωμοίου
1313 1887 1426 1941 wig
1479 1889 1806 1949 φιλαργιροις
1855 1899 1956 1945 τοῖς

1074 1947 1377 2006 ὑὸοωῖτικοῖς·
1397 1953 1472 1994 §ze
1454 1955 1631 2006 εἰνοις
1630 1969 1683 1994 uc
1665 1951 1822 2012 ὲνγὰρ
1843 1954 1937 1996 πλ’
1908 1971 1957 2009 ›7-

1072 2026 1169 2071 οεις
1227 2010 1372 2066 ὄντας
1425 2011 1653 2074 ἀργυοίου
1704 2016 1955 2070 ἐπιθυμεῖν

1072 2076 1155 2117 πλε
1143 2079 1314 2128 ιὀνος,
1368 2075 1593 2130 [τούτους
1642 2077 1680 2118 δ’
1732 2073 1927 2132 ὓδατος,
1939 2081 1952 2133 ]

1070 2135 1385 2198 αμφοτέρους
1414 2139 1464 2181 δὲ
1485 2138 1605 2198 πρὸς
1624 2140 1795 2182 κακοῦ.
1823 2167 1868 2171 -
1889 2144 1955 2195 fa-

1070 2203 1210 2255 terier]
1241 2204 1305 2243 De
1328 2203 1523 2243 infinitivi
1547 2204 1687 2244 forma
1711 2204 1764 2244 cf.
1789 2217 1830 2244 v.
1857 2207 1949 2245 454.

1072 2265 1158 2304 Sat.
1186 2266 1232 2313 4,
1260 2266 1307 2314 2,
1338 2265 1403 2305 35.
1435 2289 1478 2294 —-
1510 2266 1687 2318 fugeres]
1723 2267 1954 2318 «indigna-

1070 2326 1249 2368 bundus
1272 2327 1424 2377 nolles,
1447 2339 1725 2369 recusares.»
1756 2330 1820 2369 De
1843 2341 1953 2370 con-

1071 2391 1313 2431 structione
1360 2390 1413 2430 cf.
1455 2390 1534 2430 Od.
1575 2391 1620 2439 4,
1655 2391 1701 2439 9,
1737 2391 1809 2430 43;
1854 2392 1953 2443 fuqe

1069 2463 1286 2501 quaerere.
1325 2476 1367 2482 —
1409 2453 1627 2505 Audieras]
1668 2465 1693 2493 a
1725 2452 1864 2504 volgo.
1903 2477 1947 2482 —-

1069 2514 1287 2566 donarent]
1340 2515 1522 2555 Bentleii
1571 2516 1769 2556 donarint
1814 2527 1951 2568 repu-

1069 2582 1173 2630 gnat
1189 2580 1337 2618 rectae
1359 2580 1614 2630 temporum
1630 2579 1946 2630 consecutioni‚

1070 2652 1184 2692 quae
1218 2643 1309 2681 est:
1357 2641 1531 2689 audisti,
1578 2641 1645 2680 cui
1684 2652 1773 2680 rem
1801 2642 1951 2680 donent

1068 2703 1139 2744 vel
1170 2704 1391 2751 donar-inm
1425 2704 1643 2752 audieras,
1676 2704 1743 2742 cui
1770 2715 1859 2743 rem
1879 2705 1950 2744 do-

1068 2770 1218 2805 narent
1237 2764 1306 2804 vel
1329 2766 1561 2805 donassent.
1596 2765 1681 2804 Cfr.
1700 2765 1817 2816 Virg.
1835 2768 1942 2805 Aen.

1071 2831 1115 2876 4,
1150 2829 1222 2868 49;
1263 2828 1505 2879 Proqeniem
1532 2828 1601 2867 sed
1630 2828 1738 2868 enim
1769 2829 1948 2869 Troiano

1069 2903 1096 2931 a
1125 2891 1328 2942 sanquine
1356 2890 1451 2929 duci
1479 2890 1750 2940 Audierat,
1802 2891 1948 2940 Tyrias

1069 2954 1166 2993 olim
1208 2963 1317 3002 quae
1359 2956 1588 2992 verteret
1629 2964 1760 2992 arces.
1802 2975 1846 2982 -
1894 2965 1947 2993 eae

1067 3016 1162 3067 quo]
1197 3015 1379 3055 «Cicero
1405 3025 1492 3054 non
1514 3014 1677 3055 dixisse
1698 3015 1874 3054 videtur
1892 3027 1946 3055 ea:

1066 3090 1148 3127 quo
1177 3078 1262 3117 hac
1291 3077 1473 3128 quidem
1495 3078 1710 3129 temporis
1732 3077 1948 3128 significa-

1068 3142 1209 3188 tione,
1250 3139 1330 3180 sed
1367 3151 1420 3179 ex
1459 3150 1540 3188 quo
1570 3145 1764 3190 tempore.
1814 3139 1943 3191 Apud

1068 3204 1238 3243 Livium
1286 3202 1390 3242 nihil
1439 3203 1759 3254 frequentius.»
1823 3203 1942 3241 HAND

1067 3267 1193 3306 Turs.
1223 3267 1273 3305 ll.
1303 3277 1347 3317 p.
1379 3264 1472 3305 648.
1503 3287 1548 3293 -
1582 3263 1853 3304 monitoribus
1884 3263 1943 3302 is-

1067 3327 1170 3380 dem]
1204 3327 1376 3367 «adhuc
1405 3326 1531 3366 audis
1568 3325 1815 3377 opulentiae
1845 3323 1943 3364 lau-

1067 3390 1266 3438 datores,
1300 3388 1462 3440 quibus
1487 3389 1575 3427 iam
1596 3386 1735 3428 semel
1756 3385 1941 3426 creden-

1067 3452 1123 3492 do
1155 3452 1370 3504 deceptus
1394 3462 1485 3491 es.»
1516 3453 1722 3490 ponpam.
1768 3449 1942 3488 Lectio—

1067 3526 1146 3555 nes
1189 3514 1423 3555 rationibus
1466 3515 1510 3554 et
1551 3511 1804 3552 sermonibus
1839 3513 1942 3551 sunt
