2231 3787
330 273 430 323 13:56

400 406 511 457 Hac
549 403 762 456 rabiosa
802 402 929 473 sugit
968 403 1140 465 canis,
1182 403 1280 456 hac
1320 401 1574 454 lutulenta
1613 400 1717 452 ruit
1756 416 1875 451 sus:

928 272 1139 312 llORATIl
1172 271 1537 313 EPISTOLARUM

2078 399 2144 450 75

402 507 420 558 l
461 523 599 559 nunc
639 514 691 558 et
730 522 922 558 versus
962 513 1137 558 tecum
1176 503 1436 556 meditare
1476 518 1721 555 canoros,

401 607 732 678 Scriptorum
773 606 968 659 chorus
1009 605 1180 657 omnis
1221 612 1361 657 amat
1398 621 1588 657 nemus
1628 611 1680 656 et
1705 602 1836 673 fugit
1860 601 2075 662 urbem,

400 709 515 762 Rite
556 709 720 762 cliens
759 707 953 760 Bacchi
993 723 1180 759 somno
1221 704 1502 776 gaudentis
1543 713 1595 758 et
1632 703 1851 757 umbra:

402 812 477 863 Tu
516 827 601 863 me
641 810 776 862 inter
816 808 1070 878 strepitus
1108 815 1400 860 nocturnos
1440 815 1600 877 atque
1646 806 1868 859 diurnos

442 953 509 991 75.
548 952 653 990 Hine
675 951 836 990 --hac
867 949 908 989 d.
946 972 991 977 -—
1022 949 1127 1000 furit
1157 959 1179 988 e
1212 949 1320 988 Cod.
1356 950 1399 988 F.
1448 948 1512 999 (Ut
1541 959 1643 998 nos,
1684 958 1839 988 omnes
1875 948 2013 989 nostri
2054 949 2098 988 et

387 1014 609 1063 Pottierii.)
643 1035 690 1041 —
738 1013 803 1052 77.
845 1012 989 1051 urbem
1017 1010 1162 1059 bScd,
1197 1010 1304 1050 Cod.
1343 1012 1548 1061 Franeq„
1583 1011 1670 1050 duo
1701 1010 1933 1060 Schmidii,
1978 1009 2100 1050 urbes

388 1077 474 1115 duo
506 1075 735 1124 Schmidii,
772 1075 954 1114 LCtFMs
987 1075 1031 1113 et
1060 1072 1298 1113 Bentleius.
1342 1074 1461 1125 (fugit
1489 1073 1610 1113 urbes
1640 1073 1751 1123 Rite,
1790 1074 1915 1113 cliens
1943 1072 2098 1113 distinu

338 1214 381 1221 -
414 1192 534 1244 fnyit]
569 1190 826 1231 «celerrime
859 1190 1044 1237 currit‚»
1078 1191 1123 1229 ut
1146 1192 1213 1229 est

334 1258 489 1295 natura
520 1255 648 1293 huius
679 1252 877 1304 pestiferi
907 1251 1066 1291 morbi.
1119 1253 1211 1291 Iam

335 1316 546 1364 Galenus,
572 1317 750 1354 notante
773 1313 979 1359 Marcilio,
1004 1314 1117 1353 inter
1137 1325 1214 1352 no-

336 1385 400 1420 tas
432 1380 552 1419 canis
583 1377 785 1417 rabiosae
807 1377 929 1428 ponit
950 1372 1004 1415 τὸ
1027 1371 1213 1429 ἀλόγως

335 1443 517 1499 τρέχειν
556 1443 599 1480 et
630 1441 800 1480 Gratius
840 1441 880 1478 in
916 1440 1082 1489 Cyneg.
1117 1438 1210 1478 388.

336 1506 454 1545 idem
476 1504 630 1543 tradit:
663 1504 734 1542 Ille
764 1501 1049 1553 (vermiculus
1077 1501 1212 1550 canis)

334 1568 403 1606 ubi
432 1567 544 1606 salsa
572 1566 640 1605 siti
657 1565 870 1615 praecepit
887 1566 1048 1604 viscera
1070 1564 1212 1614 lonqa,

334 1630 516 1669 Aestivos
568 1628 738 1667 vibrans
795 1627 977 1667 accensis
1037 1625 1216 1677 febribus

336 1693 464 1743 =i9nes,
487 1691 740 1740 Moliturque
757 1690 881 1741 fugas
902 1694 938 1728 et
957 1690 1091 1728 sedem
1105 1698 1218 1737 sper-

338 1755 397 1793 nit
425 1758 627 1792 amatam.
681 1753 827 1792 Lectio
852 1753 956 1803 furit
976 1749 1215 1790 reiicienda

337 1815 408 1855 vel
450 1818 634 1867 propter
675 1827 717 1854 v,
760 1815 950 1860 rabiosa3
999 1806 1067 1853 bis
1099 1812 1215 1852 enim

338 1879 457 1918 idem
480 1878 661 1917 diceret.
690 1901 734 1905 —-
758 1877 973 1925 lutulenta]
999 1875 1216 1924 «ideoque

338 1942 428 1981 luto
460 1943 501 1980 te
535 1940 857 1990 inquinatura.»
908 1941 1003 1978 Non
1039 1939 1105 1977 est
1135 1937 1215 1986 igi-

339 2007 433 2051 tur,
466 2004 514 2042 ut
536 2001 729 2042 nonnulli
752 2001 1071 2053 opinabantur,
1106 1999 1218 2038 otio-

340 2077 438 2105 sum
469 2064 705 2104 ἐπίθετον.
754 2064 817 2104 Cf.
842 2065 951 2115 Epp.
985 2064 1030 2111 4,
1062 2063 1108 2110 ⁶2,
1140 2062 1214 2100 26:

340 2129 477 2167 amica
506 2128 590 2165 luto
620 2138 701 2165 sus.
741 2148 781 2155 —
818 2127 838 2164 Ι
868 2125 990 2176 nnnc]
1033 2124 1106 2163 «si
1136 2134 1219 2175 po—

340 2194 451 2230 tes.»
482 2189 579 2228 Vid.
605 2189 659 2228 ad
682 2189 790 2239 Epp.
817 2188 863 2236 21,
895 2188 940 2236 6,
966 2187 1030 2226 117.
1065 2188 1214 2225 Iuven.

342 2253 420 2300 40,
455 2252 558 2291 466:
591 2253 613 2290 I
639 2252 802 2290 demens
830 2253 868 2289 et
899 2250 1002 2299 (non
1018 2248 1044 2299 i)
1075 2258 1221 2287 saevas

339 2325 462 2354 curre
486 2325 563 2364 per
590 2314 732 2363 Alpes,
774 2311 850 2351 ubi
879 2311 979 2351 vide
1011 2309 1219 2350 Heinrich

340 2378 391 2416 II.
425 2387 468 2427 p.
495 2376 588 2415 397.
638 2377 695 2414 lta
730 2374 883 2414 Graeci
914 2384 1108 2425 quoque.
1160 2373 1215 2412 M.

340 2438 584 2478 Antoninus
623 2437 668 2485 9,
709 2437 783 2476 29:
825 2429 994 2489 Ὕπαγε
1022 2432 1108 2475 νῦν
1137 2434 1219 2474 καὶ

337 2495 640 2555 Ἀλέξανδρόν
677 2511 764 2551 μοι
795 2497 914 2552 λέγε.
952 2522 996 2526 —
1029 2496 1218 2548 canoros]

344 2562 486 2602 «bene
517 2560 787 2608 modulatos;
806 2577 825 2596 »
858 2572 971 2601 unus
998 2559 1117 2612 apud
1139 2561 1220 2599 Fe-

342 2637 415 2664 am
441 2636 634 2673 sonoros,
680 2636 733 2664 ex
762 2622 1044 2674 glossemate.
1074 2646 1119 2650 —
1147 2622 1220 2673 fu-

341 2689 400 2740 9it
429 2686 584 2738 urbem]
624 2686 921 2726 praestantior
949 2685 1061 2725 haec
1090 2683 1218 2725 lectio

345 2749 483 2790 Codd.
524 2759 730 2788 meorum
766 2748 995 2798 antiquiss.
1037 2748 1081 2786 et
1111 2746 1219 2787 allo-

343 2823 444 2852 rum
465 2812 575 2851 Feae
599 2822 651 2850 eo
674 2811 850 2850 nomine
873 2810 1067 2857 videtur,
1099 2808 1218 2860 quod

342 2874 449 2924 fuyit
489 2873 632 2912 urbem
673 2873 870 2922 (Romam
904 2872 1144 2922 praecipue
1177 2872 1220 2909 et

345 2934 450 2974 alias
481 2946 659 2985 quoque
682 2934 829 2981 urbes)
855 2932 1013 2973 clarius
1034 2934 1120 2972 hoc
1142 2943 1220 2972 ex-

345 2998 516 3049 primit:
551 2998 684 3035 «vitat
704 2995 1083 3043 multitudinem»,
1117 3005 1219 3034 cum

343 3060 449 3110 fugit
479 3059 597 3097 urbes
640 3059 784 3109 potius
815 3057 1051 3108 significet:
1099 3068 1219 3096 «non

347 3121 519 3160 accedit
549 3120 603 3159 ad
634 3120 814 3159 urbes.»
866 3121 934 3158 Sic
966 3119 1118 3158 itidem
1148 3130 1221 3157 ne-

348 3194 436 3223 mus
473 3193 610 3222 unum
643 3181 820 3232 aliquod
851 3178 1220 3237 ποιητικώτερον

348 3257 483 3296 quam
511 3256 696 3284 nemora.
752 3244 863 3283 «Cfr.
894 3245 1043 3283 qu‘en.
1068 3244 1154 3282 Sat.
1179 3244 1217 3292 7,

348 3309 427 3347 57:
473 3308 692 3347 Anaeietate
734 3317 880 3345 carens
919 3306 1084 3344 animus
1120 3306 1223 3356 facit

352 3373 512 3419 (vatem
535 3368 797 3420 egregium),
830 3367 961 3406 omnis
987 3367 1125 3407 acerbi
1143 3368 1222 3406 Im-

346 3434 526 3482 patiens,
571 3432 744 3481 cupidus
786 3431 989 3470 silvarum
1019 3434 1222 3480 aptusque

350 3494 528 3534 bibendis
546 3493 739 3533 Fontibus
752 3493 998 3532 Aonidum.»
1019 3493 1152 3531 HALM.
1171 3514 1217 3520 —

1275 1190 1378 1241 Rite]
1412 1191 1615 1238 «merito,
1663 1188 2043 1240 quemadmodum
2074 1188 2150 1228 de-

1277 1252 1377 1301 bet,
1412 1251 1572 1291 cliens»
1599 1254 1684 1291 cet.
1735 1253 1898 1298 Nem0‚
1931 1252 1980 1290 ut
2005 1261 2152 1302 spero,

1278 1325 1379 1354 cum
1410 1313 1604 1353 Bentleio
1635 1325 1676 1352 v.
1700 1314 1779 1352 rite
1808 1312 2032 1364 separabit
2060 1324 2082 1352 a
2110 1324 2152 1352 v.

1277 1377 1413 1416 cliens.
1453 1399 1497 1403 —
1529 1376 1666 1428 cliens]
1710 1375 1810 1426 «qui
1848 1376 1893 1414 in
1923 1373 2059 1415 tutela
2089 1377 2157 1415 est

1277 1439 1467 1488 Bacchi,
1515 1439 1590 1488 qui
1634 1438 1746 1478 deus
1789 1448 1893 1477 eum
1940 1437 2156 1489 inspirare

1280 1500 1435 1541 solet.»
1462 1524 1505 1529 —
1539 1502 1692 1540 Bacchi
1720 1512 1861 1540 somno
1892 1501 1994 1550 cet.]
2027 1501 2070 1539 in
2096 1499 2158 1539 lo-

1280 1564 1342 1603 cis
1373 1563 1598 1603 umbrosis
1631 1565 1674 1602 et
1708 1562 1925 1603 solitariis.
1979 1562 2042 1602 Cf.
2075 1562 2154 1602 Od.

1280 1625 1326 1674 3,
1361 1626 1436 1674 25,
1472 1627 1510 1664 ’1.
1557 1626 1780 1665 Bacchum
1811 1626 1873 1665 sic
1904 1626 2043 1664 otiose
2073 1624 2159 1664 hu-

1280 1689 1340 1728 mi
1385 1690 1573 1728 stratum
1602 1688 1704 1728 vide
1736 1688 1856 1739 apud
1884 1687 2158 1732 Visconfium

1279 1753 1466 1791 Menum.
1500 1752 1654 1802 Boryh.
1687 1752 1807 1791 Fasc.
1832 1752 1873 1790 2.
1909 1751 2005 1790 Tav.
2030 1750 2070 1790 8.

1336 1814 1402 1853 80.
1450 1813 1679 1865 contracta]
1713 1814 1775 1853 Ex
1804 1813 2023 1865 frequenti
2053 1813 2160 1852 ima—

1282 1877 1380 1926 gine
1412 1876 1574 1916 summi
1599 1876 1764 1926 quique
1786 1877 1944 1926 poetae
1965 1886 2047 1926 per
2065 1875 2158 1915 vias

1281 1937 1493 1977 incedunt
1523 1939 1596 1977 aut
1617 1937 1672 1976 ab
1696 1938 1801 1988 ipsis
1822 1937 2064 1989 patefactas
2085 1940 2160 1976 aut

1283 2002 1404 2039 certe
1430 1998 1630 2039 difficiles
1651 2012 1658 2045 ;
1692 2000 1795 2039 hinc
1814 2000 1895 2051 ipsi
1916 2000 1959 2039 in
1975 2000 2043 2039 via
2065 2002 2160 2039 arta

1282 2063 1464 2112 vestigia
1485 2062 1735 2101 contrahant
1757 2071 1942 2101 necesse
1965 2064 2053 2110 est3
2084 2062 2161 2114 fol-

1281 2136 1359 2175 9en
1389 2125 1479 2163 dem
1498 2125 1654 2163 schmal
1672 2125 1755 2163 sich
1774 2125 2017 2164 windenden
2036 2125 2162 2176 Pfade

1283 2188 1355 2226 der
1374 2187 1557 2226 Dichter.
1590 2188 1778 2226 MERKEL.
1829 2188 2028 2238 Propert.
2052 2186 2091 2235 4,
2117 2188 2157 2236 ’1,

1284 2249 1354 2289 44:
1403 2250 1497 2288 Non
1540 2250 1668 2288 datur
1711 2249 1768 2287 ad
1809 2249 1953 2289 Musas
1990 2259 2162 2288 currere

1282 2312 1371 2350 lata
1410 2312 1498 2350 via.
1559 2312 1816 2354 Lectionem
1855 2315 2048 2350 contacta
2084 2311 2160 2362 qui

1284 2373 1550 2422 defendunt,
1583 2373 1827 2413 admodum
1852 2373 2086 2413 artificiose
2116 2375 2161 2413 et

1282 2447 1441 2488 parum
1470 2434 1761 2487 probabiIIter
1782 2434 2023 2487 explicant:
2058 2435 2161 2475 «do—

1284 2509 1367 2538 nec
1398 2498 1677 2548 contigeris.»
1735 2496 2045 2549 Dillenburger
2079 2509 2160 2537 au-

1284 2564 1396 2609 tem,
1449 2560 1522 2610 qui
1569 2560 1765 2612 recepit,
1817 2561 2155 2612 interpretatur:

1285 2623 1383 2662 «Vis
1413 2633 1485 2662 me
1515 2623 1699 2673 vestigia
1720 2625 1872 2662 vatum
1903 2623 2158 2673 contingere

1284 2687 1327 2725 et
1379 2686 1579 2736 sequi?»
1648 2687 1780 2725 Recte
1832 2683 2154 2726 Mitscherlich:

1281 2748 1515 2797 contracta]
1546 2747 1698 2795 «arta,
1737 2746 1936 2786 nondum
1967 2746 2158 2786 imitato-

1281 2820 1382 2849 rum
1412 2809 1542 2848 turba
1569 2809 1754 2860 protrita
1785 2819 1838 2848 ac
1867 2807 2089 2849 dilatata.»

1337 2871 1483 2911 81-86.
1511 2871 1727 2922 Inyenium
1743 2870 1846 2922 cet.]
1867 2870 2019 2920 «Quid,
2039 2871 2158 2921 quod

1283 2944 1416 2984 saepe
1446 2933 1652 2973 videmus
1685 2943 1760 2973 eos
1791 2935 1932 2984 ipsos,
1975 2933 2049 2984 qui
2078 2944 2160 2985 per

1283 2995 1462 3045 longum
1507 2997 1683 3046 tempus
1728 2996 1772 3034 in
1811 2993 1908 3034 loco
1951 2994 2008 3034 ab
2038 2996 2159 3035 omni

1284 3058 1469 3109 strepitu
1503 3069 1644 3097 vacuo
1687 3060 1730 3097 et
1767 3058 2065 3108 quietissimo,
2110 3060 2160 3098 ut

1284 3122 1386 3161 sunt
1415 3120 1631 3166 Athenae,
1666 3130 1894 3160 summum
1919 3130 2001 3170 per
2021 3121 2159 3159 otium

1284 3183 1458 3230 litteriS‚
1492 3182 1615 3233 poesi
1636 3182 1870 3233 imprimis,
1895 3192 2056 3221 vacare
2077 3193 2160 3233 po-

1284 3246 1481 3293 tuerunt,
1530 3255 1615 3283 non
1646 3254 1698 3283 eo
1733 3244 1990 3295 pervenire,
2038 3246 2086 3282 ut
2117 3243 2158 3282 in

1284 3306 1446 3348 Urbem
1499 3307 1666 3345 reversi
1712 3317 1814 3346 cum
1858 3314 2070 3345 successu
2116 3307 2160 3345 et

1285 3367 1561 3420 popularium
1585 3367 1799 3419 applausu
1818 3367 1974 3418 poesin
1995 3365 2155 3415 colant,

1285 3429 1364 3470 sed
1396 3441 1471 3470 eos
1502 3430 1678 3481 saepius
1709 3427 1886 3470 sibimet
1918 3427 2157 3480 displicen-

1285 3494 1351 3531 tes
1396 3503 1447 3530 ac
1490 3490 1773 3531 meticulosos
1806 3488 2026 3531 silentium
2057 3501 2156 3530 ser-
