2231 3787
217 243 319 294 200

849 241 1061 281 uonATu
1091 220 1397 281 SATIRARUM'

288 371 504 442 Ingenio
544 369 731 423 offensi
771 378 860 427 aut
898 368 1046 423 laeso
1085 369 1306 423 doluere
1346 367 1553 421 Metello

288 473 638 543 Famosisque
676 472 824 541 Lupo
864 479 1118 540 cooperto
1157 469 1443 523 versibus?
1486 468 1641 539 Atqui

286 574 553 626 Primores
593 571 776 643 populi
815 572 1037 641 arripuit
1074 569 1441 641 populumque
1480 567 1736 627 tributim,

288 674 501 728 Scilicet
538 673 627 725 uni
667 690 873 743 aequus
911 672 1086 724 virtuti
1126 679 1286 741 atque
1326 669 1443 722 eius
1483 668 1682 721 amicis.

1956 668 2024 720 70

287 776 425 839 Quin
464 773 555 827 ubi
594 792 652 827 se
693 792 721 826 a
760 772 915 843 volgo
958 781 1010 825 et
1045 787 1207 825 scena
1245 771 1296 822 in
1337 776 1545 823 secreta
1582 778 1851 822 remorant

323 949 388 986 (39.
421 947 619 986 tributum
650 947 695 985 L.

217 1104 286 1152 qui
313 1103 465 1142 domita
484 1111 625 1140 nomen
644 1100 695 1139 ab
709 1099 854 1150 Africa
884 1101 1090 1139 Luci-atus

216 1166 351 1204 rediit.
386 1164 447 1204 Cf.
472 1161 651 1203 Martial.
678 1163 717 1211 Ξ,
741 1163 780 1211 ⁵2,
801 1163 844 1201 4.

271 1227 416 1266 67-70.
450 1227 604 1276 offen-si]
638 1225 803 1265 omisso
825 1223 964 1263 verbo
987 1221 1090 1262 sub—

216 1290 426 1336 stantivo,
460 1290 506 1326 ut
527 1299 568 1327 v.
593 1286 658 1327 74.
684 1287 804 1325 soliti.
833 1307 876 1313 —
911 1283 1086 1335 Metello]

215 1351 289 1389 Est
322 1351 369 1397 Q.
396 1348 609 1389 Caecilius
651 1346 848 1388 Metellus
880 1345 1090 1386 Macedo-

217 1413 363 1455 nicus,
411 1421 573 1450 cos..a.
604 1421 646 1450 u.
683 1420 720 1448 c.
755 1410 867 1456 cit,
915 1408 989 1458 qui
1033 1406 1088 1446 de

216 1471 588 1524 Pseudophilippo
637 1471 934 1522 triumphavit.
997 1470 1086 1509 Cic.

218 1533 272 1572 de
296 1533 373 1573 Off.
405 1535 414 1572 1
438 1565 445 1581 ,
470 1535 542 1581 Ξὸ,
576 1533 651 1572 87:
684 1533 762 1583 fuit
793 1534 899 1571 inter
917 1533 959 1571 P.
982 1531 1092 1581 Afri-

216 1607 366 1634 canum
399 1600 435 1634 et
467 1596 513 1644 Q.
534 1594 743 1634 Metellum
762 1595 848 1632 sine
869 1593 1092 1632 acerbitate

217 1657 425 1696 dissensio.
459 1655 513 1695 de
547 1657 652 1707 Rep.
690 1657 733 1704 4,
770 1656 842 1703 49,
875 1656 941 1694 34.
983 1653 1088 1694 Plin.

219 1719 412 1766 11.N.7,
446 1717 525 1757 44:
576 1718 779 1767 Equidem
824 1721 861 1755 et
901 1716 1093 1767 Africani

218 1781 421 1828 sequentis
466 1780 601 1827 (hunc
652 1777 896 1827 Metellum,
947 1779 1094 1819 sirum

221 1843 449 1891 ceteroqui
504 1841 828 1890 felicissimum)
883 1841 1095 1879 inimicum

218 1904 342 1954 fuisse
363 1904 468 1942 inter
487 1904 749 1942 calamitates
769 1903 983 1951 duxerim,
1006 1902 1095 1951 ipso

220 1970 316 2005 teste
358 1966 637 2005 Macedonico.
705 1965 917 2014 Siquidem
959 1964 1098 2003 liberis

222 2028 352 2066 dicit:
395 2028 452 2066 Ite
481 2027 577 2077 filii,
625 2026 825 2065 celebrate
853 2026 1094 2074 caeses-luia&

221 2100 438 2138 nunquam
466 2089 566 2127 civis
592 2089 767 2127 maioris
797 2088 924 2138 funus
941 2088 1097 2127 videbi-

222 2150 289 2189 tis.
341 2151 433 2189 Iam
464 2160 566 2189 cum
606 2148 805 2189 Metellus
843 2149 914 2189 hic
953 2149 1099 2188 inimi-

225 2222 303 2250 cus
335 2212 546 2262 Scipionis
584 2211 736 2258 fuerit,
776 2209 899 2250 facile
941 2209 1097 2260 aliquis

225 2273 432 2320 miretur,
473 2284 552 2312 cur
581 2283 669 2311 non
697 2272 843 2323 potius
874 2283 926 2311 eo
957 2283 981 2310 a
1011 2273 1099 2310 Lu-

227 2333 322 2373 cilio
367 2333 487 2373 laeso
532 2333 725 2383 gaudere
771 2344 906 2383 quam
946 2331 1098 2372 dolere

226 2394 295 2435 ille
319 2398 360 2435 et
382 2394 551 2435 Laelius
569 2394 827 2441 debuerint;
860 2405 1016 2434 verum
1038 2395 1101 2434 sic

229 2457 419 2508 explica:
455 2467 566 2495 «non
596 2459 831 2507 propterea
865 2456 986 2506 quod
1015 2457 1102 2495 Lu-

230 2518 352 2559 cilius
373 2518 598 2558 liberrime
620 2519 820 2556 invectus
838 2519 932 2555 erat
951 2517 995 2556 in
1015 2518 1104 2556 Me-

229 2581 396 2623 tellum,
419 2581 649 2632 potentem
666 2580 824 2627 virum,
845 2579 1100 2625 timuerunt,

230 2655 286 2683 ne
333 2644 501 2682 mutato
556 2641 716 2679 affectu
770 2638 1004 2690 aliquando
1061 2639 1103 2678 in

229 2708 349 2757 ipsos
379 2703 498 2742 idem
519 2701 745 2742 auderet.»
768 2698 812 2729 —‘
835 2701 963 2752 Lupo]
986 2701 1104 2740 Mor-

231 2767 391 2806 dacem
421 2766 463 2804 in
500 2766 543 2803 L.
582 2762 835 2804 Cornelium
871 2761 1105 2802 Lentulum

235 2831 430 2879 Lupum,
466 2837 556 2865 cos.
589 2837 628 2864 a.
663 2837 706 2864 u.
739 2836 777 2864 c.
801 2824 913 2872 598„
956 2822 1105 2863 Lucilii

234 2891 382 2929 iocum
413 2888 604 2926 sem-avit
635 2887 789 2926 Cicero
820 2885 875 2924 de
906 2886 955 2924 N.
981 2885 1030 2924 D.
1057 2885 1103 2934 4,

234 2952 310 2998 23,
345 2949 424 2990 63:
461 2949 635 2988 Tubulus
662 2949 696 2986 si
725 2948 876 2987 Lucius
902 2957 1105 2996 unquam,

236 3014 281 3053 Si
310 3014 449 3061 Lupus
479 3014 552 3049 aul
582 3009 737 3059 Carbo,
778 3009 960 3058 Neptuni
980 3008 1106 3060 filius,

236 3098 254 3104 -
272 3077 488 3124 -putasset
519 3083 600 3112 esse
629 3073 743 3121 deos,
790 3075 878 3110 tam
911 3071 1110 3120 periurus

239 3140 311 3176 aut
343 3140 427 3174 tam
459 3135 645 3184 impurus
663 3132 834 3184 fuisset?
863 3135 1108 3172 Duntzerus

241 3199 297 3247 (in
328 3196 518 3236 editione
551 3196 642 3244 sua)
683 3206 785 3234 cum
823 3195 1110 3234 Commenta-

239 3263 334 3299 tore
358 3259 490 3308 Cruq.
516 3256 709 3308 intelligit
730 3259 774 3297 P.
799 3255 1004 3297 Rutilium
1026 3257 1112 3294 Lu-

241 3331 346 3373 pum
369 3331 460 3360 cos.
485 3331 524 3359 a.
549 3330 591 3358 u.
618 3319 730 3369 664„
754 3330 841 3370 quo
862 3317 982 3358 laeso
1004 3327 1110 3357 sane

243 3382 472 3422 Africanus
495 3382 680 3431 (occisus
701 3391 739 3419 a.
764 3392 805 3419 u.
831 3381 939 3430 625.)
962 3377 1112 3418 dolere

247 3455 334 3485 non
363 3444 518 3496 potuit.
553 3466 596 3471 —-
629 3443 814 3483 Famosis
832 3465 855 3472 -
875 3465 898 3473 -
917 3440 1112 3492 versibus]

1154 1097 1554 1139 «contumeliosis»
1605 1098 1712 1150 Epp.
1744 1099 1789 1147 4,
1832 1099 1906 1147 49,
1948 1097 2024 1138 34;

1148 1160 1308 1210 famoso
1345 1161 1545 1200 carmine.
1583 1181 1626 1188 —-
1660 1160 1866 1212 cooperto]
1911 1161 2029 1200 tam-

1153 1233 1288 1272 quam
1318 1220 1536 1273 lapidibus
1566 1223 1610 1262 in
1641 1233 1743 1261 eum
1774 1222 1913 1262 iactis.
1947 1222 2029 1261 Sa-

1151 1282 1251 1323 lust.
1277 1283 1399 1323 Catil.
1423 1284 1475 1323 23
1497 1296 1504 1322 :
1549 1284 1724 1335 flagitiis
1753 1287 1878 1333 atque
1917 1283 2029 1334 faci-

1153 1344 1321 1384 noribus
1340 1349 1568 1394 coopertus.
1597 1366 1640 1372 —
1670 1345 1795 1393 Atqui
1826 1345 1929 1394 cet]
1953 1345 2029 1385 «Et

1154 1410 1325 1455 tamen,
1360 1408 1443 1446 etsi
1473 1407 1635 1447 acerbe
1666 1409 1910 1448 insectatus
1936 1409 2031 1447 erat

1153 1479 1365 1519 proceres
1411 1468 1576 1520 aliquot
1620 1470 1827 1518 civitatis,
1880 1471 2030 1508 tamen

1153 1532 1454 1582 potentiorum
1498 1532 1631 1571 etiam
1676 1533 1923 1571 amicorum
1963 1530 2030 1571 sa-

1153 1603 1259 1632 vore
1306 1594 1534 1643 protectus
1583 1592 1686 1632 nihil
1724 1592 1827 1632 mali
1870 1603 2028 1644 passus

1156 1657 1266 1695 est.»
1289 1655 1515 1694 Accedere
1538 1666 1713 1706 nequeo
1735 1654 1928 1695 Heusdio
1949 1656 2032 1694 Lu-

1157 1717 1224 1757 cil.
1254 1729 1297 1769 p.
1333 1717 1398 1756 65.
1445 1717 1558 1757 haec
1596 1718 1721 1765 Atqui
1747 1739 1813 1746 --
1847 1717 2033 1756 tributim

1157 1778 1366 1819 tribuenti
1397 1779 1624 1827 Trebatio,
1658 1779 1760 1830 quia
1791 1789 1918 1830 seqq.
1943 1779 2032 1818 Sci-

1156 1842 1248 1880 licet
1278 1839 1477 1880 iunetura
1514 1841 1617 1880 huic
1655 1840 1812 1879 rationi
1847 1851 2033 1891 prorsus

1158 1906 1406 1947 repugnare
1437 1895 1544 1934 mihi
1573 1894 1761 1935 videtur.
1821 1896 1963 1946 Atque
1989 1895 2032 1933 in

1159 1956 1347 1998 Trebatii
1379 1967 1455 1996 ore
1478 1959 1628 1997 essent
1646 1955 1785 1996 verba
1806 1956 1936 1997 nimis
1958 1955 2036 1996 ab·

1159 2021 1288 2069 rupta
1344 2020 1387 2058 et
1437 2019 1563 2069 quasi
1616 2017 1778 2058 debilia
1823 2019 2034 2069 omnique

1163 2081 1323 2120 effectu
1366 2082 1574 2120 carentia.
1611 2103 1656 2108 -
1690 2080 1886 2132 arripuit]
1931 2091 2037 2132 «ag-

1162 2153 1341 2193 gressus
1380 2144 1468 2191 est,
1514 2143 1556 2182 in
1593 2152 1670 2182 eos
1710 2143 1928 2182 acerrime
1964 2143 2035 2182 in-

1162 2207 1360 2245 vectus.»
1402 2205 1464 2244 De
1486 2202 1635 2244 Lucilii
1656 2203 1896 2243 acerbitate
1918 2202 2033 2243 conf.

1163 2266 1366 2307 Trebonii
1405 2267 1540 2317 Epist.
1572 2265 1628 2305 ad
1673 2266 1782 2314 Cic.,
1815 2265 1871 2304 ad
1913 2266 2034 2304 Fam.

1165 2331 1237 2378 42,
1281 2329 1354 2377 46,
1395 2328 1439 2368 3:
1490 2329 1538 2367 In
1575 2328 1722 2378 quibus
1756 2327 1970 2367 versiculis
2004 2327 2040 2366 si

1163 2391 1234 2430 tibi
1278 2391 1525 2441 quibusdam
1562 2390 1696 2439 verbis
1735 2384 2040 2446 εὖθυρῥημο-

1164 2454 1386 2509 νέστερος
1404 2451 1588 2500 videbor,
1609 2453 1822 2501 turpitudo
1835 2461 2041 2501 personae

1165 2516 1267 2564 eius,
1290 2515 1332 2553 in
1351 2525 1478 2564 quam
1497 2514 1664 2553 liberius
1682 2514 1934 2562 invehimur,
1964 2523 2041 2552 nos

1164 2576 1404 2615 vindicabit.
1427 2598 1451 2604 —
1469 2598 1492 2604 -
1507 2577 1689 2625 Deinde,
1723 2578 1795 2625 qut
1811 2575 1948 2626 maqis
1966 2574 2042 2614 hoc

1166 2638 1323 2677 Lucilio
1370 2637 1534 2676 licuerit
1579 2647 1787 2676 assumere
1839 2636 2042 2675 libertatis

1169 2710 1295 2748 quam
1315 2697 1459 2737 nobis?
1499 2709 1608 2747 cum,
1642 2698 1802 2737 etiamsi
1823 2698 1915 2737 odio
1938 2696 2042 2748 pari

1166 2761 1354 2811 fueritin
1374 2771 1462 2809 eos,
1486 2770 1587 2810 quos
1606 2760 1742 2808 laesit,
1774 2764 1911 2799 tamen
1935 2763 2043 2799 certe

1168 2834 1249 2862 non
1275 2821 1411 2872 magis
1439 2821 1583 2872 dignos
1612 2820 1824 2870 habuerit,
1865 2821 1909 2860 in
1939 2831 2043 2870 quos

1167 2888 1287 2924 tanta
1323 2883 1511 2922 libertate
1537 2883 1757 2923 verborum
1793 2884 2040 2923 incurreret.

1172 2969 1217 2975 —
1249 2945 1447 2995 tributim]
1482 2956 1586 2996 «per
1606 2956 1762 2985 omnes
1782 2945 1946 2985 XXXV.
1970 2946 2044 2985 tri-

1170 3008 1278 3056 bus,
1312 3005 1429 3046 nullo
1451 3006 1564 3046 facto
1587 3006 1882 3056 discrimine»,
1917 3007 2041 3058 quasi

1171 3071 1372 3111 dixisset:
1393 3067 1631 3120 «populum
1647 3070 1900 3109 cunctum.»
1918 3069 2040 3108 Pers.

1173 3134 1218 3181 4,
1263 3130 1368 3171 444ῑ
1411 3131 1548 3170 Secuit
1584 3131 1766 3170 Lucilius
1802 3128 1959 3168 urbem.
1995 3152 2039 3158 -

1173 3192 1342 3244 aequus]
1385 3191 1605 3232 «favens»
1656 3192 1724 3231 Sic
1754 3189 1832 3230 Od.
1871 3189 1919 3239 3,
1967 3189 2040 3238 48,

1175 3255 1213 3296 4.
1247 3256 1419 3295 Faunus
1440 3255 1691 3301 invocatur,
1723 3253 1772 3291 ut
1791 3250 1923 3290 abeat
1935 3261 2042 3300 par—

1173 3318 1234 3356 vis
1260 3317 1423 3366 Aequus
1451 3315 1644 3355 alumnis.
1678 3315 1810 3354 Totus
1838 3312 2041 3352 versicu-

1175 3377 1267 3427 lus,
1313 3377 1498 3418 fortasse
1532 3387 1585 3416 ex
1628 3377 1723 3426 ipso
1763 3372 1924 3413 Lucilio
1963 3372 2045 3412 de-

1178 3441 1399 3492 sumptus,
1431 3437 1502 3479 vel
1530 3439 1712 3491 propter
1739 3447 1781 3475 v.
1804 3436 1891 3477 eius
1910 3444 2045 3486 quam
