2231 3787
2 808 11 1077 <mmmm-an*
6 768 12 797 ,ψ
6 703 11 753 v>
6 675 7 681 ⁴
6 647 11 662 κ
6 482 14 626 mn*
8 314 15 472 ’,ις-ο*

18 1179 26 1212 μυ,

940 248 1037 287 LlB.
1071 249 1103 287 1.

322 377 653 449 Circumagi3
694 377 966 449 quendam
1004 379 1126 432 volo

1164 250 1376 290 ssr.1x.
1978 251 2067 303 151

1165 380 1344 434 visere
1385 398 1492 434 non
1533 382 1623 435 tibi
1665 392 1875 446 notum3

320 480 485 533 Trans
526 479 759 534 Tiberim
796 479 954 552 longe
997 480 1157 535 cubat
1195 481 1268 543 is,
1311 500 1483 554 propo
1513 484 1761 538 Caesaris
1801 485 2001 541 hortos,

314 581 392 634 Nil
420 581 595 635 habeo
618 581 766 653 quod
788 599 944 653 agam
971 590 1023 637 ct
1047 600 1155 636 non
1182 601 1301 637 sum
1323 585 1506 656 piger3
1536 603 1710 657 usque
1734 604 1933 658 sequar
1956 597 2022 641 tc.

317 683 547 737 Demitto
588 683 881 746 auricul‘aS‚
923 693 982 738 ut
1019 685 1237 757 iniquae
1276 687 1469 740 mentis
1509 687 1734 749 asellus,
2005 691 2072 741 20

314 786 447 839 Cum
487 786 704 857 gravius
745 786 909 839 dorso
950 785 1113 840 subiit
1151 804 1303 841 onus,

313 888 367 940 Si
406 887 545 942 bene
587 905 674 941 me
714 888 863 952 novi,

293 1043 509 1085 Heindorf
548 1055 600 1084 ac
643 1046 708 1094 M,
753 1046 991 1095 Prosequar
1035 1050 1111 1087 aut
1151 1050 1384 1099 Persequar
1418 1050 1526 1090 hinc.

1381 789 1570 860 Incipit
1609 789 1721 843 ille:

917 906 1024 942 non
1063 889 1278 943 Viscum
1316 889 1487 961 pluris
1528 892 1784 950 amicum,

1591 1052 1678 1101 Quo
1707 1063 1818 1092 nunc
1850 1054 1926 1092 iter
1955 1059 2009 1093 cst

293 1107 394 1147 tibi?
423 1107 632 1156 Aldinae,
664 1109 909 1157 Persequar.
932 1109 1038 1149 Hinc
1067 1119 1149 1158 quo
1169 1133 1192 1140 -
1212 1134 1235 1141 -
1255 1111 1365 1151 tibi?
1395 1113 1527 1152 LCtF.
1566 1133 1609 1141 -—
1646 1114 1710 1153 49.
1745 1126 1895 1166 aqam:
1930 1128 2007 1155 non

290 1182 381 1210 sum
413 1170 551 1210 Codd.
586 1171 815 1210 Torrentii.

232 1301 276 1337 in
314 1293 530 1344 Ianiculo,
578 1305 691 1346 quos
730 1295 897 1336 Caesar
927 1295 1117 1337 dictator
1179 1298 1310 1338 trium
1338 1310 1491 1350 corpus
1519 1300 1644 1349 inque
1673 1301 1769 1341 solis
1804 1313 1929 1342 aram
1962 1314 2065 1352 per-

230 1357 394 1412 populo
442 1359 640 1398 Romano
695 1357 872 1410 publice
928 1357 1111 1410 legarat.

231 1422 410 1461 Sueton.
446 1421 572 1461 Caes.
606 1420 674 1461 83.

229 1486 322 1524 tem
377 1493 519 1533 usque
578 1483 622 1523 in
680 1482 926 1523 Ianiculum
974 1484 1112 1525 horae

227 1557 367 1597 prope
399 1546 597 1596 integrae
620 1546 704 1585 iter
725 1545 979 1586 faciendum
1001 1548 1109 1586 erat.

230 1631 275 1636 —
309 1613 346 1648 et
366 1609 462 1661 non]
498 1608 583 1648 Cfr.
609 1609 751 1648 Haase
775 1608 831 1647 ad
851 1609 996 1659 Reisig
1015 1609 1109 1649 Lat.

226 1671 443 1721 Sprachu).
477 1682 520 1723 p.
545 1670 624 1711 448
647 1682 714 1722 sq.
759 1671 1004 1722 Significat:
1041 1674 1112 1712 «et

226 1735 314 1775 huc
336 1734 531 1783 accedit,
566 1734 686 1785 quod
717 1745 805 1775 non
837 1745 937 1774 sum
967 1735 1106 1786 piger,

226 1799 269 1837 et
301 1799 533 1849 praeterea
564 1808 652 1837 non
683 1808 717 1837 s.
751 1808 823 1849 p.»
860 1820 905 1825 -—
927 1799 1108 1838 Demitto

223 1861 453 1910 auriculas]
487 1861 613 1912 quasi
645 1860 849 1900 dixisset:
886 1860 1106 1902 «misellas

223 1935 347 1964 meas
369 1934 544 1964 aures.»
594 1921 791 1963 Ridicule
812 1923 898 1962 hoc
917 1934 1108 1974 prover—

221 1986 295 2027 bio
325 1985 566 2026 utebantur
595 1986 685 2026 iam
716 1986 884 2025 Graeci.
917 1984 1024 2026 Plat.
1050 1986 1105 2027 de

221 2051 327 2102 Rep.
363 2050 427 2088 40.
461 2060 505 2100 p.
539 2048 633 2088 643.
669 2049 725 2089 C:
767 2044 824 2088 τὸ
853 2047 944 2101 μὲν
974 2046 1106 2105 πρῶ-

220 2125 304 2153 τον
344 2107 423 2164 ὀξε
418 2113 492 2162 ’ως
531 2107 849 2165 ἀποπηδῶσιν
888 2111 957 2164 (οἱ
991 2110 1104 2168 (500-

220 2176 366 2230 μεῖς),
408 2188 453 2215 τε
441 2173 688 2216 >mvndvm
668 2189 715 2226 cg
755 2173 805 2215 δὲ
834 2174 1103 2230 καταγέλα-

220 2251 327 2279 στοι
363 2240 628 2292 γίγνονται,
674 2233 733 2277 τὰ
765 2229 865 2277 (εἶτα
901 2236 1102 2278 ἐπὶτῶν

220 2297 366 2354 ὤμων
401 2298 593 2351 εἴκοντες
636 2301 719 2340 και
762 2295 1102 2349 ἀστεφάνωτοι

218 2361 395 2423 ἆποτοε
401 2376 541 2413 χοντε
521 2377 582 2414 ες.
629 2363 761 2404 Addit
780 2363 999 2403 Marcilius
1022 2365 1102 2403 Ga-

218 2428 304 2469 len.
352 2439 409 2467 πε
413 2441 459 2484 οι
502 2424 741 2480 σ([υγα(ὖν
784 2426 975 2465 2.i11it.:
1022 2424 1100 2466 ἐπὶ

216 2488 407 2541 τούτοις
465 2485 492 2530 ὁ
550 2503 599 2544 γε
596 2490 704 2553 ’ρων
759 2482 891 2528 ὥσπε
884 2502 921 2545 O
985 2483 1098 2540 ὄνος

215 2551 369 2597 ἐσειεν
413 2548 506 2607 ήδη
557 2549 616 2593 τὰ
664 2555 779 2592 ω’τα.
847 2552 1098 2593 Dorotheus

216 2618 424 2659 Doctrina
464 2618 512 2656 7:
566 2611 786 2665 ἀκούσας
822 2611 912 2668 ἐγώ
952 2612 1097 2655 τοῦτο

215 2676 392 2730 ἔβαλον
421 2676 553 2719 κάτω
584 2675 643 2719 τὰ
673 2671 774 2719 ὦτά
801 2691 915 2731 μου.
943 2700 988 2707 -
1012 2680 1099 2719 ini—

215 2756 323 2795 quae
356 2744 518 2793 mentis]
558 2745 720 2783 «iratus
765 2744 809 2782 in
854 2741 1096 2782 mulionem

214 2806 658 2847 immisericordem.»
695 2828 740 2835 —
772 2805 909 2856 subiit]
942 2804 1096 2845 ultima

214 2869 429 2921 producta
461 2870 646 2920 propter
676 2868 795 2908 arsin
826 2868 869 2906 in
891 2878 1092 2917 caesura,

214 2934 263 2971 ut
282 2931 406 2971 Ovid.
425 2932 527 2971 Met.
549 2931 588 2979 4,
614 2930 692 2970 444
712 2943 720 2970 :
754 2930 878 2970 subiit
896 2935 1097 2982 argentea

208 2993 361 3043 proles.
423 2993 529 3032 Tam
565 2992 776 3043 frequens
815 2994 967 3032 autem
1004 2995 1092 3043 est,

214 3055 479 3107 praesertim
523 3054 642 3105 apud
685 3053 914 3104 Ovidium,
964 3055 1094 3096 huius

216 3118 415 3170 syllabae
447 3117 702 3169 productio,
735 3119 784 3157 ut
812 3118 926 3159 iusta
945 3118 1096 3159 videa-

216 3184 286 3222 tur
315 3181 449 3221 fuisse
479 3180 604 3219 Axtio
635 3179 691 3218 ad
719 3181 865 3220 Vestr.
896 3181 1023 3232 Spur.
1046 3193 1089 3233 p.

216 3243 265 3282 48
296 3254 362 3294 sq.
398 3244 442 3282 et
470 3241 525 3281 ad
556 3241 722 3280 Horatii
750 3241 930 3292 Epodos
955 3253 998 3293 p.
1023 3243 1089 3282 49.

212 3304 279 3345 Ad
308 3316 441 3345 usum
469 3315 510 3343 v.
545 3303 682 3342 subire
718 3302 796 3343 cfr.
828 3303 946 3353 Virg.
979 3305 1088 3344 Aen.

215 3366 263 3415 4,
295 3367 395 3406 599:
447 3367 575 3416 Quem
594 3365 761 3404 subiisse
781 3365 963 3404 humeris
990 3376 1092 3405 con-

213 3429 363 3478 fectum
392 3432 527 3468 aetate
561 3431 791 3477 parentem.
843 3427 943 3466 Tac.
976 3429 1086 3468 Ann.

216 3490 261 3537 6,
294 3490 373 3531 28:
427 3490 622 3530 Phoenix
655 3488 813 3529 dicitur
847 3489 983 3528 subire
1006 3500 1090 3540 pa-

726 1422 761 1460 A
792 1422 926 1461 Sacra
947 1422 1016 1461 via
1039 1432 1116 1461 au-

1176 1360 1289 1411 ferre
1325 1365 1449 1411 atque
1487 1363 1669 1403 adolere.
1731 1364 1800 1403 Sic
1840 1366 1910 1404 Gr.
1945 1359 2064 1404 ὑπο-

1178 1419 1316 1463 δῦναι
1345 1417 1518 1475 ἄχθος.

1232 1487 1379 1527 22-27.
1424 1488 1469 1527 Si
1500 1488 1598 1528 bene
1624 1499 1690 1528 me
1718 1488 1831 1540 ηουί]
1863 1490 1931 1528 «Si
1962 1500 2062 1530 sum

1175 1549 1347 1589 virtutis
1383 1551 1589 1602 propriae
1630 1550 1818 1592 idoneus
1850 1553 2062 1593 aestima-

1174 1612 1288 1651 tor.»
1342 1613 1459 1652 IAHN.
1522 1613 1609 1654 Csr.
1654 1614 1763 1665 Epp.
1807 1615 1854 1664 4,
1903 1616 1979 1664 48,
2020 1617 2055 1654 4.

1174 1672 1297 1713 Ovid.
1330 1676 1508 1715 Metam.
1545 1675 1618 1724 44,
1651 1676 1747 1716 355.
1782 1677 1931 1717 Circe:
1964 1678 2059 1717 Non

1173 1740 1312 1777 tamen
1334 1738 1523 1789 effugies,
1554 1742 1674 1778 vento
1706 1739 1880 1788 rapiare
1908 1739 2056 1790 licebit,

1171 1798 1217 1838 Si
1246 1800 1367 1839 modo
1397 1810 1461 1839 'me
1479 1801 1577 1839 novi
1607 1802 1692 1839 cet.
1729 1800 1825 1850 «Si,
1860 1812 1963 1841 cum
1984 1813 2057 1843 res

1170 1860 1285 1901 facta
1316 1862 1609 1913 significatur,
1642 1863 1785 1914 inquit
1814 1864 2056 1906 Diomedes

1172 1924 1228 1974 (p.
1270 1923 1364 1964 387.
1397 1924 1483 1975 Ρ.),
1525 1925 1701 1965 finitivis
1740 1926 1946 1976 iungitur.
1980 1950 2003 1956 -
2033 1950 2056 1958 -

1171 1987 1240 2026 Sic
1284 1986 1515 2038 Virgilius:
1567 1988 1614 2027 Si
1666 1992 1704 2028 te
1751 1989 1846 2039 fala
1885 1996 2051 2040 vocant,

1169 2048 1213 2088 id
1244 2050 1332 2098 est,
1367 2050 1468 2100 quia
1500 2051 1542 2089 te
1573 2049 1661 2089 fata
1680 2052 1856 2090 vocant.
1903 2051 2049 2091 Idem:

1166 2112 1213 2151 Si
1249 2112 1388 2161 potuit
1428 2123 1573 2151 memes
1612 2123 1824 2153 accersere
1866 2115 2054 2167 coitiuyis

1168 2175 1373 2225 Orpheu83
1425 2174 1616 2214 affirmat
1665 2175 1785 2215 enim
1832 2177 2046 2227 potuisse.

1166 2259 1189 2266 -
1207 2259 1232 2266 -
1253 2238 1408 2278 Cicero
1430 2249 1437 2277 :
1472 2238 1518 2277 Si
1538 2237 1826 2287 illustrantur,
1858 2240 1892 2278 si
1914 2250 2051 2279 erum-

1157 2300 1439 2350 puncomnia,
1471 2299 1515 2338 id
1537 2301 1618 2349 est,
1653 2300 1755 2351 quia
1779 2299 2051 2341 illustrantur

1165 2363 1338 2412 onmia,
1383 2362 1562 2411 suadet,
1609 2364 1657 2401 ut
1694 2365 1835 2402 mutet
1867 2363 2046 2404 Catilina

1164 2426 1377 2464 mentem.
1422 2425 1490 2463 Sic
1513 2423 1716 2475 garrulus
1748 2425 1975 2466 insinuans
1997 2438 2045 2467 se

1163 2487 1206 2526 in
1237 2487 1478 2526 amicitiam
1504 2486 1669 2526 Horatii
1692 2487 1850 2538 inquit:
1885 2488 1931 2528 Si
1952 2487 2049 2529 bene

1161 2560 1226 2589 me
1244 2549 1413 2598 novi,id
1430 2550 1512 2597 est,
1532 2549 1634 2600 quia
1651 2560 1731 2599 ego
1763 2548 1819 2589 de
1840 2560 1941 2590 mea
1964 2550 2047 2590 do-

1163 2613 1301 2652 ctrina
1325 2614 1368 2651 et
1399 2611 1645 2651 eruditione
1666 2610 1784 2652 bene
1806 2613 1914 2652 mihi
1936 2623 2045 2653 con-

1162 2675 1281 2715 scius
1314 2684 1438 2724 sum,
1472 2684 1560 2713 non
1591 2673 1768 2724 dubito,
1810 2675 1913 2725 quin
1945 2673 2045 2726 plu-

1161 2739 1221 2778 ris
1251 2749 1324 2779 me
1356 2737 1491 2777 facies
1523 2747 1659 2787 quam
1678 2737 1860 2776 Viscum
1891 2738 1936 2776 et
1955 2737 2044 2777 Va-

1161 2802 1298 2851 rium,
1331 2800 1407 2840 ubi
1430 2810 1510 2840 nos
1533 2800 1731 2849 noveris,
1755 2811 1838 2841 sese
1859 2800 2043 2849 aliquem

1158 2865 1348 2912 credens,
1381 2864 1430 2902 ut
1459 2862 1517 2902 ait
1536 2862 1758 2902 Persius.»
1811 2863 2038 2908 Cauomus.

1159 2927 1258 2967 Est:
1293 2926 1362 2965 «Si
1392 2925 1510 2965 bene
1540 2935 1613 2964 me
1645 2924 1772 2973 novi,
1806 2925 1854 2964 ut
1881 2935 2040 2975 reapse

1158 2989 1275 3029 bene
1308 3000 1382 3028 me
1413 2988 1559 3027 novi.»
1594 3009 1639 3015 —
1678 2986 1853 3038 Viscum]
1884 2985 2040 3026 Vibius

1158 3053 1315 3092 Viscus
1348 3062 1487 3101 eques
1518 3051 1594 3090 Ro.
1629 3049 1741 3089 duos
1771 3048 1883 3088 filios
1915 3059 2042 3088 sena-

1159 3115 1257 3154 torii
1279 3113 1447 3153 ordinis
1468 3111 1687 3161 habebat,
1715 3121 1908 3162 quorum
1930 3110 2041 3150 alter

1157 3177 1324 3217 Horatii
1355 3176 1526 3216 amicus
1557 3176 1601 3214 et
1629 3174 1899 3215 Maecenatis
1930 3184 2041 3213 con-

1155 3240 1298 3279 victor
1318 3239 1408 3279 suit.
1444 3237 1530 3277 Cfr.
1551 3238 1638 3277 Sat.
1661 3237 1676 3276 4
1699 3268 1706 3285 ,
1734 3237 1806 3286 40,
1831 3235 1906 3276 83:
1939 3235 2040 3274 haec

1154 3302 1319 3341 utinam
1379 3301 1591 3340 Viscorum
1648 3299 1790 3338 laudet
1834 3299 2037 3345 uterque!

1157 3363 1385 3403 Weichert.
1413 3363 1533 3402 Poet.
1567 3363 1612 3401 L.
1636 3372 1679 3412 p.
1704 3361 1799 3399 224.
1834 3358 2037 3408 Porphy-

1154 3426 1251 3466 rion
1281 3425 1418 3466 habet
1454 3426 1654 3471 Fuscum,
1696 3422 1739 3460 in
1778 3420 1856 3460 Ed.
1893 3419 2031 3471 princ.

1158 3489 1348 3528 Tuscum.
1403 3487 1503 3537 (Cfr.
1538 3484 1745 3526 Welcker
1776 3483 1849 3523 Gr.
1876 3482 2036 3533 Trago-
