2231 3787
860 248 956 286 LlB.
993 246 1021 285 1.

1086 247 1247 286 Erlsr.
1281 246 1386 285 xiv.
1923 243 2022 293 5035

773 554 1218 605 1:1’1STOLA
1261 557 1450 606 XIV.

272 663 434 718 Vilice
473 664 727 717 silvarum
767 673 819 718 et
857 665 983 718 mihi
1023 683 1109 720 me
1150 666 1424 721 reddentis
1465 667 1647 738 agelli,

271 767 444 830 Quem
484 773 538 818 tu
578 766 780 820 fastidis
819 767 1113 821 habitatum
1152 768 1393 839 quinque
1433 768 1564 822 focis
1604 777 1656 822 et

308 916 390 955 EP.
422 916 529 955 XIV.

592 918 629 955 11.
678 916 799 956 Vilice
835 919 992 970 scripsi
1030 929 1133 958 cum
1173 918 1229 966 E,
1270 920 1318 957 ut
1358 921 1425 958 est
1463 930 1645 971 semper
1675 921 1718 959 in
1748 922 1966 973 Inscriptt.

254 977 316 1017 Cf.
359 978 612 1018 Lachmann
653 978 708 1018 ad
753 980 926 1019 Luc-ret.
964 992 1007 1031 p.
1045 980 1096 1019 32
1135 992 1202 1031 sq.
1259 981 1334 1031 (De
1375 983 1534 1022 ceteris
1565 983 1676 1023 meis
1709 983 1848 1023 Codd.
1882 984 1969 1023 iam

254 1050 342 1079 non
372 1041 568 1080 memini.
616 1041 724 1080 Vide
756 1041 812 1080 ad
840 1053 882 1080 V.
918 1042 1001 1092 45.)
1037 1065 1081 1070 —
1112 1043 1350 1083 redimentis
1380 1044 1487 1084 Cod.
1524 1044 1570 1095 (‘?)
1602 1045 1780 1084 Barthii.

255 1165 360 1204 XIV.
422 1164 611 1205 Vilicum
657 1166 862 1205 Horatius
905 1167 1082 1206 videtur

195 1228 508 1278 praeposuisse
567 1227 728 1267 Sabino
777 1239 858 1268 suo
908 1240 959 1268 ex
1010 1227 1080 1268 illo

197 1289 293 1340 ipso
338 1289 568 1329 hominum
609 1301 798 1340 genere,
847 1290 967 1342 quod
998 1290 1080 1329 do-

197 1351 326 1390 minis
359 1350 587 1391 dissuadet
618 1350 860 1391 Columella
893 1354 908 1392 4
932 1385 939 1400 ,
964 1353 1003 1401 8,
1030 1352 1045 1390 4
1068 1364 1075 1389 :

194 1413 470 1462 Praemoneo,
503 1425 553 1453 ne
580 1414 750 1453 vilicum
778 1425 833 1453 ea:
862 1426 906 1454 eo
932 1425 1081 1466 yenere

195 1487 434 1523 servorum,
483 1476 554 1525 qui
597 1487 771 1526 corpore
809 1477 1076 1526 placuerunt,

197 1539 462 1578 instituamus
475 1549 490 1585 ;
534 1549 584 1577 ne
628 1550 682 1578 eat
724 1551 769 1579 eo
813 1540 976 1589 quidem
1007 1552 1080 1579 or-

196 1601 309 1648 dine,
344 1601 415 1650 qui
446 1600 631 1640 urbanas
661 1613 711 1640 ac
741 1602 940 1641 delicatas
969 1607 1081 1642 artes

196 1664 444 1703 exercuerit.
495 1663 646 1703 Socors
687 1668 724 1703 et
762 1665 1080 1705 somniculosmn

195 1736 324 1777 qenus
350 1726 393 1764 id
411 1726 742 1776 mancipiorum,
776 1727 889 1776 otiis,
913 1739 1076 1777 campo,

195 1788 331 1836 circo,
365 1788 557 1836 theatris,
604 1788 743 1838 aleae,
773 1790 979 1839 popinae,
1012 1790 1080 1829 lu-

190 1850 426 1899 panaribus
454 1854 718 1900 consuetum,
751 1863 970 1901 nunquam
998 1863 1081 1890 non

195 1913 360 1952 easdem
401 1914 579 1963 ineptias
619 1914 812 1954 somniat.
873 1915 965 1953 Iam
997 1915 1080 1953 ioci

199 1985 335 2015 causa
365 1975 489 2026 fingit
518 1987 565 2016 se
598 1986 730 2017 servo
765 1977 835 2017 isti
865 1988 1077 2027 nequam,

198 2048 400 2087 moroso,
433 2037 602 2087 bibaci‚
651 2039 694 2078 in
724 2038 886 2078 urbem
917 2040 1082 2078 reverti

197 2099 393 2150 cupienti
438 2100 554 2139 hanc
596 2100 836 2152 Epistolam
885 2101 1078 2150 mittere,

198 2173 287 2213 qua
317 2162 407 2201 ruri
439 2163 478 2201 ei
514 2163 790 2202 manendum
821 2173 921 2203 esse
954 2163 1084 2213 signi-

196 2224 326 2264 ficet:
359 2236 408 2264 re
439 2236 545 2264 vera
569 2227 718 2264 autem
740 2225 825 2264 hac
847 2225 1084 2276 scriptiun-

198 2285 322 2335 cula,
347 2297 482 2338 quam
502 2286 657 2327 vilicus
680 2287 773 2338 ipse
791 2287 861 2325 vix
883 2297 1082 2338 unquam

196 2348 324 2398 vidit,
377 2349 685 2390 demonstrare
741 2347 878 2388 voluit
921 2350 1082 2400 iniquis

197 2412 316 2460 suis,
379 2413 452 2463 qui
503 2413 541 2451 ei
591 2413 776 2464 propter
817 2411 1012 2451 villulam
1058 2423 1082 2451 a

198 2475 453 2514 Maecenate
493 2474 703 2514 donatam
742 2474 940 2514 invidere
972 2473 1085 2514 sole-

198 2536 329 2585 bant,
377 2548 465 2576 non
503 2538 595 2576 tam
637 2536 694 2576 ob
726 2539 867 2588 ipsam
898 2547 1083 2588 posses-

198 2599 371 2639 sionem
401 2609 502 2639 eam
534 2599 617 2639 sibi
648 2610 800 2639 caram
825 2610 925 2640 esse
947 2611 1082 2650 quam

196 2662 460 2712 propterea,
513 2661 635 2712 quod
688 2660 747 2701 ibi
787 2662 986 2701 remotus
1025 2661 1080 2701 ab

197 2721 373 2762 illorum
403 2721 674 2773 malignitate
707 2724 760 2774 (v.
784 2723 867 2774 37.)
901 2724 945 2763 et
966 2733 990 2762 a
1012 2734 1084 2763 ce-

198 2785 305 2824 teris
336 2783 544 2824 omnibus
577 2784 702 2825 urbis
723 2783 935 2825 molestiis
966 2787 1084 2825 tran-

200 2845 334 2895 quillo
365 2847 512 2886 animo
533 2847 652 2886 vivat
673 2847 919 2898 studiisque
941 2846 1080 2887 libere

199 2909 341 2946 vacet.
403 2907 539 2947 Simul
586 2910 736 2948 autem
780 2909 960 2958 amicis,
1008 2910 1083 2960 qui

200 2968 390 3008 fortasse
421 2969 647 3009 interdum
676 2972 968 3020 mirarentur,
1003 2983 1083 3011 cur

200 3031 292 3069 tam
328 3028 518 3070 libenter
553 3032 596 3071 in
625 3043 785 3083 aspero
816 3032 887 3072 illo
919 3032 1081 3072 Sabino

202 3092 412 3142 degeret,
458 3092 652 3134 rationes
684 3095 885 3146 exponit,
920 3095 1082 3146 quibus

202 3153 258 3193 ad
320 3163 552 3193 secessum
608 3154 742 3194 istum
797 3156 898 3196 urbi
946 3167 1080 3208 saepe

200 3214 545 3266 praeferendum
586 3214 850 3266 impellatur.
912 3219 1081 3270 Scripta

199 3277 376 3318 videtur
405 3275 597 3328 Epistola
627 3277 871 3317 Kirchnero
902 3290 941 3318 a.
972 3291 1014 3319 u.
1040 3292 1078 3320 c.

202 3339 324 3386 7324
370 3349 527 3378 verum
571 3349 645 3378 res
691 3340 759 3378 est
800 3350 983 3390 prorsus
1016 3341 1081 3380 in-

204 3403 338 3441 certa.
390 3400 542 3453 (Simili
582 3402 732 3440 autem
776 3401 909 3441 modo
954 3402 1077 3441 Ovid.

205 3466 299 3504 Am.
339 3465 382 3514 2,
413 3465 452 3504 2.
497 3463 606 3504 dicis
654 3473 786 3503 causa
830 3463 984 3503 scribit
1026 3464 1082 3504 ad

1144 1169 1345 1218 Bagoen,
1381 1169 1660 1223 eunuclium,
1695 1171 1913 1211 Corinnae
1945 1182 2025 1211 cu-

1145 1229 1352 1280 stodem.)
1400 1230 1509 1269 Vide
1541 1231 1804 1271 Excursum.

1203 1291 1292 1330 4-3.
1330 1292 1465 1343 Vilice]
1492 1291 1654 1332 Vilicus
1676 1294 1827 1344 utique
1851 1306 2022 1345 servus,

1144 1365 1233 1393 non
1265 1353 1473 1403 libertus,
1509 1353 1663 1405 quales
1685 1356 1889 1397 Horatius
1912 1369 2028 1397 nun-

1144 1428 1279 1467 quam
1310 1415 1520 1456 habuisse
1552 1417 1747 1466 videtur,
1782 1420 1902 1458 certe
1925 1430 2028 1459 nus-

1145 1490 1279 1530 quam
1320 1480 1556 1518 memorat.
1605 1503 1648 1507 —
1695 1480 1913 1532 silvarum]
1960 1481 2024 1521 Cf.

1144 1541 1223 1580 Od.
1248 1541 1294 1588 3,
1327 1540 1402 1589 46,
1436 1541 1503 1580 29.
1538 1541 1626 1581 Sat.
1651 1541 1701 1590 2,
1732 1543 1777 1591 6,
1802 1543 1840 1582 3.
1889 1542 2027 1583 Silvas

1144 1605 1403 1655 perreptare
1437 1603 1618 1643 amabat
1649 1604 1852 1645 Horatius
1881 1608 1930 1645 ut
1957 1606 2028 1645 Ti-

1143 1664 1304 1705 bullus.
1338 1665 1434 1704 Vid.
1469 1666 1576 1717 Epp.
1617 1667 1658 1714 l,
1694 1665 1743 1715 4,
1777 1666 1816 1707 4.
1855 1691 1899 1696 —
1927 1668 2027 1706 mihi·

1142 1739 1207 1767 me
1248 1728 1466 1778 reddentis]
1511 1729 1664 1778 «quia,
1713 1740 1816 1768 cum
1860 1731 2025 1769 Romae

1145 1790 1282 1841 dego,
1331 1789 1519 1829 aliorum
1564 1790 1709 1841 potius
1750 1801 1849 1830 sum
1891 1802 2025 1842 quam

1146 1863 1273 1893 meus
1294 1852 1448 1903 ipsius:
1474 1853 1563 1891 ruri
1584 1852 1690 1891 mihi
1712 1853 1827 1901 vivo,
1848 1855 1895 1892 ut
1911 1852 2023 1901 volo,

1146 1917 1189 1955 et
1233 1914 1288 1954 ab
1334 1914 1488 1954 officiis
1533 1915 1809 1965 negotiisque
1844 1915 2027 1956 urbanis

1145 1988 1217 2016 me
1249 1976 1401 2016 reficio
1433 1987 1485 2015 ac
1520 1987 1721 2015 recreo.»
1769 1976 1831 2016 Cf.
1866 1979 1953 2016 Sat.
1984 1978 2024 2026 ⁶2,

1146 2039 1192 2087 6,
1218 2039 1269 2078 60
1292 2049 1391 2090 sqq.
1426 2039 1535 2089 Epp.
1566 2039 1603 2087 l,
1629 2038 1695 2086 40,
1721 2038 1744 2077 6
1766 2050 1864 2090 sqq.
1916 2038 2027 2079 Male

1146 2100 1303 2141 sedulo
1345 2101 1512 2140 homini
1559 2100 1624 2150 (ni
1656 2099 1802 2150 fallor,
1850 2102 2028 2141 Barthio

1146 2164 1242 2214 ipsi)
1291 2162 1482 2203 debetur
1522 2161 1626 2202 illud
1669 2174 1733 2202 ine
1768 2164 2026 2211 redimentis,

1146 2225 1315 2264 Seneca
1349 2227 1392 2264 et
1422 2224 1556 2264 Plinio
1589 2224 1761 2275 dignius
1784 2236 1920 2276 quam
1946 2226 2031 2265 Ho-

1146 2287 1271 2326 ratio.
1310 2310 1354 2314 —
1388 2287 1445 2338 tu]
1481 2287 1586 2337 «qui
1618 2289 1719 2326 ante
1743 2298 1842 2326 eras
1866 2289 1907 2326 in
1929 2299 2029 2327 mea

1147 2348 1307 2388 familia
1339 2347 1532 2397 urbana,
1566 2359 1719 2388 meum
1745 2348 1931 2388 fundum
1961 2349 2029 2389 fa-

1146 2410 1285 2459 stidis,
1319 2412 1524 2461 quamvis
1551 2421 1653 2450 eum
1684 2410 1886 2450 habitent
1906 2413 2031 2462 quin-

1147 2485 1232 2524 que
1265 2472 1480 2520 familiae,
1527 2473 1584 2511 ita
1625 2475 1673 2512 ut
1704 2473 1887 2513 totidem
1917 2474 2025 2521 boni,

1145 2535 1189 2575 id
1222 2537 1311 2584 est,
1353 2535 1521 2574 strenui
1552 2536 1686 2586 atque
1717 2535 1914 2585 honesti,
1947 2548 2030 2588 pa-

1146 2595 1426 2637 tresfamilias
1470 2596 1572 2636 inde
1611 2597 1792 2636 Variam
1830 2608 1878 2637 se
1919 2609 2029 2637 con-

1146 2660 1261 2700 ferre
1307 2658 1478 2700 soleant
1517 2659 1573 2698 ad
1603 2659 1823 2700 nundinas
1856 2659 2030 2700 obeun-

1147 2723 1226 2763 das
1266 2724 1310 2762 et
1340 2721 1518 2773 quando
1550 2721 1769 2772 oppidana
1807 2721 2030 2762 habentur

1147 2785 1321 2825 comitia
1353 2783 1555 2823 creandis
1588 2783 1833 2824 duumviris
1863 2784 1944 2823 iuri
1967 2784 2030 2824 di-

1147 2846 1318 2894 cundo,
1359 2843 1578 2885 aedilibus
1608 2846 1858 2897 ceterisque
1889 2847 2030 2897 magi-

1146 2907 1355 2949 stratibus
1386 2906 1744 2958 municipalibus.
1799 2907 1926 2958 (Filii,
1974 2920 2029 2948 ne

1147 2982 1258 3022 opus
1289 2970 1506 3009 rusticum
1548 2971 1767 3018 cessaret,
1814 2970 1931 3010 domi
1964 2972 2030 3009 vi-

1147 3034 1309 3073 dentur
1338 3031 1642 3082 remansisse.)
1704 3033 1815 3072 Satis
1845 3031 2028 3072 ridicule

1147 3093 1418 3134 Scholiastae
1447 3093 1502 3133 de
1527 3094 1723 3144 quinque
1748 3093 2029 3133 senatoribus

1148 3157 1255 3207 (sive
1298 3156 1446 3207 potius
1484 3154 1814 3205 decur10nibus)
1851 3155 2029 3194 Variam

1146 3217 1372 3257 mittendis
1417 3216 1652 3268 explicant.
1732 3217 1862 3256 Certe
1909 3216 2027 3254 enim

1146 3292 1235 3320 non
1273 3291 1431 3320 omnes
1462 3280 1658 3330 quinque
1693 3279 1738 3317 hi
1768 3277 1908 3317 coloni
1940 3277 2027 3315 Va-

1145 3343 1237 3381 riae
1271 3343 1535 3382 decuriones
1565 3352 1665 3381 esse
1697 3340 1914 3392 poterant.
1962 3339 2029 3377 In-

1145 3403 1289 3455 tellige
1326 3405 1456 3455 igitur
1493 3402 1675 3443 colonos
1713 3400 1944 3452 partiarios
1974 3398 2027 3439 li-

1145 3464 1300 3515 beros,
1336 3466 1409 3516 qui
1441 3465 1521 3516 ipsi
1558 3461 1918 3515 possessionibus
1949 3472 2026 3502 ca-
