2231 3787
249 294 305 344 ti-‘i
318 296 348 344 0

861 292 1074 331 HORATll
1106 290 1471 332 EPISTULARUM

320 423 477 489 Quod
517 422 638 494 quis
677 421 909 480 deridet,
953 440 1115 492 quam
1154 421 1301 491 quod
1342 419 1532 490 probat
1571 427 1621 471 et
1659 427 1959 472 veneratur.

320 526 397 579 Nil
440 542 620 578 moror
658 523 914 584 officium,
956 522 1103 593 quod
1147 539 1230 574 me
1271 529 1481 591 gravat,
1525 537 1586 574 ac
1625 537 1802 591 neque
1841 519 1965 573 ficto

323 630 378 680 ln
418 628 572 698 peius
610 625 755 679 voltu
796 624 1023 696 proponi
1063 639 1256 676 cereus
1296 639 1552 693 usquam,

1965 621 2072 673 ‘265

323 731 430 783 Nec
470 745 635 800 prave
675 727 823 780 factis
864 724 1109 778 decorari
1149 723 1397 777 versibus
1438 732 1585 795 opt0‚

364 895 457 934 ⁵265.
490 903 677 941 unquam
707 892 890 942 quartus
921 888 1146 929 Schmidii.
1185 911 1228 916 —
1261 889 1356 928 268.
1383 893 1596 938 protectus
1624 890 1770 929 Lexic.
1803 891 1894 929 Lat.
1923 889 2023 929 Maii

307 970 349 1009 p.
376 956 466 997 1⁴24.
495 979 538 983 ——
573 959 722 1004 aperta
752 953 824 1002 Sd,
862 963 973 992 unus
993 951 1188 991 Pottierii
1220 951 1282 1000 (N.
1308 951 1409 1000 ⁶20),
1445 950 1818 1000 Guelferbytanus
1849 951 2023 990 Schmi-

308 1021 385 1066 dii,
421 1019 521 1057 LtF:
556 1020 702 1067 operta
729 1014 918 1066 Porph.,
951 1013 1031 1062 bc,
1072 1015 1252 1064 praeter
1290 1023 1429 1052 unum
1473 1012 1592 1052 illum
1632 1014 1769 1052 ceteri
1806 1014 2021 1061 Pottierii,

254 1161 308 1199 ab
332 1157 585 1198 hominibus
606 1157 785 1205 festivis)
810 1154 947 1194 edisci
969 1164 1020 1193 ac
1041 1164 1133 1193 me-

252 1223 392 1263 moria
451 1221 594 1260 teneri
638 1230 772 1271 quam
817 1216 1130 1266 admirabiles3

257 1296 359 1335 ergo
399 1286 442 1323 in
480 1286 709 1323 aeternam
745 1280 1011 1321 memoriam
1041 1279 1137 1319 foe—

257 1348 386 1387 datus
418 1348 509 1393 est,
543 1355 679 1395 quem
708 1342 794 1382 tale
827 1353 1010 1381 carmen
1038 1339 1137 1393 pol-

257 1410 430 1449 luerit.»
462 1410 564 1447 Aen.
615 1406 789 1446 Etenim
823 1403 934 1444 tales
961 1403 1046 1443 loci
1076 1404 1138 1442 ri-

257 1470 389 1512 diculi
432 1470 592 1510 satirae
638 1469 776 1508 instar
818 1467 919 1506 sunt
957 1466 1001 1505 in
1033 1476 1137 1505 eum

257 1532 555 1583 conscriptae,
589 1540 725 1580 quem
752 1527 933 1568 laudare
960 1526 1139 1567 volebat

258 1597 401 1647 poeta.

310 1656 514 1697 264-267.
550 1654 621 1693 Nil
649 1664 794 1692 moror
815 1651 917 1703 cet.]
953 1650 1044 1691 «Ad
1066 1661 1137 1690 me

259 1723 380 1762 cert-e
412 1717 533 1769 quod
563 1717 737 1764 attinet,
773 1715 958 1764 Caesar,
993 1715 1029 1754 si
1054 1714 1138 1754 isto

260 1793 408 1824 essem
451 1779 572 1826 loco,
619 1779 666 1817 ut
705 1777 803 1828 quis
844 1787 916 1816 me
955 1775 1138 1816 laudare

259 1844 414 1892 vellet,
461 1842 540 1882 sed
584 1840 738 1880 inscite
777 1838 822 1878 id
861 1839 1140 1890 propositum

261 1907 611 1957 exsequeretur,
655 1900 775 1941 nihili
804 1900 1024 1949 facerem,
1056 1900 1142 1939 im-

261 1981 334 2010 mo
356 1976 621 2018 respuerem
645 1963 861 2012 officium,
895 1961 1015 2013 quod
1035 1962 1143 2001 mihi

262 2031 385 2071 oneri
421 2029 567 2080 potius
608 2036 743 2077 quam
780 2025 938 2064 honori
978 2025 1141 2063 esset.»

264 2094 411 2143 «Ego,
453 2090 593 2140 inquit
624 2087 853 2133 Horatius,
896 2083 1031 2124 nolim
1063 2084 1144 2123 de-

263 2155 405 2195 corari
444 2150 647 2202 turpibus
677 2147 912 2195 versibus,
959 2157 1014 2185 ne
1043 2146 1144 2197 pin-

263 2217 358 2268 gui,
392 2215 435 2254 id
467 2216 555 2261 est,
589 2209 744 2252 stolide
777 2209 1023 2260 composito
1049 2218 1145 2247 mu-

264 2289 370 2319 nere
404 2276 592 2315 donatus
611 2271 822 2321 rubeam,
855 2273 899 2310 et
919 2281 1022 2310 cum
1042 2280 1144 2310 meo

264 2339 493 2380 laudatore
525 2335 701 2376 deferar
739 2334 781 2374 in
811 2334 961 2373 vicum
990 2333 1145 2372 thura-

265 2403 402 2449 rium;
437 2396 574 2439 multo
605 2407 739 2448 porro
761 2396 907 2435 minus
928 2396 995 2444 tu,
1032 2395 1146 2435 Cae—

266 2475 362 2513 sar,
401 2461 446 2501 id
474 2458 642 2500 voles.»
683 2460 943 2498 GLAREANcs.
997 2455 1148 2496 «Solet

269 2525 473 2566 Horatius
495 2522 696 2574 saepius,
720 2522 959 2572 postquam
978 2530 1052 2559 res
1073 2529 1148 2559 se-

267 2589 354 2627 rias
384 2585 607 2633 tractavit,
642 2581 862 2635 epilogum
884 2581 1050 2621 addere
1081 2581 1149 2619 io-

268 2651 329 2690 cis
351 2648 608 2698 facetiisque
631 2645 864 2694 refertum,
893 2655 1039 2694 neque
1060 2642 1147 2682 hoc

268 2710 413 2751 solum
456 2711 499 2749 in
542 2706 746 2759 Epistolis
792 2708 836 2746 et
879 2706 1054 2755 Satiris,
1099 2706 1146 2744 ut

268 2774 355 2813 Sat.
379 2773 426 2821 ⁶2,
452 2773 490 2810 4.
529 2771 577 2819 2,
601 2769 640 2810 4.
673 2770 712 2818 2,
737 2770 776 2808 7.
820 2769 928 2820 Epp.
955 2768 1001 2817 l,
1031 2769 1069 2806 4.
1104 2768 1143 2816 4,

270 2835 307 2875 4,
342 2836 385 2874 et
413 2837 462 2873 A.
485 2835 554 2882 P.,
587 2831 667 2872 sed
698 2832 831 2871 etiam
856 2830 1081 2870 interdum
1102 2831 1146 2868 in

270 2894 563 2943 carminibus,
588 2897 635 2933 ut
656 2893 734 2933 Od.
760 2894 798 2941 l,
820 2893 858 2932 6.
882 2893 921 2941 3,
942 2893 980 2933 3.
1006 2892 1144 2944 Epod.

272 2959 337 2997 2.»
371 2958 542 2995 Rffinm..
580 2978 624 2982 —
666 2956 761 3006 ficto
789 2956 836 2994 In
860 2955 992 3006 peius]
1038 2954 1144 2994 Plin.

270 3021 380 3071 Epp.
406 3020 445 3065 5,
470 3018 542 3056 40:
571 3017 751 3066 pictores
773 3018 996 3067 pulchram
1025 3017 1148 3056 abso-

270 3084 481 3130 tutamque
518 3080 699 3129 formam
738 3091 842 3118 raro
871 3080 951 3118 nisi
979 3080 1030 3118 in
1059 3089 1148 3128 pe-

270 3146 352 3183 ius
383 3143 595 3194 efflnyunt.
646 3139 811 3180 Aelian.
843 3142 891 3180 V.
932 3142 982 3180 H.
1016 3140 1063 3189 4,
1097 3139 1143 3180 4:

268 3202 443 3245 “Azofiw
502 3202 694 3243 κεῖσθαι
750 3199 903 3254 νόμον
953 3199 1147 3254 Θήβησι

275 3266 634 3325 προστάττοντα
673 3267 774 3314 τοῖς
803 3266 1038 3314 τεχνίταις
1067 3266 1148 3304 καὶ

274 3334 374 3380 τοῖς
416 3331 673 3386 γραφικοῖς
708 3327 790 3367 καὶ
820 3331 920 3377 τοῖς
951 3325 1148 3367 πλαστι-

274 3395 377 3442 κοῖς
423 3393 488 3441 εἰς
518 3387 572 3430 τὸ
602 3394 815 3448 κρεῖττον
843 3387 928 3439 τὰς
958 3386 1148 3440 εἰκόνας

274 3454 542 3506 μιμεῖσθαι.
599 3449 798 3493 Ἀπειλεῑ
836 3450 886 3492 δὲ
928 3447 954 3491 ὁ
995 3450 1147 3504 νόμος

1201 1165 1277 1192 σιν
1308 1147 1342 1204 ἦ
1369 1150 1592 1210 γράψασι
1621 1154 1793 1205 ζημίαν
1813 1149 1868 1192 τὸ
1890 1154 2078 1206 τίμημα

1199 1212 1331 1272 ὃρᾷν.
1370 1238 1414 1243 -
1440 1216 1626 1265 proponi
1654 1215 1806 1266 cereus]
1840 1215 1904 1255 Cf.
1927 1216 2014 1255 Sat.
2037 1216 2078 1264 2,

1199 1279 1242 1327 3,
1279 1278 1377 1318 483:
1425 1280 1578 1317 aeneus
1612 1282 1658 1316 ut
1691 1281 1782 1316 stes.
1841 1275 2078 1317 Probabile

1201 1343 1269 1382 est
1298 1342 1463 1381 Horatii
1488 1340 1767 1393 temporibus
1789 1351 1943 1380 cereas
1965 1341 2082 1380 imas-

1202 1404 1327 1454 gines
1356 1403 1555 1443 virorum
1584 1402 1840 1451 illustrium,
1889 1402 2075 1450 ducum,

1203 1468 1452 1513 oratorum,
1494 1468 1752 1516 poetarum,
1794 1464 2084 1516 philosopho-

1203 1538 1329 1576 rum,
1361 1525 1544 1567 venales
1575 1527 1710 1567 fuisse
1743 1538 1826 1578 per
1855 1526 2081 1576 tabernas,

1204 1600 1317 1640 quae
1349 1589 1404 1628 ab
1438 1588 1714 1640 emptoribus
1736 1589 1778 1628 in
1803 1588 2083 1630 bibliothecis

1203 1654 1396 1693 maxime
1435 1653 1807 1704 proponerentur.
1858 1654 1952 1692 Iam
1993 1653 2030 1692 si
2060 1663 2085 1691 a

1204 1714 1447 1766 ceroplasta
1492 1713 1638 1764 aliquo
1679 1714 1884 1765 imperito
1927 1714 1970 1753 in
2008 1725 2087 1765 pe-

1205 1778 1271 1817 ius
1316 1776 1489 1817 effictae
1536 1777 1682 1825 erant,
1732 1787 1832 1825 eos,

1207 1842 1332 1879 erant
1371 1839 1609 1889 imagines,
1649 1841 1888 1889 propterea
1917 1840 2088 1878 stoma-

1207 1902 1361 1941 chatos
1388 1911 1486 1941 esse
1510 1901 1861 1940 consentaneum
1878 1903 1967 1941 est:
2001 1912 2086 1941 nec

1206 1965 1357 2002 tamen
1388 1962 1618 2013 cogitarim
1649 1961 1849 2002 consulto
1884 1964 1927 2002 in
1960 1963 2086 2015 peius

1208 2025 1333 2066 fictas
1357 2023 1579 2075 (Italorum
1618 2024 1872 2076 caricature)
1910 2023 2087 2064 ludibrii

1209 2089 1251 2127 et
1283 2085 1576 2126 contumeliae
1604 2096 1735 2126 causa
1759 2088 1918 2138 exponi
1938 2086 2087 2127 solitas

1210 2160 1332 2199 esse,
1376 2149 1420 2188 id
1465 2149 1584 2200 quod
1628 2159 1734 2188 sane
1771 2149 1927 2189 famosi
1956 2148 2089 2189 libelli

1209 2213 1344 2252 instar
1373 2211 1551 2259 fuisset,
1584 2212 1641 2251 ita
1672 2213 1720 2251 ut
1747 2210 1894 2252 laesus
1914 2212 2087 2252 actione

1208 2275 1466 2314 iniuriarum
1509 2273 1723 2314 artificem
1761 2275 1972 2325 persequi
2003 2286 2088 2327 po-

1208 2338 1379 2376 tuisset.
1407 2359 1451 2364 —
1484 2336 1689 2388 decorari]
1720 2336 1820 2375 κατ’
1846 2337 2088 2394 εἰρωνείαν

1208 2409 1290 2450 pro
1314 2397 1607 2449 «deturpari».
1636 2421 1679 2426 -
1706 2399 1769 2438 Ne
1786 2398 1973 2450 rubeam]
1999 2400 2087 2439 «Ne

1209 2459 1362 2500 insulsi
1396 2460 1645 2511 praeconii,
1686 2459 1892 2501 versibus
1931 2460 2088 2512 ineptis

1212 2522 1468 2573 compositi,
1499 2521 1671 2573 pudere
1703 2533 1776 2562 me
1807 2522 2014 2563 debeat.»

1265 2584 1467 2624 268-270.
1514 2583 1616 2635 meo]
1652 2584 1788 2624 «Ideo
1809 2585 1911 2636 quia
1941 2585 1985 2625 in
2016 2595 2087 2624 eo-

1212 2646 1316 2686 deni
1355 2644 1466 2685 libro
1498 2648 1540 2686 et
1570 2647 1797 2698 scriptoris
1827 2658 1991 2687 nomen
2021 2649 2088 2687 est

1212 2709 1257 2748 et
1301 2708 1419 2757 eius,
1466 2707 1522 2747 de
1567 2719 1654 2759 quo
1693 2708 1921 2757 scribitur,
1966 2709 2086 2748 utin

1210 2768 1386 2821 Virgilio
1407 2771 1595 2819 Aeneas,
1620 2771 1662 2809 in
1683 2771 1878 2809 Homero
1900 2769 2084 2812 Ulixes.»

1210 2833 1310 2871 Aca.
1372 2831 1620 2883 Simplicius
1659 2831 1865 2882 quidem,
1912 2834 1961 2871 ut
1990 2833 2087 2884 opi—

1211 2904 1313 2943 nor,
1360 2895 1423 2934 sic
1467 2904 1685 2945 expones:
1734 2896 1855 2936 «Una
1900 2905 2002 2935 cum
2033 2905 2086 2935 eo

1211 2954 1326 2995 malo
1356 2957 1509 3007 poeta,
1558 2957 1631 3007 qui
1671 2967 1743 2996 me
1773 2955 1979 2997 laudibus
2010 2968 2088 2997 ex-

1212 3016 1364 3057 tollere
1396 3019 1543 3069 inepte
1577 3021 1761 3058 conatus
1791 3021 1900 3059 est.»
1926 3042 1971 3047 ——
1991 3030 2090 3070 por-

1212 3080 1359 3132 rectus]
1394 3082 1542 3120 «Bene
1567 3086 1787 3131 porrectus
1816 3083 1861 3121 et
1888 3082 1933 3122 in
1954 3092 2087 3133 capsa

1212 3146 1377 3192 opertus
1425 3144 1550 3193 quasi
1595 3145 1797 3184 mortuus
1841 3144 1883 3183 in
1923 3143 2088 3184 feretro

1212 3205 1387 3245 deferar
1402 3206 1445 3245 in
1460 3207 1609 3245 vicum
1624 3206 1914 3246 thurarium.»
1933 3208 2084 3246 Ponrn.

1213 3267 1275 3308 Cf.
1300 3268 1438 3319 Epod.
1466 3268 1531 3317 40,
1556 3269 1622 3307 22.
1649 3290 1696 3296 —
1729 3268 1890 3319 aperta]
1922 3266 2089 3317 Signifi-

1213 3331 1308 3378 cat,
1355 3340 1491 3380 quam
1534 3340 1716 3380 prorsus
1758 3328 1999 3380 negligatur
2042 3331 2088 3368 et

1212 3393 1522 3431 contemnatur
1561 3390 1656 3431 talis
1693 3393 1851 3443 poeta:
1900 3401 2081 3442 «capsa,

1213 3464 1327 3504 quae
1361 3465 1413 3493 ne
1446 3456 1600 3505 operta
1622 3453 1800 3505 quidem
1822 3455 1932 3493 est.»
1964 3452 2084 3493 Ridi-

278 3521 377 3566 τοῖς
406 3517 472 3566 εἰς
500 3512 555 3555 τὸ
585 3512 747 3573 χεῖρόν
778 3526 891 3555 ποτε
911 3509 944 3567 ἦ
964 3513 1148 3555 πλάσα-
1211 3514 1306 3556 cula
1337 3518 1431 3556 tum
1463 3515 1712 3563 dumtaxat,
1747 3516 1794 3554 ut
1824 3514 1982 3563 debet,
2016 3526 2084 3556 re-

1895 1787 2086 1827 quorum
2136 1820 2138 1824 ,

2222 3381 2227 3482 j

2220 3486 2226 3599 l
