2231 3787
904 259 1000 297 ΗΒ.
1037 259 1082 296 ll.

1146 261 1256 299 sA'r.
1295 261 1358 297 iv.

1943 262 2042 295 ¹0⁶*

298 389 503 439 Ponere
546 388 695 451 signa
739 388 887 440 novis
929 390 1256 459 praeceptis,
1302 389 1480 460 qualia
1522 391 1733 444 vincant

299 488 632 560 Pythagoran
675 490 940 560 Anytique
982 508 1130 543 reum
1172 491 1498 562 doctumque
1540 491 1772 544 Platona.

334 654 445 692 sAT.
484 655 548 692 ix'.
615 655 649 692 εἰ.

690 656 858 693 vincunt
890 654 993 706 hs‘p,
1028 658 1235 705 quattuor
1271 657 1484 704 Punici-ii,
1531 658 1633 696 item
1667 671 1713 702 c,
1763 670 1984 709 superscr.

279 727 321 756 c.
370 716 409 753 id
442 719 531 760 est,
581 717 738 755 vim-ent
785 719 841 764 (ut
875 717 981 756 (lod.
1019 716 1167 757 Bland.
1202 719 1429 768 antiquiss.
1465 721 1509 758 et
1547 718 1614 758 alii
1646 722 1854 770 quattuor
1888 724 1986 761 l'ot-

283 779 422 827 tierii),
459 781 550 817 tum
584 780 678 818 cti-¹.

225 946 301 974 sus
325 933 427 973 salsa
452 946 553 973 cum
576 933 668 973 aliis
690 936 825 978 veris.
861 936 939 974 sed
964 936 1101 975 omni-

228 997 309 1036 hus
363 997 525 1035 iamdiu
577 997 716 1043 notis,
770 998 1097 1048 permiscuerit,

225 1061 309 1099 hoc
340 1060 581 1099 admodum
614 1060 783 1111 perlido
819 1059 1020 1100 consilio.
1056 1062 1098 1098 ut

225 1122 400 1172 volgum
441 1123 758 1173 Epicureorum
800 1124 1100 1161 Romanorum

225 1184 476 1223 huiusmodi
523 1183 717 1230 culinae,
771 1186 817 1222 ut
862 1183 1097 1222 rebantur.

226 1248 578 1287 Maecenatianae
611 1247 781 1285 arcanis
814 1246 923 1285 mire
956 1244 1101 1284 luditi—

224 1312 415 1356 caretur,
435 1309 572 1348 risum
589 1310 738 1347 autem
761 1310 965 1347 moveret
985 1308 1102 1347 Mae-

224 1373 365 1413 cenati
397 1372 477 1423 ipsi
500 1372 749 1422 ceterisque
773 1371 946 1418 amicis,
980 1371 1098 1410 edito

224 1434 385 1474 deinde
430 1432 540 1473 libro
585 1432 826 1472 lectoribus
875 1431 1095 1472 omnibus.

225 1498 394 1536 Etenim
436 1507 537 1535 cum
579 1494 658 1535 illis
700 1497 892 1546 primum
922 1495 978 1535 ab
1011 1496 1100 1535 llo—

223 1561 333 1599 ratio
375 1558 724 1598 communicatas
767 1568 868 1597 esse
900 1560 947 1597 ut
977 1559 1099 1597 cete-

222 1634 294 1663 ras
316 1622 489 1673 eclogas
511 1621 769 1674 plerasque,
804 1623 866 1662 sic
888 1622 967 1661 bas
991 1633 1099 1672 quo-

222 1697 308 1737 que
331 1686 487 1726 satiras
509 1686 860 1724 consentaneum
883 1686 963 1724 est.
998 1686 1100 1724 Pro-

224 1749 336 1788 fecto
369 1748 478 1787 haec
510 1746 670 1798 legenti
709 1746 939 1798 aliquoties
978 1748 1099 1787 venit

222 1812 264 1850 in
296 1813 492 1851 mentem
525 1809 634 1850 illius
671 1811 757 1849 Sat.
782 1812 831 1858 ⁶2,
865 1811 912 1858 Ξ,
946 1811 1018 1849 521:
1053 1811 1098 1850 Si

220 1874 313 1922 quis
340 1885 448 1912 nunc
476 1884 639 1924 met-(sos
666 1883 813 1912 suaves
836 1873 1014 1912 edioeerit
1033 1884 1099 1912 as-

219 1946 308 1983 sos,
352 1935 517 1975 Parebtt
555 1935 680 1985 pravi
723 1935 865 1973 docilis
907 1936 1098 1975 Romana

220 1999 420 2038 iuventus.
483 1999 691 2037 Ceterum
722 1998 987 2037 meminerat
1007 1998 1097 2037 sor-

221 2062 337 2100 tasse
369 2061 571 2100 Horatius
602 2059 808 2099 similium
839 2063 1095 2111 poematum

221 2123 588 2163 didascalicorum
619 2123 673 2162 de
695 2126 789 2162 arte
812 2123 936 2163 cibos
957 2136 1096 2176 appa—

222 2185 366 2232 randi,
401 2184 576 2235 qualem
604 2188 822 2224 memorat
842 2187 1094 2227 Athenaeus

224 2249 261 2294 st,
281 2249 319 2287 7.
340 2247 609 2287 Arc-hestrati
628 2247 990 2303 Γαστρονομίαν
1006 2251 1090 2288 cet.

223 2311 355 2350 Erant
385 2309 534 2348 itidem
570 2309 690 2348 Ennii
726 2310 974 2359 Phagetica.

282 2372 366 2411 1-3.
423 2373 531 2410 L'nde
562 2375 597 2409 et
628 2371 721 2422 quo]
754 2372 840 2411 Csr.
865 2373 951 2412 Sat.
982 2375 1016 2420 1,
1051 2374 1089 2419 9,

220 2435 287 2474 62.
324 2457 366 2462 —
401 2434 555 2485 Catius]
586 2435 654 2472 Sic
679 2434 794 2473 l’lato
817 2435 985 2474 Menex.
1011 2436 1093 2474 ini-

222 2499 299 2537 tio:
334 2494 411 2547 Ἐξ
441 2492 621 2551 ἀγορᾶς
651 2491 684 2548 ἧ
714 2492 862 2535 πόθεν
892 2495 1093 2548 Μενέξε-

222 2573 323 2611 vog:
374 2560 610 2611 [trobique
656 2571 743 2599 non
789 2563 856 2600 est
899 2562 1089 2611 positum

220 2635 298 2676 pro
319 2624 543 2671 vocativo,
577 2623 655 2662 sed
679 2634 781 2663 cum
803 2624 995 2674 quadam
1018 2625 1092 2664 ad-

221 2687 449 2726 miratione
493 2687 577 2725 hoc
621 2685 792 2724 dicunt:
849 2686 1003 2728 «L'nde
1050 2690 1092 2727 et

220 2760 307 2799 quo
336 2749 455 2788 venit
493 2749 563 2787 1110
604 2748 757 2796 homo,
808 2749 850 2788 in
881 2760 968 2799 quo
1000 2750 1092 2789 Me-

219 2822 460 2858 nexenum‚
496 2812 667 2850 Catium
699 2822 941 2861 agnoscere
965 2812 1091 2853 nobis

219 2872 462 2911 videmur.»
486 2895 529 2900 —
552 2874 705 2912 Ponere
724 2874 858 2925 siyna]
891 2875 1092 2926 Porphy—

221 2935 314 2973 rion
346 2933 552 2985 explicat:
600 2935 824 2975 «scribere
864 2939 908 2976 et
943 2938 1091 2977 consi-

220 3007 354 3047 gnare
395 3007 504 3034 nova
548 2999 836 3048 praecepta;»
883 2998 925 3038 id
969 2999 1091 3050 quod

219 3070 300 3110 pro
331 3059 452 3097 certo
483 3068 552 3096 νν.
583 3069 735 3107 ponere
763 3059 884 3110 signa
921 3061 1090 3112 signifi-

220 3131 321 3160 care
353 3121 591 3170 nequeunt.
651 3120 730 3160 Alii
760 3123 1004 3171 cogitarunt
1034 3123 1088 3164 de

220 3183 333 3222 notis
365 3181 654 3231 (Tironianis);
697 3193 853 3223 verum
895 3189 1091 3235 praestat

218 3242 422 3295 philologi
443 3243 651 3292 anonymi
673 3244 789 3294 apud
810 3245 1086 3296 Lambinum‚

219 3304 541 3345 Mitscberlichii
573 3308 615 3344 et
658 3307 986 3356 Morgensternii
1019 3310 1086 3359 (de

220 3370 312 3407 arte
333 3372 536 3408 veterum
558 3370 852 3409 mnemonica.
907 3371 1086 3422 Dorpati

222 3430 339 3470 ⁴835.
371 3443 414 3482 p.
447 3431 570 3480 XIV.)
612 3432 934 3482 interpretatio,
977 3433 1087 3473 haec

220 3503 289 3531 vv,
322 3493 553 3533 referenda
587 3504 684 3535 esse
707 3493 762 3534 ad
794 3496 934 3534 artem
957 3505 1087 3536 mne—

760 781 806 820 L't
838 791 938 822 nos,
975 781 1165 819 l'ottierii
1197 779 1351 831 reliqui
1385 779 1544 831 aliique
1577 784 1617 820 et
1652 783 1711 829 L.)

1169 937 1408 983 moni‹=ani‚
1443 949 1526 987 qua
1561 937 1799 978 utebantur
1829 942 1871 978 et
1903 943 2043 979 orato-

1169 1010 1239 1037 res
1264 1002 1307 1038 et
1342 999 1588 1050 philosophi
1621 1002 1800 1051 antiqui.
1855 1003 2043 1042 Festinat

1169 1061 1296 1109 igitur
1317 1063 1465 1100 (latius
1483 1074 1661 1111 ponere,
1687 1064 1877 1111 referre,
1902 1066 2038 1115 siqua,

1167 1137 1263 1164 voc.
1290 1127 1466 1176 proprio
1499 1127 1697 1177 ἰηιαῃὶηεε
1721 1129 2041 1168 sententiarum

1166 1199 1345 1226 suarum
1393 1188 1434 1226 in
1479 1189 1575 1227 locis
1614 1202 1636 1227 a
1678 1201 1724 1228 se
1767 1192 1928 1241 captis,
1980 1193 2039 1239 ut⁷

1165 1251 1524 1301 quandocunque
1557 1250 1679 1298 velit,
1722 1264 1875 1292 earum
1907 1264 2042 1292 accu-

1166 1315 1259 1352 rate
1297 1313 1521 1352 recordari
1568 1315 1718 1365 possit.
1782 1315 1888 1354 Vide
1926 1328 1965 1354 v.
2000 1317 2038 1355 6.

1166 1376 1252 1414 (Jfr.
1277 1376 1432 1427 Script.
1468 1376 1522 1415 ad
1555 1377 1746 1416 l‘lerenn.
1773 1376 1818 1426 3,
1855 1379 1904 1417 46
1927 1399 1949 1406 -
1969 1378 2038 1419 24.

1166 1438 1254 1476 Cic.
1290 1438 1344 1477 de
1387 1439 1456 1477 Or.
1494 1440 1544 1487 ⁰2,
1591 1439 1642 1479 86
1688 1450 1833 1490 seqq,
1883 1439 1955 1479 ubi
2000 1442 2038 1491 g.

1164 1499 1257 1539 359.
1291 1501 1384 1551 ipse
1417 1511 1594 1552 quoque
1627 1500 1764 1540 verbo
1789 1514 1944 1551 ponere
1965 1504 2043 1542 uti-

1165 1565 1254 1602 tur:
1285 1565 1435 1602 Rerum
1457 1564 1657 1603 memoria.
1672 1565 1850 1613 propria
1872 1569 1927 1604 est
1948 1577 2044 1604 ora-

1164 1626 1291 1665 toris:
1323 1637 1416 1664 eam
1437 1626 1609 1677 singulis
1623 1627 1812 1675 personis
1831 1627 1928 1667 bene
1955 1639 2042 1677 po-

1163 1689 1286 1727 sitis
1315 1692 1461 1727 notare
1484 1700 1724 1738 possumus,
1756 1694 1801 1728 ut
1820 1692 2041 1730 sententias

1160 1751 1507 1802 imaqinibus,
1540 1752 1725 1790 ordinem
1763 1753 1891 1791 locis
1927 1765 2041 1792 com-

1157 1816 1474 1864 prehendamus.
1537 1816 1595 1854 Eo
1617 1815 1771 1854 salsior
1801 1817 1949 1856 autem
1973 1819 2042 1857 est

1163 1877 1306 1926 locus,
1368 1876 1486 1928 quod
1536 1876 1748 1917 artificiali
1796 1879 2038 1919 memoriae

1162 1950 1321 1991 parum
1344 1940 1419 1978 aut
1449 1937 1551 1978 nihil
1583 1938 1789 1980 tribuisse
1812 1941 2037 1981 Horatium

1162 2003 1255 2041 veri
1285 2000 1425 2041 simile
1458 2003 1537 2041 est.
1574 2024 1617 2029 —-
1641 2002 1824 2054 vincant]
1858 2004 2039 2055 Propter

1162 2065 1307 2115 ipsum
1328 2075 1368 2103 v.
1394 2064 1538 2113 qualia
1559 2065 1865 2105 coniunctivus
1886 2068 2036 2116 utiquc

1161 2127 1303 2178 aptior
1334 2129 1402 2166 est
1428 2137 1563 2177 quam
1582 2128 1744 2166 vincent
1765 2126 1832 2166 vel
1852 2128 2035 2176 vincunt,

1160 2190 1323 2240 quippe
1347 2190 1419 2239 qui
1441 2189 1679 2239 significet:
1717 2188 1886 2240 «qualia
1911 2190 2035 2230 facile

1158 2250 1353 2301 palmam
1384 2251 1499 2291 ferre
1531 2252 1700 2304 possint
1735 2252 2035 2303 Pythagoricis

1159 2315 1458 2364 comparata.»
1520 2314 1743 2363 (Ceterum
1784 2314 1979 2354 futurum
2010 2328 2034 2355 a

1157 2375 1283 2414 bonis
1329 2375 1468 2415 Codd.
1517 2375 1740 2415 firmatum
1786 2380 2035 2426 praestaret

1157 2436 1314 2477 saltem
1366 2438 1589 2487 praesenti
1646 2438 1837 2487 indicat.)
1907 2441 2030 2479 (Jont'.

1159 2500 1265 2550 Epp.
1293 2499 1336 2545 1l,
1370 2498 1418 2547 li,
1453 2499 1499 2539 3:
1552 2500 1739 2539 Scribere
1774 2503 1881 2550 quod
1921 2502 2034 2542 Cassi

1155 2561 1390 2600 Parmensis
1415 2562 1613 2610 opuscula
1638 2563 1786 2601 vincat.
1850 2564 2031 2615 Egregie

1157 2626 1285 2675 pocta
1331 2625 1534 2674 exprimit
1576 2625 1786 2664 Athenaei
1833 2625 1934 2665 illud
1980 2628 2029 2674 7,

1158 2686 1236 2725 36:
1270 2680 1567 2736 Ἀλαζονικόν
1597 2687 1698 2727 ἑστι
1728 2685 1822 2727 πᾶν
1852 2685 1906 2727 τὸ
1936 2686 2030 2728 τῶν

1155 2750 1396 2805 μαγείρων
1416 2746 1588 2797 φῦλον.
1613 2773 1655 2778 —
1674 2750 1878 2800 Anytique
1898 2752 2029 2802 reum]

1158 2813 1385 2850 Socratem
1403 2814 1658 2851 accusatum
1673 2823 1696 2851 a
1710 2812 1866 2852 Meleto
1884 2814 2031 2853 huius-

1158 2884 1243 2924 que
1285 2873 1663 2926 subscriptoribus
1707 2872 2029 2933 (συνηγόροις)

1157 2937 1333 2985 Lycone
1366 2937 1409 2975 et
1435 2937 1590 2985 Anyto,
1625 2937 1697 2987 qui
1729 2937 1908 2987 quidem
1948 2939 2028 2977 So-

1157 2998 1285 3037 cratis
1296 2997 1654 3038 advcrsariorum
1673 2998 1798 3050 longe
1817 3000 2029 3040 suitacer-

1155 3061 1314 3108 rimus,
1358 3059 1464 3099 Plat.
1492 3060 1614 3112 Apol.
1649 3062 1769 3100 Socr.
1802 3073 1844 3113 p.
1878 3062 1943 3101 23.
1980 3063 2023 3102 E.

1155 3122 1284 3172 Anyti
1316 3123 1486 3162 tristem
1517 3123 1651 3162 finem
1681 3126 1832 3162 narrat
1851 3124 2028 3163 Themi—

1155 3184 1262 3224 stius
1293 3185 1408 3224 Orat.
1433 3185 1499 3223 20.
1522 3196 1566 3236 p.
1594 3185 1689 3226 293.
1722 3185 1866 3234 Dind.‚
1901 3187 2025 3225 cuius

1154 3246 1291 3286 verba
1336 3247 1469 3286 animi
1518 3258 1649 3287 causa
1681 3247 2023 3298 exscripsimus:

1143 3304 1335 3350 ’Ἄνυτον
1378 3307 1669 3350 κατέλευσαν
1711 3306 1788 3349 διὰ
1831 3306 2025 3364 Σωκρά-

1152 3383 1239 3423 την
1270 3372 1319 3410 οἱ
1341 3367 1656 3428 ἹΙρακλεῶται
1677 3372 1725 3410 οἱ
1743 3370 1793 3410 ἐν
1813 3368 1875 3423 τῷ
1896 3367 2024 3409 Πόν-

1151 3445 1216 3487 τῳ
1235 3464 1245 3480 ,
1294 3435 1372 3473 καὶ
1425 3435 1507 3474 νῦν
1554 3432 1789 3474 δείκνυται
1833 3427 2022 3474 Ἀνύτου

1151 3491 1326 3536 αὖτόθι
1355 3494 1491 3549 σῆμα
1510 3495 1560 3536 ἐν
1580 3493 1642 3549 τῷ
1675 3496 1941 3552 προαστείῳ
1964 3491 2022 3536 οὔ
