2231 3787
315 216 415 266 598

920 217 1133 255 HORATH
1168 216 1532 256 EPISTULARUM

386 345 438 398 Si
479 344 701 398 meliora
741 344 883 403 dies,
924 354 982 397 ut
1025 345 1169 407 vina,
1212 351 1459 415 poemata
1499 343 1700 400 reddit,

388 446 536 499 Scire
575 445 760 505 velini,
810 445 1005 499 chartis
1045 446 1275 516 pretium
1313 452 1508 515 quotus
1551 453 1765 514 arroget
1804 462 1988 497 annus.

388 548 644 617 Scriptor,
687 546 878 600 abhinc
918 563 1085 599 annos
1124 553 1337 598 centum
1375 545 1467 615 qui
1507 545 1732 604 decidit,
1776 545 1912 598 inter

386 649 658 702 perfectos
696 657 1018 717 veteresque
1057 647 1244 699 referri
1283 645 1470 706 debet,
1513 663 1579 698 an
1618 646 1755 700 inter

386 749 528 803 Viles
568 758 728 819 atque
767 747 977 800 novos?
1015 746 1274 800 Excludat
1311 747 1483 818 iurgia
1519 747 1655 800 finis.

386 851 477 903 Est
515 859 667 902 vetus
707 857 867 919 atque
907 847 1135 919 probu5‚
1179 856 1393 902 centum
1432 849 1522 919 qui
1563 848 1773 920 perficit
1810 866 1994 903 annos,

388 949 551 1014 Quid,
595 950 687 1020 qui
728 949 958 1019 deperiit
995 949 1168 1001 minor
1205 967 1312 1003 uno
1353 967 1540 1004 mense
1578 949 1663 1004 vel
1703 967 1871 1014 ann0,

2068 951 2134 1003 40

386 1052 528 1103 Inter
567 1067 705 1121 quos
743 1050 1059 1103 referendus
1099 1051 1231 1104 erit‘?
1270 1060 1554 1105 veteresne
1594 1058 1807 1122 poetaS‚

428 1232 492 1270 35.
521 1231 706 1281 precium
734 1232 888 1270 chartis
917 1233 980 1271 Lt.
1018 1253 1062 1259 —
1095 1231 1161 1271 36.
1196 1233 1318 1271 annis
1344 1243 1411 1283 pr.
1445 1232 1474 1272 d
1505 1235 1548 1272 et
1575 1234 1746 1284 primus
1777 1234 2002 1273 Schmidii.
2037 1256 2079 1262 —

371 1293 436 1335 37.
482 1296 687 1332 veteresne
717 1292 769 1340 d,
810 1303 878 1343 pr.
913 1303 936 1332 c
968 1294 1012 1332 et
1040 1294 1131 1332 tres
1163 1293 1387 1333 Schmidii.
1433 1317 1476 1323 —
1525 1294 1591 1334 38.
1625 1295 1814 1336 excludet
1840 1297 1889 1336 E.
1926 1317 1970 1324 -
2014 1295 2081 1336 44.

364 1354 526 1405 poetas]
552 1353 788 1404 probosque
816 1353 998 1393 Bentleii
1028 1356 1242 1406 suspicio,
1274 1356 1476 1405 probatos
1507 1357 1722 1408 Cuningh.
1760 1380 1805 1387 —
1829 1357 1897 1398 42.
1921 1362 2086 1408 respuet

373 1419 556 1466 quartus
588 1416 821 1464 Schmidii‚
855 1417 960 1465 LCt,
994 1417 1151 1466 respuit
1171 1418 1217 1465 E,
1243 1417 1330 1457 duo
1362 1418 1586 1458 Schmidii.
1622 1420 1685 1470 (Ut
1716 1430 1817 1467 nos,
1849 1419 2086 1472 hScdp,3x

375 1477 619 1529 uanique»)
656 1501 700 1507 -
733 1479 799 1518 43.
829 1483 1018 1528 ponatur
1047 1491 1090 1530 p.
1118 1500 1162 1507 —
1188 1479 1254 1520 45.
1272 1481 1478 1529 promisso
1508 1480 1672 1520 multae
1702 1481 1812 1521 Edd.
1836 1483 1942 1522 vett.
1968 1481 2086 1534 apud

372 1542 518 1580 Feam.
552 1544 585 1580 A
616 1552 658 1580 v,
687 1540 753 1581 45.
788 1541 937 1581 deficit
966 1541 994 1580 d
1018 1553 1160 1592 usque
1193 1543 1249 1582 ad
1279 1544 1388 1595 Epp.
1414 1544 1454 1592 Ξ,
1481 1544 1520 1592 4,
1543 1544 1637 1584 224.
1667 1566 1711 1571 —·
1744 1544 1811 1584 46.
1844 1549 1881 1584 et
1910 1545 2006 1585 item
2034 1546 2083 1594 E,

375 1695 520 1736 34-44.
555 1696 601 1735 Si
620 1696 796 1735 meliora
812 1697 915 1746 cet]
938 1698 1030 1736 Iam
1053 1698 1196 1737 astute

320 1768 425 1798 usus
447 1759 581 1798 sorite
605 1758 821 1805 ostendit,
846 1769 978 1809 quam
1001 1758 1197 1799 absurda

320 1819 406 1858 sint
433 1819 546 1869 volgi
577 1819 870 1861 litteratorum
903 1821 1074 1860 iudicia.
1126 1823 1199 1860 In—

321 1882 446 1931 eptos
487 1881 740 1920 huiusmodi
778 1883 1048 1932 antiquarios
1080 1883 1199 1922 deri-

321 1942 394 1981 det
426 1943 560 1981 etiam
589 1942 796 1983 Martialis
828 1945 902 1993 44,
936 1944 1008 1992 90,
1043 1946 1086 1984 5:
1124 1945 1200 1984 At-

320 2005 552 2053 tonitusque
580 2005 680 2055 legis
708 2007 844 2045 terrai
864 2006 1106 2057 frugiferai,
1131 2008 1201 2047 At-

320 2066 400 2104 tius
429 2070 466 2104 et
487 2067 687 2116 quidquid
709 2068 994 2117 Pacuviusque
1012 2074 1195 2109 vomunt.

325 2149 370 2154 —-
403 2131 449 2165 ut
479 2128 599 2176 vina,
640 2131 856 2180 poemata]
901 2131 932 2169 E
979 2133 1199 2171 contrario

323 2188 536 2229 Pindarus
572 2189 746 2241 Olymp.
781 2191 828 2240 9,
863 2192 934 2232 48:
982 2190 1110 2233 Αἴνει
1150 2192 1200 2233 δὲ

323 2248 528 2292 παλαιὸν
570 2251 660 2303 μὲν
691 2249 843 2302 οἶνον,
895 2250 1049 2295 ἄνθεα
1078 2254 1116 2295 δ’
1148 2251 1201 2297 ὕ-

322 2326 454 2363 μνων
483 2315 738 2371 νεωτέρων.
775 2339 819 2343 -
854 2318 1032 2358 «Mauso
1067 2320 1111 2358 in
1148 2318 1201 2358 li-

323 2374 427 2423 bro,
461 2377 535 2426 qui
567 2377 820 2417 inscribitur
853 2379 1096 2420 Ver-mischte
1124 2381 1202 2421 Ab-

323 2437 589 2488 hancllunqen
617 2440 705 2478 und
723 2439 920 2490 Aufsa'tze
940 2453 983 2492 p.
1003 2442 1100 2482 894
1112 2443 1197 2493 06„

323 2497 453 2537 docte
476 2499 562 2548 egit
592 2499 647 2538 de
679 2500 843 2540 Horatii
873 2504 1077 2544 veterum
1098 2509 1202 2556 po'e-

324 2562 470 2598 tarum
501 2571 732 2600 censura.»
765 2564 905 2603 REGEL
929 2564 984 2604 de
1005 2567 1066 2606 Re
1088 2568 1197 2618 trag.

326 2622 448 2660 Rom.
473 2633 514 2672 p.
535 2622 601 2662 30.
626 2646 669 2651 —
689 2624 804 2664 Scire
823 2627 946 2666 velim
966 2628 1068 2679 cet]
1091 2630 1204 2669 Ean-

326 2683 431 2722 dem
470 2686 776 2734 quaestionem
814 2688 999 2728 instituit
1028 2691 1201 2731 Tacitus

328 2743 433 2783 Dial.
454 2756 490 2785 c.
512 2747 562 2785 46
583 2758 590 2784 :
622 2747 696 2786 hoc
714 2749 898 2798 primum
918 2751 1200 2803 interroyabo,

325 2817 425 2854 quos
458 2809 608 2847 rocelis
645 2811 839 2860 antiquos
875 2815 960 2852 cet.
998 2836 1040 2841 -
1075 2826 1203 2853 arro—

325 2869 406 2917 ιςιει]
437 2868 583 2908 «velut
612 2874 891 2922 arrogatione
928 2875 971 2913 in
1014 2877 1202 2916 comitiis

327 2930 505 2969 curiatis
554 2931 667 2971 sacta
715 2933 907 2984 legitime
953 2936 1108 2976 afferat
1151 2947 1202 2976 ac

327 2989 530 3030 tribuat.»
582 2993 651 3033 Sic
682 2995 760 3034 Od.
786 2994 831 3042 4,
866 2995 941 3043 44,
974 2997 1047 3036 39;
1081 3002 1203 3047 opta-

327 3056 413 3091 tam
438 3054 621 3101 peractis
650 3055 839 3105 Imperiis
867 3058 988 3096 decus
1017 3070 1203 3109 arroqa—

326 3115 395 3152 vit.
424 3135 468 3141 —-
492 3116 653 3166 decidit]
686 3120 912 3157 «mortuus
944 3121 1063 3167 est,»
1096 3122 1203 3160 ima-

327 3175 424 3224 gine
451 3185 473 3213 a
497 3175 604 3215 foliis
627 3178 805 3217 caducis
828 3180 1028 3229 repetita.
1064 3180 1198 3221 Plaut.

328 3237 568 3277 Trinumm.
592 3239 641 3285 ⁵2,
675 3238 723 3286 4,
759 3239 860 3278 443:
902 3243 1038 3281 cuncti
1066 3244 1203 3283 solsti-

326 3298 416 3336 tiali
444 3298 586 3338 morbo
617 3300 818 3339 decidunt..
872 3301 948 3340 Od.
975 3302 1021 3351 4,
1054 3305 1098 3351 7,
1125 3305 1197 3345 44;

328 3359 428 3405 Nos,
469 3360 537 3398 ubi
567 3361 812 3410 decidimus,
849 3364 937 3411 Quo
967 3369 1090 3413 pater
1122 3366 1202 3406 Ae-

327 3430 444 3467 neas,
493 3433 572 3470 quo
617 3423 733 3461 clivus
781 3424 914 3463 Tullus
960 3430 996 3465 et
1041 3426 1198 3476 Ancus,

1260 1699 1400 1737 Pulvis
1429 1702 1467 1738 et
1496 1699 1647 1738 umbra
1676 1710 1828 1739 sumus.
1858 1722 1902 1728 -
1924 1701 2140 1752 Perfectos]

1263 1761 1392 1799 «Ideo
1457 1760 1682 1811 perfectos
1747 1762 1849 1812 quia
1920 1765 2140 1803 veteres.»

1263 1823 1403 1862 Comi.
1428 1822 1521 1869 CR.;
1554 1823 1658 1862 item
1681 1825 1783 1862 κατ’
1806 1825 2066 1880 εἰρωνείαν.
2093 1848 2138 1854 -

1260 1884 1472 1923 Excludat
1491 1885 1636 1935 iurgia
1650 1886 1762 1935 finis]
1778 1886 2008 1926 «Definitio
2028 1889 2143 1927 tem-

1262 1946 1382 1996 poris
1427 1948 1665 1996 certusque
1705 1947 1922 1988 terminus
1964 1949 2142 1989 dirimat

1261 2005 1383 2046 litem
1407 2009 1448 2046 et
1475 2009 1830 2049 controversiam
1851 2012 2137 2061 componat.»

1262 2069 1438 2108 Rectius
1460 2071 1610 2109 autem
1639 2070 1752 2110 haec
1771 2082 1843 2110 vv,
1868 2072 2048 2112 Horatio
2068 2073 2144 2112 tri-

1261 2130 1461 2170 buuntur
1491 2142 1648 2181 quam,
1681 2134 1730 2171 ut
1757 2131 1848 2172 volt
1874 2133 2139 2183 Schmidius,

1264 2192 1366 2232 ficto
1390 2194 1484 2232 eius
1507 2193 1777 2233 adversario.
1801 2193 1875 2234 Ille
1897 2196 2017 2235 enim
2037 2194 2143 2247 lepi-

1264 2254 1319 2294 de
1351 2254 1528 2294 simulat
1557 2266 1605 2295 se
1637 2256 1819 2296 tandem
1849 2268 1955 2297 vere
1991 2256 2143 2298 doceri

1264 2327 1452 2368 cupere,
1486 2317 1584 2368 quis
1614 2318 1669 2357 sit
1697 2319 1887 2370 scriptor
1913 2321 2044 2359 vetus
2072 2321 2143 2359 at-

1264 2390 1350 2430 que
1366 2378 1523 2428 probus
1545 2379 1816 2430 (probandus
1844 2382 2027 2432 propter
2043 2392 2145 2432 per-

1264 2441 1531 2491 fectionem),
1562 2442 1660 2492 quis
1689 2453 1776 2481 non
1799 2443 1868 2482 sit.
1898 2465 1942 2472 --
1963 2444 2141 2496 perficit]

1266 2514 1409 2542 «nunc
1438 2503 1584 2554 ipsum
1615 2503 1849 2544 absolvit.»
1884 2527 1930 2534 —
1954 2506 2141 2557 deperiit]

1265 2568 1334 2606 Sic
1364 2566 1543 2606 Ovidius
1574 2568 1700 2607 Trist.
1724 2567 1774 2616 4,
1809 2568 1882 2617 40,
1915 2569 1982 2608 82.
2014 2568 2138 2608 verbo

1257 2629 1402 2679 perire
1429 2639 1537 2669 usus
1567 2630 1634 2668 est
1668 2630 1775 2669 item
1807 2630 1862 2670 de
1894 2633 2037 2670 morte
2068 2642 2143 2671 na-

1265 2690 1406 2730 turali.
1458 2690 1641 2731 Martial.
1665 2692 1714 2740 8,
1749 2692 1824 2731 69:
1857 2694 2036 2733 Miraris
2070 2705 2142 2733 ve-

1265 2756 1389 2801 teres,
1441 2752 1647 2800 Vacerra,
1694 2753 1819 2802 solos,
1864 2755 1950 2794 Nec
1992 2755 2143 2795 laudas

1264 2815 1344 2853 nisi
1370 2818 1556 2853 mortuos
1589 2818 1753 2864 poetas.
1801 2817 2000 2868 I9moscas
2029 2818 2142 2868 peti-

1264 2886 1376 2923 muS,
1427 2876 1632 2915 Vacerra:
1682 2878 1789 2916 tanti
1831 2879 1926 2918 Non
1969 2883 2052 2928 est,
2097 2884 2144 2919 ut

1260 2937 1452 2986 placeam
1497 2938 1598 2987 tibi,
1634 2940 1829 2988 perire.
1895 2941 1965 2980 Sic
2008 2942 2142 2981 etiam

1265 3000 1441 3038 veteres
1472 3000 1609 3039 nostri
1648 3001 1937 3042 verder-ben
1972 3001 2143 3053 simpli-

1230 3061 1234 3083 Ι
1266 3059 1375 3098 citer
1404 3071 1485 3111 pro
1515 3065 1690 3101 mortem
1719 3061 1853 3112 obire,
1890 3064 1939 3102 ut
1966 3064 2061 3114 ipse
2082 3064 2144 3103 vi-

1266 3121 1307 3160 di
1348 3121 1390 3160 in
1432 3121 1611 3162 foedere
1653 3124 1767 3163 inter
1805 3123 2068 3165 Turicenses
2098 3128 2143 3165 et

1265 3183 1490 3223 Suitenses
1521 3185 1794 3236 Uraniosque
1825 3198 1864 3225 a.
1890 3186 2010 3226 4294.
2037 3187 2137 3227 icto.

1267 3266 1313 3272 -—
1354 3245 1516 3296 poetas]
1560 3246 1846 3287 Coniecturas
1882 3248 2137 3298 probosque,

1261 3306 1460 3355 probatos
1486 3309 1606 3347 recte
1639 3308 1845 3348 refutavit
1873 3309 2136 3350 Schmidius,

1265 3370 1444 3407 Praeter
1474 3368 1578 3409 alias
1610 3371 1801 3410 rationes
1837 3381 1918 3421 pro
1953 3381 2032 3410 sua
2061 3382 2139 3411 su-

1265 3430 1461 3480 spicione
1493 3432 1626 3470 etiam
1657 3432 1770 3471 hanc
1801 3432 1967 3482 profert
2005 3434 2138 3474 Bent—
