2231 3787
798 281 895 320 ΗΒ.
932 281 961 319 l.

1024 280 1186 320 EPIST.
1222 281 1308 320 XV.

1873 281 1929 332 54
1945 281 1975 332 7

228 411 458 465 Clusinis
503 411 812 483 Gabiosque
853 420 1038 482 petunt
1077 420 1129 465 et
1167 411 1355 483 frigida
1396 430 1534 465 rura.

223 513 505 566 Mutandus
544 513 694 566 locus
734 522 817 566 est
854 523 907 567 et
944 513 1258 567 deversoria
1300 523 1422 567 nota

1913 515 1977 567 lO

223 614 688 685 praeteragendus
719 633 909 685 equus.
952 616 1071 680 Quo
1099 614 1314 668 tendis?
1352 618 1466 668 Non
1495 615 1621 668 mihi
1647 616 1842 670 Cumas

223 718 313 769 Est
348 717 448 770 iter
485 725 579 769 aut
617 717 801 774 Baias,
846 716 997 770 laeva
1037 716 1410 771 stomachosus
1453 717 1663 771 habena

261 875 299 914 9.
326 874 511 914 Clu-sinos
531 874 561 913 C
586 885 609 913 e
633 873 741 914 Cod.
768 873 920 913 Bland.
947 875 1176 925 antiquiss
1202 877 1245 914 et
1271 873 1341 914 Sil.
1372 898 1413 902 —
1442 876 1506 915 40.
1534 876 1771 916 deversoria
1791 879 1856 918 LC
1881 881 1924 917 et

209 935 452 977 Bentleius:
488 936 722 976 diversoria
751 935 892 983 deE,
931 937 1069 975 tFMo.
1105 935 1168 975 (Is.
1191 936 1335 975 Osann
1358 936 1412 975 ad
1436 938 1525 977 Cic.
1551 937 1606 977 de
1628 939 1733 990 Rep.
1758 949 1800 990 p.
1825 938 1919 980 442).

212 1022 254 1027 —-
281 999 309 1038 F
331 999 461 1039 tacite
486 998 701 1038 distinxit:
735 1002 771 1038 et
791 998 1023 1038 diversoria
1046 1002 1171 1037 nota:
1202 1000 1562 1050 Praeteraqendus
1583 1003 1666 1041 cet.

149 1139 324 1191 sautem]
356 1141 660 1196 χρονίζοντα,
695 1141 795 1192 lang]
820 1140 1034 1179 stockende
1063 1139 1068 1145 '

151 1202 268 1242 Gicht
298 1201 478 1242 Merkel.
511 1204 674 1254 Louqos
694 1202 877 1243 morbos
899 1204 1033 1242 acutis

149 1265 332 1316 opponit
361 1263 515 1305 Celsus
536 1265 575 1313 3,
602 1266 639 1304 4.
668 1289 712 1293 —-
742 1264 904 1316 elidere]
938 1264 1034 1305 Cel-

150 1339 226 1368 sus
246 1329 293 1375 2,
319 1328 392 1367 45:
426 1328 608 1367 Gestatio
637 1329 859 1367 utilissima
889 1333 987 1368 est-
1009 1352 1031 1358 -

148 1391 220 1439 iis,
248 1390 394 1440 quibus
414 1391 549 1430 lentae
570 1391 811 1430 morborum
832 1391 1033 1441 reliquiae

149 1458 365 1493 remanent
384 1464 513 1502 neque
533 1454 657 1492 aliter
677 1454 958 1494 eliduntur.
982 1477 1027 1482 -

146 1515 350 1567 morbum]
397 1517 590 1556 maxime
639 1516 934 1556 arthritidem.
981 1538 1025 1544 —

148 1577 287 1629 caput]
312 1575 465 1617 Celsus
489 1580 527 1627 4,
553 1577 598 1618 4:
628 1578 765 1628 Capiti
783 1579 883 1618 nihil
902 1590 1032 1629 aeque

142 1641 311 1692 prodest
353 1645 480 1690 atq-ue
514 1652 630 1690 aqua
659 1642 845 1692 sriqida;
889 1642 1031 1692 itaque

147 1704 204 1753 is,
236 1703 304 1742 cui
331 1703 406 1742 hoc
435 1703 649 1754 infirmum
678 1708 758 1753 est,
785 1715 866 1754 per
895 1708 1032 1744 aesta-

148 1770 228 1806 tem
257 1766 301 1805 id
329 1765 426 1805 bene
455 1766 576 1818 lar90
603 1767 744 1806 canali
765 1768 944 1817 quotidie
965 1768 1031 1807 de-

148 1828 211 1868 bet
240 1828 503 1877 aliquamdiu
530 1828 728 1868 subiicere
761 1829 958 1879 (prendre
987 1829 1030 1868 la

148 1890 316 1940 douche‚
329 1890 566 1942 docciarsi).
583 1914 628 1918 —
644 1891 914 1943 stomachum]
935 1889 1031 1931 Cel-

148 1963 224 1994 sus
255 1952 304 2002 4,
337 1954 384 1992 5:
435 1953 514 2002 Qui
551 1954 751 1993 stomachi
782 1954 1031 1994 resolutione

148 2015 362 2066 laborant,
403 2016 465 2054 his
488 2017 687 2067 perfundi
714 2017 875 2068 frigida
905 2021 1030 2067 atque

148 2079 191 2117 in
221 2079 363 2117 eadem
391 2082 567 2128 natare,
602 2079 820 2119 canalibus
849 2080 1028 2120 eiusdem

148 2141 346 2180 subiicere
364 2141 491 2180 etiam
519 2143 775 2181 stomachum
803 2143 961 2192 ipsum,
978 2164 997 2171 -
1011 2164 1030 2171 -

147 2203 366 2242 consistere
386 2203 428 2241 in
447 2203 614 2253 friqidis
627 2204 922 2252 medicatisque
937 2204 1029 2252 fon-

148 2264 276 2314 tibus,
299 2287 322 2294 -
341 2287 364 2293 -
389 2265 576 2304 salutare
604 2270 674 2305 est.
715 2288 752 2294 —
794 2265 974 2316 fontibus
1004 2285 1028 2292 -

149 2327 336 2379 Clusinis]
370 2327 533 2378 frigidis
566 2339 618 2367 ex
649 2329 800 2368 Musae
827 2324 1022 2366 consilio.

150 2389 348 2431 Clusium
395 2390 592 2442 (Chiusi),
644 2391 843 2430 Etruriae
895 2387 1022 2438 oppi-

149 2452 277 2501 dum,
329 2454 481 2492 notum
526 2451 710 2502 propter
751 2451 1026 2490 Porsennam

149 2525 317 2566 regem.
342 2537 382 2545 -
409 2511 574 2561 Gabios]
599 2511 720 2552 Conf.
741 2511 851 2563 Epp.
879 2512 894 2550 i
917 2543 924 2560 ,
951 2512 993 2550 Μ
1016 2543 1023 2560 ,

149 2577 189 2616 7.
234 2573 427 2615 luvenal.
452 2575 498 2623 7,
523 2573 568 2614 4:
602 2574 846 2614 Balneolum
867 2573 1024 2624 Gabiis,

147 2640 302 2678 Romae
337 2637 564 2676 conducere
597 2636 758 2687 furnos.
804 2635 963 2676 Strabo
984 2637 1024 2685 5,

149 2700 194 2740 3:
222 2694 301 2740 Ἐν
320 2697 371 2740 δὲ
392 2697 455 2753 τῷ
477 2697 619 2752 πεδίῳ
639 2696 794 2753 τούτῳ
817 2695 843 2739 ὁ
866 2694 1028 2739 Ἀνίων

148 2759 341 2815 διέξεισι
382 2763 464 2801 καὶ
502 2759 563 2802 τὰ
580 2759 819 2811 Ἄλβουλα
848 2758 1027 2802 καλού-

149 2839 272 2878 μενα
298 2821 375 2883 ῥεῖ
400 2819 550 2866 ὕδατα
569 2821 743 2883 ψυχρὰ
764 2824 816 2866 ἐκ
838 2822 1027 2865 πολλῶν

152 2885 341 2941 πηγῶν,
392 2884 512 2945 πρὸς
557 2886 804 2938 ποικίλους
847 2884 1030 2939 νόσους

151 2950 233 2989 καὶ
254 2950 447 2990 πίνουσι
462 2950 543 2990 καὶ
560 2950 912 3004 ἑγκαθημένοις
933 2945 1030 3003 ὑγι-

152 3008 268 3053 εινά.
319 3014 495 3062 «Aquae
517 3011 736 3054 sulfureae
757 3015 860 3054 sunt
879 3013 1032 3054 hodie-

153 3085 240 3125 que
272 3074 529 3113 exsistunt.»
573 3075 671 3114 FsA.

209 3135 354 3176 40-43.
405 3137 634 3175 Mutandus
663 3137 765 3189 cet.]
808 3137 1025 3186 «Verum,

155 3200 239 3240 etsi
267 3197 564 3238 lamentantur
591 3199 764 3248 Baiani,
797 3197 932 3240 alium
962 3199 1030 3240 lo-

153 3272 258 3303 cum
287 3261 505 3312 aptiorem
535 3270 754 3310 quaerere
783 3260 891 3300 mihi
928 3272 1029 3301 cer-

154 3326 250 3364 tum
283 3325 393 3363 est.»
450 3321 686 3362 Construe:
733 3332 862 3371 equus
895 3333 1030 3372 prae-

155 3385 403 3437 ter-agendus
450 3383 687 3423 deversoria
730 3386 859 3432 nota,
913 3394 1028 3434 quae

157 3448 259 3486 sunt
294 3447 337 3486 in
379 3447 450 3486 via
487 3445 614 3485 Baias
653 3443 869 3492 ducente3
914 3455 1026 3486 non:

157 3509 383 3550 Mutandus
411 3509 523 3550 locus
551 3512 607 3549 est
636 3511 673 3548 et
705 3505 942 3558 (mutanda)
965 3507 1031 3548 de-

1097 1140 1287 1178 versoria
1307 1144 1405 1179 'nota
1420 1151 1432 1186 ς
1460 1141 1814 1192 Praeteraqendus
1833 1152 1976 1191 equus,

1098 1202 1157 1240 uti
1201 1201 1396 1241 distinxit
1433 1204 1536 1251 Fea,
1584 1202 1742 1242 infelici
1782 1204 1978 1255 quodam

1085 1275 1225 1313 ¹casu,
1259 1266 1307 1303 ut
1336 1264 1530 1314 videtur,
1566 1277 1702 1316 quem
1733 1267 1976 1308 admiratus

1095 1328 1290 1367 Duntzer
1320 1326 1502 1367 ridiculo
1525 1338 1627 1368 cum
1650 1328 1762 1369 fastu
1783 1341 1854 1369 rne
1874 1340 1977 1370 cum

1096 1391 1258 1430 ceteris
1303 1390 1619 1442 interpretibus
1658 1391 1866 1432 omnibus
1911 1393 1977 1432 sa-

1095 1453 1287 1492 cientem
1319 1453 1521 1503 exagitat.
1573 1452 1638 1492 Ad
1670 1465 1708 1492 v.
1743 1458 1841 1493 nota
1870 1466 1979 1506 sup-

1094 1513 1164 1566 ple
1198 1525 1390 1565 «equo»,
1434 1516 1481 1554 ut
1517 1513 1659 1555 solent
1697 1515 1766 1555 vel
1799 1515 1977 1557 nolente

1097 1577 1244 1628 equite
1296 1577 1459 1616 intrare
1507 1576 1619 1617 velle
1669 1578 1711 1617 in
1761 1581 1975 1619 consueta

1095 1638 1201 1678 alias
1245 1639 1607 1680 deversoriorum
1649 1640 1837 1681 stabula.
1902 1643 1978 1682 In·-

1094 1699 1246 1751 telligit
1281 1704 1431 1741 autem
1469 1701 1725 1742 deversoria
1761 1703 1876 1743 Baiis
1906 1704 1975 1742 vi-

1094 1765 1206 1803 cina.
1259 1765 1376 1813 Iam,
1423 1763 1499 1803 ubi
1538 1765 1783 1815 inspexeris
1815 1766 1978 1805 Roma-

1094 1824 1210 1865 nellii
1242 1825 1416 1865 tabulas
1439 1827 1779 1878 geographicas,
1803 1826 1977 1867 videbis

1094 1888 1196 1929 inde
1235 1900 1258 1928 a
1303 1890 1439 1929 Ponte
1486 1890 1713 1940 Campano
1757 1900 1780 1928 a
1827 1890 1974 1941 Capua

1094 1952 1199 1992 satis
1230 1952 1402 1990 remoto
1437 1952 1536 2002 (Sat.
1564 1952 1609 2000 i,
1642 1952 1688 2000 5,
1723 1950 1806 2001 45.)
1838 1952 1971 1999 viam,

1095 2024 1230 2065 quam
1271 2013 1467 2053 facturus
1506 2015 1601 2052 erat
1644 2014 1873 2063 Horatius,
1922 2026 1975 2054 ex

1092 2077 1231 2128 Appia
1249 2076 1486 2116 deflexisse
1508 2076 1703 2126 primum
1725 2077 1852 2116 Baias
1879 2088 1977 2116 ver-

1093 2150 1190 2185 sus,
1223 2149 1311 2188 quo
1343 2138 1514 2176 deverti
1545 2136 1744 2186 nolebat,
1779 2137 1891 2178 ultra
1913 2139 1976 2179 si-

1093 2203 1186 2238 tum
1218 2209 1318 2238 esse
1349 2197 1603 2248 Salernum,
1646 2202 1747 2251 post
1778 2201 1863 2240 hoc
1893 2202 1976 2242 Ve-

1090 2258 1214 2306 liam3
1249 2271 1396 2311 neque
1419 2262 1725 2301 necessarium
1746 2261 1881 2302 fuisse
1904 2263 1969 2311 iis,

1092 2322 1166 2371 qui
1198 2320 1429 2361 Salernum
1470 2321 1696 2362 Veliamve
1736 2327 1969 2375 peterent,

1092 2384 1306 2435 attingere
1330 2385 1544 2435 Capuam.
1597 2386 1732 2425 Voss:
1765 2387 1976 2426 wirmils-

1091 2457 1160 2486 sen
1190 2447 1266 2486 den
1305 2447 1486 2486 traulich
1523 2447 1824 2488 bewirthenden
1852 2449 1974 2489 Ha'u—

1091 2519 1185 2548 seru
1204 2508 1398 2548 Abwdrts
1426 2509 1568 2549 lenken
1589 2510 1665 2549 den
1687 2510 1809 2550 Gaul.
1859 2512 1971 2551 Mer-

1092 2570 1182 2611 kel:
1230 2572 1295 2610 ich
1328 2582 1440 2610 muss
1468 2594 1492 2600 -
1511 2594 1535 2600 -
1563 2571 1743 2612 vot-iiber
1771 2583 1815 2612 so
1844 2584 1968 2613 man-

1092 2634 1206 2673 chem
1235 2633 1464 2674 bekannten
1495 2633 1702 2674 Gaslliaus
1731 2634 1873 2674 lenlcen
1898 2636 1974 2675 das

1094 2697 1206 2736 Ross.
1270 2697 1448 2747 Goupy:
1499 2696 1534 2735 Il
1573 2696 1667 2747 faut
1704 2697 1888 2748 chanqer
1926 2698 1975 2737 de

1092 2759 1195 2808 lieu,
1243 2763 1281 2798 et
1322 2758 1534 2808 empecher
1570 2770 1668 2798 mon
1703 2759 1845 2798 cheval
1883 2770 1975 2799 aua>

1093 2821 1293 2872 auberqes
1331 2820 1430 2869 qu‘il
1465 2821 1647 2860 connait.
1698 2819 1968 2861 Pallavicini:

1092 2886 1200 2924 Loco
1228 2887 1373 2923 mutar
1401 2884 1591 2934 coni-len,
1637 2887 1774 2923 lorcer
1801 2883 1973 2934 bisoqna

1093 2947 1149 2986 Di
1178 2946 1222 2986 la
1251 2947 1284 2986 it
1308 2945 1492 2995 cavallo,
1525 2956 1597 2985 ove
1626 2946 1816 2985 d'entrar
1833 2948 1972 2984 costu-

1092 3020 1177 3049 ma.
1229 3009 1366 3048 Recte
1397 3018 1568 3048 omnes.
1597 3030 1641 3035 —
1666 3009 1755 3058 Quo
1785 3005 1968 3058 tendisP]

1092 3070 1240 3112 Verba
1281 3072 1384 3111 sunt
1421 3070 1587 3110 Horatii
1617 3080 1784 3120 equum
1824 3070 1972 3108 incre-

1092 3134 1238 3187 pantis
1267 3134 1385 3174 viam
1414 3133 1541 3173 Baias
1571 3142 1730 3172 versus
1770 3132 1970 3183 pertina-

1094 3198 1204 3237 citer
1232 3195 1581 3248 ingredientem,
1622 3205 1724 3235 cum
1763 3194 1968 3234 dominus

1094 3260 1178 3299 iter
1206 3258 1394 3299 haberet
1423 3257 1656 3298 Salernum
1685 3258 1761 3296 aut
1798 3254 1967 3295 Veliam

1093 3332 1266 3362 versus.
1303 3344 1347 3349 —
1380 3321 1503 3361 laeva
1531 3318 1809 3359 stomachosus
1843 3316 1970 3357 habe-

1093 3395 1151 3424 na
1180 3383 1283 3436 cet]
1318 3394 1432 3424 «non
1463 3383 1558 3423 sine
1589 3379 1840 3427 stomacho,
1888 3378 1970 3418 ad-

1095 3445 1226 3486 ducta
1247 3444 1422 3485 habena
1442 3444 1768 3489 sinistrorsum,
1802 3451 1971 3491 equum

1093 3507 1280 3548 flectens
1298 3538 1305 3556 ‚
1339 3504 1469 3548 simul
1499 3503 1620 3544 addit
1644 3501 1782 3543 verba
1802 3502 1897 3542 Non
1915 3524 1933 3531 -
1951 3524 1971 3531 -
