2231 3787
766 251 863 290 LlB.
899 252 928 289 1.

992 251 1151 290 EPlST.
1186 251 1312 290 xvll.

1858 248 1959 298 5435

206 382 349 436 Alter
388 398 719 453 purpureum
760 398 865 433 non
905 380 1238 451 exspectabit
1276 382 1551 438 amictum,

206 483 481 548 Quidlibet
519 482 733 535 indutus
772 481 1124 536 celeberrima
1163 498 1261 551 per
1299 480 1416 534 loca
1454 481 1637 540 vadet,

204 587 609 656 personamque
651 585 783 637 seret
822 601 927 637 non
971 583 1320 637 inconcinnus
1360 591 1671 652 utramque,

203 685 347 740 Alter
385 685 543 738 Mileti
583 694 779 738 textam
821 703 953 739 cane
1000 685 1155 756 peius
1195 693 1247 738 et
1288 684 1447 754 angui

1891 685 1958 736 30

204 787 396 841 vitabit
434 786 798 859 chlamydem,
842 787 1101 840 morietur
1139 786 1362 856 frigore,
1406 786 1447 839 si
1490 802 1594 838 non

241 929 308 969 30.
343 940 481 980 anyuc
511 929 589 977 cd,
637 929 818 980 «scripti
851 931 895 968 et
925 930 1073 968 excusi
1106 939 1311 969 omnes.»
1345 929 1494 967 BENTL.

189 990 258 1031 alii
289 993 332 1031 et
361 992 610 1032 Priscianus
642 991 754 1041 243,
788 991 871 1041 68.)

1547 928 1609 976 (IJt
1640 939 1721 967 nos
1737 961 1743 971 ,
1793 928 1902 976 bSE,

132 1119 210 1158 tia
226 1118 401 1170 frigoris
413 1120 552 1169 pedes.
585 1119 636 1158 V.
657 1118 811 1168 duplici
833 1116 920 1158 noli
943 1129 1015 1157 ex·
1077 1115 1287 1169 μάζουσι
1316 1112 1400 1156 τὸν
1421 1114 1748 1174 Σωκρατικόν,
1781 1110 1854 1156 ὅτι
1880 1118 1962 1157 καὶ

131 1180 295 1233 plicare
321 1192 526 1230 «crasse,
552 1180 675 1229 xili‚»
709 1181 778 1220 cui
801 1181 1016 1232 interpre-

133 1244 283 1285 tationi
310 1243 459 1284 obstat
478 1243 685 1293 Diogenis
708 1243 865 1282 Laertii
887 1243 1016 1282 testi-

132 1307 348 1346 monium.
386 1327 429 1333 —
478 1305 673 1345 Mirabar
717 1304 819 1356 cet.]
868 1306 1013 1345 «Cum

133 1369 326 1419 Cynicus
348 1370 485 1408 vitam
515 1370 606 1407 tam
628 1377 835 1418 asperam
857 1378 909 1406 ac
930 1366 1016 1406 du—

132 1441 229 1470 ram
259 1431 533 1477 affectasset,
568 1430 636 1468 vix
665 1428 792 1468 aliter
814 1429 907 1468 fieri
938 1440 1016 1480 po—

133 1494 267 1541 terat,
317 1503 449 1543 quam
495 1494 564 1538 ut,
612 1492 648 1531 si
690 1489 904 1531 voluisset
934 1490 1016 1530 ali—

132 1554 333 1604 quando,
358 1554 473 1593 vitae
497 1554 694 1594 instituto
716 1563 901 1604 prorsus
919 1563 1015 1591 mu-

131 1618 242 1664 tato,
284 1628 339 1656 ne
371 1617 518 1656 dicam
549 1616 711 1656 nitidus
743 1614 1013 1665 elegansque

130 1678 292 1726 videri,
327 1679 408 1718 sed
440 1678 597 1719 saltem
629 1679 686 1717 ita
714 1689 761 1717 se
784 1688 940 1727 gerere
963 1688 1014 1716 ac

129 1742 318 1789 vestire,
363 1743 413 1780 ut
448 1740 593 1780 solent
636 1740 840 1779 homines
871 1740 1016 1778 hone—

130 1805 224 1843 stae
257 1803 527 1842 condicionis
560 1814 643 1842 nec
665 1805 816 1841 tamen
838 1801 1012 1851 divites,

130 1866 244 1905 risus
275 1865 474 1905 omnium
497 1867 700 1904 moveret
728 1866 914 1915 propter
935 1875 1016 1903 ne—

130 1929 222 1967 scio
253 1937 389 1977 quam
418 1927 681 1966 inscitiam.»
732 1926 928 1976 (aMiror,
980 1926 1016 1965 si

131 1988 310 2029 decebit
330 1988 542 2040 splendor
558 1989 788 2029 hominem
807 1987 1015 2028 sordibus

131 2053 404 2090 assuetum.»
435 2051 583 2100 Aeno.)

185 2112 334 2151 ΕΔΤ-29.
358 2113 471 2150 Alter
483 2123 750 2161 purpureum
767 2113 871 2164 cet.]
894 2114 1016 2152 «Ari-

132 2173 302 2224 stippus
325 2176 500 2222 contra,
533 2176 580 2212 ut
603 2174 644 2212 in
664 2172 894 2224 publicum
916 2185 1017 2225 pro-

131 2235 256 2283 deat,
282 2246 368 2274 non
391 2234 681 2286 exspectabit,
714 2235 858 2274 donec
880 2246 904 2274 a
926 2235 1017 2274 fau-

131 2301 226 2336 tore
259 2296 406 2348 aliquo
437 2308 713 2348 purpureum
734 2296 917 2348 pallium
940 2297 1016 2336 do-

130 2370 187 2398 no
205 2359 413 2410 accipiat,
440 2359 520 2398 sed
542 2358 868 2410 simplicissima
888 2362 1015 2400 veste
1047 2391 1049 2416 3

1047 2367 1052 2386 i

131 2420 332 2469 indutus,
366 2421 459 2461 sine
483 2419 591 2460 falso
613 2420 806 2471 pudore,
842 2422 1018 2472 aequis·
1047 2417 1049 2428 '

131 2483 244 2523 simo
275 2483 421 2522 animo
452 2494 534 2534 per
566 2483 764 2522 medium
787 2481 932 2523 forum
954 2483 1017 2522 in-

132 2544 284 2594 cedet,
332 2555 474 2595 aeque
515 2547 615 2596 apte
657 2547 700 2584 et
731 2546 942 2596 pauperis
973 2547 1017 2585 et

133 2607 275 2647 divitis
312 2609 462 2658 partes
501 2617 680 2657 agens.»
725 2607 849 2657 Diog.
884 2608 929 2646 L.
961 2608 1012 2656 2,

132 2670 207 2709 67:
254 2663 329 2708 διό
375 2681 491 2708 ποτε
533 2666 816 2726 Στράτωνα,
873 2669 923 2708 οἱ
964 2667 1015 2710 δὲ

131 2727 388 2779 Πλάτωνα,
419 2727 538 2787 πρὸς
558 2727 709 2771 αῧτὸν
731 2732 894 2780 εἰπεῖν,
926 2731 1014 2772 Σοὶ

130 2789 266 2846 μόνῳ
310 2791 499 2833 δέδοται
536 2795 617 2833 καὶ
658 2791 882 2846 χλαμύδα
919 2806 1015 2844 φο-

131 2859 231 2911 ρεῖν
270 2856 352 2894 καὶ
384 2850 548 2911 ῥάκος.
598 2855 772 2905 «Plato,
807 2867 911 2896 cum
945 2857 1014 2896 in-

131 2917 329 2956 venisset-
348 2918 618 2969 Aristippum
640 2918 902 2968 naufragum
926 2917 1015 2957 vili-

133 2988 221 3028 que
257 2977 460 3017 indutum
494 2980 783 3028 vestimento,
821 2979 1015 3019 laudavit

135 3051 236 3079 eum
269 3039 423 3079 dicens
445 3051 497 3079 ea
528 3042 712 3081 seientia
740 3042 1010 3093 praeditum,

132 3105 180 3141 ut
210 3112 353 3152 aeque
384 3102 518 3141 sciret
545 3103 606 3141 uti
637 3107 806 3154 magnis
834 3116 886 3144 ac
915 3116 1015 3156 par-

131 3165 242 3203 vis.»
273 3165 405 3202 Aeno.
453 3164 564 3204 Max.
589 3166 690 3215 Tyr.
714 3167 753 3214 7,
778 3167 816 3205 9.
849 3178 892 3218 p.
915 3168 1008 3206 425.

132 3227 208 3265 R.:
250 3220 298 3264 Ὁ
336 3220 636 3281 Ἀρίστιππος
675 3225 858 3277 ἐκεῖνος
894 3240 1012 3286 πορ-

132 3284 297 3343 φυρίόι
326 3282 696 3340 ἀμπισχόμενος
729 3289 809 3327 καὶ
838 3286 1012 3345 μύροις

132 3346 390 3405 χριόμενος
421 3344 512 3396 οὐχ
552 3361 696 3401 ηττον
726 3346 812 3389 τοῦ
843 3349 1011 3404 Διογέ-

132 3422 248 3461 νους
275 3410 558 3469 ἐσωφρόνει.
606 3410 715 3451 Plut.
751 3411 806 3450 de
838 3411 936 3452 fort.
969 3415 1012 3452 et

133 3472 231 3512 virt.
253 3471 375 3513 Alex.
401 3475 416 3513 4
438 3505 446 3523 ‚
477 3474 524 3514 8:
556 3469 857 3531 Ἀρίστιππον
885 3473 1010 3516 θαυ-

228 3548 378 3587 HORAT.
409 3559 496 3587 voL.
526 3550 571 3586 11.
615 3559 680 3586 nn.
709 3559 794 3587 iim.
823 3548 883 3585 111.

1079 1178 1274 1237 τρίβωνι
1303 1177 1412 1232 λιτῷ
1444 1179 1526 1218 καὶ
1546 1178 1759 1233 Μιλησίᾳ.
1780 1176 1964 1232 χλαμύ-

1079 1241 1122 1282 δι
1143 1239 1392 1298 χρώμενος
1413 1239 1469 1280 δι’
1493 1236 1783 1298 ἀμφοτέρων
1804 1240 1962 1299 ἐτήρει

1078 1301 1134 1345 τὸ
1165 1299 1430 1357 εὔσχημον.
1460 1327 1504 1332 —
1533 1304 1838 1353 Personamque
1858 1304 1962 1356 cet.]

1078 1366 1204 1408 Teles
1222 1367 1341 1419 apud
1359 1365 1479 1406 Stob.
1495 1367 1540 1405 T.
1554 1367 1593 1414 5,
1614 1366 1685 1405 67:
1705 1365 1791 1405 Δεῖ
1804 1360 1964 1424 ὥσπερ

1078 1426 1162 1468 τὸν
1194 1423 1383 1482 ἀγαθόν
1415 1423 1704 1484 ὑποκριτήν,
1739 1422 1766 1467 ὅ
1787 1440 1831 1467 τι
1852 1424 1914 1467 ἄν
1937 1424 1963 1468 ὁ

1079 1488 1284 1543 ποιητὴς
1306 1487 1476 1547 :tc-9583}
1501 1487 1784 1545 πρόσωπον,
1819 1489 1963 1531 τοῦτο

1079 1548 1399 1606 ἀγωνίζεσθαι
1419 1550 1601 1602 καλῶς·
1631 1546 1757 1592 οὕτω
1778 1553 1861 1592 καὶ
1882 1549 1966 1592 τὸν

1079 1611 1268 1669 ἀγαθὸν
1298 1609 1470 1673 ἄνδρα,
1504 1608 1532 1654 ὅ
1561 1627 1605 1654 τι
1635 1610 1698 1654 ἂν
1728 1614 1901 1674 περιθῇ
1933 1612 1962 1668 ἦ

1080 1676 1219 1731 τύχη.

1135 1742 1186 1781 30
1204 1741 1309 1781 -32,
1358 1741 1491 1780 Mileti
1521 1739 1694 1791 textam]
1737 1741 1964 1792 Purpurae

1080 1803 1273 1845 Milesiae
1298 1801 1622 1854 propterlanae
1645 1804 1966 1852 praestantiam

1079 1868 1195 1907 inter
1215 1866 1558 1918 pretiosissimas
1578 1865 1717 1904 erant.
1747 1865 1865 1916 Virg.
1886 1868 1961 1905 Ge.

1080 1930 1119 1977 3,
1145 1929 1249 1968 306:
1286 1929 1477 1978 quamvis
1504 1928 1670 1967 Milesia
1698 1938 1855 1979 ‘magno
1882 1929 1968 1968 Vel-

1080 1991 1170 2030 lera
1197 1995 1413 2030 mittentur
1435 1990 1577 2039 Tyrios
1597 1990 1760 2028 incocta
1779 1989 1965 2030 rubores.

1083 2076 1128 2081 -—
1162 2063 1266 2091 cane
1291 2052 1413 2102 peius
1433 2056 1470 2091 et
1490 2051 1635 2103 angui]
1666 2052 1848 2092 Locutio
1867 2064 1970 2104 pro-

1079 2113 1287 2153 verbialis
1325 2114 1379 2153 de
1416 2113 1572 2163 rebus,
1620 2124 1645 2152 a
1675 2113 1838 2164 quibus
1868 2125 1968 2154 ma-

1078 2177 1195 2215 xime
1257 2175 1555 2215 abhorremus
1609 2187 1812 2227 quasque
1862 2175 1967 2216 mali

1080 2238 1239 2277 ominis
1271 2248 1370 2277 esse
1403 2237 1623 2276 ducimus.
1664 2236 1802 2279 Plaut.
1827 2239 1962 2278 Merc.

1079 2298 1120 2347 4,
1144 2298 1185 2347 4,
1210 2300 1284 2338 20:
1320 2310 1448 2348 quam
1480 2299 1697 2350 (uxorem)
1730 2300 1887 2339 dudum
1907 2301 1971 2339 di-

1081 2372 1210 2399 xeras
1243 2361 1293 2400 Te
1322 2362 1452 2399 odisse
1481 2370 1612 2409 acque
1634 2364 1761 2408 atque
1790 2372 1963 2412 anques.

1080 2423 1143 2462 De
1174 2420 1395 2461 locutione
1421 2423 1541 2471 peius
1567 2422 1705 2461 vitare
1741 2422 1794 2462 cf.
1820 2423 1897 2462 Od.
1922 2423 1962 2474 4,

1080 2484 1119 2533 9,
1144 2484 1221 2523 50:
1253 2484 1453 2533 Peiusque
1482 2484 1559 2523 leto
1593 2485 1804 2537 flagitium
1835 2486 1963 2526 timet.

1084 2569 1124 2575 -
1166 2546 1318 2586 Vitabit
1352 2546 1610 2596 chlamydem
1648 2547 1751 2599 cet.]
1790 2548 1962 2588 Arrian.

1079 2608 1217 2659 Epict.
1250 2609 1287 2657 4,
1324 2607 1400 2656 24,
1435 2609 1482 2647 7:
1534 2606 1764 2662 Διογένης
1792 2606 1848 2649 τὸ
1879 2623 1964 2663 γυ-

1077 2667 1202 2723 μνὸν
1224 2666 1344 2709 εἶναι
1366 2668 1489 2723 λέγει
1516 2665 1590 2710 ὅτι
1610 2668 1839 2728 κρεῖσσόν
1860 2670 1963 2713 ἐστι

1080 2729 1240 2785 πάσης
1282 2728 1660 2790 περιπορφύρου.
1722 2734 1962 2775 Historiam

1079 2795 1267 2835 fortasse
1301 2807 1354 2834 ex
1385 2795 1513 2846 ipsiS,
1546 2795 1816 2837 ut1acohsio
1837 2797 1964 2837 vide—

1078 2857 1171 2905 tur,
1219 2857 1385 2895 Horatii
1414 2855 1566 2896 verbis
1605 2858 1823 2908 effictam,
1873 2871 1963 2900 non

1078 2929 1132 2957 ex
1169 2917 1252 2957 alio
1294 2919 1509 2970 scriptore
1542 2919 1849 2972 desumptam,
1898 2923 1961 2962 sic

1077 2982 1227 3019 narrat
1259 2981 1594 3020 Commentator
1626 2983 1821 3033 Cruquii:
1868 2986 1961 3024 «A-

1076 3044 1170 3082 iunt
1188 3042 1461 3094 Aristippum
1484 3043 1664 3083 invitato
1684 3045 1879 3095 Diogene
1903 3046 1959 3085 ad

1076 3103 1260 3144 balneas
1292 3104 1471 3144 dedisse
1494 3116 1699 3157 operam,
1732 3109 1781 3146 ut
1801 3117 1958 3147 omnes

1075 3167 1198 3217 prius
1231 3167 1573 3217 egrederentur,
1616 3169 1763 3219 ipsum
1793 3170 1957 3219 Dioge-

1076 3230 1143 3269 nis
1165 3227 1345 3280 pallium
1361 3230 1558 3270 induisse
1578 3231 1707 3281 eique
1723 3229 1956 3281 reliquisse

1074 3302 1377 3343 purpureum3
1411 3292 1532 3343 quod
1554 3292 1773 3342 Diogenes
1803 3291 1957 3331 indue-

1075 3365 1123 3392 re
1147 3363 1250 3392 cum
1270 3352 1426 3403 nollet,
1459 3364 1590 3394 suum
1610 3353 1797 3404 repetiit.
1832 3354 1954 3394 Tunc

1075 3415 1323 3467 Aristippus
1369 3416 1585 3467 increpuit
1631 3415 1849 3464 Cynicum
1887 3414 1954 3454 fa-

1075 3487 1174 3517 mae
1206 3478 1498 3526 servientem,
1532 3476 1606 3527 qui
1636 3475 1782 3527 algere
1803 3475 1954 3517 mallet

1570 3552 1615 3588 35
