2231 3787
813 267 908 306 ΗΒ.
944 267 991 305 ll.

1054 267 1163 305 SAT.
1200 267 1303 305 Vlll.

1872 268 1974 318 3333

240 397 458 450 Divitias
497 397 742 450 miseras!
785 396 891 450 Sed
935 401 1056 467 quis
1095 396 1446 450 coenantibus
1487 414 1615 449 una.

240 497 507 558 Fundani,
552 498 770 569 pulchre
811 498 966 551 suerit
1008 497 1126 555 tibi,
1171 515 1330 550 nosse
1371 497 1571 550 laboro.

238 601 488 653 Summus
529 617 630 670 ego
670 609 721 652 et
759 617 928 671 prope
967 616 1053 652 me
1079 598 1265 652 Viscus
1293 598 1556 652 Thurinus
1596 607 1648 652 et
1686 600 1830 661 intra,
1908 603 1976 654 20

237 702 290 755 Si
332 701 570 761 memini,
612 701 824 762 Varius,
865 719 986 754 cum
1028 699 1254 754 Servilio
1292 699 1572 753 Balatrone

237 802 497 859 Vibidius,
541 820 675 873 quas
715 803 996 856 Maecenas
1037 801 1335 855 adduxerat
1378 802 1609 856 umbras.

276 953 341 992 ΞΟ.
380 953 605 992 Thurrinus
636 965 671 990 c.
710 972 753 979 —
789 953 854 991 ¹⁴22.
880 963 984 1000 quas
1014 963 1233 1003 superscr.
1261 964 1361 1001 quos
1387 954 1436 998 S,
1470 964 1570 1001 quos
1599 954 1736 1006 Mic-p,
1772 957 1855 995 Lt'lt
1878 960 1921 996 et

224 1014 457 1056 Bentleius.

167 1136 340 1181 rentur,
374 1132 500 1172 valde
534 1134 675 1172 ieiuna
706 1135 748 1172 et
779 1134 923 1184 inepta
954 1131 1037 1171 du-

166 1196 310 1240 ceret,
344 1197 496 1234 eontra
527 1206 550 1233 a
582 1195 816 1235 Nasidieno
847 1194 1034 1241 adiecta,

166 1255 327 1306 quibus
348 1256 597 1296 divitiarum
629 1266 810 1295 suarum
841 1257 1039 1295 ostenta-

166 1318 354 1366 tionem,
388 1329 660 1368 quamquam
694 1316 856 1357 insulse
879 1317 1039 1356 admo-

166 1379 297 1426 dum,
356 1381 481 1429 quasi
540 1381 761 1429 corrigere
811 1379 1035 1427 studeret,

165 1441 354 1481 maxima
377 1441 416 1480 vi
448 1444 491 1480 et
522 1441 716 1481 efficacia
747 1439 913 1492 pollere
936 1452 1040 1481 con-

165 1502 381 1542 tenderet.
434 1503 599 1544 Verum
621 1505 655 1544 si
676 1502 899 1542 Nasidieni
921 1505 1036 1549 sunt,

166 1576 251 1605 non
277 1566 497 1616 corrigunt
530 1567 658 1606 istam
681 1566 1035 1613 ostentationem,

165 1628 244 1669 sed
274 1627 477 1668 simulato
501 1628 748 1668 divitiarum
780 1630 1038 1679 contemptu

165 1701 324 1730 novam
373 1691 579 1742 produnt.

165 1756 317 1804 agunt,
353 1754 426 1803 qui
456 1753 764 1801 Nasidienum‚
799 1752 906 1792 dum
941 1752 1039 1792 lau-

166 1819 234 1856 tus
276 1826 327 1854 ac
372 1815 563 1856 liberalis
607 1816 746 1856 videri
789 1815 904 1862 volt,
956 1816 1038 1855 hac

167 1879 259 1929 ipsa
306 1879 461 1917 iactata
508 1877 767 1918 liberalitate
813 1877 1039 1918 sordidam

165 1940 392 1980 avaritiam
441 1941 706 1992 prodentem
755 1940 810 1980 ab
862 1940 1038 1980 Horatio

166 2001 357 2042 derideri
386 2003 649 2042 existimant.
710 2001 787 2042 Vel
818 2001 922 2042 illud
943 2003 1037 2051 Sed,

165 2064 282 2114 quod
315 2065 458 2104 statim
491 2066 712 2116 sequitur,
743 2066 942 2116 proxime
966 2076 1042 2104 an-

166 2125 413 2165 tecedentia
457 2127 633 2166 Horatio
663 2126 898 2167 adiudicat.
962 2128 1040 2168 Mi-

168 2187 448 2228 tseherlichio
482 2190 659 2228 miserae
702 2192 804 2229 sunt
846 2191 1037 2236 divitiae,

166 2261 279 2300 quae
310 2252 559 2302 possessori
590 2252 791 2291 miserias
814 2257 966 2292 creant
987 2263 1038 2292 ac

166 2312 527 2359 sollicitudinem,
574 2316 621 2352 ut
664 2314 750 2353 Sat.
788 2314 834 2361 Ξ,
877 2315 926 2362 6,
960 2314 1033 2353 79:

166 2375 372 2414 Sollicitas
404 2397 427 2403 —
462 2387 568 2425 opes.
651 2376 877 2427 Frequens
931 2387 1038 2417 sane

166 2437 398 2477 sententia.
474 2437 559 2476 Csr.
598 2438 767 2477 Arrian.
810 2438 947 2489 Epiet.
987 2438 1036 2487 3,

167 2499 239 2546 ⁶22,
264 2499 334 2538 27:
358 2493 497 2539 Ἴδετε
521 2496 633 2549 τοὺς
655 2498 738 2539 νῦν
759 2498 1035 2550 πλουσίους,

166 2553 288 2612 ὅσης
327 2557 541 2614 οἰμωγῆς
572 2557 599 2600 ὁ
627 2559 737 2612 βίος
765 2558 923 2602 αὐτῶν
952 2574 1040 2614 με-

166 2619 280 2672 στός
309 2622 452 2663 ἐστιν.
514 2624 679 2664 Verum
701 2623 850 2665 malim
873 2636 926 2665 ex
948 2635 1041 2665 ser-

166 2695 297 2724 mone
320 2685 575 2735 quotidiano
607 2687 908 2738 interpretari:
946 2687 1041 2727 «di-

165 2747 290 2787 vitias
310 2757 448 2798 prope
470 2747 697 2796 ridiculas,
723 2750 913 2789 maxime
936 2761 1041 2801 pro-

165 2811 264 2860 pter
279 2808 449 2857 sordes,
470 2820 584 2860 quae
599 2820 674 2850 eas
688 2812 894 2851 continuo
908 2813 1043 2851 comi-

167 2872 314 2909 tantur
343 2881 488 2921 neque
510 2883 707 2923 unquam
735 2872 908 2914 felicem
936 2874 1041 2914 red-

168 2931 274 2970 dunt
295 2941 601 2982 possessorem
619 2936 655 2972 3»
676 2935 857 2984 Povera,
887 2937 1042 2976 misera

165 2992 406 3030 ricchezza!
427 2995 634 3045 armseliy.
657 3016 704 3023 —
724 2996 804 3035 Sed
824 3000 916 3046 quis
935 2998 1038 3050 cet]

168 3054 281 3093 Scite
314 3053 355 3092 h.
378 3052 405 3092 l.
429 3055 640 3094 Diintzer:
686 3057 814 3096 «Sehr
840 3060 1042 3110 qeschickt

167 3117 219 3155 ist
246 3127 287 3155 es
312 3126 407 3154 vom
434 3116 602 3156 Dichter
629 3117 913 3170 einyerichtet,
946 3122 1042 3161 dass

167 3178 273 3218 deese
309 3177 446 3228 Frage
482 3177 584 3217 iiber
621 3179 686 3219 die
718 3182 878 3222 andern
916 3183 1042 3224 Gdste

165 3241 276 3280 nicht
313 3251 371 3279 an
409 3241 485 3280 den
528 3240 696 3292 Anfany
733 3243 803 3282 des
832 3244 1040 3286 Gedichtes

166 3302 250 3341 sich
273 3302 395 3351 stelit,
428 3302 605 3341 sondern
627 3303 703 3342 wie
719 3315 800 3343 von
819 3305 937 3345 selbst
955 3308 1040 3347 sich

167 3363 366 3414 eryebend
381 3367 462 3404 erst
470 3365 576 3412 jetzt
589 3365 777 3415 yeme-che
790 3367 916 3412 wir-d,-
933 3368 1039 3408 denn

159 3427 285 3474 jetzt,
316 3437 380 3464 wo
409 3426 473 3465 die
501 3425 749 3465 somierbare
777 3427 943 3467 Μαηὶθν
971 3429 1039 3469 des

665 1691 840 1730 Rectius
890 1691 1037 1741 itaque
1067 1715 1070 1735 ;

1102 1132 1291 1172 schilderl
1333 1134 1520 1177 worden,
1569 1135 1615 1172 is!
1659 1146 1698 1172 es
1742 1138 1974 1179 naturlich.

1103 1195 1197 1233 dass
1225 1196 1368 1234 Hora:
1395 1196 1536 1245 [ιἀῃι,
1572 1207 1658 1234 was
1679 1198 1742 1235 die
1763 1198 1886 1238 Ga'ste
1905 1202 1980 1239 da-

1103 1255 1162 1294 bei
1198 1257 1408 1307 gemacht,
1457 1258 1541 1296 und
1580 1259 1708 1298 daher
1742 1271 1796 1298 :a
1834 1262 1975 1302 wissen

1100 1320 1301 1368 wittischt,
1334 1319 1478 1358 welche
1497 1321 1700 1359 Personen
1721 1321 1824 1360 beim
1844 1325 1980 1364 Mahle

1102 1392 1283 1432 :asseqen
1312 1392 1538 1432 genesen.»
1574 1402 1617 1409 —
1639 1383 1810 1431 pulchre
1837 1385 1976 1437 suerit]

1103 1443 1188 1483 Ct'r.
1216 1444 1303 1482 Sat.
1328 1443 1373 1491 ⁶2,
1407 1444 1452 1490 2,
1488 1444 1580 1483 420.
1609 1467 1651 1471 —
1688 1445 1848 1497 laboro]
1883 1447 1924 1487 h.
1950 1447 1975 1487 l.

1103 1506 1283 1556 «cupio,
1317 1516 1470 1544 aveo.»

1156 1566 1300 1607 ‘zo-⁹24..
1353 1567 1560 1618 Summus]
1592 1569 1654 1607 De
1686 1568 1839 1609 ordine
1872 1582 1979 1610 eon—

1100 1630 1304 1668 vivarum
1345 1629 1444 1668 vide
1487 1630 1730 1670 Exn-ursum
1774 1632 1828 1671 ad
1873 1634 1914 1672 ll.
1951 1633 1975 1672 l.

1103 1695 1144 1731 et
1169 1691 1292 1731 Hand
1323 1692 1445 1730 Turs.
1482 1693 1549 1730 111.
1584 1703 1626 1743 p.
1652 1692 1730 1732 375
1763 1705 1828 1745 sq.
1891 1697 1980 1736 No-

1102 1764 1203 1792 vem
1235 1755 1385 1793 autem
1415 1758 1516 1793 sunt
1547 1755 1759 1794 convixae
1778 1768 1829 1795 ex
1850 1757 1978 1797 solito

1101 1815 1219 1867 apud
1251 1817 1471 1856 Romanos
1502 1827 1626 1856 more
1661 1815 1810 1866 (Plaut.
1844 1820 1976 1859 Stich.

1102 1878 1148 1927 3,
1182 1879 1230 1927 ⁶2,
1263 1878 1329 1918 31.
1380 1879 1519 1918 Varro
1542 1878 1658 1930 apud
1689 1878 1792 1919 Gell.
1821 1881 1885 1929 43,
1917 1883 1977 1929 tl,

1101 1941 1158 1988 ⁵2.)
1195 1940 1404 1991 idemque
1447 1944 1679 1992 comparet
1722 1942 1763 1981 in
1810 1943 1980 1984 triclinii

1101 2001 1350 2054 anaglypho
1381 2003 1579 2042 Atestino
1609 2003 1727 2054 apud
1760 2004 1982 2045 Furlanet-

1102 2067 1195 2104 tum
1224 2065 1323 2103 Iscr.
1355 2065 1396 2103 di
1426 2065 1520 2104 Este
1549 2076 1592 2115 p.
1621 2066 1712 2105 465.
1759 2089 1802 2094 —
1843 2068 1980 2108 Viscus

1104 2126 1320 2178 Thurinus]
1344 2126 1530 2176 Thuriis,
1550 2126 1778 2168 Calabriae
1798 2130 1978 2180 oppido,

1102 2188 1336 2236 oriundus,
1385 2199 1473 2239 quo
1519 2191 1782 2240 cognomine
1824 2191 1982 2232 distin-

1102 2252 1247 2302 guitur
1285 2262 1307 2289 a
1351 2251 1489 2291 Viseis
1534 2251 1765 2301 fratribus,
1816 2254 1981 2294 Horatii

1102 2313 1268 2353 amicis.
1316 2314 1403 2352 Sat.
1433 2314 1476 2360 l,
1512 2313 1586 2360 1¹0,
1620 2314 1685 2353 83.
1732 2338 1775 2342 —
1819 2317 1979 2368 Varius]

1102 2376 1246 2424 poeta.
1282 2374 1376 2413 vid.
1402 2375 1488 2415 Sat.
1515 2375 1529 2413 4
1555 2406 1563 2423 ‚
1597 2375 1646 2422 5,
1681 2374 1745 2415 l-O.
1773 2397 1818 2404 —
1843 2378 1982 2417 Servi-

1102 2436 1171 2486 lio]
1204 2435 1343 2475 tribus
1377 2435 1557 2486 syllabis
1589 2438 1977 2487 pronuntiandum.

1103 2496 1276 2548 Syllaba
1300 2499 1417 2537 enim
1439 2498 1784 2549 antepenultima
1816 2501 1981 2551 produ-

1103 2561 1229 2600 citur.
1282 2562 1327 2600 ln
1360 2561 1551 2600 nummis
1574 2563 1663 2600 est:
1698 2561 1976 2603 C.SEm·E1L1.

1104 2622 1362 2670 Horatiano,
1396 2626 1440 2661 ut
1459 2633 1664 2669 scurrae,
1699 2622 1824 2674 volgo
1847 2624 1981 2665 daba-

1104 2688 1174 2725 tur
1194 2687 1538 2736 cognomentum
1560 2685 1749 2724 Balatro.
1785 2687 1870 2727 Csr.
1889 2689 1976 2728 Sat.

1105 2748 1224 2796 ΜΞ,
1258 2748 1296 2786 ⁰2.
1325 2770 1369 2775 —
1400 2746 1592 2799 Vibidius]
1623 2748 1757 2787 homo
1789 2750 1976 2800 ignotus.

1104 2811 1216 2850 Ecce
1249 2810 1343 2857 hic,
1393 2812 1438 2849 ut
1468 2811 1554 2850 Sat.
1595 2812 1639 2858 ⁴,
1673 2812 1717 2858 5
1751 2813 1817 2852 52.
1870 2814 1979 2853 Sar-

1102 2877 1262 2912 mentus
1290 2883 1342 2911 ac
1371 2872 1542 2911 Messius
1577 2872 1779 2922 Cicirrus,
1828 2875 1976 2915 homi—

1106 2947 1185 2976 nes
1209 2936 1264 2975 de
1280 2936 1519 2986 parasitica
1535 2937 1800 2978 Maecenatis
1821 2950 1977 2989 mensa,

1103 3008 1237 3048 quam
1268 2996 1543 3037 iocabundus
1566 2998 1604 3037 ei
1627 2998 1865 3049 exprobrat
1887 3002 1980 3040 Au-

1101 3061 1253 3110 gustus
1303 3060 1343 3098 in
1394 3058 1582 3110 Epistola
1631 3060 1748 3111 apud
1794 3062 1971 3101 Sueton.

1100 3121 1182 3160 Vit.
1225 3121 1389 3160 Horatii
1420 3132 1461 3173 p.
1506 3121 1599 3161 990.
1642 3122 1751 3162 Oud.
1779 3145 1823 3151 -
1853 3125 1973 3173 quas]

1100 3183 1220 3222 Haec
1250 3181 1380 3223 lectio
1410 3185 1607 3234 praestat
1637 3182 1759 3223 alteri
1792 3196 1893 3233 quos
1922 3196 1975 3224 ex

1101 3245 1421 3286 consuetudine
1453 3246 1600 3284 Latina
1644 3245 1813 3295 (Salust.
1849 3245 1969 3286 Catil.

1099 3308 1151 3348 58
1175 3319 1183 3346 τ
1229 3308 1302 3347 Est
1329 3308 1373 3347 in
1392 3318 1561 3347 carcere
1589 3308 1721 3356 Iocus,
1756 3309 1863 3356 quod
1885 3308 1975 3347 Tul-

1097 3371 1260 3410 lianum
1284 3369 1572 3419 mimitatur-J,
1606 3373 1648 3407 et
1679 3367 1844 3409 facilius
1866 3368 1967 3409 sem.

1099 3433 1140 3472 in
1179 3442 1315 3471 masc.
1355 3430 1585 3471 mutabant
1623 3440 1757 3480 quam
1798 3433 1966 3471 contra.

174 3486 352 3526 Wirthes
379 3487 501 3526 sehon
539 3488 580 3525 in
610 3489 769 3539 einiyen
798 3489 933 3540 Zi1'9en
962 3502 1036 3541 9e-
1104 3516 1147 3520 —
1182 3493 1362 3544 umbras]
1397 3492 1629 3532 «convivas
1668 3490 1722 3529 ab
1764 3492 1858 3543 ipso
1889 3491 1971 3532 do—

314 3562 462 3598 Honxr.
496 3572 584 3598 νοι..
617 3564 658 3598 ll.
711 3574 774 3599 En.
805 3575 887 3600 sm.
920 3565 976 3601 lll.

1590 3568 1631 3601 ’23
