<?xml version="1.0" encoding="UTF-8"?>
<!DOCTYPE html PUBLIC "-//W3C//DTD XHTML 1.0 Transitional//EN"
    "http://www.w3.org/TR/xhtml1/DTD/xhtml1-transitional.dtd">
<html xmlns="http://www.w3.org/1999/xhtml" xml:lang="en" lang="en">
 <head>
  <title>
</title>
<meta http-equiv="Content-Type" content="text/html;charset=utf-8" />
  <meta name='ocr-system' content='tesseract 3.04.00' />
  <meta name='ocr-capabilities' content='ocr_page ocr_carea ocr_par ocr_line ocrx_word'/>
</head>
<body>
  <div class='ocr_page' id='page_1' title='image "./qhoratiusflaccus02horauoft_0044.png"; bbox 0 0 2231 3787; ppageno 0'>
   <div class='ocr_carea' id='block_1_1' title="bbox 207 209 273 260">
    <p class='ocr_par' dir='ltr' id='par_1_1' title="bbox 207 209 273 260">
     <span class='ocr_line' id='line_1_1' title="bbox 207 209 273 260; baseline -0.015 0"><span class='ocrx_word' id='word_1_1' title='bbox 207 209 273 260; x_wconf 85' lang='lat'>30</span> 
     </span>
    </p>
   </div>
   <div class='ocr_carea' id='block_1_2' title="bbox 845 205 1390 247">
    <p class='ocr_par' dir='ltr' id='par_1_2' title="bbox 845 205 1390 247">
     <span class='ocr_line' id='line_1_2' title="bbox 845 205 1390 247; baseline -0.004 0"><span class='ocrx_word' id='word_1_2' title='bbox 845 207 1058 247; x_wconf 81' lang='lat' dir='ltr'>HORATH</span> <span class='ocrx_word' id='word_1_3' title='bbox 1090 205 1390 246; x_wconf 69' lang='lat' dir='ltr'><strong>SATIRAREM</strong></span> 
     </span>
    </p>
   </div>
   <div class='ocr_carea' id='block_1_3' title="bbox 208 334 1679 404">
    <p class='ocr_par' dir='ltr' id='par_1_3' title="bbox 208 334 1679 404">
     <span class='ocr_line' id='line_1_3' title="bbox 208 334 1679 404; baseline -0.005 -12"><span class='ocrx_word' id='word_1_4' title='bbox 208 339 436 404; x_wconf 81' lang='lat' dir='ltr'>Quidam</span> <span class='ocrx_word' id='word_1_5' title='bbox 476 347 633 392; x_wconf 91' lang='lat' dir='ltr'>notus</span> <span class='ocrx_word' id='word_1_6' title='bbox 673 337 831 391; x_wconf 88' lang='lat' dir='ltr'>homo</span> <span class='ocrx_word' id='word_1_7' title='bbox 872 355 994 391; x_wconf 86' lang='lat' dir='ltr'>cum</span> <span class='ocrx_word' id='word_1_8' title='bbox 1034 337 1203 390; x_wconf 85' lang='lat' dir='ltr'>exiret</span> <span class='ocrx_word' id='word_1_9' title='bbox 1241 335 1470 395; x_wconf 82' lang='lat' dir='ltr'>fornice,</span> <span class='ocrx_word' id='word_1_10' title='bbox 1513 334 1679 386; x_wconf 86' lang='lat' dir='ltr'>Macte</span> 
     </span>
    </p>
   </div>
   <div class='ocr_carea' id='block_1_4' title="bbox 209 436 1510 511">
    <p class='ocr_par' dir='ltr' id='par_1_4' title="bbox 209 436 1510 511">
     <span class='ocr_line' id='line_1_4' title="bbox 209 436 1510 511; baseline -0.005 -17"><span class='ocrx_word' id='word_1_11' title='bbox 209 442 405 495; x_wconf 76' lang='lat' dir='ltr'>Virtute</span> <span class='ocrx_word' id='word_1_12' title='bbox 445 448 586 502; x_wconf 88' lang='lat' dir='ltr'>est0,</span> <span class='ocrx_word' id='word_1_13' title='bbox 630 439 800 511; x_wconf 89' lang='lat' dir='ltr'>inquit</span> <span class='ocrx_word' id='word_1_14' title='bbox 838 438 1101 492; x_wconf 89' lang='lat' dir='ltr'>sententia</span> <span class='ocrx_word' id='word_1_15' title='bbox 1141 437 1228 490; x_wconf 91' lang='lat' dir='ltr'>dia</span> <span class='ocrx_word' id='word_1_16' title='bbox 1270 436 1510 490; x_wconf 87' lang='lat' dir='ltr'>Catonis.</span> 
     </span>
    </p>
   </div>
   <div class='ocr_carea' id='block_1_5' title="bbox 206 537 1484 599">
    <p class='ocr_par' dir='ltr' id='par_1_5' title="bbox 206 537 1484 599">
     <span class='ocr_line' id='line_1_5' title="bbox 206 537 1484 599; baseline -0.005 -3"><span class='ocrx_word' id='word_1_17' title='bbox 206 544 336 596; x_wconf 84' lang='lat' dir='ltr'>Nam</span> <span class='ocrx_word' id='word_1_18' title='bbox 376 541 531 595; x_wconf 91' lang='lat' dir='ltr'>simul</span> <span class='ocrx_word' id='word_1_19' title='bbox 573 559 634 595; x_wconf 89' lang='lat' dir='ltr'>ac</span> <span class='ocrx_word' id='word_1_20' title='bbox 672 558 838 595; x_wconf 81' lang='lat' dir='ltr'>venas</span> <span class='ocrx_word' id='word_1_21' title='bbox 880 539 1078 593; x_wconf 81' lang='lat' dir='ltr'>inflavit</span> <span class='ocrx_word' id='word_1_22' title='bbox 1116 548 1252 592; x_wconf 88' lang='lat' dir='ltr'>tetra</span> <span class='ocrx_word' id='word_1_23' title='bbox 1290 537 1484 599; x_wconf 84' lang='lat' dir='ltr'>libido,</span> 
     </span>
    </p>
   </div>
   <div class='ocr_carea' id='block_1_6' title="bbox 207 638 1773 713">
    <p class='ocr_par' dir='ltr' id='par_1_6' title="bbox 207 638 1773 713">
     <span class='ocr_line' id='line_1_6' title="bbox 207 638 1773 713; baseline -0.004 -17"><span class='ocrx_word' id='word_1_24' title='bbox 207 646 322 698; x_wconf 87' lang='lat' dir='ltr'>Huc</span> <span class='ocrx_word' id='word_1_25' title='bbox 361 644 583 697; x_wconf 63' lang='lat' dir='ltr'>iuvenes</span> <span class='ocrx_word' id='word_1_26' title='bbox 623 660 858 713; x_wconf 83' lang='lat' dir='ltr'>aequum</span> <span class='ocrx_word' id='word_1_27' title='bbox 897 652 978 696; x_wconf 91' lang='lat' dir='ltr'>est</span> <span class='ocrx_word' id='word_1_28' title='bbox 1017 640 1380 700; x_wconf 76' lang='lat' dir='ltr'>descendere,</span> <span class='ocrx_word' id='word_1_29' title='bbox 1423 656 1530 691; x_wconf 89' lang='lat' dir='ltr'>non</span> <span class='ocrx_word' id='word_1_30' title='bbox 1569 638 1773 691; x_wconf 89' lang='lat' dir='ltr'>alienas</span> 
     </span>
    </p>
   </div>
   <div class='ocr_carea' id='block_1_7' title="bbox 206 745 766 799">
    <p class='ocr_par' dir='ltr' id='par_1_7' title="bbox 206 745 766 799">
     <span class='ocr_line' id='line_1_7' title="bbox 206 745 766 799; baseline -0.005 0"><span class='ocrx_word' id='word_1_31' title='bbox 206 745 512 799; x_wconf 75' lang='lat' dir='ltr'>permolere</span> <span class='ocrx_word' id='word_1_32' title='bbox 552 762 766 798; x_wconf 75' lang='lat' dir='ltr'>uxores</span> 
     </span>
    </p>
   </div>
   <div class='ocr_carea' id='block_1_8' title="bbox 843 740 1591 811">
    <p class='ocr_par' dir='ltr' id='par_1_8' title="bbox 843 740 1591 811">
     <span class='ocr_line' id='line_1_8' title="bbox 843 740 1591 811; baseline -0.008 -14"><span class='ocrx_word' id='word_1_33' title='bbox 843 743 1016 797; x_wconf 85' lang='lat' dir='ltr'>Nolim</span> <span class='ocrx_word' id='word_1_34' title='bbox 1053 742 1354 802; x_wconf 75' lang='lat' dir='ltr'>laudarier,</span> <span class='ocrx_word' id='word_1_35' title='bbox 1399 740 1591 811; x_wconf 79' lang='lat' dir='ltr'>inquit,</span> 
     </span>
    </p>
   </div>
   <div class='ocr_carea' id='block_1_9' title="bbox 1964 739 2030 789">
    <p class='ocr_par' dir='ltr' id='par_1_9' title="bbox 1964 739 2030 789">
     <span class='ocr_line' id='line_1_9' title="bbox 1964 739 2030 789; baseline -0.015 0"><span class='ocrx_word' id='word_1_36' title='bbox 1964 739 2030 789; x_wconf 78' lang='lat'>35</span> 
     </span>
    </p>
   </div>
   <div class='ocr_carea' id='block_1_10' title="bbox 209 842 1441 915">
    <p class='ocr_par' dir='ltr' id='par_1_10' title="bbox 209 842 1441 915">
     <span class='ocr_line' id='line_1_10' title="bbox 209 842 1441 915; baseline -0.006 -15"><span class='ocrx_word' id='word_1_37' title='bbox 209 848 297 900; x_wconf 88' lang='lat' dir='ltr'>Sic</span> <span class='ocrx_word' id='word_1_38' title='bbox 334 865 446 904; x_wconf 83' lang='lat' dir='ltr'>me,</span> <span class='ocrx_word' id='word_1_39' title='bbox 489 846 709 898; x_wconf 89' lang='lat' dir='ltr'>mirator</span> <span class='ocrx_word' id='word_1_40' title='bbox 747 845 905 899; x_wconf 88' lang='lat' dir='ltr'>cunni</span> <span class='ocrx_word' id='word_1_41' title='bbox 949 843 1279 915; x_wconf 81' lang='lat' dir='ltr'>Cupiennius</span> <span class='ocrx_word' id='word_1_42' title='bbox 1320 842 1441 895; x_wconf 87' lang='lat' dir='ltr'>albi.</span> 
     </span>
    </p>
   </div>
   <div class='ocr_carea' id='block_1_11' title="bbox 206 944 1600 1018">
    <p class='ocr_par' dir='ltr' id='par_1_11' title="bbox 206 944 1600 1018">
     <span class='ocr_line' id='line_1_11' title="bbox 206 944 1600 1018; baseline -0.004 -17"><span class='ocrx_word' id='word_1_43' title='bbox 206 948 405 1002; x_wconf 77' lang='lat' dir='ltr'>Audire</span> <span class='ocrx_word' id='word_1_44' title='bbox 445 957 525 1001; x_wconf 88' lang='lat' dir='ltr'>est</span> <span class='ocrx_word' id='word_1_45' title='bbox 563 964 764 1018; x_wconf 88' lang='lat' dir='ltr'>operae</span> <span class='ocrx_word' id='word_1_46' title='bbox 802 946 1066 1017; x_wconf 89' lang='lat' dir='ltr'>pretium,</span> <span class='ocrx_word' id='word_1_47' title='bbox 1109 944 1412 1016; x_wconf 81' lang='lat' dir='ltr'>procedere</span> <span class='ocrx_word' id='word_1_48' title='bbox 1453 951 1600 997; x_wconf 88' lang='lat' dir='ltr'>recte</span> 
     </span>
    </p>
   </div>
   <div class='ocr_carea' id='block_1_12' title="bbox 206 1044 1763 1117">
    <p class='ocr_par' dir='ltr' id='par_1_12' title="bbox 206 1044 1763 1117">
     <span class='ocr_line' id='line_1_12' title="bbox 206 1044 1763 1117; baseline -0.004 -15"><span class='ocrx_word' id='word_1_49' title='bbox 206 1051 308 1115; x_wconf 85' lang='lat' dir='ltr'>Qui</span> <span class='ocrx_word' id='word_1_50' title='bbox 348 1049 603 1103; x_wconf 90' lang='lat' dir='ltr'>moechos</span> <span class='ocrx_word' id='word_1_51' title='bbox 645 1066 752 1101; x_wconf 91' lang='lat' dir='ltr'>non</span> <span class='ocrx_word' id='word_1_52' title='bbox 789 1047 974 1109; x_wconf 72' lang='lat' dir='ltr'>voltis,</span> <span class='ocrx_word' id='word_1_53' title='bbox 1017 1056 1074 1100; x_wconf 85' lang='lat' dir='ltr'>ut</span> <span class='ocrx_word' id='word_1_54' title='bbox 1113 1046 1254 1100; x_wconf 91' lang='lat' dir='ltr'>omni</span> <span class='ocrx_word' id='word_1_55' title='bbox 1298 1054 1451 1117; x_wconf 89' lang='lat' dir='ltr'>parte</span> <span class='ocrx_word' id='word_1_56' title='bbox 1489 1044 1763 1108; x_wconf 69' lang='lat' dir='ltr'>laborent,</span> 
     </span>
    </p>
   </div>
   <div class='ocr_carea' id='block_1_13' title="bbox 206 1147 1560 1224">
    <p class='ocr_par' dir='ltr' id='par_1_13' title="bbox 206 1147 1560 1224">
     <span class='ocr_line' id='line_1_13' title="bbox 206 1147 1560 1224; baseline -0.005 -18"><span class='ocrx_word' id='word_1_57' title='bbox 206 1154 379 1224; x_wconf 71' lang='lat' dir='ltr'>[tque</span> <span class='ocrx_word' id='word_1_58' title='bbox 418 1150 518 1204; x_wconf 92' lang='lat' dir='ltr'>illis</span> <span class='ocrx_word' id='word_1_59' title='bbox 557 1150 722 1204; x_wconf 91' lang='lat' dir='ltr'>multo</span> <span class='ocrx_word' id='word_1_60' title='bbox 761 1158 1015 1221; x_wconf 90' lang='lat' dir='ltr'>corrupta</span> <span class='ocrx_word' id='word_1_61' title='bbox 1054 1148 1242 1202; x_wconf 90' lang='lat' dir='ltr'>dolore</span> <span class='ocrx_word' id='word_1_62' title='bbox 1282 1147 1560 1218; x_wconf 70' lang='lat' dir='ltr'>voluptas,</span> 
     </span>
    </p>
   </div>
   <div class='ocr_carea' id='block_1_14' title="bbox 261 1298 1975 1418">
    <p class='ocr_par' dir='ltr' id='par_1_14' title="bbox 261 1298 1975 1418">
     <span class='ocr_line' id='line_1_14' title="bbox 313 1298 1975 1353; baseline -0.004 -11"><span class='ocrx_word' id='word_1_63' title='bbox 313 1302 379 1342; x_wconf 76' lang='lat'>32.</span> <span class='ocrx_word' id='word_1_64' title='bbox 413 1302 511 1341; x_wconf 80' lang='lat' dir='ltr'>diva</span> <span class='ocrx_word' id='word_1_65' title='bbox 539 1314 583 1353; x_wconf 91' lang='lat' dir='ltr'>p.</span> <span class='ocrx_word' id='word_1_66' title='bbox 621 1325 663 1329; x_wconf 97' lang='lat'><strong>—</strong></span> <span class='ocrx_word' id='word_1_67' title='bbox 698 1301 763 1341; x_wconf 88' lang='grc'>36.</span> <span class='ocrx_word' id='word_1_68' title='bbox 799 1301 1035 1352; x_wconf 73' lang='lat' dir='ltr'>Cupennius</span> <span class='ocrx_word' id='word_1_69' title='bbox 1062 1312 1105 1352; x_wconf 92' lang='lat' dir='ltr'>p.</span> <span class='ocrx_word' id='word_1_70' title='bbox 1134 1324 1179 1331; x_wconf 93' lang='lat'><strong>—</strong></span> <span class='ocrx_word' id='word_1_71' title='bbox 1203 1300 1270 1340; x_wconf 83' lang='lat'>38.</span> <span class='ocrx_word' id='word_1_72' title='bbox 1294 1301 1470 1340; x_wconf 82' lang='lat' dir='ltr'>moechis</span> <span class='ocrx_word' id='word_1_73' title='bbox 1511 1298 1821 1350; x_wconf 85' lang='lat' dir='ltr'>BbSp,LCtFJ,</span> <span class='ocrx_word' id='word_1_74' title='bbox 1862 1309 1975 1337; x_wconf 80' lang='lat' dir='ltr'>moe-</span> 
     </span>
     <span class='ocr_line' id='line_1_15' title="bbox 261 1361 1837 1418; baseline -0.002 -15"><span class='ocrx_word' id='word_1_75' title='bbox 261 1364 368 1404; x_wconf 72' lang='lat' dir='ltr'>chus</span> <span class='ocrx_word' id='word_1_76' title='bbox 400 1365 444 1409; x_wconf 70' lang='lat' dir='ltr'>d.</span> <span class='ocrx_word' id='word_1_77' title='bbox 480 1366 544 1416; x_wconf 90' lang='lat' dir='ltr'>(Ut</span> <span class='ocrx_word' id='word_1_78' title='bbox 573 1375 653 1404; x_wconf 92' lang='lat' dir='ltr'>nos</span> <span class='ocrx_word' id='word_1_79' title='bbox 686 1375 731 1414; x_wconf 81' lang='lat' dir='ltr'>C,</span> <span class='ocrx_word' id='word_1_80' title='bbox 765 1379 811 1418; x_wconf 73' lang='lat' dir='ltr'>y,</span> <span class='ocrx_word' id='word_1_81' title='bbox 844 1376 936 1404; x_wconf 71' lang='lat' dir='ltr'>var.</span> <span class='ocrx_word' id='word_1_82' title='bbox 970 1363 1072 1404; x_wconf 87' lang='lat' dir='ltr'>lect.</span> <span class='ocrx_word' id='word_1_83' title='bbox 1104 1376 1166 1413; x_wconf 82' lang='grc' dir='ltr'>(ρ,</span> <span class='ocrx_word' id='word_1_84' title='bbox 1211 1374 1324 1403; x_wconf 89' lang='lat' dir='ltr'>corr.</span> <span class='ocrx_word' id='word_1_85' title='bbox 1358 1377 1386 1402; x_wconf 83' lang='grc' dir='ltr'><em>κ</em></span> <span class='ocrx_word' id='word_1_86' title='bbox 1418 1365 1461 1402; x_wconf 92' lang='lat' dir='ltr'>et</span> <span class='ocrx_word' id='word_1_87' title='bbox 1491 1364 1582 1402; x_wconf 87' lang='lat' dir='ltr'>tres</span> <span class='ocrx_word' id='word_1_88' title='bbox 1613 1361 1837 1412; x_wconf 86' lang='lat' dir='ltr'>Pottierii.)</span> 
     </span>
    </p>
   </div>
   <div class='ocr_carea' id='block_1_15' title="bbox 201 1493 1088 2428">
    <p class='ocr_par' dir='ltr' id='par_1_15' title="bbox 201 1493 1088 2428">
     <span class='ocr_line' id='line_1_16' title="bbox 206 1493 1085 1550; baseline -0.001 -13"><span class='ocrx_word' id='word_1_89' title='bbox 206 1499 313 1538; x_wconf 88' lang='lat' dir='ltr'>sost.</span> <span class='ocrx_word' id='word_1_90' title='bbox 347 1498 416 1537; x_wconf 90' lang='lat' dir='ltr'>Or.</span> <span class='ocrx_word' id='word_1_91' title='bbox 442 1499 481 1538; x_wconf 81' lang='lat'>7.</span> <span class='ocrx_word' id='word_1_92' title='bbox 504 1509 547 1550; x_wconf 92' lang='lat' dir='ltr'>p.</span> <span class='ocrx_word' id='word_1_93' title='bbox 571 1497 668 1537; x_wconf 63' lang='lat'>268.</span> <span class='ocrx_word' id='word_1_94' title='bbox 692 1499 766 1538; x_wconf 88' lang='lat' dir='ltr'>R.:</span> <span class='ocrx_word' id='word_1_95' title='bbox 800 1493 1005 1550; x_wconf 79' lang='grc' dir='ltr'><em>σώματα</em></span> <span class='ocrx_word' id='word_1_96' title='bbox 1025 1519 1043 1526; x_wconf 84' lang='grc'><strong>-</strong></span> <span class='ocrx_word' id='word_1_97' title='bbox 1067 1519 1085 1526; x_wconf 85' lang='grc'><strong>-</strong></span> 
     </span>
     <span class='ocr_line' id='line_1_17' title="bbox 206 1556 1083 1618; baseline 0 -19"><span class='ocrx_word' id='word_1_98' title='bbox 206 1556 523 1618; x_wconf 73' lang='grc' dir='ltr'><em>ἀργυρώνητα</em></span> <span class='ocrx_word' id='word_1_99' title='bbox 570 1559 638 1601; x_wconf 74' lang='grc' dir='ltr'>ἐπ’</span> <span class='ocrx_word' id='word_1_100' title='bbox 687 1557 897 1617; x_wconf 73' lang='grc' dir='ltr'><em>αἰσχύνῃ</em></span> <span class='ocrx_word' id='word_1_101' title='bbox 945 1560 1083 1617; x_wconf 71' lang='grc' dir='ltr'><em>προϊ-</em></span> 
     </span>
     <span class='ocr_line' id='line_1_18' title="bbox 204 1619 1079 1680; baseline -0.001 -17"><span class='ocrx_word' id='word_1_102' title='bbox 204 1621 409 1674; x_wconf 77' lang='grc' dir='ltr'><em>στάντας</em></span> <span class='ocrx_word' id='word_1_103' title='bbox 439 1623 507 1664; x_wconf 65' lang='grc' dir='ltr'>ἐῖί</span> <span class='ocrx_word' id='word_1_104' title='bbox 538 1620 817 1676; x_wconf 76' lang='grc' dir='ltr'><em>οἰκημάτων</em></span> <span class='ocrx_word' id='word_1_105' title='bbox 839 1619 1079 1680; x_wconf 71' lang='grc' dir='ltr'>ῥυπαρῶν.</span> 
     </span>
     <span class='ocr_line' id='line_1_19' title="bbox 203 1685 1084 1737; baseline -0.001 -12"><span class='ocrx_word' id='word_1_106' title='bbox 203 1688 248 1725; x_wconf 90' lang='lat' dir='ltr'>In</span> <span class='ocrx_word' id='word_1_107' title='bbox 279 1698 349 1726; x_wconf 75' lang='lat' dir='ltr'>vv,</span> <span class='ocrx_word' id='word_1_108' title='bbox 382 1687 540 1737; x_wconf 82' lang='lat' dir='ltr'>fornice</span> <span class='ocrx_word' id='word_1_109' title='bbox 569 1690 746 1725; x_wconf 81' lang='lat' dir='ltr'>stantem</span> <span class='ocrx_word' id='word_1_110' title='bbox 775 1685 917 1725; x_wconf 88' lang='lat' dir='ltr'>littera</span> <span class='ocrx_word' id='word_1_111' title='bbox 949 1697 969 1724; x_wconf 92' lang='lat' dir='ltr'>e</span> <span class='ocrx_word' id='word_1_112' title='bbox 996 1696 1084 1724; x_wconf 90' lang='lat' dir='ltr'>non</span> 
     </span>
     <span class='ocr_line' id='line_1_20' title="bbox 203 1748 1086 1800; baseline -0.001 -12"><span class='ocrx_word' id='word_1_113' title='bbox 203 1749 461 1800; x_wconf 83' lang='lat' dir='ltr'>producitur</span> <span class='ocrx_word' id='word_1_114' title='bbox 505 1751 605 1788; x_wconf 85' lang='lat' dir='ltr'>ante</span> <span class='ocrx_word' id='word_1_115' title='bbox 658 1748 881 1800; x_wconf 88' lang='lat' dir='ltr'>duplicem</span> <span class='ocrx_word' id='word_1_116' title='bbox 929 1752 985 1797; x_wconf 73' lang='lat' dir='ltr'>st,</span> <span class='ocrx_word' id='word_1_117' title='bbox 1039 1749 1086 1787; x_wconf 85' lang='lat' dir='ltr'>ut</span> 
     </span>
     <span class='ocr_line' id='line_1_21' title="bbox 203 1811 1081 1861; baseline 0 -11"><span class='ocrx_word' id='word_1_118' title='bbox 203 1823 305 1851; x_wconf 81' lang='lat' dir='ltr'>mox</span> <span class='ocrx_word' id='word_1_119' title='bbox 336 1823 377 1851; x_wconf 74' lang='lat' dir='ltr'>v.</span> <span class='ocrx_word' id='word_1_120' title='bbox 412 1812 477 1850; x_wconf 71' lang='lat'>7¹.</span> <span class='ocrx_word' id='word_1_121' title='bbox 513 1813 599 1851; x_wconf 89' lang='lat' dir='ltr'>Sat.</span> <span class='ocrx_word' id='word_1_122' title='bbox 633 1813 681 1861; x_wconf 72' lang='lat' dir='ltr'>i,</span> <span class='ocrx_word' id='word_1_123' title='bbox 715 1812 761 1861; x_wconf 92' lang='lat'>3,</span> <span class='ocrx_word' id='word_1_124' title='bbox 796 1811 862 1852; x_wconf 69' lang='lat'>44.</span> <span class='ocrx_word' id='word_1_125' title='bbox 912 1813 998 1851; x_wconf 86' lang='lat' dir='ltr'>Sat.</span> <span class='ocrx_word' id='word_1_126' title='bbox 1034 1812 1081 1860; x_wconf 78' lang='lat'>4,</span> 
     </span>
     <span class='ocr_line' id='line_1_22' title="bbox 203 1874 1086 1927; baseline 0.001 -14"><span class='ocrx_word' id='word_1_127' title='bbox 203 1876 249 1922; x_wconf 75' lang='lat'>5,</span> <span class='ocrx_word' id='word_1_128' title='bbox 297 1874 364 1914; x_wconf 79' lang='lat'>35.</span> <span class='ocrx_word' id='word_1_129' title='bbox 407 1897 453 1902; x_wconf 97' lang='lat'><strong>—</strong></span> <span class='ocrx_word' id='word_1_130' title='bbox 494 1877 673 1925; x_wconf 79' lang='lat' dir='ltr'>Quidam</span> <span class='ocrx_word' id='word_1_131' title='bbox 716 1875 859 1927; x_wconf 81' lang='lat' dir='ltr'>notus]</span> <span class='ocrx_word' id='word_1_132' title='bbox 910 1876 1086 1915; x_wconf 88' lang='lat' dir='ltr'>«hone-</span> 
     </span>
     <span class='ocr_line' id='line_1_23' title="bbox 202 1935 1087 1988; baseline -0.001 -11"><span class='ocrx_word' id='word_1_133' title='bbox 202 1940 271 1977; x_wconf 90' lang='lat' dir='ltr'>sto</span> <span class='ocrx_word' id='word_1_134' title='bbox 302 1935 399 1977; x_wconf 88' lang='lat' dir='ltr'>loco</span> <span class='ocrx_word' id='word_1_135' title='bbox 432 1942 575 1987; x_wconf 89' lang='lat' dir='ltr'>ortus,</span> <span class='ocrx_word' id='word_1_136' title='bbox 610 1949 698 1977; x_wconf 90' lang='lat' dir='ltr'>non</span> <span class='ocrx_word' id='word_1_137' title='bbox 728 1937 974 1988; x_wconf 82' lang='lat' dir='ltr'>ignobIlis.»</span> <span class='ocrx_word' id='word_1_138' title='bbox 1009 1938 1087 1977; x_wconf 93' lang='lat' dir='ltr'>Le-</span> 
     </span>
     <span class='ocr_line' id='line_1_24' title="bbox 203 2000 1086 2052; baseline 0.001 -13"><span class='ocrx_word' id='word_1_139' title='bbox 203 2000 304 2052; x_wconf 87' lang='lat' dir='ltr'>pida</span> <span class='ocrx_word' id='word_1_140' title='bbox 322 2004 387 2041; x_wconf 90' lang='lat' dir='ltr'>est</span> <span class='ocrx_word' id='word_1_141' title='bbox 405 2004 587 2041; x_wconf 87' lang='lat' dir='ltr'>Acronis</span> <span class='ocrx_word' id='word_1_142' title='bbox 605 2000 955 2041; x_wconf 77' lang='lat' dir='ltr'>narratiuncula:</span> <span class='ocrx_word' id='word_1_143' title='bbox 978 2002 1086 2041; x_wconf 91' lang='lat' dir='ltr'>«Ca-</span> 
     </span>
     <span class='ocr_line' id='line_1_25' title="bbox 204 2064 1083 2115; baseline 0.005 -15"><span class='ocrx_word' id='word_1_144' title='bbox 204 2066 304 2102; x_wconf 89' lang='lat' dir='ltr'>tone</span> <span class='ocrx_word' id='word_1_145' title='bbox 351 2065 608 2103; x_wconf 85' lang='lat' dir='ltr'>transeunte</span> <span class='ocrx_word' id='word_1_146' title='bbox 654 2064 835 2115; x_wconf 87' lang='lat' dir='ltr'>quidam</span> <span class='ocrx_word' id='word_1_147' title='bbox 879 2065 984 2104; x_wconf 83' lang='lat' dir='ltr'>exiit</span> <span class='ocrx_word' id='word_1_148' title='bbox 1029 2064 1083 2104; x_wconf 85' lang='lat' dir='ltr'>de</span> 
     </span>
     <span class='ocr_line' id='line_1_26' title="bbox 202 2126 1087 2178; baseline 0 -12"><span class='ocrx_word' id='word_1_149' title='bbox 202 2126 391 2173; x_wconf 75' lang='lat' dir='ltr'>fornice3</span> <span class='ocrx_word' id='word_1_150' title='bbox 440 2138 576 2178; x_wconf 88' lang='lat' dir='ltr'>quem</span> <span class='ocrx_word' id='word_1_151' title='bbox 610 2137 714 2166; x_wconf 87' lang='lat' dir='ltr'>cum</span> <span class='ocrx_word' id='word_1_152' title='bbox 745 2127 941 2177; x_wconf 88' lang='lat' dir='ltr'>fugeret,</span> <span class='ocrx_word' id='word_1_153' title='bbox 990 2126 1087 2166; x_wconf 90' lang='lat' dir='ltr'>lau-</span> 
     </span>
     <span class='ocr_line' id='line_1_27' title="bbox 202 2189 1086 2229; baseline 0 -1"><span class='ocrx_word' id='word_1_154' title='bbox 202 2189 323 2228; x_wconf 77' lang='lat' dir='ltr'>davit</span> <span class='ocrx_word' id='word_1_155' title='bbox 372 2192 414 2229; x_wconf 89' lang='lat' dir='ltr'>et</span> <span class='ocrx_word' id='word_1_156' title='bbox 463 2191 703 2229; x_wconf 71' lang='lat' dir='ltr'>revocavit.</span> <span class='ocrx_word' id='word_1_157' title='bbox 777 2192 936 2229; x_wconf 89' lang='lat' dir='ltr'>Postea</span> <span class='ocrx_word' id='word_1_158' title='bbox 983 2200 1086 2228; x_wconf 89' lang='lat' dir='ltr'>cum</span> 
     </span>
     <span class='ocr_line' id='line_1_28' title="bbox 202 2251 1088 2302; baseline 0.002 -12"><span class='ocrx_word' id='word_1_159' title='bbox 202 2251 477 2302; x_wconf 86' lang='lat' dir='ltr'>frequentius</span> <span class='ocrx_word' id='word_1_160' title='bbox 511 2263 614 2291; x_wconf 88' lang='lat' dir='ltr'>eum</span> <span class='ocrx_word' id='word_1_161' title='bbox 653 2255 891 2293; x_wconf 75' lang='lat' dir='ltr'>exeuntem</span> <span class='ocrx_word' id='word_1_162' title='bbox 930 2253 985 2292; x_wconf 87' lang='lat' dir='ltr'>de</span> <span class='ocrx_word' id='word_1_163' title='bbox 1009 2264 1088 2292; x_wconf 86' lang='lat' dir='ltr'>eo-</span> 
     </span>
     <span class='ocr_line' id='line_1_29' title="bbox 201 2313 1088 2365; baseline 0 -12"><span class='ocrx_word' id='word_1_164' title='bbox 201 2314 306 2353; x_wconf 90' lang='lat' dir='ltr'>dem</span> <span class='ocrx_word' id='word_1_165' title='bbox 337 2313 536 2365; x_wconf 86' lang='lat' dir='ltr'>lupanari</span> <span class='ocrx_word' id='word_1_166' title='bbox 566 2314 772 2363; x_wconf 65' lang='lat' dir='ltr'>vidisset,</span> <span class='ocrx_word' id='word_1_167' title='bbox 807 2314 971 2354; x_wconf 78' lang='lat' dir='ltr'>dixisse</span> <span class='ocrx_word' id='word_1_168' title='bbox 998 2314 1088 2354; x_wconf 83' lang='lat' dir='ltr'>ser—</span> 
     </span>
     <span class='ocr_line' id='line_1_30' title="bbox 202 2376 1084 2428; baseline 0.001 -13"><span class='ocrx_word' id='word_1_169' title='bbox 202 2378 295 2416; x_wconf 89' lang='lat' dir='ltr'>tur:</span> <span class='ocrx_word' id='word_1_170' title='bbox 351 2376 612 2426; x_wconf 79' lang='lat' dir='ltr'>Adolescens,</span> <span class='ocrx_word' id='word_1_171' title='bbox 670 2388 745 2428; x_wconf 68' lang='lat' dir='ltr'>eqo</span> <span class='ocrx_word' id='word_1_172' title='bbox 801 2381 838 2417; x_wconf 79' lang='lat' dir='ltr'>te</span> <span class='ocrx_word' id='word_1_173' title='bbox 887 2377 1084 2426; x_wconf 76' lang='lat' dir='ltr'>laudavi,</span> 
     </span>
    </p>
   </div>
   <div class='ocr_carea' id='block_1_16' title="bbox 200 2440 1090 2666">
    <p class='ocr_par' dir='ltr' id='par_1_16' title="bbox 200 2440 1090 2666">
     <span class='ocr_line' id='line_1_31' title="bbox 200 2440 1089 2489; baseline 0.001 -11"><span class='ocrx_word' id='word_1_174' title='bbox 200 2444 418 2489; x_wconf 77' lang='lat' dir='ltr'>tamquam</span> <span class='ocrx_word' id='word_1_175' title='bbox 447 2440 525 2478; x_wconf 81' lang='lat' dir='ltr'>hue</span> <span class='ocrx_word' id='word_1_176' title='bbox 554 2440 764 2479; x_wconf 80' lang='lat' dir='ltr'>interdum</span> <span class='ocrx_word' id='word_1_177' title='bbox 790 2440 972 2489; x_wconf 77' lang='lat' dir='ltr'>venires,</span> <span class='ocrx_word' id='word_1_178' title='bbox 1005 2452 1089 2480; x_wconf 83' lang='lat' dir='ltr'>non</span> 
     </span>
     <span class='ocr_line' id='line_1_32' title="bbox 897 2513 1089 2541; baseline 0.005 -1"><span class='ocrx_word' id='word_1_179' title='bbox 897 2524 941 2530; x_wconf 84' lang='lat'>—</span> <span class='ocrx_word' id='word_1_180' title='bbox 994 2513 1089 2541; x_wconf 87' lang='lat' dir='ltr'>sen-</span> 
     </span>
     <span class='ocr_line' id='line_1_33' title="bbox 200 2562 1089 2615; baseline -0.002 -11"><span class='ocrx_word' id='word_1_181' title='bbox 200 2567 330 2605; x_wconf 78' lang='lat' dir='ltr'>tentia</span> <span class='ocrx_word' id='word_1_182' title='bbox 373 2567 444 2604; x_wconf 82' lang='lat' dir='ltr'>dia</span> <span class='ocrx_word' id='word_1_183' title='bbox 486 2564 676 2615; x_wconf 77' lang='lat' dir='ltr'>Catonis]</span> <span class='ocrx_word' id='word_1_184' title='bbox 727 2562 916 2604; x_wconf 88' lang='lat' dir='ltr'>formula</span> <span class='ocrx_word' id='word_1_185' title='bbox 956 2565 1089 2602; x_wconf 91' lang='lat' dir='ltr'>Luci-</span> 
     </span>
     <span class='ocr_line' id='line_1_34' title="bbox 201 2626 1090 2666; baseline -0.002 0"><span class='ocrx_word' id='word_1_186' title='bbox 201 2626 340 2666; x_wconf 89' lang='lat' dir='ltr'>liana:</span> <span class='ocrx_word' id='word_1_187' title='bbox 387 2627 525 2666; x_wconf 76' lang='lat' dir='ltr'>Valeri</span> <span class='ocrx_word' id='word_1_188' title='bbox 563 2627 764 2665; x_wconf 79' lang='lat' dir='ltr'>sententia</span> <span class='ocrx_word' id='word_1_189' title='bbox 803 2626 888 2665; x_wconf 84' lang='lat' dir='ltr'>dia.</span> <span class='ocrx_word' id='word_1_190' title='bbox 942 2626 1090 2664; x_wconf 88' lang='lat' dir='ltr'>Imita—</span> 
     </span>
    </p>
   </div>
   <div class='ocr_carea' id='block_1_17' title="bbox 201 2502 844 2552">
    <p class='ocr_par' dir='ltr' id='par_1_17' title="bbox 201 2502 844 2552">
     <span class='ocr_line' id='line_1_35' title="bbox 201 2502 844 2552; baseline -0.002 -10"><span class='ocrx_word' id='word_1_191' title='bbox 201 2507 419 2552; x_wconf 74' lang='lat' dir='ltr'>tamquam</span> <span class='ocrx_word' id='word_1_192' title='bbox 466 2502 530 2541; x_wconf 82' lang='lat' dir='ltr'>hie</span> <span class='ocrx_word' id='word_1_193' title='bbox 577 2502 802 2541; x_wconf 71' lang='lat' dir='ltr'>habitares,</span> <span class='ocrx_word' id='word_1_194' title='bbox 825 2517 844 2536; x_wconf 91' lang='lat'>»</span> 
     </span>
    </p>
   </div>
   <div class='ocr_carea' id='block_1_18' title="bbox 200 2687 1087 3427">
    <p class='ocr_par' dir='ltr' id='par_1_18' title="bbox 200 2687 1087 3427">
     <span class='ocr_line' id='line_1_36' title="bbox 201 2687 1083 2740; baseline -0.002 -12"><span class='ocrx_word' id='word_1_195' title='bbox 201 2692 246 2728; x_wconf 88' lang='lat' dir='ltr'>ta</span> <span class='ocrx_word' id='word_1_196' title='bbox 277 2691 345 2728; x_wconf 91' lang='lat' dir='ltr'>est</span> <span class='ocrx_word' id='word_1_197' title='bbox 372 2687 560 2740; x_wconf 91' lang='lat' dir='ltr'>Sulpicia</span> <span class='ocrx_word' id='word_1_198' title='bbox 590 2690 677 2728; x_wconf 89' lang='lat' dir='ltr'>Sat.</span> <span class='ocrx_word' id='word_1_199' title='bbox 708 2700 749 2727; x_wconf 66' lang='lat' dir='ltr'>V.</span> <span class='ocrx_word' id='word_1_200' title='bbox 774 2687 842 2727; x_wconf 83' lang='lat'>48.</span> <span class='ocrx_word' id='word_1_201' title='bbox 873 2711 918 2715; x_wconf 91' lang='lat'>—</span> <span class='ocrx_word' id='word_1_202' title='bbox 943 2688 1083 2737; x_wconf 85' lang='lat' dir='ltr'>venas]</span> 
     </span>
     <span class='ocr_line' id='line_1_37' title="bbox 201 2752 1082 2800; baseline -0.003 -8"><span class='ocrx_word' id='word_1_203' title='bbox 201 2754 250 2792; x_wconf 92' lang='lat' dir='ltr'>ut</span> <span class='ocrx_word' id='word_1_204' title='bbox 292 2754 414 2792; x_wconf 91' lang='lat' dir='ltr'>Pers.</span> <span class='ocrx_word' id='word_1_205' title='bbox 457 2752 505 2800; x_wconf 88' lang='lat'>6,</span> <span class='ocrx_word' id='word_1_206' title='bbox 553 2752 630 2790; x_wconf 76' lang='lat'>72:</span> <span class='ocrx_word' id='word_1_207' title='bbox 682 2761 1082 2790; x_wconf 82' lang='lat' dir='ltr'>morosa-—vena.</span> 
     </span>
     <span class='ocr_line' id='line_1_38' title="bbox 200 2813 1086 2864; baseline -0.003 -10"><span class='ocrx_word' id='word_1_208' title='bbox 200 2813 361 2854; x_wconf 91' lang='lat' dir='ltr'>Plurali</span> <span class='ocrx_word' id='word_1_209' title='bbox 391 2816 542 2854; x_wconf 86' lang='lat' dir='ltr'>autem</span> <span class='ocrx_word' id='word_1_210' title='bbox 571 2815 726 2862; x_wconf 88' lang='lat' dir='ltr'>utitur,</span> <span class='ocrx_word' id='word_1_211' title='bbox 762 2814 864 2864; x_wconf 88' lang='lat' dir='ltr'>quia</span> <span class='ocrx_word' id='word_1_212' title='bbox 895 2824 1086 2863; x_wconf 86' lang='lat' dir='ltr'>genera-</span> 
     </span>
     <span class='ocr_line' id='line_1_39' title="bbox 202 2876 1087 2926; baseline -0.005 -8"><span class='ocrx_word' id='word_1_213' title='bbox 202 2878 253 2919; x_wconf 86' lang='lat' dir='ltr'>lis</span> <span class='ocrx_word' id='word_1_214' title='bbox 284 2880 351 2918; x_wconf 90' lang='lat' dir='ltr'>est</span> <span class='ocrx_word' id='word_1_215' title='bbox 389 2878 628 2926; x_wconf 86' lang='lat' dir='ltr'>sententia,</span> <span class='ocrx_word' id='word_1_216' title='bbox 677 2877 733 2916; x_wconf 91' lang='lat' dir='ltr'>ad</span> <span class='ocrx_word' id='word_1_217' title='bbox 764 2886 922 2917; x_wconf 91' lang='lat' dir='ltr'>omnes</span> <span class='ocrx_word' id='word_1_218' title='bbox 960 2876 1087 2914; x_wconf 85' lang='lat' dir='ltr'>iuve-</span> 
     </span>
     <span class='ocr_line' id='line_1_40' title="bbox 203 2939 1086 2992; baseline -0.006 -11"><span class='ocrx_word' id='word_1_219' title='bbox 203 2952 283 2981; x_wconf 91' lang='lat' dir='ltr'>nes</span> <span class='ocrx_word' id='word_1_220' title='bbox 322 2941 566 2992; x_wconf 89' lang='lat' dir='ltr'>pertinens.</span> <span class='ocrx_word' id='word_1_221' title='bbox 604 2963 648 2968; x_wconf 95' lang='lat'>—</span> <span class='ocrx_word' id='word_1_222' title='bbox 682 2939 937 2988; x_wconf 78' lang='lat' dir='ltr'>descendere]</span> <span class='ocrx_word' id='word_1_223' title='bbox 979 2939 1086 2977; x_wconf 90' lang='lat' dir='ltr'>For-</span> 
     </span>
     <span class='ocr_line' id='line_1_41' title="bbox 202 3000 1081 3049; baseline -0.006 -6"><span class='ocrx_word' id='word_1_224' title='bbox 202 3004 325 3043; x_wconf 88' lang='lat' dir='ltr'>nices</span> <span class='ocrx_word' id='word_1_225' title='bbox 366 3003 435 3042; x_wconf 91' lang='lat' dir='ltr'>isti</span> <span class='ocrx_word' id='word_1_226' title='bbox 474 3003 598 3041; x_wconf 86' lang='lat' dir='ltr'>erant</span> <span class='ocrx_word' id='word_1_227' title='bbox 634 3000 771 3042; x_wconf 87' lang='lat' dir='ltr'>cellae</span> <span class='ocrx_word' id='word_1_228' title='bbox 804 3002 1081 3049; x_wconf 87' lang='lat' dir='ltr'>cameratae,</span> 
     </span>
     <span class='ocr_line' id='line_1_42' title="bbox 202 3062 1082 3115; baseline -0.006 -10"><span class='ocrx_word' id='word_1_229' title='bbox 202 3069 245 3106; x_wconf 88' lang='lat' dir='ltr'>in</span> <span class='ocrx_word' id='word_1_230' title='bbox 277 3068 443 3105; x_wconf 89' lang='lat' dir='ltr'>terram</span> <span class='ocrx_word' id='word_1_231' title='bbox 476 3064 733 3115; x_wconf 90' lang='lat' dir='ltr'>depressae.</span> <span class='ocrx_word' id='word_1_232' title='bbox 773 3086 816 3093; x_wconf 83' lang='lat'>—-</span> <span class='ocrx_word' id='word_1_233' title='bbox 839 3062 1082 3113; x_wconf 79' lang='lat' dir='ltr'>Permolere]</span> 
     </span>
     <span class='ocr_line' id='line_1_43' title="bbox 202 3125 1086 3175; baseline -0.006 -7"><span class='ocrx_word' id='word_1_234' title='bbox 202 3127 393 3168; x_wconf 87' lang='lat' dir='ltr'>Lucilius</span> <span class='ocrx_word' id='word_1_235' title='bbox 425 3128 474 3175; x_wconf 80' lang='lat'>7,</span> <span class='ocrx_word' id='word_1_236' title='bbox 510 3127 581 3165; x_wconf 72' lang='lat'>40:</span> <span class='ocrx_word' id='word_1_237' title='bbox 613 3127 733 3165; x_wconf 85' lang='lat' dir='ltr'>Hunc</span> <span class='ocrx_word' id='word_1_238' title='bbox 762 3126 936 3173; x_wconf 79' lang='lat' dir='ltr'>molere,</span> <span class='ocrx_word' id='word_1_239' title='bbox 968 3125 1086 3163; x_wconf 80' lang='lat' dir='ltr'>illam</span> 
     </span>
     <span class='ocr_line' id='line_1_44' title="bbox 203 3188 1086 3241; baseline -0.003 -12"><span class='ocrx_word' id='word_1_240' title='bbox 203 3195 246 3230; x_wconf 80' lang='lat' dir='ltr'>ut</span> <span class='ocrx_word' id='word_1_241' title='bbox 264 3190 520 3241; x_wconf 82' lang='lat' dir='ltr'>frumentum</span> <span class='ocrx_word' id='word_1_242' title='bbox 541 3200 722 3227; x_wconf 80' lang='lat' dir='ltr'>vannere</span> <span class='ocrx_word' id='word_1_243' title='bbox 742 3192 829 3227; x_wconf 75' lang='lat' dir='ltr'>tum</span> <span class='ocrx_word' id='word_1_244' title='bbox 848 3188 924 3226; x_wconf 72' lang='lat' dir='ltr'>vis.</span> <span class='ocrx_word' id='word_1_245' title='bbox 956 3189 1086 3226; x_wconf 88' lang='lat' dir='ltr'>Pom—</span> 
     </span>
     <span class='ocr_line' id='line_1_45' title="bbox 202 3250 1084 3305; baseline -0.006 -12"><span class='ocrx_word' id='word_1_246' title='bbox 202 3254 360 3305; x_wconf 90' lang='lat' dir='ltr'>ponius</span> <span class='ocrx_word' id='word_1_247' title='bbox 404 3252 545 3292; x_wconf 88' lang='lat' dir='ltr'>Bothii</span> <span class='ocrx_word' id='word_1_248' title='bbox 575 3263 618 3303; x_wconf 89' lang='lat' dir='ltr'>p.</span> <span class='ocrx_word' id='word_1_249' title='bbox 654 3251 753 3290; x_wconf 45' lang='lat' dir='ltr'>1lvl3:</span> <span class='ocrx_word' id='word_1_250' title='bbox 802 3250 947 3290; x_wconf 80' lang='lat' dir='ltr'>Nescio</span> <span class='ocrx_word' id='word_1_251' title='bbox 993 3250 1084 3299; x_wconf 82' lang='lat' dir='ltr'>quis</span> 
     </span>
     <span class='ocr_line' id='line_1_46' title="bbox 201 3313 1081 3365; baseline -0.006 -11"><span class='ocrx_word' id='word_1_252' title='bbox 201 3319 322 3365; x_wconf 71' lang='lat' dir='ltr'>uryet</span> <span class='ocrx_word' id='word_1_253' title='bbox 342 3315 466 3354; x_wconf 81' lang='lat' dir='ltr'>ellam</span> <span class='ocrx_word' id='word_1_254' title='bbox 488 3325 573 3364; x_wconf 83' lang='lat' dir='ltr'>qua</span> <span class='ocrx_word' id='word_1_255' title='bbox 587 3313 730 3352; x_wconf 80' lang='lat' dir='ltr'>asinus</span> <span class='ocrx_word' id='word_1_256' title='bbox 749 3323 927 3351; x_wconf 60' lang='lat' dir='ltr'>‘imorem</span> <span class='ocrx_word' id='word_1_257' title='bbox 947 3315 1081 3357; x_wconf 81' lang='lat' dir='ltr'>tuam:</span> 
     </span>
     <span class='ocr_line' id='line_1_47' title="bbox 204 3374 1086 3427; baseline -0.006 -11"><span class='ocrx_word' id='word_1_258' title='bbox 204 3378 267 3416; x_wconf 79' lang='lat' dir='ltr'>Ita</span> <span class='ocrx_word' id='word_1_259' title='bbox 296 3378 424 3416; x_wconf 80' lang='lat' dir='ltr'>oculis</span> <span class='ocrx_word' id='word_1_260' title='bbox 451 3376 603 3427; x_wconf 80' lang='lat' dir='ltr'>opertis</span> <span class='ocrx_word' id='word_1_261' title='bbox 630 3376 770 3415; x_wconf 81' lang='lat' dir='ltr'>simitu</span> <span class='ocrx_word' id='word_1_262' title='bbox 800 3374 1086 3413; x_wconf 76' lang='lat' dir='ltr'>manducatur</span> 
     </span>
    </p>
   </div>
   <div class='ocr_carea' id='block_1_19' title="bbox 204 3434 1600 3486">
    <p class='ocr_par' dir='ltr' id='par_1_19' title="bbox 204 3434 1600 3486">
     <span class='ocr_line' id='line_1_48' title="bbox 204 3434 1600 3486; baseline -0.003 -9"><span class='ocrx_word' id='word_1_263' title='bbox 204 3449 254 3477; x_wconf 85' lang='lat' dir='ltr'>ae</span> <span class='ocrx_word' id='word_1_264' title='bbox 282 3439 411 3478; x_wconf 81' lang='lat' dir='ltr'>molit.</span> <span class='ocrx_word' id='word_1_265' title='bbox 472 3440 644 3478; x_wconf 89' lang='lat' dir='ltr'>Petron.</span> <span class='ocrx_word' id='word_1_266' title='bbox 679 3436 745 3476; x_wconf 66' lang='lat'>23.</span> <span class='ocrx_word' id='word_1_267' title='bbox 776 3437 824 3475; x_wconf 77' lang='lat' dir='ltr'>V.</span> <span class='ocrx_word' id='word_1_268' title='bbox 860 3435 1082 3475; x_wconf 89' lang='lat' dir='ltr'>comicum</span> <span class='ocrx_word' id='word_1_269' title='bbox 1111 3445 1115 3486; x_wconf 63' lang='lat' dir='ltr'>f</span> <span class='ocrx_word' id='word_1_270' title='bbox 1144 3446 1246 3475; x_wconf 89' lang='lat' dir='ltr'>rum</span> <span class='ocrx_word' id='word_1_271' title='bbox 1293 3434 1600 3475; x_wconf 87' lang='lat' dir='ltr'>concubitus.»</span> 
     </span>
    </p>
   </div>
   <div class='ocr_carea' id='block_1_20' title="bbox 1143 1492 2036 3360">
    <p class='ocr_par' dir='ltr' id='par_1_20' title="bbox 1143 1492 2036 3360">
     <span class='ocr_line' id='line_1_49' title="bbox 1147 1492 2028 1547; baseline -0.005 -10"><span class='ocrx_word' id='word_1_272' title='bbox 1147 1496 1202 1537; x_wconf 90' lang='lat' dir='ltr'>de</span> <span class='ocrx_word' id='word_1_273' title='bbox 1243 1497 1381 1544; x_wconf 85' lang='lat' dir='ltr'>coitu,</span> <span class='ocrx_word' id='word_1_274' title='bbox 1427 1497 1475 1534; x_wconf 90' lang='lat' dir='ltr'>ut</span> <span class='ocrx_word' id='word_1_275' title='bbox 1516 1492 1716 1547; x_wconf 71' lang='grc' dir='ltr'><em>μύλλειν</em></span> <span class='ocrx_word' id='word_1_276' title='bbox 1760 1493 1947 1533; x_wconf 88' lang='lat' dir='ltr'>Theocr.</span> <span class='ocrx_word' id='word_1_277' title='bbox 1981 1492 2028 1540; x_wconf 74' lang='lat'>4,</span> 
     </span>
     <span class='ocr_line' id='line_1_50' title="bbox 1147 1556 2031 1609; baseline -0.002 -11"><span class='ocrx_word' id='word_1_278' title='bbox 1147 1559 1213 1599; x_wconf 79' lang='lat'>58.</span> <span class='ocrx_word' id='word_1_279' title='bbox 1257 1558 1451 1598; x_wconf 75' lang='lat' dir='ltr'>dedature</span> <span class='ocrx_word' id='word_1_280' title='bbox 1490 1556 1617 1609; x_wconf 83' lang='lat' dir='ltr'>Apul.</span> <span class='ocrx_word' id='word_1_281' title='bbox 1650 1558 1752 1597; x_wconf 86' lang='lat' dir='ltr'>Met.</span> <span class='ocrx_word' id='word_1_282' title='bbox 1786 1557 1834 1605; x_wconf 85' lang='lat'>9,</span> <span class='ocrx_word' id='word_1_283' title='bbox 1878 1557 1917 1596; x_wconf 80' lang='lat'>7.</span> <span class='ocrx_word' id='word_1_284' title='bbox 1967 1557 2031 1596; x_wconf 90' lang='lat' dir='ltr'>De</span> 
     </span>
     <span class='ocr_line' id='line_1_51' title="bbox 1145 1618 2031 1661; baseline -0.003 0"><span class='ocrx_word' id='word_1_285' title='bbox 1145 1620 1354 1661; x_wconf 85' lang='lat' dir='ltr'>liberiore</span> <span class='ocrx_word' id='word_1_286' title='bbox 1404 1620 1659 1660; x_wconf 87' lang='lat' dir='ltr'>huiusmodi</span> <span class='ocrx_word' id='word_1_287' title='bbox 1706 1618 2031 1659; x_wconf 87' lang='lat' dir='ltr'>vocabulorum</span> 
     </span>
     <span class='ocr_line' id='line_1_52' title="bbox 1146 1679 2034 1741; baseline -0.003 -17"><span class='ocrx_word' id='word_1_288' title='bbox 1146 1679 1447 1741; x_wconf 73' lang='grc' dir='ltr'><em>ἀφροδισίων</em></span> <span class='ocrx_word' id='word_1_289' title='bbox 1495 1693 1580 1722; x_wconf 92' lang='lat' dir='ltr'>usu</span> <span class='ocrx_word' id='word_1_290' title='bbox 1629 1682 1917 1722; x_wconf 87' lang='lat' dir='ltr'>iudicandum</span> <span class='ocrx_word' id='word_1_291' title='bbox 1964 1684 2034 1722; x_wconf 89' lang='lat' dir='ltr'>est</span> 
     </span>
     <span class='ocr_line' id='line_1_53' title="bbox 1149 1744 2032 1795; baseline -0.002 -9"><span class='ocrx_word' id='word_1_292' title='bbox 1149 1759 1202 1787; x_wconf 77' lang='lat' dir='ltr'>ex</span> <span class='ocrx_word' id='word_1_293' title='bbox 1233 1745 1377 1786; x_wconf 91' lang='lat' dir='ltr'>indole</span> <span class='ocrx_word' id='word_1_294' title='bbox 1416 1744 1666 1785; x_wconf 88' lang='lat' dir='ltr'>fabularum</span> <span class='ocrx_word' id='word_1_295' title='bbox 1705 1747 1958 1795; x_wconf 86' lang='lat' dir='ltr'>togatarum</span> <span class='ocrx_word' id='word_1_296' title='bbox 1989 1747 2032 1784; x_wconf 89' lang='lat' dir='ltr'>et</span> 
     </span>
     <span class='ocr_line' id='line_1_54' title="bbox 1148 1807 2035 1861; baseline -0.003 -12"><span class='ocrx_word' id='word_1_297' title='bbox 1148 1810 1365 1861; x_wconf 88' lang='lat' dir='ltr'>imprimis</span> <span class='ocrx_word' id='word_1_298' title='bbox 1403 1808 1563 1848; x_wconf 90' lang='lat' dir='ltr'>satirae</span> <span class='ocrx_word' id='word_1_299' title='bbox 1604 1807 1876 1852; x_wconf 88' lang='lat' dir='ltr'>Lucilianae;</span> <span class='ocrx_word' id='word_1_300' title='bbox 1919 1807 2035 1847; x_wconf 88' lang='lat' dir='ltr'>inter</span> 
     </span>
     <span class='ocr_line' id='line_1_55' title="bbox 1147 1869 2033 1912; baseline -0.002 0"><span class='ocrx_word' id='word_1_301' title='bbox 1147 1873 1421 1912; x_wconf 85' lang='lat' dir='ltr'>recentiores</span> <span class='ocrx_word' id='word_1_302' title='bbox 1440 1870 1602 1910; x_wconf 88' lang='lat' dir='ltr'>eadem</span> <span class='ocrx_word' id='word_1_303' title='bbox 1622 1869 1796 1910; x_wconf 88' lang='lat' dir='ltr'>licentia</span> <span class='ocrx_word' id='word_1_304' title='bbox 1816 1880 2033 1910; x_wconf 84' lang='lat' dir='ltr'>concessa</span> 
     </span>
     <span class='ocr_line' id='line_1_56' title="bbox 1148 1933 2036 1984; baseline -0.001 -9"><span class='ocrx_word' id='word_1_305' title='bbox 1148 1935 1226 1975; x_wconf 89' lang='lat' dir='ltr'>fuit</span> <span class='ocrx_word' id='word_1_306' title='bbox 1256 1935 1414 1974; x_wconf 89' lang='lat' dir='ltr'>Bernio</span> <span class='ocrx_word' id='word_1_307' title='bbox 1443 1934 1628 1984; x_wconf 84' lang='lat' dir='ltr'>eiusque</span> <span class='ocrx_word' id='word_1_308' title='bbox 1660 1933 1958 1974; x_wconf 85' lang='lat' dir='ltr'>imitatoribus</span> <span class='ocrx_word' id='word_1_309' title='bbox 1991 1936 2036 1974; x_wconf 87' lang='lat' dir='ltr'>et</span> 
     </span>
     <span class='ocr_line' id='line_1_57' title="bbox 1148 1997 2032 2048; baseline 0.001 -12"><span class='ocrx_word' id='word_1_310' title='bbox 1148 1998 1255 2037; x_wconf 91' lang='lat' dir='ltr'>Lud.</span> <span class='ocrx_word' id='word_1_311' title='bbox 1277 1998 1523 2048; x_wconf 83' lang='lat' dir='ltr'>SergardiO.</span> <span class='ocrx_word' id='word_1_312' title='bbox 1564 1998 1867 2037; x_wconf 88' lang='lat' dir='ltr'>Romanorum</span> <span class='ocrx_word' id='word_1_313' title='bbox 1888 1997 1944 2037; x_wconf 90' lang='lat' dir='ltr'>de</span> <span class='ocrx_word' id='word_1_314' title='bbox 1966 1999 2032 2037; x_wconf 89' lang='lat' dir='ltr'>to-</span> 
     </span>
     <span class='ocr_line' id='line_1_58' title="bbox 1147 2059 2033 2111; baseline 0 -12"><span class='ocrx_word' id='word_1_315' title='bbox 1147 2062 1189 2099; x_wconf 88' lang='lat' dir='ltr'>ta</span> <span class='ocrx_word' id='word_1_316' title='bbox 1241 2061 1326 2100; x_wconf 89' lang='lat' dir='ltr'>hac</span> <span class='ocrx_word' id='word_1_317' title='bbox 1370 2071 1417 2099; x_wconf 90' lang='lat' dir='ltr'>re</span> <span class='ocrx_word' id='word_1_318' title='bbox 1463 2061 1717 2111; x_wconf 90' lang='lat' dir='ltr'>opinionem</span> <span class='ocrx_word' id='word_1_319' title='bbox 1769 2061 1837 2100; x_wconf 91' lang='lat' dir='ltr'>his</span> <span class='ocrx_word' id='word_1_320' title='bbox 1883 2059 2033 2100; x_wconf 87' lang='lat' dir='ltr'>verbis</span> 
     </span>
     <span class='ocr_line' id='line_1_59' title="bbox 1149 2121 2028 2174; baseline -0.001 -12"><span class='ocrx_word' id='word_1_321' title='bbox 1149 2122 1407 2174; x_wconf 77' lang='lat' dir='ltr'>complexus</span> <span class='ocrx_word' id='word_1_322' title='bbox 1449 2125 1516 2163; x_wconf 85' lang='lat' dir='ltr'>est</span> <span class='ocrx_word' id='word_1_323' title='bbox 1555 2122 1733 2163; x_wconf 91' lang='lat' dir='ltr'>Plautus</span> <span class='ocrx_word' id='word_1_324' title='bbox 1776 2121 1953 2163; x_wconf 85' lang='lat' dir='ltr'>Curcul.</span> <span class='ocrx_word' id='word_1_325' title='bbox 1987 2135 2028 2161; x_wconf 82' lang='lat' dir='ltr'>v.</span> 
     </span>
     <span class='ocr_line' id='line_1_60' title="bbox 1149 2184 2035 2235; baseline -0.001 -10"><span class='ocrx_word' id='word_1_326' title='bbox 1149 2185 1223 2225; x_wconf 80' lang='lat'>35:</span> <span class='ocrx_word' id='word_1_327' title='bbox 1248 2187 1377 2225; x_wconf 81' lang='lat' dir='ltr'>Nemo</span> <span class='ocrx_word' id='word_1_328' title='bbox 1400 2186 1460 2225; x_wconf 80' lang='lat' dir='ltr'>ire</span> <span class='ocrx_word' id='word_1_329' title='bbox 1482 2196 1733 2235; x_wconf 79' lang='lat' dir='ltr'>quemquam</span> <span class='ocrx_word' id='word_1_330' title='bbox 1746 2184 1919 2233; x_wconf 78' lang='lat' dir='ltr'>publica</span> <span class='ocrx_word' id='word_1_331' title='bbox 1933 2196 2035 2234; x_wconf 77' lang='lat' dir='ltr'>pro-</span> 
     </span>
     <span class='ocr_line' id='line_1_61' title="bbox 1149 2248 2033 2298; baseline 0 -12"><span class='ocrx_word' id='word_1_332' title='bbox 1149 2248 1255 2288; x_wconf 79' lang='lat' dir='ltr'>hibet</span> <span class='ocrx_word' id='word_1_333' title='bbox 1282 2249 1367 2287; x_wconf 72' lang='lat' dir='ltr'>via.</span> <span class='ocrx_word' id='word_1_334' title='bbox 1428 2249 1542 2287; x_wconf 81' lang='lat' dir='ltr'>Dum</span> <span class='ocrx_word' id='word_1_335' title='bbox 1562 2259 1612 2287; x_wconf 82' lang='lat' dir='ltr'>ne</span> <span class='ocrx_word' id='word_1_336' title='bbox 1634 2259 1715 2297; x_wconf 80' lang='lat' dir='ltr'>per</span> <span class='ocrx_word' id='word_1_337' title='bbox 1739 2248 1916 2298; x_wconf 84' lang='lat' dir='ltr'>fundum</span> <span class='ocrx_word' id='word_1_338' title='bbox 1937 2258 2033 2286; x_wconf 86' lang='lat' dir='ltr'>sae-</span> 
     </span>
     <span class='ocr_line' id='line_1_62' title="bbox 1143 2310 2035 2362; baseline -0.001 -12"><span class='ocrx_word' id='word_1_339' title='bbox 1143 2316 1266 2361; x_wconf 76' lang='lat' dir='ltr'>ptum</span> <span class='ocrx_word' id='word_1_340' title='bbox 1293 2311 1429 2362; x_wconf 79' lang='lat' dir='ltr'>facias</span> <span class='ocrx_word' id='word_1_341' title='bbox 1457 2311 1670 2359; x_wconf 76' lang='lat' dir='ltr'>semitam,</span> <span class='ocrx_word' id='word_1_342' title='bbox 1704 2311 1818 2349; x_wconf 80' lang='lat' dir='ltr'>Dum</span> <span class='ocrx_word' id='word_1_343' title='bbox 1847 2314 1924 2350; x_wconf 76' lang='lat' dir='ltr'>tete</span> <span class='ocrx_word' id='word_1_344' title='bbox 1945 2310 2035 2349; x_wconf 83' lang='lat' dir='ltr'>abs—</span> 
     </span>
     <span class='ocr_line' id='line_1_63' title="bbox 1150 2373 2033 2424; baseline -0.001 -11"><span class='ocrx_word' id='word_1_345' title='bbox 1150 2374 1284 2413; x_wconf 79' lang='lat' dir='ltr'>tineas</span> <span class='ocrx_word' id='word_1_346' title='bbox 1320 2378 1477 2423; x_wconf 75' lang='lat' dir='ltr'>nupta,</span> <span class='ocrx_word' id='word_1_347' title='bbox 1528 2373 1681 2422; x_wconf 73' lang='lat' dir='ltr'>vidua,</span> <span class='ocrx_word' id='word_1_348' title='bbox 1732 2373 1915 2424; x_wconf 60' lang='lat' dir='ltr'>virgine,</span> <span class='ocrx_word' id='word_1_349' title='bbox 1961 2374 2033 2412; x_wconf 88' lang='lat' dir='ltr'>Iu-</span> 
     </span>
     <span class='ocr_line' id='line_1_64' title="bbox 1150 2436 2034 2486; baseline 0 -11"><span class='ocrx_word' id='word_1_350' title='bbox 1150 2440 1314 2476; x_wconf 78' lang='lat' dir='ltr'>ventute</span> <span class='ocrx_word' id='word_1_351' title='bbox 1343 2441 1380 2476; x_wconf 80' lang='lat' dir='ltr'>et</span> <span class='ocrx_word' id='word_1_352' title='bbox 1416 2437 1562 2486; x_wconf 78' lang='lat' dir='ltr'>pueris</span> <span class='ocrx_word' id='word_1_353' title='bbox 1591 2437 1751 2476; x_wconf 77' lang='lat' dir='ltr'>liberis:</span> <span class='ocrx_word' id='word_1_354' title='bbox 1796 2447 1897 2476; x_wconf 84' lang='lat' dir='ltr'>ama</span> <span class='ocrx_word' id='word_1_355' title='bbox 1934 2436 2034 2486; x_wconf 79' lang='lat' dir='ltr'>quid</span> 
     </span>
     <span class='ocr_line' id='line_1_65' title="bbox 1151 2498 2033 2550; baseline -0.001 -11"><span class='ocrx_word' id='word_1_356' title='bbox 1151 2500 1271 2539; x_wconf 81' lang='lat' dir='ltr'>lubet.</span> <span class='ocrx_word' id='word_1_357' title='bbox 1323 2523 1366 2527; x_wconf 97' lang='lat'><strong>—</strong></span> <span class='ocrx_word' id='word_1_358' title='bbox 1419 2499 1651 2550; x_wconf 77' lang='lat' dir='ltr'>laudarier]</span> <span class='ocrx_word' id='word_1_359' title='bbox 1698 2500 1790 2538; x_wconf 88' lang='lat' dir='ltr'>Hac</span> <span class='ocrx_word' id='word_1_360' title='bbox 1832 2498 2033 2538; x_wconf 87' lang='lat' dir='ltr'>infinitivi</span> 
     </span>
     <span class='ocr_line' id='line_1_66' title="bbox 1151 2560 2028 2612; baseline 0 -12"><span class='ocrx_word' id='word_1_361' title='bbox 1151 2562 1293 2601; x_wconf 83' lang='lat' dir='ltr'>forma</span> <span class='ocrx_word' id='word_1_362' title='bbox 1320 2562 1500 2612; x_wconf 78' lang='lat' dir='ltr'>antiqua</span> <span class='ocrx_word' id='word_1_363' title='bbox 1530 2562 1667 2600; x_wconf 88' lang='lat' dir='ltr'>utitur</span> <span class='ocrx_word' id='word_1_364' title='bbox 1698 2562 1833 2600; x_wconf 88' lang='lat' dir='ltr'>etiam</span> <span class='ocrx_word' id='word_1_365' title='bbox 1855 2560 1965 2600; x_wconf 87' lang='lat' dir='ltr'>infra</span> <span class='ocrx_word' id='word_1_366' title='bbox 1987 2572 2028 2600; x_wconf 76' lang='lat' dir='ltr'>v,</span> 
     </span>
     <span class='ocr_line' id='line_1_67' title="bbox 1150 2622 2028 2674; baseline -0.002 -10"><span class='ocrx_word' id='word_1_367' title='bbox 1150 2624 1216 2664; x_wconf 77' lang='lat'>78.</span> <span class='ocrx_word' id='word_1_368' title='bbox 1252 2625 1337 2663; x_wconf 87' lang='lat' dir='ltr'>Sat.</span> <span class='ocrx_word' id='word_1_369' title='bbox 1372 2625 1418 2672; x_wconf 68' lang='grc' dir='ltr'>Ξ,</span> <span class='ocrx_word' id='word_1_370' title='bbox 1453 2624 1502 2673; x_wconf 90' lang='lat'>8,</span> <span class='ocrx_word' id='word_1_371' title='bbox 1537 2624 1602 2663; x_wconf 80' lang='lat'>67.</span> <span class='ocrx_word' id='word_1_372' title='bbox 1664 2624 1772 2674; x_wconf 92' lang='lat' dir='ltr'>Epp.</span> <span class='ocrx_word' id='word_1_373' title='bbox 1798 2624 1847 2672; x_wconf 70' lang='lat'>2,</span> <span class='ocrx_word' id='word_1_374' title='bbox 1883 2624 1927 2671; x_wconf 73' lang='lat'>4,</span> <span class='ocrx_word' id='word_1_375' title='bbox 1962 2622 2028 2664; x_wconf 73' lang='lat'>94.</span> 
     </span>
     <span class='ocr_line' id='line_1_68' title="bbox 1149 2684 2034 2736; baseline -0.005 -9"><span class='ocrx_word' id='word_1_376' title='bbox 1149 2688 1196 2735; x_wconf 71' lang='lat'>⁶2,</span> <span class='ocrx_word' id='word_1_377' title='bbox 1232 2688 1277 2734; x_wconf 70' lang='lat'>³2,</span> <span class='ocrx_word' id='word_1_378' title='bbox 1313 2685 1405 2726; x_wconf 71' lang='lat'>448.</span> <span class='ocrx_word' id='word_1_379' title='bbox 1443 2707 1489 2714; x_wconf 89' lang='lat'><strong>—</strong></span> <span class='ocrx_word' id='word_1_380' title='bbox 1522 2685 1648 2724; x_wconf 79' lang='lat' dir='ltr'>cunni</span> <span class='ocrx_word' id='word_1_381' title='bbox 1669 2684 1765 2736; x_wconf 82' lang='lat' dir='ltr'>albi]</span> <span class='ocrx_word' id='word_1_382' title='bbox 1800 2685 2034 2736; x_wconf 85' lang='lat' dir='ltr'>«Respexit</span> 
     </span>
     <span class='ocr_line' id='line_1_69' title="bbox 1150 2747 2033 2798; baseline -0.002 -10"><span class='ocrx_word' id='word_1_383' title='bbox 1150 2749 1206 2788; x_wconf 91' lang='lat' dir='ltr'>ad</span> <span class='ocrx_word' id='word_1_384' title='bbox 1236 2747 1395 2789; x_wconf 89' lang='lat' dir='ltr'>stolam</span> <span class='ocrx_word' id='word_1_385' title='bbox 1434 2747 1690 2796; x_wconf 88' lang='lat' dir='ltr'>candidam,</span> <span class='ocrx_word' id='word_1_386' title='bbox 1739 2758 1826 2798; x_wconf 89' lang='lat' dir='ltr'>qua</span> <span class='ocrx_word' id='word_1_387' title='bbox 1864 2747 2033 2787; x_wconf 87' lang='lat' dir='ltr'>vestie-</span> 
     </span>
     <span class='ocr_line' id='line_1_70' title="bbox 1147 2810 2032 2858; baseline -0.001 -7"><span class='ocrx_word' id='word_1_388' title='bbox 1147 2811 1311 2851; x_wconf 87' lang='lat' dir='ltr'>bantur</span> <span class='ocrx_word' id='word_1_389' title='bbox 1341 2813 1592 2858; x_wconf 90' lang='lat' dir='ltr'>matronae;</span> <span class='ocrx_word' id='word_1_390' title='bbox 1635 2821 1738 2849; x_wconf 88' lang='lat' dir='ltr'>nam</span> <span class='ocrx_word' id='word_1_391' title='bbox 1770 2810 2032 2850; x_wconf 87' lang='lat' dir='ltr'>meretrices</span> 
     </span>
     <span class='ocr_line' id='line_1_71' title="bbox 1149 2871 2032 2924; baseline -0.002 -11"><span class='ocrx_word' id='word_1_392' title='bbox 1149 2872 1378 2913; x_wconf 89' lang='lat' dir='ltr'>habebant</span> <span class='ocrx_word' id='word_1_393' title='bbox 1417 2874 1588 2924; x_wconf 82' lang='lat' dir='ltr'>nigram</span> <span class='ocrx_word' id='word_1_394' title='bbox 1628 2871 1710 2923; x_wconf 85' lang='lat' dir='ltr'>(vel</span> <span class='ocrx_word' id='word_1_395' title='bbox 1750 2873 1895 2924; x_wconf 90' lang='lat' dir='ltr'>potius</span> <span class='ocrx_word' id='word_1_396' title='bbox 1933 2871 2032 2924; x_wconf 86' lang='lat' dir='ltr'>pul-</span> 
     </span>
     <span class='ocr_line' id='line_1_72' title="bbox 1146 2935 2031 2987; baseline -0.002 -11"><span class='ocrx_word' id='word_1_397' title='bbox 1146 2936 1248 2987; x_wconf 87' lang='lat' dir='ltr'>lam)</span> <span class='ocrx_word' id='word_1_398' title='bbox 1272 2939 1490 2977; x_wconf 86' lang='lat' dir='ltr'>vestem.»</span> <span class='ocrx_word' id='word_1_399' title='bbox 1542 2936 1682 2975; x_wconf 65' lang='lat' dir='ltr'>Coun.</span> <span class='ocrx_word' id='word_1_400' title='bbox 1709 2936 1839 2981; x_wconf 72' lang='lat' dir='ltr'>Cimo.</span> <span class='ocrx_word' id='word_1_401' title='bbox 1876 2935 2031 2985; x_wconf 84' lang='lat' dir='ltr'>(Minus</span> 
     </span>
     <span class='ocr_line' id='line_1_73' title="bbox 1149 2996 2032 3051; baseline -0.003 -12"><span class='ocrx_word' id='word_1_402' title='bbox 1149 3000 1348 3051; x_wconf 88' lang='lat' dir='ltr'>apposite</span> <span class='ocrx_word' id='word_1_403' title='bbox 1394 3010 1437 3039; x_wconf 69' lang='lat' dir='ltr'>v,</span> <span class='ocrx_word' id='word_1_404' title='bbox 1470 2998 1554 3038; x_wconf 79' lang='lat' dir='ltr'>albi</span> <span class='ocrx_word' id='word_1_405' title='bbox 1598 2997 1653 3037; x_wconf 94' lang='lat' dir='ltr'>de</span> <span class='ocrx_word' id='word_1_406' title='bbox 1700 2996 1849 3037; x_wconf 90' lang='lat' dir='ltr'>colore</span> <span class='ocrx_word' id='word_1_407' title='bbox 1894 2998 2032 3048; x_wconf 90' lang='lat' dir='ltr'>ipsius</span> 
     </span>
     <span class='ocr_line' id='line_1_74' title="bbox 1147 3058 2031 3110; baseline -0.006 -8"><span class='ocrx_word' id='word_1_408' title='bbox 1147 3064 1400 3110; x_wconf 83' lang='lat' dir='ltr'>matronae,</span> <span class='ocrx_word' id='word_1_409' title='bbox 1434 3063 1483 3100; x_wconf 90' lang='lat' dir='ltr'>ut</span> <span class='ocrx_word' id='word_1_410' title='bbox 1514 3062 1582 3101; x_wconf 86' lang='lat' dir='ltr'>est</span> <span class='ocrx_word' id='word_1_411' title='bbox 1602 3071 1709 3101; x_wconf 88' lang='lat' dir='ltr'>saue</span> <span class='ocrx_word' id='word_1_412' title='bbox 1730 3071 1772 3099; x_wconf 87' lang='lat' dir='ltr'>v.</span> <span class='ocrx_word' id='word_1_413' title='bbox 1798 3058 1912 3108; x_wconf 62' lang='lat'>424„</span> <span class='ocrx_word' id='word_1_414' title='bbox 1943 3059 2031 3098; x_wconf 88' lang='lat' dir='ltr'>hoc</span> 
     </span>
     <span class='ocr_line' id='line_1_75' title="bbox 1148 3121 2030 3176; baseline -0.005 -12"><span class='ocrx_word' id='word_1_415' title='bbox 1148 3136 1327 3176; x_wconf 85' lang='lat' dir='ltr'>quoque</span> <span class='ocrx_word' id='word_1_416' title='bbox 1348 3123 1446 3163; x_wconf 86' lang='lat' dir='ltr'>loco</span> <span class='ocrx_word' id='word_1_417' title='bbox 1469 3124 1672 3174; x_wconf 78' lang='lat' dir='ltr'>exposuit</span> <span class='ocrx_word' id='word_1_418' title='bbox 1689 3121 1871 3163; x_wconf 90' lang='lat' dir='ltr'>Schmid</span> <span class='ocrx_word' id='word_1_419' title='bbox 1887 3121 2030 3161; x_wconf 83' lang='lat' dir='ltr'>Schul-</span> 
     </span>
     <span class='ocr_line' id='line_1_76' title="bbox 1145 3183 2028 3238; baseline -0.005 -12"><span class='ocrx_word' id='word_1_420' title='bbox 1145 3192 1231 3238; x_wconf 70' lang='lat' dir='ltr'>th.</span> <span class='ocrx_word' id='word_1_421' title='bbox 1253 3186 1374 3227; x_wconf 74' lang='lat'>4832.</span> <span class='ocrx_word' id='word_1_422' title='bbox 1398 3197 1440 3237; x_wconf 92' lang='lat' dir='ltr'>p.</span> <span class='ocrx_word' id='word_1_423' title='bbox 1461 3186 1573 3236; x_wconf 67' lang='lat'>286.)</span> <span class='ocrx_word' id='word_1_424' title='bbox 1597 3209 1640 3214; x_wconf 42' lang='grc' dir='ltr'>-κ</span> <span class='ocrx_word' id='word_1_425' title='bbox 1662 3183 1926 3235; x_wconf 78' lang='lat' dir='ltr'>Cupiennius]</span> <span class='ocrx_word' id='word_1_426' title='bbox 1953 3183 2028 3222; x_wconf 92' lang='lat' dir='ltr'>«C.</span> 
     </span>
     <span class='ocr_line' id='line_1_77' title="bbox 1148 3246 2029 3301; baseline -0.007 -11"><span class='ocrx_word' id='word_1_427' title='bbox 1148 3249 1421 3301; x_wconf 90' lang='lat' dir='ltr'>Cupiennius</span> <span class='ocrx_word' id='word_1_428' title='bbox 1442 3248 1549 3288; x_wconf 92' lang='lat' dir='ltr'>Libo</span> <span class='ocrx_word' id='word_1_429' title='bbox 1572 3249 1798 3289; x_wconf 88' lang='lat' dir='ltr'>Cumanus</span> <span class='ocrx_word' id='word_1_430' title='bbox 1814 3278 1823 3295; x_wconf 91' lang='lat'>,</span> <span class='ocrx_word' id='word_1_431' title='bbox 1848 3246 2029 3296; x_wconf 82' lang='lat' dir='ltr'>Augusti</span> 
     </span>
     <span class='ocr_line' id='line_1_78' title="bbox 1146 3308 2032 3360; baseline -0.008 -8"><span class='ocrx_word' id='word_1_432' title='bbox 1146 3311 1438 3352; x_wconf 83' lang='lat' dir='ltr'>familiaritate</span> <span class='ocrx_word' id='word_1_433' title='bbox 1489 3310 1658 3360; x_wconf 88' lang='lat' dir='ltr'>clarus,</span> <span class='ocrx_word' id='word_1_434' title='bbox 1710 3308 1910 3360; x_wconf 89' lang='lat' dir='ltr'>corporis</span> <span class='ocrx_word' id='word_1_435' title='bbox 1963 3308 2032 3347; x_wconf 90' lang='lat' dir='ltr'>sui</span> 
     </span>
    </p>
   </div>
   <div class='ocr_carea' id='block_1_21' title="bbox 1146 3371 2029 3483">
    <p class='ocr_par' dir='ltr' id='par_1_21' title="bbox 1146 3371 2029 3483">
     <span class='ocr_line' id='line_1_79' title="bbox 1146 3371 2029 3424; baseline -0.006 -11"><span class='ocrx_word' id='word_1_436' title='bbox 1146 3373 1530 3424; x_wconf 81' lang='lat' dir='ltr'>diligentissimus,</span> <span class='ocrx_word' id='word_1_437' title='bbox 1579 3373 1773 3414; x_wconf 85' lang='lat' dir='ltr'>sectator</span> <span class='ocrx_word' id='word_1_438' title='bbox 1802 3371 2029 3410; x_wconf 88' lang='lat' dir='ltr'>matrona—</span> 
     </span>
     <span class='ocr_line' id='line_1_80' title="bbox 1660 3431 2028 3483; baseline -0.008 -10"><span class='ocrx_word' id='word_1_439' title='bbox 1660 3435 1814 3473; x_wconf 72' lang='lat' dir='ltr'>Ponrn.</span> <span class='ocrx_word' id='word_1_440' title='bbox 1877 3431 1939 3483; x_wconf 90' lang='lat' dir='ltr'>(L.</span> <span class='ocrx_word' id='word_1_441' title='bbox 1984 3434 2028 3471; x_wconf 85' lang='lat' dir='ltr'>et</span> 
     </span>
    </p>
   </div>
  </div>
 </body>
</html>
