2231 3787
860 269 957 307 LIB.
994 269 1021 307 1.
1076 268 1238 308 EPIST.
1271 269 1340 308 ΙΙΙ.

1918 266 2017 318 409

785 691 1229 741 EPISTOLA
1279 693 1411 742 111.

260 802 355 855 Iuli
396 801 576 865 Flore,
622 801 820 874 quibus
861 811 1127 856 terrarum
1165 801 1352 857 militet
1390 802 1499 856 oris

259 903 514 959 Claudius
554 905 775 976 Augusti
815 905 1117 976 privignUS‚
1160 905 1300 960 scire
1340 904 1544 959 laboro.

256 1006 529 1061 Thracane
568 1024 663 1061 vos
703 1007 1029 1079 Hebrusque
1068 1007 1227 1061 nivali
1267 1006 1533 1079 compede
1572 1006 1796 1070 vinctus⁷

240 1206 308 1245 111.
361 1202 521 1245 Iulium
561 1203 759 1253 Florum,
804 1203 1066 1245 familiarem

183 1278 336 1316 suum,
362 1269 467 1307 tunc
489 1268 704 1318 temporis
735 1267 849 1307 inter
879 1268 1065 1307 comites

182 1329 342 1370 Tiberii
390 1330 576 1370 Neronis
624 1341 662 1369 a.
705 1341 747 1369 u.
793 1341 831 1370 c.
874 1329 969 1370 734.
1021 1330 1065 1369 in

181 1392 406 1433 Orientem
437 1391 492 1432 ab
529 1394 726 1443 Augusto
764 1392 911 1440 missi,
960 1403 1066 1443 per-

181 1456 404 1504 contatur,
429 1454 537 1505 quid
558 1453 783 1502 Tiberius,
810 1454 917 1506 quid
939 1465 1065 1495 com-

183 1526 343 1557 munes
373 1517 526 1565 amici,
571 1516 677 1567 quid
718 1517 814 1570 ipse
845 1519 947 1568 agat
975 1517 1061 1570 (vv.

182 1579 343 1630 4-25.),
385 1579 443 1619 ad
473 1579 716 1631 sapientiae
748 1580 945 1621 studium
986 1592 1065 1621 ex—

181 1642 284 1682 citat
323 1641 405 1693 (vv.
440 1642 658 1693 25-30.),
705 1644 987 1695 postremum
1016 1645 1065 1684 ut

182 1717 286 1747 cum
317 1707 534 1756 Munatio,
569 1708 796 1747 communi
819 1708 986 1758 amico,
1019 1708 1064 1748 in

180 1769 368 1819 gratiam
414 1768 597 1819 redeat,
649 1770 792 1810 amice
843 1770 1059 1811 hortatur.

182 1832 263 1882 (vv.
288 1830 451 1882 30-35.)
498 1833 620 1872 ZELL.
666 1830 824 1873 «Iulius
854 1831 1007 1874 Florus
1039 1845 1062 1873 e

180 1893 408 1945 provincia
427 1893 607 1934 videtur
636 1893 797 1944 fuisse3
830 1906 936 1935 nam
957 1896 1066 1935 Cae-

179 1956 290 1996 saris
312 1956 539 1997 dictatoris
569 1956 791 1997 beneficio
812 1956 938 1997 multi
957 1968 1065 2010 pro-

179 2017 430 2059 vincialium
461 2020 528 2060 ius
551 2019 738 2059 civitatis
760 2019 932 2071 adepti,
965 2030 1066 2071 pro-

178 2081 334 2132 pterea
363 2081 408 2121 in
437 2092 603 2121 nomen
634 2082 776 2132 gentis
812 2081 947 2122 Iuliae
983 2093 1066 2122 ve-

180 2153 334 2182 nere.»
385 2144 512 2182 Tomi.
548 2144 669 2183 «Fuit
689 2145 931 2185 Satirarum
953 2145 1065 2184 scri-

180 2207 302 2256 ptor,
337 2205 461 2245 cuius
492 2207 596 2245 sunt
625 2205 794 2246 electae
824 2218 878 2246 ex
908 2208 1061 2256 Ennio,

178 2266 370 2317 Lucilio,
419 2268 663 2308 Varrone.»
727 2271 881 2309 PonPH.
949 2271 1062 2309 Sane

180 2329 286 2379 hoc,
322 2329 443 2381 quod
476 2329 607 2369 tradit
642 2331 911 2382 Porphyrio,
944 2331 1066 2370 veri-

180 2394 280 2434 tatis
311 2394 511 2445 speciem
531 2392 603 2433 vel
634 2393 734 2433 ideo
757 2393 910 2443 habet,
944 2393 1065 2444 quod

179 2456 252 2495 vix
294 2467 494 2507 unquam
539 2466 564 2494 a
609 2467 837 2507 quoquam
873 2455 1064 2506 confingi

179 2518 369 2568 poterat,
437 2517 564 2557 Haud
608 2517 964 2569 improbabiliter
1008 2519 1063 2558 de

183 2579 305 2619 Floro
338 2579 577 2631 disputavit
614 2582 899 2622 Weichertus
940 2583 1061 2622 Poet.

180 2643 269 2682 Lat.
294 2653 337 2694 p.
362 2642 440 2682 366
462 2653 576 2694 seq.,
608 2643 726 2683 unde
750 2654 878 2696 seqq.
904 2655 1065 2684 excer-

180 2705 375 2756 psimus:
412 2706 500 2745 «Ita
531 2705 802 2747 Scholiastae
832 2706 971 2747 verba
1002 2708 1066 2748 in-

182 2766 415 2817 telligenda
439 2778 538 2808 esse
570 2770 700 2819 puto,
734 2770 782 2808 ut
811 2768 988 2810 Florum
1011 2782 1065 2810 ex

180 2829 333 2879 Ennio,
353 2829 516 2870 Lucilio
534 2833 576 2870 et
591 2831 808 2883 Varrone,
829 2843 942 2884 quos
961 2844 1066 2873 con-

181 2892 266 2930 stat
282 2892 514 2942 scripsisse
531 2893 716 2943 Satiras,
736 2896 1064 2946 praestantiora

181 2953 379 2992 carmina
402 2953 589 3004 elegisse
613 2967 755 3007 eaque
779 2956 968 2998 fortasse
991 2969 1066 2999 an-

182 3013 395 3064 tiquitatis
439 3016 585 3066 rigore
630 3017 931 3071 sordibusque
963 3019 1066 3061 abs-

182 3076 310 3116 tersis
352 3078 396 3116 et
445 3079 751 3119 emendatiora
795 3083 840 3121 et
885 3081 1066 3134 elegan—

181 3139 293 3178 tiora
338 3138 531 3180 edidisse
576 3143 823 3184 statuamus
866 3144 960 3195 (vel
996 3145 1065 3185 di—

183 3211 283 3241 cam
323 3202 469 3253 potius
512 3202 557 3241 in
596 3213 648 3242 eo
690 3203 968 3256 elaborasse,
1015 3209 1065 3248 ut

182 3261 356 3304 illorum
397 3264 560 3304 Satiras
591 3267 788 3306 sermoni
827 3269 1064 3320 captuique

183 3325 437 3378 aequalium
474 3338 660 3367 suorum
695 3329 837 3379 magis
878 3329 1067 3382 adapta-

184 3388 279 3440 ret).
348 3390 460 3430 Hinc
500 3390 630 3441 igitur
671 3389 858 3431 fortasse
899 3392 1065 3434 factum

186 3452 254 3490 est
281 3453 329 3492 ut
367 3450 518 3492 Florus
557 3453 650 3504 ipse
682 3453 924 3494 Sat-irarum
953 3455 1066 3495 scri-

185 3512 285 3564 ptor
331 3513 672 3567 appellaretur.»
741 3514 866 3557 Idem
915 3516 1063 3558 autem

1130 1205 1387 1245 Weicherto
1407 1204 1583 1245 videtur
1604 1204 1775 1256 Florus,
1810 1216 1946 1257 quem
1969 1209 2016 1246 ut

1130 1267 1186 1306 M.
1211 1268 1353 1307 Porcii
1389 1268 1589 1308 Latronis
1627 1268 1879 1309 auditorem
1916 1280 2015 1309 me-

1130 1331 1275 1369 morat
1329 1331 1499 1370 Seneca
1556 1330 1765 1370 controv.
1813 1330 1859 1380 4,
1916 1332 2011 1380 ⁶25.,

1131 1402 1359 1444 quemque
1402 1394 1444 1433 in
1486 1391 1740 1444 eloquentia
1778 1392 2015 1435 Galliarum

1128 1456 1383 1507 principem
1403 1457 1536 1496 vocat
1557 1455 1731 1504 Quintil.
1758 1457 1831 1506 40,
1856 1457 1900 1506 3,
1927 1457 2012 1507 43.,

1131 1517 1513 1558 exstimulatorem
1554 1519 1825 1559 acerrimum
1863 1517 2016 1559 rebel—

1128 1579 1255 1621 lionis
1287 1581 1402 1621 inter
1432 1582 1650 1622 Treveros
1685 1581 1738 1633 (a.
1762 1593 1806 1621 u.
1834 1593 1873 1623 c.
1899 1581 2012 1632 774.)

1129 1644 1230 1683 Tac.
1263 1644 1375 1683 Ann.
1408 1643 1456 1693 3,
1497 1643 1564 1684 40.
1620 1644 1697 1695 <De
1738 1644 1824 1684 hoc
1862 1646 2013 1684 tamen

1130 1704 1333 1746 dubitare
1354 1705 1481 1746 licet:
1514 1707 1621 1746 tunc
1638 1707 1756 1746 enim
1777 1707 2015 1746 minimum

1128 1769 1251 1809 LXV.
1276 1780 1415 1809 annos
1446 1770 1575 1809 natus
1605 1768 1782 1819 fuisset,
1817 1780 1904 1820 qua
1935 1780 2014 1809 ae-

1128 1833 1218 1871 tate
1257 1833 1350 1872 tam
1380 1832 1565 1872 audacia
1595 1831 1775 1872 consilia
1808 1832 2013 1874 homines

1128 1893 1249 1933 haud
1285 1893 1412 1935 facile
1445 1905 1606 1946 capere
1640 1896 1685 1934 et
1715 1895 1901 1945 exsequi
1938 1905 2014 1935 so—

1127 1956 1250 2008 lent.)
1303 1958 1466 1998 Contra
1489 1958 1727 1998 somniavit
1755 1957 1915 1997 Titzius
1938 1958 2014 2009 qui

1129 2018 1306 2060 Florum
1335 2021 1597 2061 historicum
1627 2019 1783 2060 habuit
1810 2031 1891 2072 pro
1926 2020 2013 2060 hoc

1128 2081 1236 2123 Iulio
1273 2082 1415 2124 Floro.
1468 2084 1530 2124 Ex
1568 2084 1620 2123 iis
1658 2083 1811 2134 utique
1847 2083 2014 2123 Horatii

1128 2144 1418 2187 familiaribus
1439 2145 1536 2196 fuit,
1571 2157 1684 2198 quos
1706 2144 1763 2186 ob
1786 2147 2013 2197 ingenium

1129 2209 1263 2259 atque
1309 2209 1453 2250 studia
1502 2210 1676 2261 poetica
1724 2209 1843 2249 haud
1888 2210 2015 2261 parvi

1130 2271 1400 2311 aestimaret.
1455 2271 1542 2311 Cfr.
1577 2272 1687 2324 Epp.
1718 2272 1764 2320 ⁶2,
1797 2273 1838 2312 2.
1872 2283 2013 2324 prope

1130 2333 1348 2373 decennio
1395 2336 1497 2386 post
1545 2334 1660 2375 hanc
1709 2334 1766 2374 ad
1816 2335 2012 2376 eundem

1129 2395 1330 2435 missam.

1183 2459 1269 2498 2-5.
1303 2458 1514 2509 Claudius]
1537 2460 1763 2509 Augustus
1785 2460 2009 2502 Tiberium

1131 2530 1170 2559 a.
1201 2531 1244 2559 u.
1276 2531 1314 2560 c.
1346 2520 1440 2562 734.
1474 2522 1516 2561 in
1547 2522 1774 2561 Orientem
1810 2523 2007 2572 miserat,

1129 2583 1178 2621 ut
1217 2583 1453 2634 Tigranem
1483 2584 1525 2623 in
1554 2585 1792 2624 Armeniae
1822 2596 2010 2636 regnum

1131 2645 1170 2684 ei
1192 2644 1346 2687 datum
1368 2645 1627 2686 deduceret.
1660 2645 1812 2687 Vellei.
1835 2649 2006 2687 Patere.

1130 2707 1178 2757 ⁶2,
1212 2707 1278 2749 94.
1307 2731 1352 2737 -
1374 2708 1550 2760 Augusti
1572 2709 1810 2760 priviqnus]
1843 2711 1912 2750 Sic
1933 2710 2009 2750 ho-

1129 2771 1249 2811 noris
1281 2782 1416 2812 causa
1447 2782 1551 2811 eum
1585 2770 1796 2823 appellat,
1844 2772 2009 2824 quippe

1131 2833 1206 2882 qui
1236 2833 1330 2873 sine
1362 2833 1498 2873 dubio
1528 2834 1643 2873 hanc
1673 2833 1914 2885 Epistolam
1943 2833 2009 2874 le-

1130 2896 1282 2935 cturus
1314 2897 1448 2936 esset.
1501 2894 1736 2935 Florebant
1766 2897 2008 2936 etiamtunc

1131 2959 1179 2998 C.
1204 2959 1248 2997 et
1278 2960 1322 2999 L.
1348 2959 1588 3007 Caesares,
1621 2959 1839 3010 Agrippae
1862 2970 1916 2998 ex
1935 2960 2009 2999 Iu-

1129 3019 1185 3060 lia
1221 3019 1316 3069 filii,
1359 3021 1543 3071 Augusti
1578 3022 1784 3072 nepotes,
1828 3020 1884 3060 ab
1924 3021 2010 3061 hoc

1130 3082 1348 3133 adoptati;
1396 3081 1622 3122 Tiberium
1665 3082 1895 3134 adoptavit
1928 3083 2009 3123 de-

1130 3155 1255 3184 mum
1285 3156 1324 3184 a.
1349 3145 1443 3184 757.
1497 3144 1560 3185 Cf.
1595 3146 1695 3184 Tac.
1719 3146 1831 3185 Ann.
1857 3146 1905 3196 6,
1938 3147 2005 3186 5⁴.

1133 3230 1177 3236 —-
1195 3207 1300 3247 scire
1320 3206 1478 3258 laboro]
1499 3206 1723 3258 aliquanto
1747 3206 1846 3259 plus
1873 3218 2008 3259 quam

1130 3270 1337 3321 «cupio;»
1363 3280 1660 3320 «magnopere
1680 3270 1882 3310 studeO.»
1915 3271 2002 3309 Sat.

1128 3333 1179 3381 2,
1212 3332 1259 3381 8,
1296 3331 1369 3371 49:
1406 3343 1525 3372 nosse
1553 3331 1712 3372 laboro.
1749 3354 1795 3360 —-
1829 3332 2003 3383 Thraca]

1128 3393 1270 3435 forma
1295 3393 1490 3445 poetica,
1525 3392 1707 3451 Θρᾴκη,
1732 3394 1864 3433 etiam
1886 3393 2006 3444 apud

1128 3456 1246 3506 virg.
1283 3457 1391 3496 Aen.
1430 3457 1502 3506 42,
1537 3456 1630 3496 335.
1681 3456 1809 3495 Teste
1854 3455 2005 3496 autem

1128 3518 1336 3559 Suetonio
1357 3518 1450 3559 Tib.
1472 3517 1536 3560 ⁴4.
1571 3517 1770 3559 Tiberius
1791 3517 1905 3558 hanc
1927 3528 2006 3558 ex-
