2231 3787
174 269 277 321 490

245 403 316 455 Te
355 400 532 465 dicas;
571 417 694 453 nam
733 399 777 452 si
816 398 947 452 ratio
987 406 1040 451 et
1078 395 1363 468 prudentia
1403 411 1590 454 curaS‚

772 267 988 308 HORATll
1018 265 1388 308 EPISTOLARUM

1930 393 1997 445 ⁶25

242 506 358 557 Non
397 503 547 557 locus
586 501 742 557 effusi
780 501 884 555 late
922 500 1086 552 maris
1127 497 1327 551 arbiter
1365 494 1563 556 aufert,

248 605 494 669 Caelum,
536 622 643 659 non
682 604 917 657 animum
942 608 1174 663 mutant,
1217 598 1309 671 qui
1337 606 1483 652 trans
1509 614 1658 652 mare
1692 605 1927 651 currunt.

174 817 273 870 Οὐχ
313 816 380 871 εἷς
419 816 601 876 πάτρας
629 831 716 871 μοι
745 814 947 873 πύργος,
994 810 1051 856 οὗ

171 886 260 937 μία
289 885 458 937 στέγη,
491 879 663 934 Πάσης
694 879 744 921 δὲ
770 881 949 937 χέρσου
971 878 1054 918 καὶ

172 944 388 998 πόλισμα
408 946 490 985 καὶ
509 941 662 996 δόμος
674 938 902 997 (Ἑτοιμος
923 938 1054 995 ἡμᾶς

172 1007 504 1051 ἐνδιαιτᾶσθαι
533 1006 679 1064 πάρα.
727 1030 773 1035 -
818 1008 913 1046 Non
944 1007 1056 1045 locus

172 1073 274 1125 cet]
307 1071 514 1112 Similiter
534 1072 614 1112 Dio
638 1071 866 1121 Chrysost.
894 1070 964 1109 Or.
984 1069 1051 1108 ΞΟ.

171 1148 213 1188 p.
240 1135 333 1176 494.
357 1136 429 1175 R.:
477 1128 534 1174 οὐ
566 1130 715 1183 τόπος
744 1132 875 1173 ἐστὶν
906 1127 933 1171 ὁ
965 1143 1056 1170 πα-

173 1199 328 1256 ρέχων
359 1192 470 1237 οὐδὲ
491 1193 546 1236 τὸ
568 1193 888 1249 ἀποδημῆσαι
908 1190 964 1233 τὸ
983 1191 1053 1246 μὴ

173 1257 317 1311 φαῦλ’
350 1255 471 1299 ἄττα
500 1257 722 1317 πράττειν
745 1253 857 1298 οῦδὲ
878 1258 945 1308 εἷς
965 1253 1057 1297 Κό-

172 1324 339 1382 ρινθον
365 1318 399 1377 ἦ
420 1321 590 1376 Θήβας
610 1317 1053 1378 ἀνακεχωρηκέναι,

171 1383 226 1428 τὸ
257 1385 307 1427 δὲ
336 1383 422 1427 τὸν
450 1383 755 1439 βουλόμενον
786 1381 905 1442 πρὸς
925 1377 1054 1436 αὐτῷ

173 1448 310 1491 εἶναι.
347 1474 392 1479 -—
426 1449 597 1501 arbiter]
631 1449 742 1500 «qui
772 1458 895 1487 mare
926 1446 1055 1497 longe

172 1514 429 1566 prospectat
458 1513 608 1564 itaque
640 1511 734 1551 elus
755 1509 890 1550 veluti
912 1508 1058 1549 domi-

173 1587 257 1616 nus
297 1576 407 1615 est.»
475 1574 537 1615 Cf.
572 1573 649 1613 Od.
683 1574 729 1622 4,
764 1573 811 1622 3,
846 1574 920 1612 45ῑ
969 1573 1057 1622 Quo

175 1639 314 1689 (Noto)
344 1649 428 1677 non
448 1637 607 1677 arbiter
624 1637 814 1676 Hadriae
833 1636 989 1676 Maior.
1007 1656 1054 1662 —

173 1700 360 1750 Caelum,
412 1712 496 1740 non
545 1699 748 1751 animum]
811 1698 1058 1738 Aeschines

173 1764 274 1804 adv.
310 1762 507 1814 Ctesiph.
551 1762 589 1814 ἓ.
622 1762 700 1803 78:
750 1755 806 1801 οὗ
852 1757 944 1818 γὰρ
972 1756 1058 1800 τὸν

174 1823 378 1882 τρόπον,
423 1820 547 1864 ἀλλὰ
590 1820 676 1864 τὸν
711 1821 864 1864 τόπον
902 1820 1058 1876 μόνον

175 1885 483 1941 μετήλλαξεν.
535 1911 578 1915 -
626 1888 809 1926 Strenua
838 1909 860 1915 —
888 1886 1057 1936 inertia]

176 1950 323 1999 Qualis
354 1953 422 1991 est
448 1948 727 1989 ardelionum
747 1950 835 1988 vita
861 1948 1056 2000 (Martial.

174 2015 220 2062 2,
260 2013 344 2063 7.),
394 2014 469 2064 qui
518 2023 621 2052 cum
670 2022 852 2063 semper
896 2010 1060 2062 aliquid

177 2075 419 2116 moliuntur
457 2086 652 2126 moxque
682 2076 854 2114 temere
886 2075 1059 2125 incepta

177 2139 407 2187 omittunt,
450 2137 556 2177 nihil
585 2148 786 2188 unquam
816 2147 1062 2187 assequun-

176 2205 247 2242 tur
276 2213 360 2242 nec
388 2201 654 2253 perficiunt3
693 2199 813 2252 quod
844 2211 948 2240 cum
977 2199 1062 2251 ipsi

176 2268 396 2317 sentiunt,
448 2265 594 2306 taedio
637 2268 910 2313 exercentur,
961 2263 1059 2303 fati—

176 2333 348 2383 gantur.
401 2330 543 2370 Minus
573 2330 695 2369 recte
726 2338 951 2368 nonnemo
982 2338 1061 2366 ex-

175 2393 354 2447 plicavit
384 2393 439 2433 de
465 2394 554 2433 vita
577 2393 716 2432 otiosa
738 2402 789 2431 ac
810 2389 1058 2442 tranquilla,

178 2468 296 2509 quae
326 2461 498 2497 strenua
528 2466 608 2496 nos
639 2458 854 2503 exerceat,
900 2453 945 2493 id
976 2455 1057 2501 est,

178 2521 410 2569 distineat,
445 2519 554 2559 dum
583 2517 894 2569 assequendae
927 2517 967 2556 ei
987 2527 1063 2555 na-

177 2584 290 2623 viter
319 2582 567 2623 studemus.
628 2581 804 2621 Etenim
843 2590 924 2632 per
955 2574 1062 2630 ὀξύ-

176 2657 342 2703 μωρον
381 2645 549 2685 dictum
589 2645 677 2692 est,
724 2644 773 2683 ut
801 2641 908 2683 illud
937 2642 1063 2682 Ennii

178 2709 299 2761 apud
329 2707 434 2748 Gell.
462 2707 512 2748 49
532 2739 540 2757 ,
563 2708 629 2757 40,
656 2708 733 2747 42:
769 2707 905 2747 Otiose
933 2717 1063 2758 neqo-

177 2773 234 2811 tio
264 2772 430 2811 animus
457 2771 603 2820 nescit,
638 2771 739 2821 quid
756 2770 866 2810 velit.
901 2771 1058 2809 Senec.

179 2833 235 2873 de
265 2835 392 2874 Brev.
425 2834 542 2873 vitae
577 2834 643 2882 44,
678 2833 729 2873 3:
763 2833 969 2872 desidiosa
998 2842 1064 2870 oc-

178 2897 359 2946 cupatio.
403 2896 458 2936 de
489 2897 651 2946 Tranq.
685 2906 754 2935 an.
791 2895 866 2943 42,
899 2895 947 2934 2:
993 2894 1062 2932 in-

180 2960 321 3009 quieta
350 2958 519 2998 inertia.
567 2958 647 2998 Od.
673 2958 717 3006 4,
751 2956 826 3006 34,
850 2957 898 2996 2:
945 2956 1063 2994 insa-

178 3022 294 3061 niens
333 3021 552 3071 sapientia.
601 3020 647 3069 2,
687 3020 760 3069 42,
797 3019 878 3059 26:
928 3017 1065 3070 facilis

178 3083 367 3124 saevitia.
415 3083 523 3134 Epp.
559 3083 602 3131 4,
628 3082 702 3131 42,
729 3082 805 3121 49;
838 3080 1063 3120 concordia

180 3147 350 3186 discors.
385 3146 506 3194 (Nosz
540 3143 902 3194 geschaftiyer
925 3143 1063 3182 Mus-

179 3205 435 3260 siqqanq.)
461 3227 503 3233 -
527 3205 703 3256 eoeercet]
743 3202 899 3244 Salust.
935 3202 1058 3243 Catil.

182 3272 226 3310 44
252 3282 260 3308 t
293 3269 432 3310 Primo
460 3268 598 3319 magis
618 3266 788 3306 ambitio
810 3276 940 3316 quam
959 3276 1063 3304 ava-

180 3333 283 3372 ritia
313 3332 476 3371 animos
514 3330 727 3370 hominum
768 3327 1057 3368 eoeercebat.

186 3419 228 3423 —
252 3394 427 3434 navibus
447 3392 550 3444 cet]
585 3393 703 3432 «Nos
733 3391 871 3431 maria
903 3392 947 3430 et
974 3392 1062 3430 ter-

183 3468 253 3497 ras
278 3466 593 3508 peragramus,
627 3456 674 3494 ut
697 3452 813 3493 bene
836 3452 1058 3505 beateque

1119 816 1252 866 atque
1292 825 1317 854 a
1360 813 1504 866 patria
1537 812 1850 853 remotissimis
1879 814 2002 852 tran-

1119 875 1294 928 quillius
1349 875 1615 926 beatIusque
1658 875 1818 915 victuri
1866 885 2003 926 quam

1119 939 1283 978 domi.»
1330 940 1461 978 LAMB.
1520 937 1586 977 Ad
1629 936 1766 978 verba
1803 936 2003 977 similiter

1118 1003 1269 1041 Iuven.
1294 1000 1333 1049 9,
1361 1000 1433 1040 434
1462 1012 1469 1038 :
1503 1000 1687 1050 undique
1716 1000 1773 1039 ad
1791 999 1882 1039 illos
1902 1000 2005 1039 Con-

1118 1065 1280 1104 venient
1309 1067 1347 1103 et
1367 1064 1577 1113 carpentis
1597 1067 1634 1103 et
1652 1062 1828 1102 navibus
1848 1073 1998 1102 omnes.

1120 1128 1225 1167 Mira
1284 1128 1353 1166 est
1410 1125 1596 1165 aliorum
1668 1125 1999 1177 interpretatio:

1121 1188 1431 1242 «Spectaculis
1462 1189 1505 1228 in
1534 1189 1662 1228 Circo
1694 1199 1795 1228 cum
1829 1187 2006 1239 quadri-

1121 1253 1185 1304 gis
1217 1254 1262 1292 et
1282 1263 1385 1291 cum
1407 1250 1597 1291 navibus
1623 1251 1666 1290 in
1686 1250 2003 1290 Naumachia.»

1124 1339 1168 1343 —
1209 1315 1390 1365 petimus
1432 1313 1468 1353 b.
1500 1312 1652 1364 vivere]
1698 1312 1867 1353 Eadem
1896 1322 2005 1352 con-

1120 1382 1363 1422 structione
1395 1379 1522 1419 Silius
1553 1379 1599 1429 3,
1634 1379 1713 1419 43:
1747 1378 1920 1429 bellique
1945 1379 2007 1418 vi-

1120 1456 1184 1485 ces
1213 1445 1374 1484 novisse
1397 1442 1585 1494 petebat,
1611 1441 1929 1492 «quaerebat»
1957 1462 2000 1469 -

1125 1506 1300 1559 Ulubris]
1324 1516 1434 1557 quas
1454 1515 1613 1544 vacuas
1634 1504 1740 1544 dicit
1758 1505 1912 1543 Iuven.
1936 1504 2002 1553 40,

1124 1570 1215 1609 1102.
1292 1566 1561 1621 Oppidulum
1619 1578 1759 1619 prope
1818 1566 2005 1619 paludes

1122 1632 1376 1683 Pomptinas
1408 1633 1452 1671 et
1480 1629 1668 1670 Velitras
1699 1629 1929 1681 (Velletri),
1962 1629 2005 1668 in

1123 1696 1217 1746 ipso
1248 1693 1319 1733 illo
1349 1704 1487 1746 pago,
1541 1693 1617 1744 qui
1660 1703 1780 1732 nunc
1818 1692 2008 1732 Cisterna

1123 1758 1308 1805 dicitur,
1341 1757 1476 1797 situm
1507 1756 1642 1796 fuisse
1674 1754 1913 1795 arbitratus
1940 1755 2008 1794 est

1125 1818 1358 1861 Cardinali.
1403 1820 1554 1870 (Inscr.
1589 1829 1649 1858 m.
1683 1819 1775 1858 Lat.
1810 1818 1859 1857 N.
1894 1817 2004 1868 422.)

1124 1885 1263 1934 Negat
1284 1887 1433 1923 tamen
1455 1880 1751 1922 XValckenaer
1767 1882 1798 1920 I.
1824 1892 1868 1932 p.
1891 1879 2004 1927 474..

1124 1946 1205 1995 ita,
1238 1947 1287 1985 ut
1315 1955 1450 1985 verus
1472 1944 1736 1986 Ulubrarum
1759 1944 1868 1983 situs
1889 1953 2007 1982 nunc

1125 2008 1315 2059 ignorari
1336 2007 1555 2047 videatur.
1582 2008 1703 2046 Hanc
1720 2005 1912 2045 Trebatii
1932 2017 2008 2057 pa-

1124 2072 1255 2111 triam
1284 2070 1401 2109 ridet
1433 2070 1590 2109 Cicero
1622 2069 1679 2108 ad
1709 2070 1828 2108 Fam.
1862 2069 1902 2117 7,
1937 2068 2004 2114 48,

1124 2134 1162 2173 3.
1209 2134 1396 2185 propter
1438 2130 1788 2171 ranunculorum
1828 2129 1912 2179 ibi,
1960 2133 2008 2170 ut

1125 2198 1206 2246 ait,
1253 2191 1616 2253 ῥητορευόντων
1660 2192 2003 2234 multItudinem.

1125 2259 1358 2312 (aUlubrae
1401 2257 1525 2298 locus
1565 2258 1607 2297 in
1654 2255 1795 2306 Italia,
1842 2257 1887 2296 in
1917 2266 2006 2307 quo

1125 2323 1315 2364 nutritus
1346 2323 1414 2361 est
1441 2322 1607 2361 Caesar
1626 2320 1874 2371 Augustus,
1906 2330 2008 2371 pro-

1126 2388 1225 2438 pter
1253 2395 1390 2437 quam
1421 2394 1604 2424 causam
1634 2381 1690 2422 ab
1723 2382 1903 2422 Horatio
1931 2392 2009 2422 no-

1125 2450 1343 2496 minatur,
1378 2457 1482 2487 cum
1511 2446 1568 2486 sit
1596 2445 1927 2486 desertissimus
1946 2445 2009 2484 vi-

1125 2522 1248 2552 cus.»
1279 2512 1434 2550 Pomm.
1483 2508 1546 2549 Cf.
1577 2508 1756 2548 Sueton.
1781 2507 1931 2547 Octav.
1955 2507 2003 2547 6:

1124 2574 1489 2614 Nutrimentorum
1517 2571 1605 2611 eius
1624 2570 1855 2610 ostenditur
1873 2569 2009 2610 adhuc

1126 2637 1239 2676 loeus
1266 2636 1311 2675 in
1340 2635 1453 2675 avito
1481 2633 1743 2682 suburbano,
1774 2633 1901 2671 iuoeta
1930 2632 2007 2672 Ve-

1124 2700 1279 2749 litras.)
1328 2722 1372 2727 -
1420 2698 1587 2737 animus
1620 2718 1687 2725 -—
1716 2695 1888 2746 aequus]
1931 2694 2007 2735 Est

1126 2757 1337 2814 εὐθυμία
1376 2761 1468 2801 sive
1508 2757 1580 2798 illa
1620 2757 1798 2809 Epicuri
1825 2751 2008 2814 ἀταρα-

1126 2822 1230 2878 ξία,
1265 2819 1296 2877 ἢ
1328 2820 1437 2875 (σὺν
1466 2819 1524 2880 τῇ
1554 2818 1641 2862 τοῦ
1663 2818 1891 2873 σώματος
1912 2816 2007 2874 ὑγι-

1125 2888 1217 2943 είᾳ)
1247 2884 1334 2927 τοῦ
1355 2885 1605 2941 μακαρίως
1626 2881 1710 2941 ζῇν
1730 2882 1831 2924 ἐστὶ
1853 2882 2003 2935 τέλος.

1126 2952 1251 3002 Diog.
1284 2951 1331 2989 L.
1370 2950 1445 2999 40,
1480 2949 1597 2996 4Ξ8.;
1647 2948 1852 2987 «animus
1887 2947 2005 2988 bene

1127 3013 1425 3064 compositus,
1474 3009 1589 3050 nulla
1629 3009 1870 3061 cupiditate
1900 3021 2006 3050 exa-

1126 3077 1286 3127 gitatus
1345 3073 1553 3126 nullaque
1603 3073 1877 3124 aegritudine
1925 3073 2006 3114 de-

1126 3150 1354 3190 pressus.»
1415 3136 1640 3177 Sententia
1679 3137 1771 3175 tam
1809 3134 2006 3189 γενικῶς

1126 3212 1338 3254 expressa
1369 3202 1457 3249 est,
1494 3200 1543 3238 ut
1572 3197 1833 3239 familiarem
1863 3198 2004 3238 offen-

1126 3265 1233 3305 dere
1264 3272 1551 3316 nequaquam
1579 3262 1756 3313 posset:
1791 3262 1836 3300 et
1854 3263 2005 3302 tamen

1124 3337 1343 3380 perquam
1372 3324 1536 3366 acerbe
1568 3323 1784 3363 criminati
1816 3325 1920 3363 sunt
1939 3325 2006 3363 ln-

1125 3390 1345 3442 terpretes
1403 3384 1599 3428 nonnulli
1655 3383 1827 3424 bonum
1884 3386 2003 3426 hunc

1125 3451 1384 3500 Bullatium,
1416 3449 1667 3495 hominem,
1702 3448 1747 3486 ut
1768 3447 1911 3497 aiunt,
1942 3448 2004 3487 in-

183 3519 406 3569 xivamus,
460 3517 586 3569 quasi
629 3518 671 3558 in
715 3514 822 3556 locis
868 3516 1059 3556 externis
1089 3534 1093 3557 ι
1124 3514 1426 3561 constantem,
1451 3509 1617 3559 levem,
1641 3518 1892 3559 morosum,
1918 3510 2002 3550 Ho-
