2231 3787
282 220 348 270 48

915 220 949 260 H
955 220 1132 260 ORATII
1164 220 1465 262 SATIRARUM

282 351 512 417 Quidam
553 352 642 414 ait,
686 352 898 423 ignoras
938 351 1029 404 te?
1069 368 1134 404 an
1173 358 1231 403 ut
1269 351 1507 421 ignotum
1548 349 1678 401 darc
1716 347 1872 401 nobis

279 453 454 508 Verba
491 454 684 525 putas?
724 454 947 525 Egomet
983 454 1056 505 mi
1095 453 1342 524 ignOSCO,
1386 451 1626 505 Maenius
1667 450 1853 520 inquit.

281 556 482 610 Stultus
522 565 574 610 et
613 555 893 627 improbus
931 556 1018 610 hio
1056 572 1208 608 amor
1246 562 1328 608 est
1366 553 1671 624 dignusque
1713 552 1905 605 notari.

281 659 414 713 Cum
451 668 541 712 tua
580 658 867 730 pervideas
907 657 1077 712 oculis
1115 656 1254 710 mala
1292 656 1472 727 lippus
1511 654 1770 713 inunctis,
2038 654 2106 707 25

388 827 455 866 22.
489 830 563 865 aut
594 826 779 876 ignotum
809 833 1034 875 superscr.
1068 827 1114 862 ut
1142 822 1188 862 b.
1218 846 1261 851 —
1286 823 1354 862 25.
1380 822 1482 862 Cum
1512 826 1586 861 tua
1616 826 1659 861 tu
1684 821 1826 861 videas
1855 819 2053 861 malebat

330 887 578 936 Bentleius,
623 886 760 927 edidit
798 886 900 926 Cum
937 889 1012 924 tua
1044 886 1298 935 praevideas
1328 896 1351 924 e
1385 885 1492 925 Ccd.
1528 885 1688 935 Regiae
1723 885 1823 924 Soc.
1860 882 1911 935 (λ)
1944 885 2053 924 Rut-

332 952 463 1002 gersii
487 951 599 990 coni.
624 949 844 989 firmante.

899 948 963 998 (Ut
984 958 1086 995 nos,
1121 958 1278 988 omnes
1301 948 1387 986 mei
1412 949 1455 987 et
1484 947 1681 987 Pottierii
1710 948 1891 998 praeter
1910 957 2052 986 unum

333 1014 417 1061 119„
450 1013 493 1052 in
526 1023 613 1063 quo
646 1013 714 1051 est
736 1010 1025 1062 praevideas.)
1059 1033 1104 1038 --
1137 1011 1245 1050 male
1273 1010 1413 1052 Bentl.
1440 1023 1462 1050 e
1495 1011 1677 1062 Cruquii
1708 1008 1876 1061 aliquot
1907 1009 2047 1050 Codd.

336 1080 397 1128 {L't
428 1088 531 1125 nos,
566 1087 724 1117 omnes
757 1076 846 1116 mei
879 1076 922 1115 et
953 1075 1180 1125 Pottierii.)

277 1230 400 1269 nium
434 1227 556 1267 illum
599 1228 831 1276 novimus,
883 1228 931 1266 ut
974 1234 1157 1277 carpam

276 1291 486 1331 absentes
531 1291 725 1339 amicos,
778 1289 885 1329 mihi
928 1289 1156 1340 ignoscam

277 1356 389 1393 cet.»
423 1355 568 1404 Longe
586 1351 763 1392 diversa
783 1352 954 1391 ratione
975 1351 1152 1390 Kirchn.

277 1418 473 1464 Quaestt.
505 1416 653 1454 Horat.
687 1426 730 1466 p.
764 1415 831 1454 56.
865 1415 977 1454 haec
1009 1414 1157 1453 omnia

274 1491 345 1518 vv.
385 1477 560 1518 49—37.
607 1477 913 1517 interlocutori
961 1475 1154 1524 cuidam,

275 1541 442 1581 Horatii
472 1541 773 1580 narrationem
804 1539 858 1579 de
891 1537 1068 1589 Tigellio
1090 1538 1159 1577 in-

275 1601 522 1655 terpellanti
546 1603 589 1641 et
611 1601 667 1642 ad
686 1602 863 1653 propria
885 1602 986 1640 vitia
1010 1601 1157 1652 ipsum

273 1666 520 1713 revocanti,
555 1664 728 1712 tribuit,
771 1675 907 1715 quem
946 1663 1014 1703 his
1054 1673 1159 1701 ver—

273 1727 342 1768 bis
381 1729 543 1767 acriter
581 1729 623 1767 in
663 1738 767 1766 eum
809 1726 957 1765 invehi
997 1724 1154 1775 fingat:

279 1790 416 1839 «Quid
466 1791 546 1828 tu‘?
605 1788 781 1828 nullane
832 1788 973 1828 habes
1020 1787 1156 1826 vitia?

273 1855 415 1892 Immo
446 1850 527 1891 alia
558 1851 720 1898 habes3
770 1852 814 1890 et
844 1850 1032 1890 fortasse
1071 1850 1159 1888 mi—

274 1926 384 1955 nora
406 1915 529 1954 dices
551 1915 593 1953 te
617 1912 811 1961 habere,
846 1923 900 1951 ex
921 1923 1045 1951 more
1068 1910 1161 1950 illo-

274 1988 393 2025 rum,
428 1977 502 2028 qui
533 1987 581 2016 se
608 1976 729 2026 ipsos
751 1975 881 2014 unice
905 1975 1077 2023 amant,
1110 1974 1158 2013 ut

272 2041 471 2081 Maenius
502 2038 571 2078 ille
603 2040 687 2078 cet.
750 2036 917 2077 Stultus
954 2036 1157 2089 profecto

274 2105 319 2142 et
347 2101 582 2154 improbus
612 2101 685 2141 hic
706 2111 834 2140 amor
855 2102 947 2140 est!
984 2101 1069 2140 cet.
1093 2122 1116 2128 -
1135 2122 1158 2127 —

271 2165 366 2216 filix
384 2165 618 2204 innascitur
638 2164 798 2215 agris.»
831 2162 918 2202 Sed
939 2164 1030 2202 tres
1052 2173 1159 2213 pro—

273 2229 373 2279 pter
394 2237 550 2267 causas
580 2227 684 2265 huic
705 2225 1060 2277 interpretationi
1081 2235 1158 2263 ac—

273 2289 436 2330 cedere
481 2301 679 2340 nequeo:
729 2289 765 2338 4)
805 2298 888 2339 per
932 2298 981 2326 se
1026 2287 1156 2325 nimis

272 2351 401 2402 longa
423 2353 491 2392 est
520 2349 848 2390 interlocutoris
870 2349 1029 2397 oratio,
1063 2349 1154 2388 sive

272 2415 417 2466 potius
448 2413 713 2453 declamatio
745 2413 839 2452 sine
872 2410 1061 2461 dialogO.
1114 2410 1154 2461 2)

271 2477 350 2516 Vv.
391 2476 493 2515 Illae
530 2479 859 2526 praevertamur
902 2475 997 2513 tum
1035 2471 1154 2512 nullo

271 2539 407 2578 modo
453 2538 696 2578 cohaerent
740 2548 843 2576 cum
890 2535 1152 2587 praecedet,

271 2602 354 2641 nisi
382 2612 491 2640 vero
510 2600 725 2640 dicemus
753 2599 859 2638 satis
889 2598 1153 2637 inconcinne

272 2664 503 2703 Horatium
550 2661 671 2702 velut
719 2661 1026 2711 obiurgatione
1072 2661 1154 2699 ista

271 2725 439 2766 lassum
469 2724 525 2764 ad
554 2724 682 2764 aliam
712 2724 980 2764 sententiam
1010 2724 1156 2762 trans-

273 2790 351 2828 ire.
400 2788 437 2837 3)
471 2787 597 2836 Quod
626 2798 734 2827 vero
761 2787 894 2838 caput
925 2786 1016 2825 est:
1050 2785 1154 2833 Quis

271 2851 478 2897 tandem,
527 2861 720 2901 quaeso,
769 2850 1009 2888 satirarum
1040 2849 1155 2889 scri—

270 2914 372 2965 ptor
407 2924 606 2963 unquam
645 2923 692 2952 se
735 2912 829 2963 ipse
871 2913 962 2950 tam
992 2910 1155 2950 acriter

271 2976 499 3026 castigavit
543 2976 727 3026 propter
759 2975 885 3023 vitia,
935 2985 958 3013 3
990 2972 1153 3026 quibus

270 3048 454 3090 prorsus
487 3037 655 3077 alienus
687 3038 804 3086 erat,
838 3037 886 3075 ut
916 3047 1005 3075 non
1036 3034 1151 3075 salse

270 3112 323 3141 ac
354 3101 496 3140 facete
529 3100 631 3140 ficto
663 3099 934 3150 obiurgatori
965 3110 1153 3150 respon-

271 3164 413 3212 deret,
433 3161 818 3213 quemadmodum
834 3162 1039 3201 Horatius
1056 3162 1150 3212 ipse

271 3225 539 3276 Damasippo
573 3226 617 3263 et
645 3225 798 3263 Davo?
829 3224 921 3263 Hoc
943 3225 1062 3263 enim
1085 3223 1152 3263 di—

271 3289 395 3328 ceret
424 3286 746 3338 reprehensor:
783 3283 928 3324 «Alter
958 3295 1006 3324 es
1038 3286 1153 3325 Mae-

271 3353 385 3401 nius,
419 3350 594 3399 Horati‚
628 3348 788 3389 stultus
820 3351 864 3387 et
892 3348 1148 3400 improbus;

272 3413 463 3464 denique
496 3414 684 3453 concute
716 3413 757 3451 te
788 3412 993 3462 ipsum!»
1040 3411 1152 3459 Quid
1215 3412 1323 3450 talis.

1222 1224 1272 1276 te]
1307 1224 1501 1271 «nescis,
1549 1221 1711 1274 quibus
1743 1223 1856 1262 vitiis
1895 1224 1941 1262 tu
1980 1220 2107 1262 labo—

1222 1298 1322 1335 res,
1374 1297 1509 1338 quam
1558 1286 1960 1337 reprehensionem
2009 1296 2107 1325 me—

1222 1350 1415 1389 rearei'»
1453 1371 1496 1377 —
1538 1350 1641 1388 (lare
1669 1370 1693 1376 -
1726 1347 1871 1399 Verba]
1911 1358 1994 1399 pro
2032 1358 2107 1387 re—

1221 1413 1331 1461 bus,
1366 1411 1410 1451 id
1441 1413 1529 1456 est,
1565 1411 1827 1462 «decipere,
1861 1410 2109 1450 circumve-

1223 1476 1362 1515 nire.»
1400 1498 1444 1502 -
1468 1474 1649 1525 [anesca]
1682 1475 1793 1513 Nota
1823 1471 1973 1513 lusum
2003 1476 2110 1524 poe-

1222 1539 1292 1577 tae
1315 1538 1357 1576 in
1376 1535 1528 1576 verbis
1551 1536 1749 1587 cognatis
1772 1536 1968 1587 ignoras,
1992 1536 2110 1586 igno-

1222 1604 1332 1649 tum,
1379 1599 1547 1650 igynosco
1577 1598 1846 1639 brevissimo
1878 1596 2107 1638 intervallo

1223 1673 1271 1702 se
1304 1661 1642 1713 excipientibus.
1680 1682 1724 1689 —
1754 1659 1980 1712 improbus]
2015 1660 2109 1699 «ni—

1222 1726 1368 1773 mius,
1430 1724 1616 1764 modum
1673 1723 1802 1775 longe
1854 1723 2105 1771 excedens,

1222 1787 1414 1838 ideoque
1456 1797 1742 1838 perversus.»
1795 1786 1890 1826 Vid.
1930 1785 1987 1826 ad
2025 1785 2104 1825 Od.

1223 1850 1270 1899 3,
1304 1849 1376 1898 24,
1412 1849 1477 1888 62.

1278 1975 1426 2015 25-28.
1468 1974 1704 2027 pervideas]
1745 1975 1964 2015 Pervidere
2000 1985 2107 2015 sane

1223 2037 1462 2089 significat,
1497 2039 1545 2077 ut
1575 2037 1635 2076 ait
1663 2036 1909 2085 Bentleius,
1952 2038 2107 2077 «acute

1225 2102 1269 2140 et
1314 2100 1553 2152 perspicue
1600 2102 1643 2139 et
1690 2100 1869 2152 penitus
1904 2110 2001 2139 rem
2040 2100 2109 2138 vi—

1223 2163 1375 2211 dere»,
1410 2162 1505 2211 sed,
1538 2163 1584 2201 ut
1606 2163 1702 2213 ipse
1725 2161 1956 2212 significat,
1992 2173 2106 2213 quo-

1222 2224 1357 2265 modo
1389 2224 1482 2273 ille,
1517 2235 1714 2275 quocum
1740 2223 1936 2275 loquitur
1956 2225 2104 2275 poeta,

1222 2298 1303 2328 sua
1333 2287 1438 2326 vitia
1463 2287 1685 2337 pervidet?
1715 2287 1936 2326 Nimirum
1962 2285 2109 2338 lippus

1223 2351 1267 2389 et
1306 2351 1545 2401 propterea
1585 2347 1723 2388 oculis
1755 2347 1937 2400 collyrio
1978 2349 2109 2388 inun-

1222 2413 1326 2453 ctis:
1375 2411 1418 2451 id
1451 2411 1571 2463 quod
1614 2411 1702 2450 huc
1735 2411 1873 2450 redit:
1923 2422 2108 2462 «parum

1220 2474 1468 2527 pervidet.»
1521 2475 1642 2513 «Non
1672 2474 1819 2513 minus
1850 2473 2018 2513 ironice
2041 2471 2108 2513 lo-

1221 2538 1350 2577 cutus
1396 2537 1465 2575 est
1509 2546 1645 2586 quam
1688 2535 1725 2575 si
1770 2535 1869 2585 quis
1910 2534 2103 2574 diceret:

1220 2600 1306 2646 Tu,
1340 2599 1414 2649 qui
1445 2599 1537 2637 tam
1568 2597 1739 2637 fortiter
1768 2596 1982 2648 plumbeo
2014 2596 2108 2648 gla-

1222 2661 1292 2701 dio
1310 2661 1465 2701 hostes
1482 2663 1582 2701 tuos
1604 2660 1820 2700 invadis.»
1846 2661 2103 2700 STEPHANUS.

1221 2723 1308 2764 Cfr.
1344 2723 1422 2763 Od.
1458 2723 1504 2772 3,
1538 2724 1584 2770 7,
1618 2724 1693 2762 ⁵21¹:
1728 2722 1909 2773 seopulis
1937 2723 2108 2762 surdior

1218 2787 1330 2826 Icari
1376 2787 1499 2825 Voces
1541 2786 1672 2826 audit.
1736 2787 1824 2825 Sat.
1861 2786 1905 2832 l,
1939 2786 1985 2833 ⁶2,
2021 2785 2066 2825 94
2096 2798 2102 2823 z

1217 2851 1411 2899 Hypsaea
1433 2849 1596 2888 caecior
1616 2871 1640 2877 -
1660 2871 1683 2876 —
1703 2852 1870 2898 spectes
1903 2846 2105 2887 Verbum

1215 2913 1462 2962 praevidere
1495 2922 1576 2963 pro
1605 2911 1920 2961 praetervidere
1949 2911 2106 2950 aucto—

1216 2975 1344 3013 ritate
1391 2974 1536 3021 caret,
1582 2974 1699 3012 mala
1744 2971 1952 3025 praefero
1998 2982 2102 3012 cum

1219 3036 1358 3078 Codd.
1394 3037 1529 3086 meis,
1579 3047 1682 3076 cum
1721 3038 1766 3076 et
1805 3036 1942 3086 lippus
1978 3035 2106 3075 oculis

1216 3100 1397 3139 iniunctis
1418 3098 1509 3150 (cfr.
1535 3099 1643 3150 Epp.
1670 3099 1685 3138 4
1709 3131 1717 3148 ,
1753 3100 1768 3138 4
1791 3131 1799 3147 ,
1832 3098 1916 3148 Γ29.)
1948 3108 2031 3149 per
2052 3107 2101 3136 se

1216 3162 1427 3210 sufficiat,
1483 3172 1564 3201 nec
1610 3171 1884 3212 magnopere
1928 3158 2105 3210 placeat

1218 3224 1412 3264 eandem
1442 3221 1680 3263 formulam
1709 3222 1863 3275 paucis
1893 3221 2103 3261 versibus

1218 3289 1378 3338 quater
1417 3286 1584 3337 repeti,
1630 3285 1741 3324 male
1779 3285 1933 3334 lippus,
1981 3283 2107 3335 (male

1216 3348 1384 3401 laxusj
1428 3349 1538 3388 male
1578 3358 1762 3397 parvus,
1807 3346 1960 3397 fultum
1995 3346 2107 3385 iii-ale

1403 3411 1525 3450 Mala
1574 3411 1724 3449 autem
1775 3408 2103 3458 homonymum

271 3476 368 3514 hic‘?
400 3475 520 3524 Silet,
554 3478 682 3524 lacet,
716 3478 885 3514 mussat.
911 3497 954 3501 —
976 3474 1148 3525 ignoras
1217 3483 1317 3514 esse
1350 3472 1584 3522 vitiorum,
1620 3481 1706 3521 qua
1738 3469 1793 3510 de
1826 3481 1874 3510 re
1907 3468 2105 3510 nonnulli
