2231 3787
820 285 919 324 LlB.
954 285 1003 323 ΙΙ.
1038 284 1201 324 EPIST.
1237 285 1283 323 11.

1864 285 1957 335 Gli

208 414 412 484 Exiguo
453 422 716 486 gratoque
756 414 948 468 fruaris
989 423 1231 486 temporo
1272 416 1480 486 raptim.

204 516 501 587 pauperies
542 516 817 570 immunda
855 517 1038 570 domus
1077 517 1264 588 procul
1305 518 1466 571 absit:
1511 536 1638 588 ego,
1682 526 1860 571 utrum

203 619 349 672 Nave
390 618 532 672 ferar
570 637 763 690 magna
805 637 869 672 an
910 637 1102 690 parva,
1144 620 1287 673 ferar
1323 638 1463 673 unus
1505 629 1555 673 et
1596 620 1754 673 idem.

1863 621 1964 671 ζ200

201 721 316 773 Non
357 720 565 791 agimur
606 720 823 773 tumidis
863 720 992 774 velis
1033 721 1286 792 aquilone
1326 723 1594 786 secundo·7

200 824 315 875 Non
354 830 532 876 tamen
571 822 814 876 adversis
854 831 1084 876 aetatem
1124 823 1372 878 ducimus
1411 825 1632 883 austris,

199 924 435 987 Viribus,
478 925 718 996 ingenim
761 925 969 996 specie,
1012 926 1233 988 virtute,
1275 926 1421 990 1000,
1464 945 1522 980 re

201 1026 435 1080 Extremi
475 1027 799 1097 primorum,
843 1028 1097 1082 extremis
1136 1045 1312 1098 usque
1352 1029 1577 1099 priores,

184 1194 344 1233 manda
362 1194 484 1233 modo
507 1194 659 1243 procul
690 1195 931 1243 Gesnerus,
964 1194 1183 1234 immunda
1211 1195 1333 1234 modo
1362 1199 1409 1234 ut
1438 1196 1590 1245 procul
1617 1197 1721 1248 Ieep
1752 1199 1902 1248 Progr.

185 1256 454 1308 Guelpherb.
489 1256 610 1297 4844.
633 1268 677 1308 p.
702 1257 726 1296 9
748 1268 874 1308 sqq.‚
906 1257 1126 1296 immunda
1150 1258 1252 1297 mihi
1273 1259 1426 1308 procul
1445 1260 1655 1308 Diintzer,
1691 1261 1903 1299 immunda

178 1320 329 1369 procul
350 1330 505 1369 precor
533 1318 717 1358 Bentleii
747 1320 954 1371 suspicio.
1004 1318 1114 1360 Falsi
1146 1320 1251 1371 quid
1279 1320 1468 1361 subesse
1500 1323 1641 1372 arguit
1672 1322 1804 1361 etiam
1835 1333 1907 1360 ra-

185 1394 287 1422 sura
315 1381 422 1423 Cod.
448 1383 489 1421 d.
528 1406 571 1410 —
605 1383 699 1422 902.
735 1383 861 1422 astris
891 1382 960 1422 alii
991 1382 1110 1434 apud
1142 1384 1218 1422 Ge.
1245 1383 1507 1423 Fabricium.

130 1543 232 1572 cum
262 1544 375 1584 puer
406 1543 589 1573 esses:»
630 1533 1012 1584 quemadmodum

129 1607 235 1636 sane
254 1597 321 1636 est
337 1595 456 1647 apud
473 1594 610 1635 Plaut.
635 1596 754 1636 Asin.
780 1595 819 1645 3,
844 1595 883 1645 3,
912 1595 1009 1636 4214:

127 1661 173 1696 ut
201 1662 418 1697 consuetus
446 1669 486 1697 es
511 1668 619 1707 puer
648 1658 759 1696 olim.

183 1720 404 1759 499-202.
449 1720 686 1771 Pauper-ies]
725 1719 836 1760 Nihil
867 1722 1012 1772 impe-

128 1781 213 1830 dit,
261 1792 350 1833 quo
390 1783 538 1822 minus
574 1783 813 1834 pauperies
856 1782 1013 1834 (probe

128 1843 438 1895 distinguenda
477 1844 531 1884 ab
570 1846 792 1895 egestate,
840 1845 1008 1896 inopia,

126 1907 433 1957 mendicitate)
477 1908 644 1947 munda
676 1909 753 1955 sit3
802 1909 1010 1959 quocirca

128 1970 250 2009 addit
279 1971 515 2020 immunda,
565 1970 779 2011 «sordida
818 1981 869 2010 ac
905 1981 1012 2022 pro—

126 2034 282 2083 pterea
311 2031 501 2072 molesta
533 2035 577 2072 et
595 2034 703 2072 mihi
727 2035 770 2072 et
793 2032 901 2082 31115,
936 2033 1011 2083 qui

127 2105 308 2134 mecum
341 2097 628 2135 versantur.»
679 2095 886 2147 Calpurn.
917 2095 1007 2136 Ecl.

126 2158 167 2207 7,
192 2158 266 2197 80:
299 2157 400 2196 mihi
429 2159 540 2198 sedes
568 2159 766 2208 Pullaque
781 2163 1014 2208 paupertas

126 2243 144 2249 -
163 2242 180 2249 -
202 2220 444 2271 Obfaerunt.
492 2222 584 2260 Iam
606 2222 775 2269 domus,
808 2223 856 2260 ut.
875 2220 1012 2272 pleri-

128 2293 216 2334 que
248 2283 390 2324 Codd.
424 2283 612 2333 habent,
647 2287 766 2325 esset
797 2295 901 2324 casu
933 2295 1013 2335 ge·-

127 2347 262 2385 nitivo
307 2357 360 2386 30
386 2347 614 2397 pauperies
643 2349 788 2387 domus
817 2348 1012 2399 positum

126 2420 208 2461 pro
250 2412 512 2461 paupertate
559 2410 819 2451 domestica.
886 2410 1012 2458 Quod

129 2471 199 2512 alii
229 2472 397 2512 habent
421 2473 571 2523 procul
600 2474 764 2523 domus,
798 2472 866 2513 alii
890 2474 1015 2512 domu

121 2536 275 2585 procul
304 2535 424 2586 apud
444 2535 733 2584 Lambinum,
768 2537 887 2576 domo
911 2548 1015 2586 pro-

127 2598 195 2637 cul
214 2609 330 2638 unus
349 2598 458 2638 Cod.
479 2599 607 2647 Feae,
626 2597 777 2649 plures
797 2599 1014 2638 immunda

121 2661 275 2711 procul
311 2661 462 2710 procul
496 2661 505 2704 s
515 2661 778 2712 repetitione
810 2661 1013 2702 adverbii

128 2723 330 2775 profecto
373 2724 504 2764 nimis
549 2724 767 2763 concitata
819 2725 863 2763 in
907 2727 1012 2765 voto

130 2788 222 2826 tam
251 2785 486 2837 tranquillo
508 2787 553 2826 et
571 2785 782 2838 placido),
816 2786 942 2834 facit,
966 2788 1015 2826 ut

129 2859 233 2888 cum
251 2849 466 2889 Meinekio
485 2851 642 2900 putem
663 2849 749 2888 iam
772 2849 1013 2900 antiquitus

131 2911 348 2952 excidisse
386 2910 578 2951 verbum
619 2910 674 2951 ab
704 2911 772 2951 his
804 2911 1012 2952 omnibus

130 2974 375 3023 diversum,
398 2975 612 3025 varieque
635 2973 890 3025 suppletum
913 2984 1012 3014 esse

131 3047 153 3076 a
185 3037 510 3087 grammaticis,
557 3039 605 3076 ut
642 3037 807 3076 factum
837 3037 1014 3077 videtur

131 3098 210 3138 Od.
234 3098 281 3147 4,
306 3099 351 3147 6,
376 3100 448 3138 47:
483 3099 563 3138 Sed
575 3099 726 3148 palam
751 3100 890 3149 captis
909 3111 1010 3150 yra-

129 3161 192 3199 vis
236 3162 340 3207 cet.‚
388 3163 432 3200 et
469 3160 575 3200 Plat.
616 3160 782 3200 Phaed.
825 3161 919 3200 444.
954 3163 1009 3200 Β;

129 3219 257 3263 θεῶν
285 3216 369 3275 ἕδη
401 3234 450 3262 τε
479 3223 561 3263 καὶ
582 3220 686 3280 ἱερά
706 3234 807 3263 cum
830 3223 1015 3264 excidis-

132 3287 201 3325 set
230 3279 312 3338 ἕδη
347 3287 400 3335 (v.
425 3286 558 3325 Bekk.
585 3286 757 3325 Comm.
783 3285 878 3325 crit.
902 3287 933 3325 Ι.
965 3297 1009 3337 p.

131 3347 267 3398 399.)‚
311 3345 381 3387 alii
411 3346 731 3399 suppleverunt
759 3341 910 3400 ἄλση,
943 3347 1012 3388 3111

132 3411 320 3462 τεμένη.
368 3410 541 3449 Etenim
572 3409 762 3449 otiosum
785 3412 853 3450 est
872 3421 913 3448 v,
937 3411 1013 3450 do-

131 3482 244 3518 mus;
283 3483 367 3512 nec
396 3482 668 3523 magnopere
700 3470 844 3523 placet
873 3473 1009 3521 domo,

134 3543 234 3572 cum
273 3534 358 3574 hoc
397 3545 575 3586 quoque
607 3533 709 3574 nihil
744 3534 877 3574 addat
908 3545 1012 3574 sen-

1078 1533 1241 1573 tentiae
1275 1535 1317 1573 et
1347 1534 1517 1584 potius,
1557 1536 1605 1573 ut
1635 1546 1659 1573 a
1692 1537 1836 1574 semet
1866 1536 1961 1586 ipso

1078 1606 1214 1646 quam
1245 1607 1269 1634 a
1301 1597 1420 1635 domo
1446 1599 1619 1636 remota
1641 1600 1821 1638 maneat
1848 1609 1962 1649 pau-

1077 1659 1227 1709 pertas
1278 1659 1532 1707 immunda,
1580 1661 1736 1711 optare
1783 1659 1959 1699 debeat.

1076 1722 1169 1759 Iam
1202 1732 1303 1760 cum
1333 1721 1464 1760 lectio
1491 1732 1677 1772 prorsus
1700 1723 1866 1762 incerta
1891 1724 1959 1769 sit,

1077 1784 1199 1833 patet
1238 1785 1417 1834 praeter
1457 1786 1631 1823 ceteras
1670 1785 1961 1824 reiiciendam

1076 1856 1176 1885 esse
1208 1846 1431 1896 Doeringii
1463 1846 1816 1887 distinctionem:
1855 1849 1964 1887 Pau-

1070 1908 1231 1956 peries,
1277 1908 1497 1948 immunda
1534 1911 1679 1948 domus
1717 1910 1960 1960 (nominat.)

1077 1971 1163 2010 cet.
1202 1993 1247 1998 -—
1278 1972 1411 2020 Nave]
1446 1970 1709 2022 «Allegoria;
1755 1973 1841 2012 hoc
1869 1975 1956 2012 est:

1076 2034 1226 2071 utrum
1258 2044 1309 2072 ex
1341 2034 1512 2084 magnis
1548 2033 1764 2074 reditibus
1794 2036 1958 2082 vivam,

1077 2106 1131 2134 an
1153 2096 1347 2146 parvis.»
1371 2097 1511 2136 Comi.
1533 2098 1664 2142 Cano.
1689 2120 1733 2125 -—
1757 2098 1852 2137 Non
1873 2099 1963 2148 aqi-

1074 2158 1185 2207 mur]
1219 2159 1477 2198 concitatius
1507 2159 1593 2198 hoc
1625 2170 1760 2210 quam
1780 2158 1959 2210 volgare

1078 2220 1138 2259 «si
1160 2230 1245 2258 non
1270 2221 1485 2270 agimur.»
1520 2220 1608 2260 Cfr.
1632 2222 1741 2273 Epp.
1765 2223 1802 2271 4,
1828 2223 1866 2270 4,
1891 2222 1957 2261 33.

1078 2282 1124 2331 4,
1161 2282 1208 2329 6,
1243 2282 1309 2321 99.
1353 2305 1397 2310 -
1445 2283 1614 2322 tumidis
1640 2284 1741 2323 velis
1768 2285 1963 2333 aquilone

1075 2343 1267 2395 secundo]
1293 2344 1355 2384 Cf.
1381 2344 1460 2384 Od.
1480 2346 1520 2394 2,
1546 2346 1611 2395 40,
1636 2346 1709 2385 G23:
1737 2347 1962 2387 Contrahes

1075 2411 1195 2447 vento
1224 2408 1401 2447 nimium
1429 2410 1606 2449 secundo
1638 2410 1669 2448 T
1668 2410 1824 2461 umida
1851 2411 1956 2450 vela.

1081 2494 1125 2499 -—
1149 2472 1243 2511 Non
1270 2471 1424 2524 tamen]
1459 2473 1547 2511 «Ex
1578 2472 1792 2524 particula
1823 2477 1961 2514 tamen

1076 2533 1224 2583 vides,
1259 2545 1344 2586 qua
1370 2535 1538 2574 ratione
1561 2535 1673 2576 haec
1693 2535 1839 2575 vivide
1859 2547 1962 2587 pro-

1076 2595 1162 2636 lata
1193 2598 1412 2637 sententia
1443 2597 1750 2648 coniungenda
1782 2599 1836 2638 sit
1857 2610 1959 2638 cum

1075 2660 1328 2710 insequenti
1359 2660 1588 2711 apodosi.»
1619 2661 1738 2700 DILL.
1768 2684 1812 2688 -
1847 2665 1962 2700 aeta-

1076 2725 1157 2761 tem
1186 2722 1388 2771 ducimus]
1420 2723 1514 2761 Non
1539 2723 1605 2761 est
1626 2734 1632 2759 :
1665 2723 1827 2762 «vitam
1848 2724 1961 2774 regi-

1077 2794 1230 2832 mus,»
1272 2785 1334 2823 uti
1365 2783 1468 2823 olim
1506 2783 1707 2835 plerique
1738 2785 1960 2837 interpre-

1078 2847 1157 2886 tari
1189 2845 1420 2895 solebant3
1469 2847 1570 2886 sed:
1621 2848 1792 2889 «totam
1822 2850 1959 2889 vitam

1077 2909 1196 2949 lente
1219 2921 1269 2949 ac
1290 2911 1461 2950 maeste
1480 2911 1696 2961 agimus.»
1731 2912 1800 2952 Sic
1817 2913 1957 2963 Epod.

1081 2973 1151 3020 47,
1187 2972 1260 3011 63:
1307 2973 1531 3023 Inyrata
1570 2974 1722 3013 misero
1751 2975 1840 3013 vita
1869 2976 1960 3014 du—

1077 3045 1163 3073 cen
1179 3035 1243 3073 cla
1273 3039 1331 3074 est
1352 3037 1436 3075 cet.
1470 3035 1536 3075 Ad
1558 3036 1796 3086 imaginem
1818 3037 1960 3087 ipsam

1079 3095 1132 3135 cf.
1151 3096 1339 3136 Bassum
1362 3097 1404 3136 in
1421 3097 1594 3137 Anthol.
1615 3097 1703 3137 Pal.
1723 3099 1772 3137 II.
1798 3109 1841 3148 p.
1861 3097 1957 3137 34οτ

1077 3155 1210 3209 Μήτε
1228 3171 1290 3211 με
1310 3160 1501 3213 χείματι
1524 3157 1700 3210 πόντος
1715 3154 1827 3213 ἄγοι
1848 3159 1959 3215 θρα-

1078 3217 1192 3270 σύς,
1235 3219 1346 3262 οὐδὲ
1375 3219 1589 3276 γαλήνης
1612 3216 1777 3279 Ἀργῆς
1807 3216 1960 3272 ἤσπα-

1078 3281 1243 3337 σάμην
1273 3280 1360 3337 τὴν
1391 3284 1736 3338 παλινηνεμὶην
1756 3296 1765 3305 ·
1788 3307 1812 3313 -
1831 3307 1854 3313 -
1876 3297 1961 3323 κα-

1077 3344 1168 3398 κὰς
1197 3340 1395 3405 ἔχθαιρε
1423 3346 1656 3397 θυέλλας·
1694 3346 1805 3386 Εἰσί
1834 3358 1956 3397 τινες

1077 3415 1242 3467 πρηεῖς
1286 3414 1367 3450 καὶ
1416 3408 1586 3459 βιότου
1631 3410 1854 3466 Ζέφυροι.
1907 3431 1951 3437 -

1075 3473 1176 3525 loco]
1210 3474 1496 3514 «condicione
1525 3475 1706 3513 externa
1737 3473 1850 3512 inter
1881 3472 1957 3511 ho-

1076 3537 1244 3584 mines,
1278 3538 1439 3587 Rangy.»
