2231 3787
270 237 371 289 666

874 237 1089 278 ΗΟΒΑΤΙΙ
1119 237 1485 279 EPISTULARUM

339 367 595 421 Ludentis
635 367 872 438 speciem
911 366 1059 420 dabit
1096 375 1148 420 et
1186 366 1549 437 torquebitur,
1589 374 1647 417 ut
1684 365 1774 436 qui

340 471 490 523 Nunc
530 470 804 541 Satyrum,
844 486 986 523 nunc
1026 476 1293 539 agrestem
1334 465 1572 538 Cyclopa
1608 472 1870 518 movetur.

1990 464 2089 516 '125

341 569 690 624 Praetulerim
731 571 960 641 scriptor
999 569 1201 622 delirus
1242 567 1501 637 inersque
1537 565 1733 629 videri,

341 673 480 724 Dum
518 689 639 726 mea
678 672 945 725 delectent
981 669 1121 723 mala
1158 687 1245 723 me
1282 668 1370 722 vel
1407 668 1644 739 denique
1682 666 1884 730 fallant,

341 774 515 837 Quam
553 789 745 844 sapere
786 780 837 825 et
874 772 1026 843 ringi.

1100 771 1220 824 Fuit
1257 769 1404 822 haud
1442 768 1691 840 ignobilis
1728 769 1905 840 ArgiS,

342 875 443 939 Qui
484 892 543 927 se
582 873 838 928 credebat
874 874 1040 927 miros
1075 872 1263 926 audire
1305 870 1616 942 tragoedOS,

389 1031 474 1071 1⁹28.
506 1032 643 1082 Aryus
672 1042 725 1070 ex
756 1029 931 1071 duobus
961 1030 1175 1070 Torrentii
1205 1030 1376 1081 recepit
1405 1028 1677 1068 Sanadonus.

271 1164 540 1203 lacuriantia
596 1163 851 1214 ast-rinyere,
910 1162 1154 1201 inordinata

272 1227 477 1277 diyerere,
524 1226 661 1265 soluta
697 1235 962 1274 componere,
1010 1224 1154 1263 exsul-

271 1288 406 1327 tantia
436 1290 640 1327 coe'rcere.
685 1287 748 1327 Id.
772 1287 820 1335 8,
845 1287 892 1336 6,
918 1287 960 1326 44
983 1298 991 1325 ;
1022 1287 1154 1325 Prae-

270 1351 389 1399 cipue
419 1361 472 1389 ως
500 1350 562 1389 his
594 1350 730 1389 oritur
759 1349 1013 1397 sublimitas,
1047 1359 1154 1398 quae

272 1413 427 1451 audaci
458 1416 495 1451 et
517 1413 716 1461 promitte
745 1411 983 1462 periculum
1012 1414 1154 1450 trans-

271 1475 425 1513 latione
462 1475 727 1513 tolluntur
802 1475 878 1514 Est
916 1474 1046 1524 igitur
1074 1473 1155 1512 he—

271 1536 381 1580 ben,
417 1536 543 1575 «vim
575 1535 871 1587 qualicunque
902 1534 1036 1574 modo
1073 1534 1154 1573 ad-

273 1597 380 1636 dere
410 1597 584 1644 verbis,
631 1598 884 1645 sententiis,
932 1597 1015 1647 ipsi
1049 1607 1154 1636 ver-

271 1671 403 1700 suum
424 1671 579 1699 sono.»
621 1659 864 1710 «Intelliges
886 1660 1154 1699 sententiam

272 1733 328 1761 ex
359 1723 587 1762 Ciceronis
617 1721 714 1762 loco
746 1723 873 1762 Tusc.
899 1723 946 1771 5,
977 1721 1050 1768 43,
1074 1721 1149 1761 37;

271 1796 343 1833 ea,
390 1795 497 1832 quae
541 1789 637 1824 sunt
677 1785 904 1824 humiliora
945 1794 1076 1832 neque
1114 1795 1154 1823 se

272 1847 460 1885 tollere
497 1858 523 1885 a
561 1851 676 1886 terra
710 1848 836 1886 altius
869 1850 1060 1896 possunt,
1110 1849 1154 1885 et

270 1908 444 1949 videbis
485 1910 528 1948 in
561 1909 720 1949 eadem
750 1911 1013 1960 metaphora
1044 1920 1153 1948 con—

272 1971 436 2011 stitisse
459 1972 732 2011 Horatium.»
755 1973 953 2012 DirLsxss.
975 1971 1037 2011 Cf.
1060 1972 1150 2011 Cic.

273 2032 327 2072 de
360 2034 475 2072 Orat.
508 2033 552 2081 3,
593 2035 663 2082 26,
703 2033 803 2074 404:
852 2035 1027 2074 Summa
1063 2034 1155 2072 laus

272 2095 527 2144 eloquentiae
571 2099 627 2134 est
667 2096 927 2146 amplificare
966 2106 1054 2134 rem
1082 2107 1155 2134 or-

271 2158 434 2206 nando,
469 2158 578 2207 quod
605 2157 715 2196 valet
746 2169 827 2196 non
848 2157 980 2196 solum
1001 2158 1057 2196 ad
1080 2168 1155 2196 au-

270 2220 450 2270 gendum
479 2219 639 2269 aliquid
665 2223 703 2258 et
732 2220 1011 2259 tollendum
1030 2219 1156 2259 altius

272 2282 462 2330 dicendo,
503 2282 573 2320 sed
601 2282 727 2321 etiam
756 2282 812 2320 acl
841 2282 1154 2321 extenuandam

271 2347 397 2393 atque
435 2343 710 2383 abiciendum.
771 2342 977 2394 Plerique
1014 2344 1155 2383 inter-

271 2408 504 2457 pretantur
533 2417 818 2453 «removere,
844 2404 1038 2445 delere.»
1073 2406 1155 2445 Ve-

272 2479 371 2508 rum
388 2469 451 2508 sic
471 2468 592 2508 idem
610 2469 748 2508 otiose
765 2470 1005 2519 repeteret,
1033 2468 1154 2519 quod

228 2538 231 2539 ’
272 2531 359 2570 iam
402 2532 515 2571 inest
549 2532 592 2571 in
621 2542 663 2570 y.
697 2535 935 2580 compescet.
996 2531 1154 2582 Singu-

271 2592 374 2632 laris
424 2595 575 2633 autem
623 2596 691 2634 est
737 2593 877 2633 Bothii
923 2593 1053 2634 lectio
1099 2606 1152 2634 ex

275 2655 415 2695 Codd.
454 2654 555 2706 aliq.
593 2658 775 2707 recepta
821 2658 865 2696 et
895 2656 1149 2708 explicatio:

270 2718 424 2757 virtute
439 2719 618 2757 calentia
638 2719 763 2768 tollet,
796 2721 1051 2770 «tamquam
1071 2731 1153 2771 pa-

273 2781 341 2818 ter
364 2780 575 2820 infantem
596 2783 765 2829 natum,
788 2783 835 2820 ut
856 2782 1020 2820 nutriat
1040 2781 1152 2821 edu-

275 2844 480 2891 cetque.»
513 2844 645 2882 Recte
668 2844 946 2883 Torrentius:
984 2845 1055 2883 «Si
1078 2855 1153 2883 ca-

273 2904 411 2941 rentia
441 2902 582 2953 legas,
616 2904 719 2944 nihil
751 2905 878 2955 dicit,
913 2907 1034 2957 quod
1065 2917 1152 2946 non

274 2968 395 3016 prius
427 2965 593 3005 dictum
614 2968 713 3006 sit.»
759 2969 878 3008 Haec
899 2969 1053 3008 Bothe.
1100 2971 1154 3008 At

275 3030 426 3067 contra
458 3027 586 3067 nobis
616 3029 812 3079 videtur,
860 3030 988 3082 longe
1033 3032 1152 3070 enim

275 3090 483 3129 differunt
525 3091 678 3130 virtute
720 3094 932 3141 carentia,
979 3093 1022 3132 id
1061 3094 1148 3140 est,

275 3154 422 3193 tenuia
460 3155 592 3204 atque
631 3153 833 3201 humilia,
881 3157 925 3194 et
963 3166 987 3194 a
1025 3154 1153 3194 luxu-

275 3215 489 3255 riantibus
520 3218 563 3255 et
593 3227 615 3255 a
648 3217 778 3256 nimis
809 3217 992 3267 asperis.

330 3277 422 3318 424.
450 3279 543 3317 425.
603 3278 796 3317 Ludentis
839 3277 941 3328 cet.]
1003 3279 1150 3318 «Cum

275 3351 449 3379 summa
486 3339 690 3380 facilitate
732 3340 826 3379 eius
865 3342 1071 3391 poemata
1103 3351 1150 3380 se

275 3403 593 3443 commendent
611 3402 765 3443 lectori
782 3434 790 3450 ,
820 3404 969 3442 tamen
990 3407 1153 3453 torque-

275 3464 404 3511 bit-ur,
440 3464 481 3504 id
513 3467 601 3512 est,
640 3467 871 3505 externam
900 3464 1015 3504 hanc
1047 3475 1151 3516 spe-

1219 1160 1334 1200 ciem
1371 1159 1520 1200 multis
1549 1158 1777 1200 laboribus
1808 1161 1852 1200 et
1886 1160 2095 1201 continuo

1216 1221 1347 1262 limae
1378 1222 1478 1261 usui
1500 1221 1708 1271 debebit,
1740 1220 1863 1262 velut
1881 1223 2098 1274 pantomi-

1217 1295 1343 1333 mus,
1377 1284 1452 1335 qui
1473 1283 1748 1323 difficillimas
1768 1286 1918 1335 partes
1940 1287 1984 1324 et
2004 1285 2098 1336 qui-

1218 1346 1323 1386 dem
1372 1347 1616 1386 contrarias
1665 1345 1956 1398 diversasque
2001 1347 2096 1398 pari

1218 1419 1321 1448 cum
1361 1407 1622 1448 dexteritate
1660 1408 1770 1458 agit,
1817 1419 1937 1448 nunc
1965 1410 2098 1460 petu-

1215 1471 1382 1511 lantem
1423 1469 1672 1522 agilemque
1703 1471 1934 1521 Satyrum,
1979 1481 2097 1511 nunc

1219 1531 1414 1584 Cyclopa
1457 1532 1674 1572 rusticum
1711 1543 1763 1572 ac
1799 1535 1983 1584 propter
2010 1534 2098 1573 im-

1216 1605 1397 1635 manem
1430 1595 1631 1646 corporis
1661 1593 1827 1634 molem
1847 1595 1972 1635 tarde
1995 1606 2096 1635 sese

1217 1658 1519 1697 moventem.»
1545 1677 1589 1685 —-
1615 1657 1832 1706 Satyrum]
1862 1657 1980 1708 Virg.
2003 1656 2093 1698 Ecl.

1218 1721 1264 1769 5,
1298 1719 1378 1759 73:
1425 1719 1634 1759 Saltantes
1663 1719 1839 1768 Satyros
1865 1719 2100 1760 imitabitur

1215 1781 1514 1832 Alphesiboeus.
1533 1804 1577 1809 —-
1595 1781 1776 1831 Cyclopa
1788 1781 1990 1833 movetur]
2014 1783 2097 1822 «ita

1218 1842 1361 1892 saltat,
1385 1846 1434 1883 ut
1454 1844 1671 1894 exprimat
1693 1842 1932 1895 Cyclopa.»
1956 1843 2094 1885 Gloss.

1216 1906 1409 1944 imitatur
1438 1908 1507 1945 est
1537 1906 1579 1944 in
1609 1904 1687 1944 Ed.
1712 1906 1807 1944 Zar.
1832 1904 1952 1945 4477.
1997 1907 2097 1945 Ari—

1218 1968 1361 2018 stoph.
1385 1966 1494 2006 Plut.
1520 1967 1619 2006 290:
1649 1966 1743 2006 Καὶ
1762 1962 1862 2019 μὴν
1878 1963 1968 2020 ἐγώ
1985 1966 2099 2016 βον-

1218 2025 1434 2081 λήσομαι
1453 2026 1738 2086 θρεττανελὸ
1757 2025 1842 2068 τὸν
1857 2025 2099 2070 Κύκλωπα

1217 2089 1531 2143 Μιμούμενος
1568 2093 1649 2131 καὶ
1681 2095 1785 2131 τοῖν
1815 2090 1984 2132 ποδοῖν
2013 2089 2098 2133 (ὁδὶ

1219 2151 1588 2211 παρενσαλεύων
1612 2150 1755 2207 Ἵζιιᾶς
1784 2149 1930 2208 ἄγειν.
1969 2156 2094 2196 Conf.

1219 2217 1306 2256 Sat.
1333 2217 1347 2256 4
1369 2248 1377 2265 ,
1411 2218 1460 2267 5,
1486 2217 1562 2257 63;
1594 2219 1807 2257 Pastorem
1835 2218 2010 2257 saltaret
2036 2219 2099 2258 uti

1218 2279 1399 2329 Cyclopa
1426 2279 1620 2330 royabat.
1653 2280 1705 2319 V.
1735 2281 1892 2319 moveri
1922 2280 2098 2321 desal-

1217 2341 1351 2380 tando
1381 2342 1612 2392 usurpavit
1641 2343 1774 2382 etiam
1802 2344 1852 2382 A.
1876 2344 1922 2383 P.
1956 2343 2051 2382 232.

1274 2403 1366 2442 426.
1390 2403 1482 2442 ⁴⁵27.
1506 2404 1674 2454 delirus]
1693 2404 1957 2454 «absurdus,
1976 2405 2095 2457 quod

1218 2467 1378 2516 partim
1410 2465 1466 2504 ad
1503 2466 1807 2506 inventionem
1837 2469 1881 2506 et
1911 2478 2096 2519 compo-

1218 2529 1447 2576 sitionem,
1494 2530 1657 2579 partim
1692 2529 1749 2568 ad
1779 2531 2021 2570 sententias
2052 2533 2096 2570 et

1215 2590 1589 2630 versificationem
1636 2592 1848 2640 attinet;»
1894 2604 2001 2643 non,
2048 2597 2098 2633 ut

1217 2651 1287 2692 alii
1315 2651 1494 2692 volunt:
1531 2664 1627 2693 «me
1659 2665 1888 2695 summum
1915 2657 2095 2706 poetam

1216 2714 1324 2755 falso
1354 2717 1559 2766 putans.»
1595 2736 1639 2743 —
1679 2716 1804 2765 iners]
1845 2717 1951 2767 «qui
1989 2717 2093 2756 artis

1215 2780 1454 2828 praecepta
1490 2789 1577 2816 non
1621 2776 1792 2817 callet.»
1848 2778 1917 2816 Sic
1958 2780 2008 2818 A.
2048 2780 2090 2819 P.

1215 2838 1310 2879 445.
1332 2850 1476 2878 versus
1496 2839 1703 2878 dicuntur
1720 2840 1885 2879 inertes.
1914 2862 1959 2867 —
1981 2840 2095 2880 Dum

1217 2901 1318 2954 cet.]
1354 2901 1624 2941 «dummodo
1651 2902 1740 2942 mei
1763 2912 1938 2942 errores
1959 2905 2093 2954 atque

1214 2965 1317 3004 vitia
1339 2965 1446 3003 mihi
1466 2963 1671 3016 placeant
1686 2980 1722 3014 ,»
1755 2963 1824 3004 vel
1847 2965 1955 3005 «nisi
1975 2963 2094 3005 dele-

1216 3029 1356 3074 ctent,
1390 3029 1540 3067 tamen
1569 3029 1613 3067 in
1642 3028 1900 3068 universum
1929 3025 2090 3066 fallant.

1216 3089 1456 3130 Delectatio
1478 3091 1557 3130 ista
1580 3091 1697 3130 enim
1717 3091 1892 3142 species
1913 3093 1982 3130 est
1999 3090 2094 3129 uni-

1215 3164 1373 3193 versae
1406 3152 1645 3193 fallaciae.»
1678 3154 1797 3192 HAND
1824 3154 1948 3192 Turs.
1971 3153 2021 3191 II.
2046 3163 2090 3203 p.

1214 3217 1307 3255 270.
1363 3218 1522 3256 Contra
1567 3216 1787 3256 Handium
1826 3215 1998 3266 Madvig
2036 3215 2092 3255 ad

1216 3279 1304 3318 Cic.
1332 3279 1387 3318 de
1412 3280 1530 3318 Finn.
1555 3290 1596 3329 p.
1622 3279 1669 3318 9:
1705 3280 1944 3318 «Perverse
1965 3275 2092 3316 dele-

1215 3341 1347 3380 ctatio
1378 3340 1538 3380 dicitur
1559 3351 1659 3380 esse
1681 3340 1855 3391 species
1873 3339 2087 3389 fallaciae:

1215 3413 1318 3442 nam
1337 3403 1483 3454 fallere
1501 3401 1781 3442 manifestum
1805 3403 1873 3440 est
1895 3401 1966 3440 hic
1987 3400 2088 3449 dici,

1215 3476 1328 3516 quae
1351 3476 1437 3505 non
1459 3463 1880 3509 animadvertantur,
1909 3465 1953 3502 et
1973 3463 2092 3514 igno-
