2231 3787
859 246 955 285 ΗΒ.
990 247 1039 285 Il.

1102 248 1213 287 SAT.
1246 249 1314 287 VI.

1906 249 1997 302 :3:³21

258 378 468 429 Ducere
508 377 765 432 sollicitae
806 377 1040 431 iucunda
1078 377 1276 431 oblivia
1315 379 1492 431 vitae?

256 481 300 532 ()
342 477 558 549 quando
600 478 720 532 saba
760 478 1096 554 Pythagorae
1138 489 1364 551 cognata
1404 482 1673 554 simulque

257 581 419 635 Uncta
462 581 588 634 satis
630 582 811 653 pingui
851 591 1119 653 ponentur
1158 582 1401 636 oluscula
1441 583 1633 637 lardo?

257 684 302 735 Ο
344 692 529 737 noctes
571 701 885 755 coenaeque
926 684 1110 737 deum!
1153 684 1351 756 quibus
1393 686 1507 757 ipse
1548 688 1766 759 meique

1942 692 2007 743 oz}

253 789 384 838 Ante
424 787 614 839 Larem
655 787 932 857 proprium
971 803 1164 840 vescor
1204 805 1509 860 vernascpie
1551 807 1811 860 procaces

235 1000 349 1048 quur
394 1000 703 1039 Lachmannus
749 1000 844 1040 coll.
894 1001 1014 1040 Ovid.
1064 1002 1240 1041 Metam.
1291 1002 1335 1047 4,

235 1057 418 1101 Bentleii
452 1064 659 1114 suspicio.
702 1087 743 1091 a
774 1068 990 1113 ponuntur
1020 1076 1061 1114 p.

1392 1003 1478 1041 ¹99.
1518 1026 1559 1031 —
1597 1003 1660 1044 sii„
1695 1005 1823 1054 salis]
1853 1007 1955 1056 focis

179 1235 495 1287 Pythagoreos.
549 1259 592 1264 —
645 1237 775 1276 L'ncla
822 1237 941 1288 sutis]
993 1237 1061 1276 Sic
1128 1236 1310 1287 quidem
1334 1249 1386 1277 ex
1409 1240 1716 1280 rusticantium
1739 1246 2006 1283 lllOre.aniO

178 1299 332 1349 iunge,
366 1310 453 1338 non
475 1300 576 1338 satis
599 1300 772 1350 pingui,
809 1310 862 1338 ex
885 1310 973 1350 quo
996 1310 1064 1338 er—

176 1372 277 1401 rore
310 1364 463 1401 natum
495 1364 563 1401 est
592 1362 774 1402 Bentleii
805 1358 1062 1419 παραόιόρ-

178 1423 317 1477 θωμα
337 1425 454 1475 focis.
502 1424 720 1465 Videlicet
742 1424 967 1466 «oluscula
989 1437 1062 1465 co-

177 1489 373 1538 quuntur
404 1498 489 1527 una
522 1499 627 1528 cum
657 1487 820 1538 larido,
869 1499 957 1539 quo
988 1487 1057 1527 illa

175 1552 424 1601 unguntur,
472 1550 592 1601 quod
633 1551 738 1591 satis
771 1552 865 1591 sit.»
903 1574 949 1579 —
977 1563 1059 1601 po—

174 1612 337 1664 nentur]
372 1614 723 1664 «apponent.ur.»
759 1614 853 1653 vid.
887 1615 974 1653 Sat.
1008 1616 1053 1664 2,

177 1675 224 1723 2,
260 1675 326 1715 23.
364 1699 407 1703 ——
442 1676 628 1715 oluscula
659 1676 798 1726 lardo]
830 1677 918 1716 Sat.
944 1678 988 1723 2,
1014 1678 1054 1727 2,

176 1738 254 1777 446
275 1750 282 1776 :
315 1739 410 1778 Non
441 1751 513 1789 eqo
534 1761 557 1767 -
578 1743 728 1779 temere
759 1740 822 1779 edi
853 1740 941 1779 luce
957 1751 1059 1789 pro—

172 1800 277 1850 festa
298 1802 536 1850 Quidquam
562 1806 734 1852 praeiet·
754 1802 843 1841 olus
869 1802 1058 1853 fuiiioscze

172 1875 267 1903 cum
296 1864 402 1914 pede
432 1876 604 1914 pernae.
667 1864 849 1905 Martial.
884 1866 933 1913 5,
976 1866 1052 1913 78,

173 1926 221 1964 6:
272 1927 452 1966 Ponetur
495 1927 636 1978 eligitis
681 1928 878 1967 tenendus
921 1927 1056 1966 ⁴unctis

172 1987 309 2039 Nigra
330 1989 563 2028 cauliculus
580 1990 720 2029 virens
742 1990 906 2039 patella
920 2012 942 2018 -
960 2012 982 2017 —
1002 1990 1056 2029 El

169 2051 329 2099 pallens
354 2051 458 2102 faba
487 2063 581 2091 cum
609 2051 780 2092 rubente
811 2053 946 2092 lardo.

227 2184 367 2223 65-67.
403 2184 466 2223 Ο-
481 2186 646 2235 coenae]
672 2184 1052 2237 «simplicissimae

173 2245 377 2296 quidem,
413 2246 494 2285 sed
525 2246 656 2287 simul
688 2258 831 2298 aeque
863 2259 1052 2288 securae

173 2310 217 2347 et
247 2307 486 2357 iucundae,
527 2320 579 2347 ac
610 2309 644 2348 si
677 2310 854 2349 conviva
883 2312 1054 2350 deorum

172 2381 320 2410 essem
353 2370 445 2419 (Od.
473 2372 516 2418 4,
555 2371 625 2419 28,
660 2372 740 2422 7.),
790 2373 830 2411 in
873 2374 1050 2412 noctem

172 2443 314 2483 usque
355 2433 651 2484 produci-aer»
705 2436 884 2474 Comice
928 2437 1050 2475 Anti-

170 2496 342 2546 phanes
374 2496 414 2534 in
438 2496 540 2535 Exc.
568 2498 686 2535 Grot.
710 2508 752 2548 p.
779 2498 878 2537 6:37:
913 2498 1048 2549 Πίος

169 2555 322 2597 θεῶν
351 2555 443 2614 γάρ
473 2557 625 2606 ἐστιν,
666 2552 783 2598 ὅταν
813 2555 928 2617 ἔχῃς
958 2558 1048 2600 ,τό-

168 2619 253 2659 θεν
276 2614 541 2677 Τάλλότρια
571 2618 776 2661 δειπνεῖν
805 2619 875 2675 μὴ
908 2636 1053 2681 προσ-

169 2683 295 2729 έχων
330 2681 639 2737 λογίσμασιν.
690 2686 921 2726 Manifesto
955 2698 1053 2727 ver-

169 2744 226 2784 ba
268 2746 369 2786 facit
398 2747 453 2787 de
486 2749 637 2787 coenis
667 2747 920 2790 laetissimis
951 2751 1052 2801 qui—

169 2808 298 2857 dem,
351 2810 432 2850 sed
476 2811 652 2851 rusticis
696 2814 739 2851 et
783 2812 1049 2863 quotidianis

171 2882 238 2910 vv.
264 2870 329 2910 63.
356 2871 422 2911 64.
476 2873 568 2912 Cic.
595 2875 702 2913 Cato
734 2875 836 2914 mai.
862 2874 935 2924 44,
968 2874 1046 2915 46;

172 2932 239 2980 (In
289 2932 484 2982 Sabinis)
535 2936 771 2976 convivium
816 2937 1050 2976 vicinorum

170 2995 351 3041 quotidie
382 2996 586 3045 compleo,·
633 3000 741 3047 quod
775 3000 832 3038 ad
873 3000 1050 3039 multam

169 3059 351 3104 noctem,
404 3068 529 3106 quam
575 3060 762 3100 inaaeime
801 3073 1046 3111 possumus,

168 3119 290 3157 vario
334 3130 519 3158 sermone
554 3123 839 3169 produci-mus.
887 3147 926 3153 -
963 3125 1050 3174 ipse

169 3180 342 3231 meique]
388 3182 452 3220 De
492 3181 576 3220 hac
615 3187 943 3225 constructione
975 3198 1049 3238 690

167 3243 328 3292 meique
348 3254 490 3283 vescor
513 3244 566 3283 cf.
587 3245 730 3296 Reisig
752 3248 844 3287 Lat.
868 3249 1050 3298 Sprach-

167 3304 278 3343 wiss.
298 3316 340 3355 p.
365 3305 459 3344 331.
492 3306 597 3353 Mei,
631 3318 718 3346 non
741 3309 925 3357 «servi»,
949 3311 1044 3359 sed,

169 3368 217 3404 ut
247 3369 368 3416 patet
399 3378 452 3406 ex
483 3378 610 3418 seqq.
636 3370 680 3407 et
710 3380 763 3408 ex
793 3381 834 3408 v.
859 3370 925 3410 44.
949 3382 1047 3410 suo-

168 3438 288 3474 rum,
324 3430 477 3468 «amici
517 3433 649 3480 atque
682 3430 939 3481 familiares,
973 3434 1048 3483 qui

172 3489 212 3527 in
258 3489 379 3531 lectis
425 3503 602 3532 mecum
654 3492 950 3542 accumbunt,
1004 3498 1048 3534 et>

313 3567 463 3603 Hom-r.
492 3578 581 3604 VOL.
612 3569 653 3604 ll.
710 3579 770 3605 ΕΙ),
800 3579 883 3606 sm.
913 3570 970 3606 Ill.

1128 1302 1260 1340 Lares
1283 1301 1323 1339 in
1346 1300 1445 1340 foco
1468 1301 1727 1351 collocatos,
1763 1303 1869 1343 dum
1892 1307 2006 1345 servi

1127 1362 1246 1402 domi
1268 1374 1397 1403 meae
1417 1365 1505 1404 nati
1529 1367 1792 1416 nutritique,
1819 1367 2005 1414 alacres,

1124 1428 1172 1465 ut
1192 1425 1355 1476 solent,
1381 1429 1514 1478 atque
1536 1427 1786 1480 petulantes
1804 1441 2009 1471 mensam

1125 1489 1415 1529 circumstant
1446 1492 1489 1530 et
1521 1502 1623 1531 mox
1653 1503 1792 1532 coena
1825 1497 2008 1545 peracta

1123 1550 1334 1602 reliquias
1380 1552 1583 1594 ciborum
1624 1567 1645 1594 a
1689 1555 1818 1596 nobis
1864 1566 2010 1607 quan-

1123 1617 1217 1654 tuni
1239 1614 1346 1655 libet
1365 1616 1703 1666 degustatorum
1721 1619 2006 1659 comedunt.»

1126 1701 1169 1704 —
1193 1678 1298 1717 Aule
1317 1679 1482 1730 Larem]
1508 1679 1602 1719 Vid.
1624 1680 1679 1719 ad
1702 1681 1839 1732 Epod.
1861 1683 1911 1730 2,
1936 1683 2003 1722 66.

1126 1763 1169 1768 -
1213 1752 1448 1790 vernasque
1477 1744 1691 1795 procaces]
1736 1743 2007 1798 Οἰκογενῶι·

1122 1804 1211 1842 tota
1243 1803 1414 1845 indoles
1437 1806 1602 1856 optime
1635 1807 1677 1845 in
1710 1808 1885 1858 Paegnii
1906 1819 2005 1859 per-

1121 1876 1228 1905 sona
1269 1878 1293 1906 a
1325 1865 1476 1906 Plauto
1522 1868 1563 1907 in
1609 1870 1743 1909 Persa
1790 1882 2002 1922 expressa

1121 1931 1203 1968 est.
1266 1930 1436 1969 Seneca
1470 1930 1524 1970 de
1558 1932 1837 1973 Providentia
1869 1935 1914 1982 4,
1954 1936 2001 1975 6;

1121 1991 1266 2043 Coqua
1303 1993 1488 2043 filiorum
1532 2006 1605 2034 nos
1648 1997 1850 2036 modestia
1894 1999 2003 2038 clele-

1119 2056 1250 2104 cum,
1281 2056 1558 2096 vernularum
1592 2058 1781 2107 licenlicu
1814 2060 1904 2099 illos
1938 2062 2005 2101 cli—

1117 2118 1294 2168 sciplina
1343 2120 1526 2160 tristiore
1576 2123 1806 2171 contineri,
1857 2125 2006 2165 lior-um

1119 2181 1178 2220 ali
1198 2182 1440 2222 audaciam.
1503 2183 1683 2234 (Vernae
1711 2185 1780 2225 isti
1811 2187 2002 2236 Horatii,

1119 2243 1174 2282 de
1221 2244 1384 2294 quibus
1432 2247 1594 2285 acriter
1636 2247 1805 2298 litigant
1842 2261 2004 2291 recen—

1117 2308 1252 2347 tiores
1303 2307 1469 2358 aliquot
1518 2310 1818 2361 interpretes,
1876 2316 2003 2364 quasi

1119 2368 1338 2408 eonciliari
1382 2371 1453 2409 vix
1497 2373 1668 2422 possint
1712 2385 1857 2425 neque
1896 2387 1999 2416 cum

1118 2434 1276 2482 poetae
1310 2436 1408 2472 octo
1440 2434 1580 2473 servis
1618 2436 1797 2475 rusticis
1837 2438 1924 2477 Sat.
1949 2440 1997 2489 2,

1119 2494 1167 2543 7,
1202 2495 1294 2534 448.
1329 2506 1412 2535 nec
1435 2507 1538 2536 cum
1571 2497 1766 2548 quinque
1797 2500 1999 2550 patribus

1118 2557 1211 2596 sive
1252 2557 1418 2598 colonis
1454 2559 1563 2610 Epp.
1599 2562 1643 2608 4,
1684 2561 1755 2609 44,
1789 2562 1846 2611 3.,
1882 2563 2000 2604 diffi-

1118 2618 1290 2660 cultatis
1335 2619 1440 2660 nihil
1484 2621 1665 2661 habent.
1736 2624 1910 2665 Etenim
1956 2630 2000 2666 et

1115 2681 1290 2723 illorum
1322 2686 1365 2724 et
1395 2684 1556 2724 horum
1587 2688 1690 2726 sunt
1719 2686 1857 2737 filioli,
1892 2700 2000 2741 qua-

1115 2745 1252 2794 libus,
1302 2746 1446 2786 donec
1480 2747 1801 2799 adolevissent,
1849 2751 1997 2792 homi-

1115 2820 1194 2849 nes
1227 2808 1541 2860 elegantiores,
1588 2813 1636 2850 ut
1674 2813 1879 2853 Horatius
1915 2815 1997 2854 etsi

1115 2882 1353 2922 «pauper»,
1402 2873 1523 2912 varia
1559 2873 1616 2913 ad
1654 2875 1894 2915 ministeria
1934 2877 1997 2916 uti

1114 2933 1338 2981 solebant,
1380 2935 1437 2974 ad
1466 2936 1588 2976 iocos
1620 2937 1897 2987 convivales,
1939 2939 1995 2979 ad

1115 2995 1322 3046 epistolas
1353 2997 1441 3037 huc
1469 2997 1569 3037 illuc
1598 2999 1850 3049 mittendas,
1883 3012 1995 3050 quos

1113 3058 1352 3098 tabellarios
1403 3060 1647 3110 vocabant,
1701 3063 1757 3102 ad
1810 3064 1994 3114 opsonia

1113 3120 1310 3172 aliasque
1343 3133 1414 3162 res
1446 3134 1500 3162 ex
1531 3123 1640 3164 urhe
1672 3126 1986 3173 arcessendas;

1111 3183 1180 3223 his
1211 3185 1406 3224 carmina
1439 3185 1664 3226 dictabant
1701 3188 1810 3239 Epp.
1844 3190 1888 3236 4,
1924 3190 1989 3236 40,

1112 3245 1203 3294 49.;
1231 3248 1336 3297 quin
1360 3249 1489 3287 etiam
1515 3249 1762 3289 «canebant
1785 3251 1992 3289 indoctum

1111 3310 1178 3347 sed
1216 3309 1332 3348 dulce
1377 3309 1555 3349 bibenti»
1612 3312 1721 3361 Epp.
1761 3313 1806 3359 2,
1855 3312 1902 3360 Ξ,
1949 3312 1987 3350 9.

1112 3370 1296 3422 aliisque
1330 3372 1484 3412 usibus
1523 3372 1838 3413 inserxiebant.
1901 3375 1988 3413 Sat.

1113 3434 1157 3481 4,
1181 3434 1231 3482 2,
1266 3434 1359 3473 447.
1400 3434 1466 3474 Ad
1494 3445 1737 3482 summam,
1773 3438 1840 3474 est
1859 3447 1988 3475 verna

1110 3495 1352 3535 ministeriis
1396 3498 1451 3535 ad
1493 3501 1617 3535 nulus
1660 3500 1783 3545 αμίιιε
1825 3497 1982 3537 heriles.

1656 3573 1694 3607 21
