2231 3787
846 200 944 238 LlB.
980 200 1009 238 I.
1072 199 1184 240 SAT.
1219 201 1267 239 ΙΙ.

150 331 314 383 lactat
351 328 623 402 habetque
663 330 868 402 palam,
912 332 1126 403 quaerit
1164 349 1273 403 quo
1313 332 1490 403 turpia
1530 332 1682 387 celet.

1903 202 1969 254 37

1914 336 1979 387 85

147 431 384 504 Regibus
423 432 510 488 hic
548 451 664 488 mos
704 441 808 488 est:
851 433 943 487 ubi
983 451 1155 507 equos
1195 442 1517 497 mercantur,
1574 443 1793 507 opertos

149 534 470 606 Inspiciunt,
514 553 614 599 ne,
658 535 702 589 si
743 535 930 599 facieS,
973 544 1031 589 ut
1069 554 1261 608 saepe,
1306 536 1508 591 decora

146 637 288 692 Molli
327 638 455 692 fulta
493 638 637 710 pede
677 647 782 702 est,
827 647 1129 711 emptorem
1169 639 1386 694 inducat
1425 639 1681 703 hiantem,

145 740 303 806 Quod
341 741 601 813 pulchrae
641 741 858 805 cluneS,
900 741 1069 797 breve
1110 742 1260 815 quod
1299 751 1484 814 caput,
1527 742 1698 797 ardua
1737 745 1934 799 cervix.

146 845 261 898 Hoc
300 843 373 896 illi
414 852 588 899 recte:
631 862 698 899 ne
740 844 986 917 corporis
1026 845 1227 916 optima
1265 845 1468 918 Lyncei

1912 848 1980 901 90

253 1005 320 1045 88.
356 1006 482 1045 ducat
524 1007 679 1046 contra
718 1005 856 1046 libros
896 1005 1141 1055 Bentleius,
1189 1004 1286 1046 coll.
1320 1008 1443 1048 Pers.
1477 1008 1523 1057 5,
1570 1007 1662 1048 476.
1702 1031 1746 1036 —-
1779 1008 1846 1049 90.
1879 1013 1925 1048 tu

196 1069 386 1119 emporis
415 1091 437 1097 -
467 1091 490 1097 —
521 1068 812 1119 Contemplare
840 1091 863 1098 —
891 1091 915 1098 -
943 1073 1104 1119 spectas
1132 1068 1272 1109 Bentl.
1312 1071 1452 1120 coni.,
1495 1070 1578 1111 nisi
1617 1071 1738 1121 quod
1780 1072 1919 1112 Codd.

197 1130 297 1182 aliq.
335 1132 377 1182 (κ
409 1134 452 1171 et
481 1144 519 1181 φ
551 1129 673 1182 alter)
708 1130 921 1171 exhibent
959 1131 1260 1182 Contempiare.
1299 1154 1344 1160 —-
1376 1134 1529 1182 Lyncei
1566 1132 1653 1181 13ss
1684 1145 1814 1174 «cum
1842 1146 1924 1174 ve—

196 1194 441 1234 tustissimo
480 1192 760 1244 Blandinio»,
794 1194 989 1234 Pottierii
1026 1196 1266 1248 septimus,
1312 1196 1445 1237 CFMJ
1462 1208 1469 1235 τ
1513 1197 1686 1246 Lynceis
1714 1208 1748 1237 s.
1783 1197 1925 1238 linceis

194 1256 431 1309 hScdp,Lt.

138 1391 385 1445 lapillisque
421 1392 629 1444 pretiosis
668 1393 768 1445 capi
808 1404 858 1434 se
896 1395 1026 1446 pate-

138 1458 275 1496 retur.
336 1457 385 1495 In
430 1467 517 1507 qua
564 1454 856 1508 explicatione
905 1469 1025 1498 nunc

137 1519 483 1570 acquiescimus.
510 1519 749 1561 Cerinthus
765 1522 919 1561 autem
940 1521 1026 1561 Ho-

137 1582 233 1621 ratii
264 1581 387 1622 idem
417 1581 554 1622 fuisse
593 1583 729 1634 atque
759 1582 852 1633 ille,
897 1584 1023 1625 cuius

137 1655 315 1686 amores
348 1644 593 1686 celebravit
621 1645 819 1687 Tibullus
850 1645 944 1687 Lib.
969 1647 1019 1697 2,

135 1709 175 1748 2.
211 1709 256 1748 et
284 1707 378 1748 Lib.
412 1707 461 1759 4,
495 1709 535 1749 2.
569 1720 689 1761 sqq.‚
733 1720 824 1749 non
853 1710 1018 1762 potest.

135 1773 247 1811 Nam
284 1771 576 1812 Horatianum
605 1772 813 1814 floruisse
845 1772 1023 1812 circiter

135 1846 174 1874 a.
208 1846 250 1873 u.
286 1846 324 1874 c.
359 1835 454 1875 745.
494 1845 683 1876 necesse
726 1836 817 1885 est,
864 1833 1021 1875 Tibulli

137 1898 399 1938 Cerinthum
444 1909 483 1938 a.
525 1909 569 1938 u.
612 1909 651 1938 c.
694 1897 809 1947 730„
857 1897 1020 1949 quibus

133 1961 221 2000 XV.
262 1961 389 2001 annis
433 1961 516 2002 flos
564 1962 719 2002 aetatis
762 1961 916 2012 utique
961 1959 1020 2000 illi

134 2024 385 2064 transierat.
456 2024 792 2064 Commentator
835 2023 1020 2076 quidem

135 2088 268 2138 Cruq.
301 2086 575 2128 subrustice:
612 2087 877 2128 «Cerinthus
909 2086 1020 2127 dici-

133 2151 204 2190 tur
233 2149 314 2190 illis
345 2149 625 2202 temporibus
654 2149 791 2190 fuisse
812 2149 1021 2202 pulcher-

132 2214 297 2254 rimum
331 2215 552 2263 scortum,
595 2214 754 2265 insigni
791 2214 941 2266 specie
975 2215 1019 2255 et

134 2276 372 2316 candore.»

169 2337 236 2379 84.
257 2340 323 2378 85.
350 2339 450 2378 Sine
469 2348 604 2378 causa
618 2339 662 2378 in
682 2339 750 2380 his
766 2351 838 2379 W.
858 2340 1019 2380 haese-

132 2403 235 2441 runt
255 2402 522 2453 interpretes
544 2400 766 2450 nonnulli,
791 2412 895 2441 cum
912 2412 1018 2442 sen-

133 2475 209 2504 sus
239 2464 295 2505 s1t
324 2464 658 2515 apertissimus:
695 2465 811 2504 «Nec
841 2464 944 2504 facit
968 2466 1019 2505 ut

132 2527 323 2568 feminae
356 2525 552 2577 nobiles,
588 2537 703 2578 quae
736 2527 773 2567 si
795 2527 903 2578 quid
922 2526 1019 2580 pul-

133 2591 227 2630 chri
256 2589 448 2640 habent,
491 2590 576 2629 hoc
607 2591 853 2639 ostentant,
888 2591 1015 2630 anxie

132 2655 287 2694 contra
324 2655 443 2693 artes
483 2654 872 2705 circumspiciunt,
917 2654 1018 2705 qui-

129 2716 215 2757 bus
246 2726 414 2756 naevos
444 2715 848 2767 membrorumque
871 2716 1019 2756 defor-

131 2780 334 2820 mitatem
354 2779 622 2820 occultent.»
655 2779 875 2820 Particula
897 2781 1016 2821 enim

130 2854 202 2883 nec
223 2853 326 2882 cum
358 2842 415 2882 ad
435 2853 507 2883 vv.
530 2844 667 2883 Iactat
686 2843 889 2894 habetque
908 2855 1017 2896 per-

130 2906 263 2954 tinet,
310 2906 406 2946 tum
451 2905 508 2945 ad
549 2916 591 2946 v.
625 2907 804 2956 quaerit.
870 2907 1016 2946 «Con-

131 2967 294 3006 iunctio
315 2969 467 3007 autem
487 2968 720 3019 utriusque
737 2969 1011 3008 sententiae»

129 3031 178 3069 ut
217 3029 375 3069 Handii
412 3029 562 3070 verbis
602 3031 783 3071 utamur
819 3032 945 3071 Turs.
978 3032 1011 3070 I.

129 3103 173 3145 p.
198 3091 293 3132 350.
321 3103 400 3132 «ea
421 3094 511 3142 est,
546 3104 634 3144 qua
655 3093 771 3134 duae
793 3105 866 3134 res
888 3105 1015 3135 caus—

129 3166 206 3196 sae
236 3153 309 3195 vel
337 3155 520 3195 rationis
551 3167 668 3196 nexu
689 3157 749 3197 ita
771 3157 1015 3198 cohaeren-

129 3219 219 3267 tes,
258 3219 307 3257 ut
342 3219 385 3257 in
424 3228 477 3258 eo
509 3217 772 3269 explicando
808 3219 1013 3260 adhiberi

128 3280 270 3332 possit
307 3279 378 3321 vel
408 3291 537 3330 quum
572 3279 643 3320 vel
682 3282 717 3320 si
757 3281 842 3332 [vel
881 3283 1010 3333 dum],

131 3353 276 3394 aequo
302 3341 400 3384 loco
423 3344 467 3384 et
487 3342 540 3384 ἐκ
561 3340 870 3400 παραλλήλου
893 3356 1016 3385 com-

1091 1394 1155 1434 «si
1185 1393 1293 1446 quid
1320 1394 1498 1434 honesti
1527 1394 1681 1444 iactat,
1715 1406 1805 1436 non
1825 1397 1976 1437 tamen

1090 1459 1266 1508 quaerit
1296 1459 1410 1497 cet.»
1447 1480 1491 1485 —
1525 1469 1705 1498 mercem
1733 1460 1820 1498 sine
1853 1459 1975 1511 fucis]

1090 1530 1279 1572 «corpus
1317 1519 1477 1560 venale
1524 1521 1619 1561 sine
1666 1519 1886 1561 lenocinio
1932 1524 1978 1562 et

1089 1584 1283 1623 externis
1334 1584 1653 1624 ornamentis.»
1709 1607 1753 1612 -—
1804 1584 1975 1636 honesti]

1088 1645 1330 1697 «pulchri»,
1364 1647 1412 1685 ut
1440 1646 1558 1697 Virg.
1594 1648 1670 1686 Ge.
1694 1647 1744 1696 2,
1779 1646 1882 1687 392:
1922 1648 1976 1686 Et

1087 1719 1333 1759 quoeunque
1376 1709 1475 1749 deus
1516 1709 1677 1749 circum
1719 1715 1846 1761 caput
1890 1711 1974 1762 eqit

1084 1772 1311 1811 honestum.

1140 1835 1288 1876 86-95.
1335 1834 1525 1887 Reqibus]
1566 1846 1648 1887 pro
1691 1834 1970 1876 «divitibus»

1086 1919 1133 1925 —
1175 1897 1318 1950 facies]
1363 1898 1598 1938 «universa
1639 1898 1839 1950 corporis
1880 1897 1973 1937 for-

1083 1971 1201 2000 ma.»
1237 1983 1281 1989 —
1324 1961 1439 2000 molli
1475 1961 1586 2012 fulta
1615 1961 1734 2013 pede]
1773 1959 1970 2012 intellige

1084 2034 1213 2063 crura
1245 2022 1468 2064 imbecilla
1501 2024 1545 2063 et
1563 2023 1744 2064 vitiosas
1764 2021 1968 2074 ungulas.

1083 2087 1153 2127 Sic
1182 2087 1386 2138 Xenoph.
1421 2086 1477 2126 de
1507 2097 1557 2126 re
1589 2097 1661 2137 eq.
1696 2087 1741 2135 4,
1775 2086 1815 2126 3.
1850 2097 1972 2127 com-

1081 2149 1268 2191 mendat
1306 2151 1352 2189 in
1392 2150 1520 2201 equis
1562 2150 1735 2199 παχεῖς
1770 2144 1966 2200 ὄνυχας,

1081 2214 1373 2268 reprehendit
1393 2210 1611 2264 λεπτούς.
1669 2213 1856 2265 Oppian.
1879 2215 1971 2265 Cy—

1081 2289 1181 2329 neg.
1217 2278 1266 2327 ’1,
1306 2278 1398 2317 475.
1442 2277 1487 2316 in
1528 2277 1632 2328 equi
1672 2275 1846 2327 pulchri
1887 2276 1970 2317 de-

1082 2342 1344 2393 scriptione:
1391 2336 1544 2380 Βαιὸν
1588 2335 1707 2396 ὑπὲρ
1750 2335 1966 2396 ὃειρῆφι,

1079 2399 1322 2462 ,ιιετιήορον
1371 2396 1467 2454 ὕψι
1513 2399 1730 2459 κάρηνον
1772 2396 1964 2458 'Aec'poc⁹

1080 2490 1104 2497 —
1134 2489 1159 2496 -
1189 2466 1350 2525 Μηροὶ
1388 2463 1426 2505 δ’
1459 2461 1709 2519 εὖπαγέες,
1755 2461 1969 2518 μυώὸεες

1081 2527 1180 2569 κτλ.
1223 2553 1263 2558 -
1296 2528 1481 2580 inducat]
1517 2528 1757 2580 «decipiat,
1804 2527 1966 2568 fallat.»

1084 2616 1130 2621 -
1163 2592 1359 2643 hiantem]
1400 2591 1683 2644 «cupidum».
1732 2592 1878 2631 GLoss.
1917 2612 1961 2619 —

1082 2656 1255 2696 «Climes
1298 2655 1406 2695 dixit
1448 2656 1491 2695 in
1533 2654 1744 2695 feminino
1774 2665 1964 2705 genere,

1080 2719 1163 2760 sed
1199 2717 1419 2759 Iuvenalis
1453 2719 1543 2770 (Μ,
1579 2717 1697 2768 464..)
1735 2718 1800 2757 hic
1837 2718 1970 2758 clunis

1081 2781 1210 2831 dixit,
1245 2781 1366 2832 quod
1396 2782 1648 2822 tenemus.»
1689 2780 1791 2819 ΑΕΒ.
1817 2802 1865 2809 -
1889 2791 1967 2820 αν-

1080 2845 1179 2897 dua]
1215 2844 1615 2896 «hochraqencl».
1676 2842 1794 2894 Virg.
1821 2844 1896 2883 Ge.
1921 2843 1962 2892 3,

1079 2908 1146 2948 79.
1183 2907 1239 2948 de
1272 2918 1411 2959 equo:
1442 2906 1509 2947 Illi
1539 2906 1680 2945 ardua
1708 2905 1854 2945 cervix
1881 2904 1965 2945 Ar-

1078 2974 1308 3022 {sucumque
1337 2973 1487 3020 caput,
1520 2968 1655 3009 brevis
1680 2967 1800 3008 alvus
1820 2967 1966 3008 obesa-

1081 3043 1158 3083 que
1196 3037 1343 3085 terga,
1391 3032 1686 3081 Luoeuriatque
1726 3031 1830 3070 toris
1870 3031 1967 3070 ani-

1078 3107 1241 3136 mosum
1269 3099 1428 3146 pectus.
1466 3118 1511 3122 —
1544 3105 1596 3134 ne
1634 3094 1823 3143 corporis
1862 3092 1966 3144 cet]

1082 3159 1178 3198 «Sic
1207 3157 1296 3198 noli
1326 3159 1373 3197 tu
1404 3157 1565 3197 acriter
1592 3154 1883 3208 contemplari
1904 3156 1965 3194 at-

1080 3233 1167 3273 que
1206 3221 1442 3269 admirari,
1490 3230 1605 3271 quae
1635 3217 1821 3271 pulchra
1863 3220 1966 3258 sunt

1079 3284 1122 3323 in
1144 3282 1346 3333 muliere,
1382 3282 1606 3323 caecutire
1629 3282 1672 3322 in
1692 3282 1768 3330 iis,
1803 3279 1966 3332 quibus

1079 3345 1292 3386 deformis
1327 3346 1438 3386 est.»
1473 3367 1519 3373 -
1551 3343 1718 3394 Lyncei]
1750 3344 1798 3382 ut
1826 3341 1965 3381 Achil—

129 3407 398 3457 ponuntur.»
451 3407 600 3447 Lectio
623 3406 730 3446 Cod.
756 3405 913 3457 Guelf.,
939 3409 1013 3459 qui
1077 3409 1152 3457 lei,
1191 3408 1306 3448 Oilei.
1349 3406 1473 3447 Pind.
1498 3407 1625 3446 Nem.
1651 3405 1723 3452 110,
1758 3403 1832 3443 62:
1867 3404 1964 3444 κεί-

130 3479 170 3507 v.
205 3473 262 3509 est
291 3470 470 3521 omittit,
504 3472 562 3511 ita
586 3469 844 3523 explicanda
870 3473 1008 3511 esset:
1044 3445 1048 3509 ,Ι
1078 3483 1164 3511 νου
1186 3467 1276 3528 γὰρ
1299 3468 1590 3518 ἐπιχθονίων
1611 3463 1802 3507 πάντων
1822 3460 1964 3519 γένετ’
