2231 3787
222 262 325 314 ⁶210

291 396 496 466 Sperne
536 392 714 447 cibun]
753 390 939 454 vilem,
979 390 1078 442 nisi
1121 388 1388 460 Hymettia
1428 384 1584 439 mella
1624 383 1847 438 Falerno

290 497 365 548 Ne
404 495 605 547 biberis
647 493 826 546 diluta.

863 260 1076 301 HORATll
1109 258 1410 300 SATIRARUM

2001 385 2024 398 υ

1966 383 2030 436 4ο

903 491 1053 544 Foris
1093 499 1173 543 est
1211 505 1456 559 promuS‚
1500 495 1552 541 et
1590 495 1761 539 atrum

291 596 594 650 Defendens
636 595 811 665 pisces
852 593 1048 646 hiemat
1087 607 1257 643 mare:
1307 606 1429 642 cum
1468 587 1579 641 sale
1618 587 1771 658 panis

291 701 591 751 Lati-antem
630 693 964 748 stomachum
1002 693 1141 746 bene
1182 690 1358 744 leniet.

1435 688 1586 745 Unde
1625 696 1781 759 putas
1820 695 1910 741 aut

290 800 392 863 Qui
435 796 681 869 partum?
726 797 839 848 Non
880 795 930 846 in
970 810 1095 847 caro
1135 792 1324 845 nidore
1362 790 1609 861 voluptas

291 902 532 954 Summa.
573 896 670 950 sed
708 896 760 948 in
800 906 850 948 te
890 897 1007 966 ipso
1047 902 1141 948 est.

1218 895 1290 946 Tu
1331 892 1686 964 pulmentaria
1724 907 1927 962 quaere
1963 890 2032 944 20

292 999 575 1062 Sudand03
617 998 871 1069 pinguem
909 996 1048 1049 vitiis
1088 995 1377 1066 albumque
1417 1011 1596 1065 neque
1635 1001 1815 1047 ostrea

332 1197 396 1236 46.
431 1196 567 1235 delata
599 1196 639 1234 S.
680 1217 722 1223 -
759 1194 823 1234 48.
857 1193 982 1233 leniat
1013 1203 1127 1233 corr.
1162 1203 1199 1232 c.
1238 1215 1281 1220 -—
1315 1192 1382 1231 24.
1415 1190 1560 1243 neque]
1590 1202 1663 1231 nee
1693 1190 1792 1231 LCt.

215 1368 430 1421 fastidium
473 1365 679 1412 amussim
730 1363 921 1404 verbum
964 1362 1092 1414 longe

219 1430 441 1471 efficacius
473 1438 606 1478 quam
629 1425 830 1465 eiusdem
861 1424 991 1475 gloss.
1017 1436 1094 1464 ea:—

211 1493 388 1543 pulerit,
436 1488 554 1540 quod
599 1486 806 1539 praetulit
843 1485 1090 1535 Bentleius,

218 1556 319 1606 quia
348 1552 487 1592 zerbo
518 1552 743 1590 eoetundere
774 1560 873 1589 eam
903 1551 1094 1588 tantum-

217 1618 350 1657 modo
410 1614 775 1664 signifieationem
837 1610 1090 1658 tribuebat,

216 1690 352 1731 quam
382 1676 517 1717 habet
547 1675 665 1727 apud
689 1676 801 1725 Virg.
828 1675 902 1713 Ge.
927 1675 966 1722 4,
991 1673 1089 1713 433;

221 1744 267 1781 L't
295 1741 442 1781 varias
471 1750 567 1777 usus
597 1738 830 1777 meditando
851 1737 1096 1776 extunderet

217 1809 342 1844 artes.
394 1800 625 1850 Quomodo
666 1800 841 1838 tertiam
881 1798 980 1838 lect.
1015 1809 1093 1837 ea:-

216 1867 355 1906 tulerit
384 1863 575 1916 probare
607 1864 649 1901 et
678 1861 817 1901 verbo
841 1860 1090 1910 «abegerit»

217 1927 436 1980 explicare
481 1925 674 1976 potuerit
716 1922 1009 1964 Mitscherlich
1049 1923 1094 1961 in

217 1990 385 2032 Prolus.
412 1988 531 2028 4826.
555 1998 597 2038 p.
623 1987 681 2034 7.,
705 1997 793 2025 non
815 1983 1021 2035 intelligo.
1046 2007 1090 2013 —

215 2052 422 2103 Hymettia
455 2049 555 2100 eet.]
591 2047 809 2088 «mulsum
849 2057 1094 2098 praepara-

217 2119 311 2155 tum
333 2126 384 2154 ex
408 2112 661 2152 dulcissimo
683 2108 812 2149 melle
834 2110 975 2148 Attico
999 2108 1089 2158 (Od.

218 2180 265 2227 Ξ,
301 2178 349 2225 6,
392 2175 473 2224 44.)
507 2177 549 2213 et
585 2174 687 2212 vino
723 2172 1091 2223 generosissimo,

217 2242 367 2291 spreto
388 2236 530 2277 mulso
554 2236 688 2274 mixto
706 2245 760 2273 ex
778 2235 880 2273 vino
899 2236 942 2273 et
963 2231 1092 2272 melle

217 2300 486 2342 communi.»
528 2295 722 2337 Mac-rob.
748 2297 921 2334 Saturn.
946 2295 990 2342 7,
1017 2295 1090 2333 42:

216 2363 298 2403 Mel
334 2366 371 2402 et
401 2362 544 2399 vinum
573 2358 745 2398 dit-ersis
775 2357 978 2396 aetatibus
1012 2356 1093 2394 ha-

217 2425 362 2465 bentur
382 2424 568 2473 optima:
598 2421 697 2469 mel,
732 2420 841 2469 quod
861 2418 1093 2458 recentissi—

216 2499 350 2535 mum,
399 2487 566 2531 vinum,
609 2484 717 2532 quod
744 2481 1091 2527 vetustissimum,-

215 2551 322 2589 unde
361 2552 418 2588 est
461 2552 497 2587 et
537 2546 639 2584 illud
681 2544 966 2594 proverbium,
1013 2553 1093 2592 quo

216 2615 391 2651 utuntur
431 2609 621 2660 9ulones,
665 2607 910 2653 mulsum,
958 2604 1094 2653 quod

213 2673 380 2723 probe
437 2675 710 2719 temperes,
776 2667 1094 2706 miscendum

219 2746 325 2776 esse
367 2745 490 2772 novo
536 2731 789 2780 Hymettia
833 2733 880 2768 et
920 2728 1094 2767 vetulo

219 2797 451 2838 Falerno.
489 2794 610 2833 Conf.
631 2794 717 2832 Sat.
737 2793 783 2840 2,
807 2791 852 2839 4,
877 2790 943 2830 24.
970 2789 1096 2830 Mulsi

221 2858 372 2910 optimi
393 2856 578 2896 faciendi
600 2853 1001 2906 praescriptionem
1022 2850 1098 2890 de-

221 2921 283 2960 dit
314 2917 553 2959 Columella
586 2918 655 2965 42,
699 2915 766 2955 44.
803 2937 844 2943 -
880 2913 999 2953 Foris
1041 2916 1099 2952 est

222 2982 324 3033 eet]
359 2980 568 3028 «Quando
600 2978 725 3017 abest
765 2986 948 3028 promus
989 2986 1098 3015 con-

223 3044 329 3091 dus,
377 3041 604 3088 cellarius,
652 3039 763 3079 adeo
804 3041 851 3077 ut
892 3036 1098 3077 meliores

224 3106 348 3147 cibos
392 3103 468 3143 tibi
514 3114 566 3142 ex
617 3113 735 3153 penu
778 3111 984 3152 promere
1028 3098 1098 3138 vel

224 3168 430 3209 obsonari
477 3167 711 3216 nequeat.»
758 3185 805 3191 —
853 3163 1007 3212 atrum]
1053 3164 1100 3201 ut

225 3231 303 3271 Od.
329 3230 374 3277 3
398 3229 474 3276 27,
514 3228 579 3267 18:
614 3231 705 3265 ater·
724 3226 908 3265 Hadriae
928 3247 950 3253 -
970 3226 1097 3263 sinus.

228 3315 274 3322 —
299 3292 527 3343 Defendens
560 3288 749 3340 pisces]‹
740 3298 885 3326 «mare
918 3288 1102 3337 agitatur

227 3353 451 3423 procellis,
485 3353 665 3403 propter
690 3360 801 3400 quas
831 3360 963 3389 nemo
985 3359 1101 3387 nunc

228 3417 388 3469 piscari
418 3415 606 3467 potest.»
642 3432 686 3439 —
720 3411 885 3462 hiemat]
931 3406 1102 3461 zema-

231 3481 370 3530 ζεται.
434 3478 602 3516 Seneca
645 3474 779 3526 Epist.
828 3473 930 3514 444;
981 3473 1104 3513 Dixit

1157 1361 1388 1402 Salustius:
1453 1360 1610 1410 aquis
1663 1359 2030 1400 hiemantibus.

1155 1424 1381 1463 Arruntius
1411 1423 1518 1474 (eius
1540 1422 1680 1472 simia)
1703 1422 1746 1461 in
1771 1422 1910 1471 primo
1930 1421 2035 1462 libro

1157 1486 1247 1526 belli
1266 1485 1409 1524 Punici
1430 1485 1516 1524 ait:
1548 1485 1766 1533 Repente
1794 1484 2035 1523 hiemavit

1155 1551 1434 1597 tempestas.
1467 1569 1491 1575 -
1509 1568 1532 1575 -
1552 1547 1646 1585 Non
1674 1547 1820 1585 desinit
1848 1546 2036 1586 omnibus

1155 1610 1254 1649 locis
1278 1610 1352 1649 hoe
1370 1609 1542 1649 verbum
1570 1609 1774 1659 infulcire.
1828 1607 2037 1649 Similiter

1155 1675 1276 1712 Pers.
1302 1673 1347 1720 6,
1372 1673 1421 1711 7:
1453 1672 1723 1720 hibernatque
1742 1682 1879 1710 meum
1898 1683 2031 1712 mare.

1160 1758 1204 1762 —-
1266 1735 1372 1774 Lati
1375 1738 1512 1774 antem
1563 1734 1844 1785 stomachum]
1905 1734 2032 1774 Hom.

1157 1797 1253 1847 Ody
1257 1808 1314 1837 ss.
1340 1811 1394 1849 η,
1426 1797 1534 1837 246:
1569 1791 1669 1836 013«
1656 1794 1746 1853 γάρ
1767 1808 1811 1835 τι
1831 1793 2035 1854 στυγερῇ

1157 1857 1234 1899 ἐπὶ
1262 1859 1456 1916 γαστέρι
1485 1854 1624 1898 navve
1627 1870 1711 1915 oov
1721 1833 1866 1897 ἄλλο.
1900 1860 2037 1898 Hora-

1156 1923 1242 1961 tius
1285 1922 1444 1960 iratum
1480 1925 1666 1961 ventrem
1701 1922 1831 1960 vocat
1864 1921 1952 1960 Sat.
1985 1921 2033 1969 2,

1157 1983 1204 2032 8,
1238 1984 1276 2022 5.
1319 1982 1444 2034 Apul.
1469 1985 1569 2023 Met.
1595 1982 1692 2031 4,
1677 1995 1713 2022 1:
1745 1993 1908 2022 merum
1926 1993 2036 2023 sae-

1155 2046 1318 2084 vienti
1358 2045 1494 2084 ventri
1523 2049 1592 2084 tuo
1621 2044 1722 2084 soles
1751 2045 1930 2084 aviditer
1966 2045 2037 2083 in—

1155 2108 1388 2159 ⁴qurgyitare.
1423 2106 1560 2147 Plaut.
1587 2108 1684 2147 Cas.
1709 2106 1754 2155 4,
1779 2106 1825 2154 3,
1858 2107 1903 2146 5:
1935 2106 2038 2146 mihi

1156 2171 1363 2210 inanitate
1400 2170 1649 2209 Iamdudum
1687 2169 1883 2209 intestina
1913 2180 2036 2209 mur-

1156 2237 1343 2272 inurant.

1213 2356 1358 2396 48-22.
1415 2356 1525 2395 Unde
1550 2356 1655 2405 cet]
1688 2354 1834 2397 «Unde
1856 2354 1970 2395 effici
1992 2356 2038 2395 et

1157 2418 1325 2468 acquiri
1355 2417 1441 2456 hoc
1469 2418 1623 2468 putas,
1669 2418 1717 2455 ut
1751 2418 1917 2456 tantam
1945 2417 2035 2458 vim

1157 2483 1248 2519 tam
1278 2479 1421 2519 tenuis
1453 2480 1496 2518 et
1525 2477 1621 2517 vilis
1653 2477 1777 2518 cibus
1812 2478 2033 2518 habeat‘t»

1160 2543 1260 2583 Wie
1286 2543 1390 2581 und
1414 2541 1578 2580 woher
1596 2541 1726 2580 wohl
1754 2541 1892 2581 ka‘me
1912 2541 2035 2580 doeh

1158 2604 1278 2644 das‘?
1325 2605 1451 2643 Voss.
1489 2626 1533 2631 —
1566 2604 1610 2642 in
1639 2614 1740 2641 earo
1768 2603 1927 2654 nidore]
1967 2603 2037 2643 «in

1158 2668 1280 2717 grato
1302 2665 1437 2704 odore
1460 2666 1592 2715 atque
1623 2659 1778 2721 ὅοεξιν
1800 2665 2032 2714 excitante,

1159 2729 1262 2829 qui7
1264 2739 1317 2767 ex
1348 2726 1457 2766 cibis
1487 2727 1691 2777 pretiosis
1722 2727 1901 2766 oritur.»
1944 2728 2032 2767 Sat.

1159 2791 1205 2839 2,
1277 2789 1393 2838 ,38
1426 2800 1575 2828 nasum
1603 2789 1748 2828 nidore
1776 2789 1964 2839 supinor.
1987 2811 2033 2818 —

1162 2852 1230 2903 Tu]
1265 2851 1351 2891 Cfr.
1383 2850 1460 2890 Od.
1496 2851 1540 2899 4,
1585 2850 1633 2899 9,
1669 2851 1733 2890 46.
1769 2874 1814 2879 ——
1840 2852 2038 2901 pulmen-

1158 2913 1287 2966 taria]
1320 2925 1344 2952 a
1375 2925 1414 2952 v.
1442 2913 1601 2963 pulpa,
1649 2923 1736 2952 non
1764 2913 1905 2962 pulte,
1953 2911 2037 2952 ob-

1160 2976 1283 3017 sonia
1314 2977 1449 3025 grata.
1503 2976 1621 3014 «Hoc
1651 2976 1801 3015 autem
1831 2976 2037 3015 Socrates

1160 3039 1328 3090 primus
1359 3038 1440 3086 ait,
1488 3038 1562 3087 qui
1606 3047 1709 3076 cum
1756 3036 1812 3076 ad
1854 3038 2035 3077 noctem

1160 3111 1301 3150 usque
1345 3100 1632 3151 spatiaretur,
1677 3099 1970 3150 interrogatus
2012 3109 2039 3139 3

1163 3162 1380 3212 quodam,
1407 3173 1487 3202 cur
1514 3161 1601 3201 hoc
1628 3159 1817 3210 faceret,
1849 3171 2040 3212 respon-

1164 3225 1248 3264 dit:
1269 3219 1428 3274 Ὄψον
1457 3219 1673 3277 συνάγω,
1705 3222 1791 3262 hoc
1821 3224 1910 3271 est,
1942 3221 2041 3262 Pul-

1164 3287 1431 3326 mentarium
1452 3295 1662 3338 quaero.»
1693 3285 1845 3323 Senon.
1874 3307 1918 3311 -—
1936 3285 2039 3334 pin-

1162 3359 1285 3399 quem
1328 3346 1461 3399 vitiis]
1511 3345 1714 3387 «luxurie
1761 3344 2036 3384 tumidum.»

1167 3410 1289 3453 Conf.
1313 3421 1353 3449 v.
1379 3410 1453 3448 77:
1487 3417 1637 3459 eorpus
1665 3410 1858 3447 onustum
1876 3406 2039 3446 Hester-

1164 3473 1228 3511 nis
1256 3472 1379 3512 vitiis.
1430 3471 1608 3512 Persius
1638 3469 1683 3519 3,
1719 3469 1797 3509 98:
1837 3468 2039 3519 Turqidus
