2231 3787
870 254 967 293 LlB.
1002 255 1032 293 1.
1096 254 1258 294 EPIST.
1294 257 1320 293 l.

1904 258 2006 309 367

257 385 563 454 Spectatum
608 384 735 438 satis
775 394 827 438 et
866 383 1121 438 donatum
1162 386 1266 439 iam
1306 386 1440 440 rude
1482 389 1723 459 quaeri&

254 486 562 547 Maecenas.
606 486 797 540 iteruin
837 487 1056 558 antiquo
1097 504 1182 541 me
1225 488 1503 542 includere
1543 489 1698 543 ludo:

252 588 367 640 Non
406 587 599 641 eadem
638 596 720 642 est
756 597 927 652 aetaS‚
971 606 1077 643 non
1116 607 1284 643 mens.

1361 591 1610 644 Veianius
1650 594 1811 646 armis

291 738 328 777 3.
366 737 496 777 ludo?
527 738 604 777 FO.
656 761 699 765 —
748 738 786 779 4.
832 740 925 778 Non
964 740 1108 780 eadem
1138 744 1195 780 est
1225 744 1340 780 aetas
1369 752 1442 781 nec
1470 753 1584 782 mens
1613 754 1664 795 p,
1710 745 1804 785 Non
1834 750 1950 785 aetas

234 801 400 849 cadem,
434 812 516 839 non
547 811 658 840 mens
687 812 802 841 unus
832 802 1032 848 Bersm.,
1065 803 1248 843 Dessav.
1283 803 1463 853 tertius,
1497 805 1650 845 Bothe.

179 931 286 972 dum
319 944 534 975 concessa
565 934 671 974 mihi
692 935 773 975 erit
794 935 900 984 vita,
934 945 1056 975 sem-

178 1006 258 1047 per
286 996 600 1047 praedicabo.»
634 998 708 1037 Est
727 995 847 1036 velut
869 1008 1055 1048 prover-

177 1056 303 1097 bialis
335 1057 534 1098 formula.
576 1060 701 1099 Hom.
726 1060 885 1110 Hymn.
910 1057 1050 1110 Apoll.

176 1118 244 1167 24,
279 1119 326 1160 3:
376 1120 430 1160 σὲ
461 1118 496 1159 δ’
527 1115 695 1171 ἀοιδός
723 1145 747 1151 -
773 1144 797 1150 -
821 1117 1054 1173 Ἡὸυεπὴς

176 1179 366 1237 πρῶτόν
396 1195 445 1223 τε
474 1184 559 1223 καὶ
591 1177 800 1224 ὕστατον
820 1182 923 1222 αἰὲν
952 1179 1053 1245 cist:

174 1242 258 1284 ὂει.
305 1246 488 1286 Theocr.
520 1247 584 1294 47,
610 1246 655 1286 3;
699 1242 895 1303 Ἀνδρῶν
924 1243 960 1284 δ’
989 1246 1050 1285 αύ

173 1306 477 1360 Πτολεμαῖος
497 1308 566 1349 ἑνὶ
587 1305 818 1365 πρώτοισι
838 1307 1050 1362 λεγέσθω

173 1369 266 1410 Καὶ
304 1368 524 1422 κύματος
563 1372 644 1411 καὶ
677 1372 878 1424 μέσσος.
930 1372 1047 1421 Virg.

174 1431 261 1472 Ecl.
286 1433 326 1483 8,
352 1435 395 1473 44
417 1445 424 1472 :
456 1434 489 1474 A
520 1438 556 1474 te
570 1435 850 1485 principium,
885 1434 956 1474 tibi
977 1435 1051 1473 de-

170 1495 287 1535 sinet.
338 1495 433 1536 Noli
471 1496 712 1548 intelligere
753 1498 808 1537 de
850 1498 1049 1537 carmine

170 1559 315 1609 primo
330 1557 428 1599 libri
445 1560 575 1611 primi
592 1562 666 1599 aut
683 1560 738 1599 de
757 1560 887 1600 satira
908 1559 1049 1611 prima

170 1619 268 1660 libri
299 1623 444 1673 primi.
473 1646 517 1650 -
542 1623 659 1675 dicte]
690 1625 739 1663 A.
765 1625 810 1663 P.
836 1622 906 1662 444
930 1634 937 1660 :
971 1622 1050 1661 Dic

169 1683 291 1733 mihi,
322 1686 468 1734 Musa,
500 1686 653 1724 virum.
683 1708 727 1713 —-
751 1685 928 1737 summa]
955 1683 1050 1723 «ul-

170 1747 317 1797 tima»,
340 1750 388 1787 ut
404 1747 482 1787 Od.
501 1748 540 1796 3,
560 1749 628 1797 ⁶28,
650 1748 722 1788 43:
757 1749 928 1788 Summo
948 1759 1048 1786 car-

169 1810 291 1849 mine.
326 1811 448 1851 ovid.
473 1812 598 1851 Trist.
625 1812 662 1859 4,
687 1811 725 1860 3,
745 1811 818 1851 58:
852 1812 907 1850 Et
928 1810 1050 1860 quasi

168 1872 375 1912 discedens
412 1873 553 1912 oscula
589 1884 752 1912 summa
788 1874 892 1913 dedi.
948 1874 1048 1923 {Ne—

168 1944 394 1986 quaquam
422 1947 531 1975 vero
561 1937 677 1976 hanc
706 1937 850 1988 ipsam
871 1936 1048 1987 Episto-

167 1994 255 2036 lam
285 1996 490 2037 ultimum
520 2009 652 2038 suum
683 2010 782 2039 esse
816 1998 922 2039 dicit
947 2008 1048 2037 car-

167 2069 292 2108 men,
325 2062 374 2099 ut
393 2059 590 2100 nonnulli
610 2072 748 2112 prave
770 2061 1045 2113 interpretati

167 2122 300 2171 sunt.)
350 2145 393 2149 —
436 2123 696 2175 Spectatum]
728 2123 927 2164 Verbum
960 2124 1044 2163 hoc

167 2185 235 2224 est
249 2185 480 2235 proprium
497 2185 552 2225 de
570 2185 886 2237 gladiatoribus
907 2199 1043 2239 saepe

165 2246 408 2287 victoribus
441 2249 573 2299 atque
605 2260 629 2288 a
654 2249 818 2301 populo
842 2249 1046 2290 celebra-

166 2309 243 2358 tis,
267 2311 369 2349 nota
390 2309 464 2349 SP.
491 2321 755 2362 expressum
776 2312 821 2351 in
844 2313 1041 2361 tesseris,

166 2381 280 2421 quae
313 2370 472 2412 talibus
503 2372 682 2413 honoris
710 2384 842 2414 causa
873 2373 1045 2414 daban-

166 2434 251 2472 tur.
296 2434 348 2472 V.
381 2435 600 2486 Inscriptt.
633 2445 694 2476 m.
728 2436 819 2476 Lat.
852 2438 901 2476 N.
935 2437 1036 2476 256⁴

164 2506 293 2547 seqq.
327 2497 480 2537 Marini
499 2497 583 2536 Atti
603 2499 652 2537 II.
686 2509 729 2549 p.
752 2498 846 2539 823.
880 2499 1045 2538 Huius-

165 2557 286 2597 modi
319 2560 514 2599 tesseras
547 2561 676 2600 antea
705 2561 875 2611 ignotas
907 2560 1044 2600 edidit

164 2619 326 2661 Roulez
361 2622 404 2661 in
432 2623 562 2662 Acad.
586 2623 730 2673 royale
759 2624 808 2663 de
826 2624 1045 2664 Bruoeeltes

163 2682 271 2722 VIII.
294 2684 335 2724 2.
366 2685 514 2724 Bullet.
567 2686 749 2726 Ceteras
790 2686 936 2726 adhuc
966 2697 1042 2726 re-

163 2746 314 2795 pertas
343 2745 518 2798 collegit
547 2747 821 2790 Cardinalius
855 2750 1042 2800 Diplomi

161 2808 338 2848 militari
364 2821 408 2861 p.
435 2811 505 2850 424
543 2821 670 2862 seqq.
712 2833 756 2839 —
788 2813 907 2863 rude]
940 2811 1040 2853 Gla-

164 2869 358 2911 diatores
387 2872 637 2924 postulante
668 2873 833 2926 populo
863 2875 906 2915 in
941 2886 1040 2915 am·-

163 2931 412 2982 phitheatro
443 2945 468 2973 a
495 2934 704 2991 ludorum
733 2937 902 2978 editore
929 2938 1042 2978 acci-

163 2991 347 3043 piebant
373 2997 520 3035 rudem
550 2995 800 3048 (Freistab
830 3000 973 3048 Voss.)
995 3001 1038 3040 ln

10 3058 14 3097 ξ
81 3054 83 3058 ’
164 3055 359 3105 εἰςηυωι
387 3060 775 3111 exauctorationis,
827 3063 864 3103 si
910 3062 1038 3103 liberi

164 3120 311 3167 erant,
345 3118 382 3158 si
411 3120 548 3169 servi,
581 3122 804 3164 missIonis
826 3125 930 3164 artis
951 3124 1039 3176 gla-

164 3179 400 3229 diatoriae,
433 3181 797 3235 vocabanturque
833 3187 1034 3227 rudiarii.

165 3242 254 3282 Cic.
290 3242 474 3296 Philipp.
499 3245 539 3293 2,
572 3245 641 3293 29,
674 3245 749 3286 74:
784 3247 884 3286 Tam
912 3248 1039 3289 bonus

162 3303 375 3355 yladiator
402 3307 549 3346 rudem
587 3311 674 3347 tam
706 3308 786 3348 cito
815 3311 1040 3360 accepisti?

165 3365 287 3406 Ovid.
309 3368 407 3408 Am.
430 3369 477 3418 2,
511 3368 558 3418 9,
592 3369 666 3409 22:
701 3370 885 3420 Tutaque
914 3373 1041 3422 depo-

164 3427 240 3467 sito
261 3431 451 3479 poscitur
479 3442 570 3471 ense
587 3432 716 3472 rudis.
769 3432 950 3474 Collatio
980 3433 1040 3475 le-

166 3499 271 3538 gum
303 3492 481 3534 Mosaic.
520 3496 564 3534 et
605 3495 729 3534 Rom.
770 3495 847 3543 44,
893 3496 941 3544 7,
988 3495 1035 3536 4:

1121 936 1200 986 Qui
1229 937 1273 975 in
1301 937 1445 976 ludum
1475 938 1757 989 damnantur,
1799 952 1884 981 non
1917 943 2002 981 uti—

1120 1009 1197 1048 que
1225 1003 1548 1050 consumuntur,
1594 1002 1662 1040 sed
1701 1003 1830 1042 etiam
1862 1004 2002 1054 pileat-

1117 1064 1155 1100 et
1173 1062 1321 1100 rudem
1342 1063 1531 1112 accipere
1554 1070 1729 1113 possunt
1753 1070 1847 1115 post
1876 1068 2001 1107 inter-

1115 1123 1256 1170 valta,-
1301 1125 1502 1172 siquidem
1537 1131 1633 1175 post
1673 1128 2001 1178 quinquennium

1109 1185 1287 1233 pileari‚
1328 1191 1424 1235 post
1467 1188 1693 1228 triennium
1723 1194 1862 1230 autem
1896 1193 2000 1231 rude

1116 1247 1286 1287 batuere
1305 1249 1362 1287 eis
1385 1251 1658 1299 permittitur.
1699 1253 1861 1293 Contra
1882 1265 1996 1294 sum-

1113 1320 1186 1348 ma
1213 1311 1351 1360 rudi&
1389 1312 1561 1363 prImus
1592 1312 1884 1364 gladiatorum
1916 1316 1998 1356 do-

1115 1375 1232 1422 ctor,
1265 1375 1447 1414 secunda
1465 1377 1604 1426 rudis,
1638 1377 1888 1427 secundus,
1924 1382 1998 1429 qui

1112 1434 1290 1486 publice
1311 1448 1533 1488 pugnasse
1556 1450 1645 1479 non
1660 1439 1880 1481 videntur.
1907 1442 1994 1481 Csr.

1113 1499 1266 1539 Marini
1295 1500 1339 1539 F.
1373 1500 1420 1540 A.
1450 1512 1494 1553 p.
1526 1502 1621 1542 682.
1654 1502 1747 1542 683.
1798 1502 1996 1544 Avellino

1114 1560 1260 1610 Opusc.
1294 1562 1363 1600 111.
1401 1573 1445 1614 p.
1483 1562 1550 1603 4‘2.
1612 1565 1846 1616 Inscriptio
1877 1568 1997 1618 apud

1114 1623 1259 1662 Osann
1298 1635 1342 1675 p.
1378 1623 1478 1664 476:
1530 1626 1850 1667 TROPHIMVS.
1900 1630 1996 1668 AV—

1114 1685 1284 1725 GVSTI.
1317 1688 1365 1726 L.
1400 1687 1666 1728 SECVNDA.
1701 1691 1877 1730 RVDIS.
1911 1692 1997 1732 FA-

1110 1748 1313 1788 MILIAE.
1356 1750 1764 1792 GLADIATORIAE.
1801 1754 1994 1795 CAESA-

1110 1811 1209 1850 RIS.
1252 1812 1394 1851 LVDI.
1426 1813 1620 1853 MAGNI.
1658 1838 1703 1842 ——
1737 1818 1948 1864 quaeris-
1968 1840 1991 1846 -

1113 1873 1333 1926 includere]
1353 1875 1513 1917 eadem
1530 1879 1878 1929 constructione,
1904 1892 1992 1932 qua

1112 1936 1190 1975 Od.
1213 1937 1250 1986 4,
1272 1938 1338 1987 46,
1362 1939 1437 1978 ⁶25:
1462 1939 1629 1979 mitibus
1646 1942 1817 1981 Mutare
1837 1954 1993 1992 quaero

1110 2000 1260 2039 tristia.
1296 2001 1383 2040 Sat.
1408 2001 1423 2040 4
1444 2033 1452 2050 ,
1478 2001 1526 2049 9,
1561 2002 1609 2041 8;
1644 2003 1847 2044 discedere
1868 2017 1994 2055 quae-

1109 2072 1216 2101 rens,
1277 2083 1320 2090 -
1381 2063 1501 2113 ludo]
1550 2063 1867 2115 «gladiatorio,
1916 2067 1992 2107 ubi

1110 2125 1236 2175 quasi
1275 2124 1472 2165 inclusus
1503 2126 1545 2165 in
1577 2126 1686 2166 cella
1718 2128 1801 2168 sub
1833 2128 1991 2170 lanista

1108 2187 1254 2227 vivam
1293 2188 1513 2238 huiusque
1555 2188 1771 2230 arbitratu
1808 2192 1852 2231 in
1889 2203 1991 2232 are-

1109 2260 1214 2289 nam
1250 2249 1567 2290 descendam.»
1635 2253 1734 2292 Sine
1772 2254 1985 2305 imagine:

1112 2311 1270 2351 «Miror
1304 2314 1348 2351 te
1381 2311 1573 2353 aliumve
1605 2313 1753 2354 denuo
1793 2317 1990 2357 carmina

1108 2384 1131 2411 a
1163 2384 1235 2413 me
1265 2373 1514 2425 postulare,
1564 2385 1667 2415 cum
1704 2377 1792 2416 iam
1831 2380 1876 2417 et
1914 2389 1990 2418 se-

1107 2436 1204 2475 nior
1225 2435 1364 2476 factus
1386 2436 1470 2475 sim
1492 2438 1538 2476 et
1558 2439 1658 2477 ante
1681 2440 1826 2478 omnia
1849 2441 1989 2481 otium

1107 2509 1347 2549 quaeram,
1387 2498 1428 2538 in
1463 2509 1550 2549 quo
1582 2500 1711 2540 unice
1742 2502 1986 2553 sapientiae

1106 2571 1286 2609 vacem3
1319 2562 1553 2612 praeterea
1583 2564 1828 2614 poematis,
1871 2575 1985 2615 quae

1106 2623 1244 2672 edidi,
1292 2623 1416 2664 iustis
1455 2623 1738 2675 popularium
1779 2636 1986 2667 meorum

1102 2684 1333 2738 postulatis
1364 2686 1451 2726 iam
1482 2686 1750 2728 satisfecisse
1782 2689 1890 2728 mihi
1916 2690 1985 2729 vi-

1104 2749 1257 2790 deor.»
1309 2749 1530 2800 Imprimis
1575 2752 1726 2790 autem
1766 2751 1985 2793 abhorre-

1102 2812 1179 2852 bat
1200 2823 1225 2851 a
1247 2811 1517 2852 carminibus
1544 2814 1844 2864 panegyricis,
1878 2825 1985 2866 qua-

1100 2874 1156 2915 lia
1185 2875 1373 2914 fortasse
1404 2873 1459 2913 ab
1493 2885 1546 2914 eo
1587 2875 1979 2927 exspectabantur.

1102 2937 1415 2978 Recentiorum
1433 2936 1616 2986 quidem
1636 2939 1787 2977 sensui
1808 2949 1985 2979 accom-

1101 2999 1321 3039 modatior
1348 2997 1526 3038 videtur
1558 2999 1862 3051 interrogatio:
1894 3003 1985 3041 Pri-

1099 3073 1173 3101 ma
1192 3084 1214 3091 -
1234 3083 1257 3089 -
1278 3060 1405 3101 ludo?
1451 3056 1618 3102 Verum
1640 3060 1826 3103 alteram
1847 3065 1983 3103 ratio-

1101 3134 1228 3172 nem,
1277 3134 1412 3174 quam
1442 3125 1624 3163 secutus
1663 3135 1788 3173 sum,
1835 3125 1981 3166 minus

1102 3186 1319 3226 concitata
1340 3196 1442 3225 cum
1463 3186 1532 3235 sit,
1554 3184 1824 3244 χαρακτῆρι
1846 3189 1979 3237 atque

1101 3243 1211 3300 ἤθει
1231 3248 1361 3288 huius
1377 3247 1598 3300 Epistolae
1615 3250 1834 3300 aptiorem
1854 3251 1976 3299 puto.

1157 3309 1249 3351 4-6.
1282 3312 1378 3350 Non
1407 3312 1551 3351 eadem
1579 3315 1637 3350 est
1665 3311 1794 3362 aetas]
1827 3310 1905 3350 Od.
1929 3309 1975 3358 4,

1103 3373 1152 3422 4,
1185 3373 1234 3412 3;
1279 3375 1374 3413 Non
1402 3384 1495 3413 sum
1532 3374 1668 3424 qualis
1702 3383 1822 3412 eram
1850 3371 1981 3411 bonae

1101 3434 1186 3473 Sub
1204 3446 1333 3486 reyno
1351 3436 1546 3476 Cinarae.
1569 3435 1728 3474 Nescio
1746 3444 1825 3473 cur
1840 3433 1976 3473 Bothe

1103 3496 1474 3547 elegantissimam
1496 3497 1700 3537 iudicarit
1724 3495 1973 3536 lectionem:
