2231 3787
236 234 326 286 124
863 239 1076 278 nomm
1109 239 1408 279 strimarii

296 374 396 421 Aut
435 370 662 439 scripto.
705 370 851 439 quod
890 387 975 421 me
1019 370 1232 422 tacitum
1275 370 1440 429 iuvet,
1482 384 1654 437 ungor
1692 367 1855 427 olivo,

298 473 410 522 Non
451 489 558 542 quo
599 471 853 523 fraudatis
894 470 1202 523 immundus
1240 472 1388 523 Natta
1428 469 1675 522 lucernis.

296 575 388 624 Ast
427 572 515 624 ubi
557 589 639 625 me
679 573 880 625 sessum
919 572 997 625 sol
1039 572 1216 625 aerior
1257 573 1332 624 ire
1372 571 1601 623 lavatum
1945 569 2044 623 1125

297 673 611 730 Admonuit,
654 674 795 744 fugio
838 675 1097 744 Campum
1136 673 1429 743 lusumque
1469 672 1746 742 trigonem.

297 777 529 827 pransus
569 792 673 827 non
713 775 896 830 avide,
939 783 1198 845 (plantum
1239 772 1540 843 interpellet
1577 773 1715 826 inani

341 917 427 957 123.
464 918 577 956 iurat
607 929 633 968 p
666 919 706 956 et
739 919 947 967 quattuor
977 917 1185 956 Pottierii.
1216 939 1258 944 —
1285 915 1378 956 4024.
1405 920 1527 955 nacta
1551 915 1798 956 Turnebus.
1828 939 1871 944 -—
1898 916 1989 956 ⁴26.

280 981 394 1031 fug-sio
438 980 591 1018 rabiosi
635 984 822 1028 tempora
866 979 973 1029 signi
1018 978 1167 1029 bSedp
1203 981 1335 1028 atque
1368 989 1524 1018 omnes
1556 979 1667 1017 Feae
1699 980 1742 1017 et
1772 978 1989 1025 Pottierii‚

283 1045 386 1082 item
418 1046 559 1082 Acron
593 1043 633 1081 et
666 1042 955 1093 Porphyrion.
990 1040 1244 1091 (nudum-que
1274 1041 1476 1092 trigyonem
1506 1039 1690 1080 Bentleii
1722 1040 1947 1092 suspicio.)

228 1166 402 1205 ablatixi
448 1165 664 1214 absoluti,
712 1167 759 1204 ut
803 1176 937 1217 saepe
983 1165 1099 1217 apud

227 1230 423 1268 Tacitum
455 1229 617 1271 (inclito.
650 1233 857 1278 comperto
880 1230 963 1267 eet.
1001 1228 1096 1267 Vid.

228 1291 282 1330 ad
314 1292 399 1330 Sat.
436 1292 480 1339 l,
519 1292 565 1335 l,
600 1290 666 1331 94.
695 1314 738 1318 —
764 1290 948 1341 tacitum]
984 1301 1103 1329 «me-

227 1354 440 1392 ditantem
471 1364 544 1399 ea,
579 1364 692 1404 quae
723 1352 831 1403 legi,
864 1352 933 1392 vel
965 1352 1019 1391 de
1051 1351 1103 1391 li-

227 1415 422 1461 mandis,
447 1426 560 1465 quae
583 1416 762 1466 scripsi,
788 1415 1099 1465 cogitantem.»

231 1501 275 1506 -
307 1477 528 1528 fraudatis]
557 1476 660 1516 Oleo
696 1479 787 1517 tam
821 1476 893 1515 vili
930 1479 974 1516 et
1006 1488 1105 1516 ran-

228 1540 347 1585 cido,
391 1541 435 1577 ut
476 1538 668 1579 lucernis
707 1537 941 1589 implendis
972 1540 1101 1578 unice

229 1602 439 1640 inseiwire
481 1603 655 1651 posset,
698 1601 768 1639 hic
808 1611 854 1640 se
892 1601 1100 1651 ungebat.

230 1685 275 1691 —
309 1662 454 1714 Natta]
489 1664 642 1702 «Notat
671 1664 846 1702 Nattam
878 1663 1103 1713 quendam

227 1726 560 1767 tenacissimum
611 1727 654 1765 et
702 1725 1102 1765 sordidissimum.»

229 1790 368 1828 Coun.
405 1789 478 1827 CR.
541 1788 765 1836 (Ceterum
804 1788 960 1827 Pinarii
1000 1789 1105 1827 Nat-

227 1854 296 1890 tae
329 1852 453 1890 erant
482 1850 650 1901 patricii
682 1861 733 1888 ae
763 1849 948 1889 nobiles.
1011 1850 1101 1889 Cic.

229 1913 283 1953 de
307 1914 446 1952 Dixin.
471 1914 509 1960 ⁴2,
543 1913 587 1951 21
609 1944 617 1958 ,
651 1912 716 1952 47.
759 1913 901 1951 Potuit
923 1911 1104 1962 quidem

228 1976 360 2015 Natta
391 1976 523 2014 etiam
555 1973 663 2014 alius
695 1975 836 2024 gentis
858 1985 1105 2024 cognomen

230 2049 350 2078 esse:
385 2037 465 2077 sed
496 2036 613 2088 apud
644 2038 880 2076 Gruterum
911 2038 1030 2075 certe
1063 2037 1106 2075 et

229 2101 517 2140 Muratorium
556 2101 709 2138 Nullae
747 2110 831 2137 non
870 2099 1106 2149 reperiun-

228 2164 329 2211 tur.)
367 2163 476 2201 Hinc
497 2161 615 2200 idem
634 2172 796 2200 nomen
815 2161 1106 2211 desumpsere

228 2227 349 2265 Pers.
375 2224 422 2271 3,
447 2224 512 2263 34.
547 2225 698 2262 Iuven.
723 2223 768 2269 8,
803 2223 867 2262 95.
911 2221 1105 2261 Turnebi

229 2291 351 2326 nacla
383 2287 508 2325 Festo
539 2287 651 2325 teste
683 2284 949 2335 significaret
979 2282 1107 2324 fullo-

230 2361 332 2389 nem
364 2360 388 2388 a
417 2360 459 2387 v.
493 2344 655 2397 νάκος.

287 2412 378 2450 426.
429 2411 545 2461 fugio
567 2410 767 2459 Campum
798 2409 1014 2458 lusumque
1033 2410 1108 2447 tri-

228 2474 393 2525 qonem]
440 2484 520 2523 pro
566 2470 901 2522 «trigonalem.»
955 2471 1106 2522 Triqon

230 2538 283 2586 (a.
317 2547 358 2574 v,
390 2534 647 2591 τρίγωνος),
691 2544 830 2584 genus
870 2532 984 2584 pilae
1026 2534 1106 2573 mi-

229 2599 399 2645 nimae,
433 2597 569 2636 durae
602 2598 643 2636 et
674 2595 802 2634 firmo
833 2593 918 2646 pilo
950 2595 1102 2642 fartae;

230 2670 393 2699 nomen
434 2658 533 2697 inde
566 2657 772 2703 ductum,
820 2656 939 2707 quod
970 2667 992 2695 a
1026 2658 1106 2696 tri-

230 2722 314 2762 bus
354 2720 607 2760 ludentibus
648 2719 893 2759 iactabatur
922 2721 965 2758 et
1006 2721 1107 2770 qui-

230 2783 332 2823 dem
365 2784 419 2822 ita
443 2783 685 2833 dispositis,
719 2784 766 2821 ut
787 2780 988 2831 trianguli
1011 2782 1106 2821 for-

230 2857 349 2885 mam
382 2845 623 2884 efficerent.
672 2843 734 2882 Cf.
770 2842 949 2883 Martial.
975 2842 1019 2891 4,
1053 2845 1099 2892 9,

231 2909 295 2947 ⁴5.
349 2908 422 2954 4⁵2,
455 2906 529 2952 83,
573 2906 611 2945 3.
664 2906 786 2944 Idem
830 2906 878 2948 7,
926 2905 1002 2951 72,
1050 2906 1098 2943 9:

230 2971 298 3009 Sic
321 2970 510 3019 palmam
540 2968 611 3007 cibi
641 2968 688 3007 de
708 2969 869 3018 trigone
889 2968 996 3006 nudo
1020 2968 1103 3006 [3η-

229 3036 319 3071 ctae
343 3033 406 3070 dec
434 3031 558 3080 favor
578 3030 734 3068 arbiter
752 3040 953 3077 coronae,
985 3029 1102 3068 unde

230 3097 322 3133 orta
356 3096 423 3133 est
451 3091 631 3132 Bentleii
656 3092 848 3142 suspicio
868 3092 1105 3140 nudumque

230 3169 251 3194 a
286 3156 440 3196 Vossio
461 3155 683 3205 adoptata.
730 3155 840 3193 Cum
863 3154 974 3192 miro
998 3165 1103 3193 casu

229 3220 341 3258 haec·-
371 3229 474 3257 vera
507 3216 635 3256 lectio
667 3216 810 3254 adhue
843 3217 1019 3266 reperta
1050 3217 1101 3256 sit

231 3283 271 3320 in
329 3279 503 3319 duobus
560 3279 788 3318 dumtaxat
836 3278 1101 3325 Codicibus,

234 3343 413 3393 Cruquii
433 3341 583 3382 Bland.
602 3341 905 3392 antiquissimo
928 3342 970 3379 et
993 3340 1099 3380 Cod.

234 3405 357 3442 Goth.
388 3405 437 3444 2
480 3416 518 3443 a.
563 3405 660 3444 Sec.
698 3403 787 3444 XV.
821 3414 890 3453 ap.
926 3403 1100 3443 Kirchn.

230 3467 281 3504 N.
319 3467 362 3514 (t.
397 3467 542 3505 [lorriz.
577 3477 618 3517 p.
653 3465 718 3506 ⁶23.
757 3466 870 3509 (nam
892 3464 1103 3505 Valartia-

1166 1176 1273 1205 num
1295 1165 1399 1204 mihi
1422 1165 1807 1216 suspectissimum
1828 1163 1934 1206 nihil
1954 1176 2048 1205 mo-

1165 1228 1270 1277 ror),
1304 1229 1346 1267 in
1379 1226 1448 1267 illo
1479 1230 1631 1268 tamen
1662 1228 1901 1279 suppositis
1930 1239 2048 1279 pun-

1167 1292 1247 1330 ctis
1287 1289 1548 1341 volgataque
1586 1289 1774 1329 lectione
1813 1290 2044 1329 adnotata:

1164 1353 1280 1403 fussio
1310 1351 1467 1391 rabiosi
1506 1356 1696 1401 tempora
1724 1352 1856 1402 signi,
1904 1352 2050 1392 mani-

1167 1413 1330 1453 festum
1371 1414 1456 1453 hoc
1498 1414 1670 1464 signum
1713 1414 1807 1460 est,
1854 1412 2049 1464 reliquos

1167 1486 1324 1515 omnes
1356 1476 1411 1515 ad
1443 1487 1523 1516 nos
1564 1477 1832 1527 propagatos
1863 1487 1963 1517 esse
1995 1487 2050 1516 ex

1165 1539 1427 1578 recensione
1451 1538 1598 1577 Critioi
1620 1536 1830 1586 alicuius,
1854 1538 1930 1588 qui
1948 1548 2051 1577 ver-
2107 1559 2111 1561 -

1167 1611 1267 1640 sum
1295 1599 1363 1639 vel
1396 1599 1479 1639 sibi
1510 1610 1597 1638 nou
1618 1598 1891 1640 intellectum
1910 1599 1979 1640 vel
2001 1601 2045 1640 in

1169 1661 1435 1713 exemplari,
1460 1672 1548 1712 quo
1570 1662 1664 1712 ipse
1685 1661 1915 1711 utebatur,
1949 1672 2052 1702 eva-

1167 1724 1322 1764 nidum
1367 1727 1499 1775 atque
1547 1723 1848 1763 oblitteratum
1886 1725 1941 1764 ita
1981 1725 2051 1765 in-

1168 1785 1400 1837 terpolavit
1430 1787 1517 1825 iam
1548 1787 1650 1825 ante
1683 1784 1949 1826 Scholiastas
1968 1797 2050 1827 ve-

1170 1850 1312 1898 teres,
1346 1850 1420 1899 qui
1453 1847 1607 1888 salsam
1637 1847 1875 1888 lectionem
1906 1847 2049 1900 expli-

1170 1912 1284 1950 cant.
1346 1911 1476 1950 Certe
1518 1909 1630 1949 adeo
1671 1910 1785 1950 hanc
1815 1921 2049 1951 commen-

1170 1972 1319 2011 datam
1342 1983 1440 2012 esse
1472 1971 1700 2011 fatendum
1722 1973 1804 2012 erit
1833 1972 1874 2012 in
1898 1974 2052 2012 Gram-

1170 2035 1437 2073 maticorum
1458 2033 1641 2083 scholis,
1675 2036 1723 2073 ut
1745 2046 1851 2074 vera
1873 2036 2050 2075 extrusa

1168 2096 1379 2148 paulatim
1410 2098 1454 2136 in
1483 2108 1640 2136 omnes
1671 2096 1850 2137 codices
1881 2098 2051 2148 recipe-

1170 2161 1311 2207 retur,
1361 2159 1395 2199 si
1438 2159 1507 2198 eui
1538 2160 1683 2199 minus
1713 2158 1946 2211 probabile
1981 2160 2050 2199 vi-

1171 2221 1349 2261 debitur
1369 2224 1552 2261 ounetos
1583 2224 1762 2273 praeter
1783 2221 1902 2262 illum
1923 2221 2051 2262 Blan-

1171 2285 1259 2325 din.
1294 2296 1348 2324 ex
1376 2296 1465 2324 uno
1504 2284 1755 2336 eodemque
1795 2279 2049 2341 ἀρχετύπῳ

1169 2348 1365 2387 fluxisse.
1411 2348 1472 2387 Ex
1496 2347 1579 2386 hac
1599 2358 1706 2387 vero
1728 2347 1795 2387 bis
1817 2347 1939 2387 idem
1959 2347 2051 2387 lan-

1170 2410 1426 2462 guidissime
1458 2410 1647 2449 diceret:
1694 2410 1798 2451 «Ubi
1828 2409 1930 2451 solis
1970 2422 2051 2451 ae-

1169 2475 1263 2514 stus
1308 2483 1381 2512 me
1425 2474 1577 2512 monet
1619 2473 1682 2512 ire
1727 2473 1770 2512 in
1812 2471 2045 2522 balneum,

1171 2546 1276 2586 ego,
1322 2536 1370 2573 ut
1410 2535 1759 2574 consentaneum
1796 2536 1885 2583 est,
1931 2534 2048 2585 fugio

1170 2598 1343 2636 aestum
1365 2596 1539 2635 dierum
1568 2595 1934 2644 canicularium3»
1965 2607 2048 2636 nec

1167 2669 1274 2698 vero
1306 2659 1497 2706 diceret,
1531 2658 1638 2708 quid
1666 2660 1766 2709 post
1791 2659 2049 2699 unctionem

1168 2720 1315 2760 faeere
1347 2720 1588 2760 consuerit.
1649 2722 1889 2761 Praeterea
1908 2719 2050 2772 loqui-

1167 2785 1239 2823 tur
1259 2783 1313 2823 de
1343 2783 1459 2822 vitae
1483 2793 1591 2822 suae
1614 2784 1782 2823 ratione
1804 2785 1947 2823 totum
1966 2794 2049 2834 per

1168 2856 1335 2886 annum
1365 2846 1562 2893 servata,
1597 2856 1684 2885 non
1705 2844 1850 2885 solum
1871 2845 1926 2884 de
1948 2844 2046 2885 die-

1166 2908 1251 2948 bus
1274 2905 1620 2955 canicularibus3
1646 2907 1690 2947 id
1710 2907 1830 2958 quod
1850 2908 2047 2949 animad-

1165 2973 1344 3010 vertens
1367 2970 1552 3009 Ouwens
1572 2971 1622 3009 N.
1647 2971 1696 3010 H.
1720 2981 1764 3022 p.
1782 2969 1877 3011 440.
1900 2970 2047 3022 volga-

1168 3035 1256 3072 tam
1282 3033 1343 3071 sic
1372 3030 1624 3082 explicavit:
1662 3031 1888 3083 «relinquo
1913 3033 2047 3073 Cam-

1166 3105 1274 3146 pum
1306 3094 1453 3145 ibique
1486 3095 1651 3133 morari
1681 3094 1828 3135 devito
1858 3092 1929 3134 illo
1959 3094 2045 3135 diei

1168 3160 1394 3207 tempore,
1430 3167 1518 3207 quo
1549 3155 1652 3196 solis
1682 3158 1832 3196 aestus
1853 3157 2045 3198 maxime

1167 3219 1358 3258 saevit»)
1404 3220 1450 3257 ut
1479 3220 1644 3269 signum
1678 3229 1766 3258 non
1795 3218 1956 3259 Sirium
1984 3219 2046 3259 si-

1168 3281 1364 3331 gnificet,
1406 3280 1487 3320 sed
1524 3279 1725 3320 absolute
1757 3279 1928 3319 dicatur
1964 3291 2044 3332 pro

1169 3342 1284 3389 sole,
1337 3342 1717 3393 quemadmodum
1766 3341 1866 3382 alibi
1915 3343 2041 3382 sidus.

1168 3404 1290 3444 Ovid.
1326 3407 1372 3444 Α.
1407 3407 1454 3444 Α.
1491 3405 1538 3452 4,
1572 3403 1674 3443 723τ
1709 3405 1902 3453 aequoris
1929 3405 2045 3444 unda

1171 3466 1291 3505 Delie!
1329 3471 1364 3505 et
1406 3478 1429 3505 α
1472 3467 1601 3505 radiis
1637 3466 1781 3506 sideris
1810 3477 1892 3506 esse
1925 3467 2044 3518 niger
