2231 3787
309 254 409 304 600

379 382 574 434 Ennius
615 391 666 433 et
705 380 919 450 sapiens
962 389 1013 432 et
1051 379 1196 431 sortis
1237 387 1289 431 et
1327 377 1459 430 alter
1497 377 1786 435 HomeruS,

915 252 1128 291 HORATII
1163 250 1527 289 EPISTOLARUM

2050 375 2117 424 50

377 483 441 537 Ut
479 482 643 535 critici
687 481 893 539 dicunt,
936 480 1122 533 leviter
1160 495 1350 531 curare
1388 477 1623 537 videtur,

378 585 496 647 Quo
538 582 799 653 promissa
839 581 1030 634 cadant
1069 588 1120 632 et
1165 578 1371 631 somnia
1409 576 1760 648 Pythagorea.

377 684 606 736 Naevius
649 683 697 733 in
739 681 983 733 inanibus
1023 697 1127 732 non
1166 688 1248 732 est
1292 687 1343 731 et
1379 677 1646 731 mentibus
1685 678 1870 732 haeret

418 848 482 886 53.
519 858 595 884 non
628 850 706 893 est,
743 849 786 883 at
814 844 1015 883 men-tibus
1043 844 1183 883 haeret
1212 843 1305 882 sine
1339 843 1545 892 interrog.
1579 843 1703 892 signo
1735 851 1838 881 cum
1868 842 2066 882 Dacierio

309 988 454 1017 «mors
473 990 509 1022 3»
544 976 695 1026 «quasi
727 975 782 1014 ab
804 976 899 1026 ipso
921 975 1083 1014 feretro
1104 985 1184 1013 ve-

308 1039 583 1078 nerationem
613 1037 835 1087 acceperit
865 1038 993 1086 poeta
1025 1035 1183 1075 defun—

309 1102 447 1139 etus.»
498 1101 651 1138 Pomm.
705 1098 767 1138 Cf.
807 1098 884 1137 Od.
927 1099 972 1147 3,
1019 1097 1093 1146 30,
1142 1097 1180 1135 7.

309 1163 396 1200 Sat.
421 1161 466 1208 2,
502 1160 551 1209 6,
587 1160 651 1199 49.

365 1223 511 1261 50-52.
545 1221 717 1272 Ennius]
752 1220 813 1261 Cf.
840 1220 918 1260 Od.
951 1220 1000 1269 4,
1032 1221 1081 1270 8,
1114 1221 1182 1260 ⁶20.

310 1285 416 1335 Epp.
444 1285 485 1331 4,
514 1284 586 1331 49,
610 1284 633 1322 7
655 1293 753 1333 sqq.
781 1305 824 1310 —
848 1282 1025 1333 sapiens]
1049 1283 1185 1322 Suum

310 1345 535 1396 ingenium
564 1345 659 1395 ipse
682 1343 918 1394 descripsit
939 1344 1001 1393 (A.
1027 1342 1186 1383 Gellius

312 1409 380 1455 42,
415 1407 454 1446 li.
500 1408 670 1455 Fragm.
709 1408 821 1445 Ann.
859 1406 908 1453 7,
950 1405 1185 1455 404-444.),

311 1469 385 1507 ubi
431 1470 545 1507 inter
585 1466 665 1506 alia
697 1468 808 1507 haec
837 1467 1065 1517 leguntur:
1113 1468 1188 1506 do-

309 1531 407 1579 ctu',
437 1530 567 1581 fidelis
588 1551 610 1557 -
626 1551 648 1557 -
666 1529 838 1568 verbum
856 1530 1062 1577 Paucum,
1083 1529 1190 1567 mul—

311 1596 354 1630 {a
384 1596 522 1630 tenens
559 1591 756 1640 anti-qua,
803 1590 983 1640 sepulta,
1029 1594 1190 1629 vetusta

311 1675 332 1681 —
354 1675 376 1681 -
395 1653 628 1692 Multarum
664 1656 848 1692 veterum
885 1652 1021 1703 lequm
1050 1653 1189 1691 dium-

312 1725 387 1764 que
415 1714 706 1763 hominumque
741 1714 997 1753 Prudentem.
1051 1713 1185 1762 Quid,

313 1775 432 1826 quod
470 1777 634 1825 sapiens
663 1776 810 1814 vocari
852 1777 1026 1826 poterat
1056 1776 1188 1814 etiam

313 1849 365 1877 eo
387 1838 587 1885 nomine,
613 1837 734 1887 quod
755 1837 1007 1887 Epicharmi
1027 1835 1189 1875 librum

315 1899 369 1937 de
402 1900 558 1937 natura
590 1900 632 1936 et
673 1898 911 1936 Euhemeri
956 1898 1190 1936 Historiam

314 1970 488 2000 sacram
518 1960 561 1998 in
590 1959 791 1997 Latinum
813 1959 1122 1997 converterat?
1143 1980 1186 1985 —

311 2022 445 2072 fortis]
478 2022 615 2071 magis
638 2020 827 2059 refertur
857 2020 914 2059 ad
937 2021 1030 2060 eius
1052 2030 1190 2072 genus

315 2083 491 2123 dicendi
513 2082 678 2132 grande
696 2084 828 2132 atque
851 2081 1086 2121 robustum
1107 2082 1193 2133 spi-

316 2147 514 2194 ritusque
553 2142 810 2191 bellicosos,
861 2154 972 2193 quos
1014 2143 1194 2182 Annales

317 2210 358 2246 et
388 2207 527 2255 Scipio
556 2216 664 2257 prae
695 2216 742 2245 se
784 2204 1008 2254 ferebant,
1057 2216 1191 2256 quam

315 2269 370 2307 ad
427 2268 498 2314 id,
559 2267 678 2318 quod
736 2268 947 2318 Scipionis
1003 2267 1193 2307 Africani

317 2329 494 2369 maioris
526 2328 667 2368 suerat
698 2340 872 2369 comes:
921 2340 1192 2380 quamquam

317 2393 360 2429 ut
395 2390 552 2430 sortem
574 2389 837 2429 bellatorem
861 2391 1047 2430 Ennium
1067 2402 1194 2442 prae-

318 2452 435 2490 dicat
479 2450 604 2491 Silius
650 2451 822 2491 Italicus
865 2453 939 2499 42,
981 2452 1059 2491 393
1090 2463 1189 2503 sqq.

326 2538 362 2541 -
399 2514 505 2552 aller
536 2514 748 2564 Homerus]
784 2514 1192 2564 «quemadmodum

318 2574 482 2614 scilicet
505 2575 639 2613 critici
663 2575 798 2614 nostri
829 2576 986 2624 Latini,
1021 2574 1194 2625 elegan-

319 2641 384 2675 tes
417 2635 470 2674 illi
501 2636 699 2687 profecto
731 2646 782 2675 ac
813 2638 961 2687 periti,
1006 2639 1192 2677 conten-

318 2698 449 2745 dunt,
484 2698 839 2748 aequiparandus
874 2699 1116 2746 Homero3»
1149 2700 1191 2737 in

319 2758 480 2809 quibus
511 2771 580 2798 vv.
605 2761 709 2799 satis
747 2761 881 2806 inest,
929 2762 976 2798 ut
1014 2761 1189 2811 opinor,

319 2822 508 2859 ironiae:
545 2832 623 2871 pro
645 2820 1041 2861 Alexandrinorum
1073 2824 1190 2861 enim

320 2882 571 2921 criticorum
603 2883 740 2922 simiis
778 2884 952 2923 Latinos
987 2884 1191 2923 Horatius

317 2942 514 2982 habehat
545 2944 649 2983 istos
680 2955 783 2984 suos
824 2946 1187 2996 reprehensores.

321 3006 541 3045 (Ceterum
599 3006 776 3045 alterum
826 3008 1048 3046 Homerum
1103 3008 1190 3047 En-

318 3067 439 3106 nium
469 3067 639 3106 vocavit
679 3067 887 3114 Lucilius,
937 3070 1017 3108 nisi
1057 3068 1190 3108 salsus

319 3131 386 3168 est
443 3129 738 3178 Hieronymus
793 3131 963 3169 Comm.
1017 3132 1058 3169 in
1113 3131 1190 3170 Mi-

318 3191 472 3229 cheam
506 3202 543 3229 c.
583 3191 620 3229 7.
659 3191 767 3240 Opp.
808 3191 854 3228 V.
896 3191 994 3228 1167:
1046 3192 1125 3231 Sed
1153 3196 1190 3230 et

310 3254 435 3300 poeta
464 3252 646 3291 sublimis
677 3250 927 3301 (Virgilius),
980 3264 1059 3291 non
1097 3254 1190 3292 Ho-

316 3324 471 3352 merus
515 3314 674 3360 aller,
722 3318 766 3351 ul
805 3314 983 3352 Lucilius
1022 3316 1069 3354 (le
1107 3316 1189 3354 En-

318 3375 384 3411 nio
413 3376 668 3423 suspicatur,
703 3376 775 3419 sed,
793 3375 956 3423 primus
990 3376 1190 3415 Homerus

316 3436 427 3483 apud
458 3436 660 3480 Latinos.)
723 3460 736 3461 „
776 3436 921 3475 «Adeo
957 3439 1186 3487 praestans

1250 983 1363 1023 ergo.
1385 974 1452 1012 est
1490 974 1645 1023 po‘eta,
1692 974 1739 1012 ut
1779 973 1920 1012 leviter
1948 983 2119 1021 curare,

1249 1044 1433 1086 prorsus
1450 1044 1635 1074 securus
1663 1044 1761 1074 esse
1782 1035 1922 1085 possit
1942 1034 1998 1073 de
2018 1044 2124 1074 suo-

1248 1106 1349 1134 rum
1398 1096 1721 1146 promissorum
1770 1097 1957 1145 eventu,
2008 1105 2121 1146 quae

1249 1168 1366 1197 nunc
1382 1158 1537 1207 magis,
1557 1168 1691 1208 quam
1711 1157 1898 1198 fortasse
1915 1158 2009 1209 ipse
2027 1168 2126 1209 spe-

1248 1220 1387 1268 rarat,
1419 1218 1597 1270 impleta
1626 1221 1771 1259 sunt.»
1798 1242 1846 1248 —
1871 1220 2032 1259 somnia
2049 1221 2127 1270 Py-

1249 1280 1464 1332 thagorea]
1497 1281 1887 1321 Pseudocornutus
1917 1281 1972 1321 ad
2002 1284 2122 1322 Pers.

1250 1344 1336 1382 Sat.
1376 1343 1425 1391 6,
1475 1343 1552 1382 40;
1607 1343 1687 1383 Cor
1728 1343 1837 1382 iubet
1876 1343 1950 1382 hoc
1991 1343 2124 1393 Enni,

1244 1410 1472 1454 postquam
1501 1405 1712 1444 destertuit
1740 1415 1823 1444 esse
1863 1406 2123 1454 Maeonides,

1253 1467 1428 1515 Quintus
1450 1477 1614 1515 pavone
1634 1477 1688 1505 ex
1715 1466 1999 1517 Pythayoreo:
2032 1467 2127 1506 «Sic

1253 1528 1371 1567 enim
1403 1527 1462 1566 ait
1490 1528 1655 1568 Ennius
1688 1528 1732 1567 in
1761 1527 1994 1569 Annalium
2021 1539 2129 1569 suo-

1252 1599 1353 1628 rum
1381 1589 1618 1640 principio,
1651 1588 1727 1628 ubi
1757 1600 1805 1629 se
1835 1589 1940 1629 dicit
1966 1589 2127 1631 vidisse

1254 1651 1298 1690 in
1348 1650 1530 1690 somniis
1579 1651 1824 1690 Homerum
1873 1650 2125 1701 dicentem,

1236 1712 1387 1771 ¹fuisse
1418 1722 1466 1751 se
1498 1711 1725 1762 quondam
1755 1723 1977 1764 pavonem
2007 1715 2052 1753 et
2071 1725 2125 1754 ex

1255 1786 1307 1813 eo
1338 1772 1594 1814 translatam
1626 1785 1727 1814 esse
1765 1775 1959 1816 animam
1998 1776 2042 1816 in
2079 1786 2128 1816 se

1256 1834 1502 1875 secundum
1519 1835 1795 1885 Pythagorae
1809 1836 2127 1887 definitionem,

1256 1897 1330 1946 qui
1352 1896 1478 1944 dicit,
1513 1897 1682 1936 animas
1703 1897 1921 1938 humanas
1939 1909 2021 1950 per
2040 1911 2132 1938 πα-

1256 1956 1549 2011 λιγγενεσίαν
1589 1959 1803 1998 exeuntes
1843 1958 1898 1998 de
1929 1961 2129 2011 corpori-

1256 2020 1341 2060 bus
1371 2021 1413 2059 in
1445 2018 1526 2058 alia
1556 2030 1688 2070 posse
1711 2020 1943 2060 transire.»
1992 2022 2054 2062 Ex
2076 2034 2129 2062 eo

1257 2083 1429 2123 somnio
1475 2081 1544 2131 (de
1593 2092 1680 2131 quo
1724 2081 1825 2122 vide
1864 2085 2130 2134 praesertim

1257 2143 1475 2183 Plumium
1506 2142 1563 2182 ad
1592 2143 1729 2183 Persii
1758 2142 1785 2182 l.
1817 2142 1860 2194 l.)
1892 2146 2132 2196 supersunt

1258 2205 1340 2256 hae
1371 2203 1608 2254 reliquiae:
1657 2204 1906 2245 Transnavit
1939 2206 2024 2245 cita
2051 2217 2132 2257 per

1257 2271 1418 2307 teneras
1455 2266 1647 2317 caliginis
1684 2278 1816 2306 auras
1845 2268 2004 2318 (anima
2041 2269 2132 2309 Ho-

1259 2329 1400 2379 meri).
1427 2351 1473 2357 -
1502 2330 1616 2368 Visus
1644 2329 1844 2369 Homerus
1872 2330 2011 2369 adesse
2022 2332 2132 2380 μοδ-

1257 2396 1314 2430 ta.
1343 2412 1385 2418 —
1424 2392 1523 2430 Tuan
1551 2392 1719 2431 memini
1743 2392 1837 2443 fieri
1863 2402 1929 2432 me
1949 2403 2125 2441 pavum.

1259 2454 1414 2493 Facete
1451 2453 1580 2503 igitur
1610 2453 2008 2494 Grammaticorum
2044 2455 2132 2494 Ro-

1256 2525 1491 2555 manorum
1514 2514 1723 2554 iudicium
1744 2515 1873 2555 nimis
1890 2514 2130 2566 benignum

1258 2576 1312 2616 de
1335 2576 1472 2616 Ennio
1494 2576 1622 2615 affert
1650 2576 1783 2626 idque
1805 2575 1920 2616 clam
1941 2577 2128 2628 deridet,

1258 2640 1305 2677 ut
1334 2640 1562 2677 taceamus
1594 2636 1723 2677 salsas
1745 2638 2129 2689 interpretationes

1257 2698 1521 2748 multorum,
1567 2700 1642 2750 qui
1671 2700 1841 2739 varium
1873 2700 1915 2738 in
1945 2700 2130 2740 modum

1257 2762 1298 2800 in
1330 2761 1396 2801 his
1426 2761 1550 2800 Ennii
1582 2761 1977 2811 reprehensionem
2012 2761 2128 2801 serio

1257 2833 1308 2862 ac
1340 2823 1433 2862 sine
1465 2822 1623 2870 ironia,
1668 2822 1747 2861 sed
1786 2833 1892 2862 sane
1922 2823 2129 2863 innocen-

1258 2884 1450 2930 tissima,
1491 2882 1546 2922 ab
1578 2883 1672 2934 ipso
1705 2884 1882 2923 Horatio
1912 2882 2129 2935 prolatam

1256 2945 1402 2984 inesse
1434 2945 1596 2995 opinati
1635 2946 1750 2987 sunt.
1803 2946 2013 2985 Ceterum
2042 2946 2130 2986 En-

1257 3008 1375 3046 nium
1438 3006 1507 3046 hic
1568 3006 1873 3047 tantummodo
1931 3007 1979 3046 ut
2034 3007 2130 3058 epi-

1257 3079 1358 3108 cum
1379 3070 1558 3119 poetam
1580 3070 1921 3118 commemorat,
1944 3079 2128 3120 prorsus

1256 3131 1419 3169 omisso
1442 3130 1602 3169 eodem
1622 3131 1670 3168 ut
1689 3131 1877 3180 tragico;
1911 3130 1974 3169 sic
1995 3131 2128 3170 etiam

1256 3190 1443 3230 Velleius
1486 3191 1531 3239 2,
1571 3191 1608 3229 9.
1657 3193 1701 3230 et
1744 3190 1917 3238 Quintil.
1957 3191 2031 3239 40,
2079 3191 2124 3238 i,

1255 3252 1320 3290 97.
1356 3251 1584 3292 dumtaxat
1613 3253 1850 3291 Pacuvium
1881 3254 1924 3292 et
1943 3251 2126 3291 Accium

1255 3315 1367 3353 inter
1397 3325 1444 3354 se
1477 3316 1748 3364 comparant.

1308 3375 1373 3414 53.
1407 3374 1471 3415 54.
1524 3376 1706 3414 Naevius
1747 3373 1849 3424 cet]
1892 3374 2024 3423 «lpse
2056 3371 2125 3412 ille

1254 3438 1462 3477 Naevius.
1513 3439 1590 3477 etsi
1633 3438 1768 3477 Ennio
1799 3446 1903 3475 sane
1943 3437 2124 3487 postpo-
