2231 3787
307 266 399 317 ¹28
929 266 1139 305 nomin
1172 265 1472 306 sx‘rinfxnm

298 410 374 438 vus
406 398 460 437 ab
494 399 742 438 Hermanno
773 408 904 448 supra
936 396 1110 443 allatus,
1144 399 1229 436 Sat.
1257 397 1330 440 10,
1369 397 1459 435 416.
1493 393 1649 434 collato
1681 393 1856 433 Heinsio
1888 392 1943 432 ad
1965 391 2103 433 Ovidii

298 469 409 508 Fust.
435 467 482 510 3.
515 468 608 506 829.

406 539 466 577 De
502 536 597 576 loeo
635 537 717 576 hoc
758 548 860 576 sane
901 546 1117 587 perquam
1157 535 1347 574 obscuro
1387 535 1498 573 haec
1537 533 1590 571 ad
1631 543 1703 572 me
1745 542 1886 583 nuper
1928 531 2106 582 scripsit

298 608 690 647 Raucliensteinius
721 617 868 646 meus:
921 607 989 644 «ln
1023 616 1121 644 eam
1153 605 1442 650 sententiam,
1482 612 1616 652 quam
1647 603 1694 642 C.
1729 603 1797 641 Fr.
1830 602 2110 641 Hermannus

298 677 517 724 defendit,
550 688 629 727 per
661 687 838 715 menses
872 677 936 714 lv,
970 676 1161 714 aestivos
1193 674 1321 713 ferias
1353 671 1637 711 scholasticas
1669 671 1824 720 fuisse,
1870 671 1964 722 ipse
1996 679 2111 720 quo-

297 757 383 797 que
414 744 647 796 aliquando
680 745 933 783 incideram.
995 746 1048 782 At
1078 754 1177 782 euni
1211 743 1265 781 (16
1300 743 1416 781 scriis
1457 740 1537 780 illis
1569 741 1746 781 aestivis
1779 738 1882 779 nihil
1911 739 2107 785 constet,

298 819 413 854 tolus
444 814 640 853 concedo
682 815 722 852 in
763 816 883 852 tuam
924 813 1214 859 sententiam,
1261 823 1343 851 nec
1386 810 1527 862 probo
1573 810 1839 858 miliarium,
1887 808 1962 860 qui
2005 816 2108 847 cum

299 883 550 923 lleindorlio
581 883 785 933 cogitavit
815 883 869 921 de
901 881 1077 921 calculis
1105 883 1149 920 et
1177 880 1232 919 de
1264 890 1500 920 usurarum
1531 877 1957 931 computationibus,
1991 875 2113 928 quod

299 953 492 1003 profecto
525 951 804 992 incommode
835 951 1001 989 (lictum
1033 952 1153 989 esset
1182 949 1248 988 liis
1279 948 1427 988 verbis
1458 949 1612 987 octonis
1639 948 1776 986 Idibus
1804 957 1910 986 aera
1936 945 2108 997 referre.

299 1022 422 1069 Quod
464 1025 613 1060 autem
656 1032 734 1071 pro
775 1018 955 1070 singulis
998 1018 1148 1058 Idibus
1187 1018 1292 1057 dixit
1335 1018 1487 1057 occonis
1530 1017 1690 1065 Idibus,
1740 1017 1901 1056 sactum
1937 1013 2113 1055 videtur

299 1094 552 1142 propterea,
600 1089 717 1141 quod
751 1101 837 1128 non
870 1088 1024 1127 Iduum
1055 1088 1126 1127 die
1164 1086 1422 1127 mercedem
1463 1088 1739 1126 menstruam
1779 1083 2027 1125 asserebant
2068 1085 2112 1124 in

298 1160 471 1201 ludum,
510 1159 586 1199 sed
621 1160 731 1198 intra
762 1161 862 1197 octo
895 1157 986 1196 illos
1022 1157 1143 1206 dies,
1184 1157 1257 1208 qui
1287 1159 1389 1208 post
1418 1158 1563 1196 Nonas
1595 1156 1864 1206 sequuntur,
1910 1164 2112 1206 quosque

299 1230 399 1268 Idus
430 1229 523 1268 dies
554 1227 848 1279 appellabant.
911 1228 1057 1276 (Tacit.
1092 1227 1199 1266 Hist.
1225 1228 1271 1274 4,
1306 1228 1372 1266 26.
1400 1230 1566 1275 postero
1595 1226 1742 1264 Idaam
1772 1223 1966 1275 dierwm.)
2025 1223 2113 1263 Cur

299 1311 383 1337 non
416 1311 501 1338 uno
534 1302 744 1348 certoque
776 1298 845 1336 die
879 1296 1136 1336 mercedem
1169 1296 1327 1335 afferre
1350 1295 1686 1342 consueverint,
1720 1293 1800 1333 sed
1832 1295 1932 1333 octo
1953 1291 2112 1333 diebus

300 1368 339 1407 id
373 1368 465 1406 lieri
497 1367 673 1407 solitum
704 1368 779 1414 sit,
824 1377 954 1405 eausa
987 1367 1056 1404 vix
1087 1366 1246 1416 poterit
1276 1365 1498 1416 exputari,
1547 1365 1629 1404 nisi
1659 1364 1770 1403 haec
1800 1364 1916 1412 sere,
1964 1361 2109 1413 quod,

300 1438 380 1477 etsi
413 1437 506 1476 dies
537 1437 590 1475 all
622 1436 830 1475 solxenda
861 1434 1086 1490 ὂίόακτρα
1125 1436 1385 1475 constitutus
1424 1444 1538 1473 unus
1578 1433 1754 1481 suisset,
1800 1435 1949 1472 tamen
1987 1431 2113 1483 pueri

299 1505 557 1556 negligentia
581 1509 652 1544 aut
675 1517 753 1545 sua
775 1507 848 1544 aut
873 1506 1106 1556 parentum
1137 1506 1290 1555 postea
1313 1504 1471 1542 afferre
1494 1501 1706 1551 solerent,
1739 1501 1859 1552 quod
1888 1502 1930 1540 in
1951 1511 2112 1552 magno

298 1575 614 1627 discipulorum
646 1586 831 1614 nurnero
864 1572 1074 1613 credibile
1107 1576 1188 1613 est.
1250 1571 1390 1612 Facile
1429 1571 1529 1611 inde
1561 1571 1837 1611 consuetudo
1868 1571 1989 1610 nasci
2030 1581 2114 1622 po-

299 1647 399 1693 tuit,
433 1648 479 1683 ut
510 1644 667 1684 saltem
698 1646 796 1682 octo
828 1642 907 1682 illis
928 1641 1198 1692 singulorum
1222 1643 1442 1682 mensium
1465 1641 1614 1681 Idibus
1636 1640 1793 1681 diebus
1823 1641 1950 1692 pueri
1970 1638 2113 1680 Flavio

298 1726 400 1754 aera
433 1714 637 1753 ferrent.»
698 1712 823 1760 Quod
852 1711 907 1751 ad
938 1711 1067 1751 serias
1089 1712 1278 1751 aestivas
1300 1712 1477 1760 attinet,
1512 1711 1790 1750 Hermannus
1820 1710 1864 1749 in
1885 1711 2113 1761 Responso

298 1787 382 1824 cet.
416 1794 457 1834 p.
500 1782 593 1822 249.
645 1784 872 1832 comparat
913 1782 1190 1820 vacationem
1235 1792 1258 1819 a
1304 1781 1464 1820 ceteris
1510 1781 1694 1831 negotiis
1737 1778 1988 1820 forensibus
2032 1789 2114 1830 per

300 1853 416 1893 idem
450 1854 625 1902 tempus
648 1852 889 1899 aestuum,
923 1862 1057 1901 quam
1079 1852 1296 1889 memorat
1318 1851 1421 1888 Stat.
1446 1848 1545 1888 Silv.
1571 1849 1620 1898 4,
1653 1849 1724 1889 40:
1757 1850 1811 1888 Et
1828 1859 1978 1898 pacem
1991 1848 2114 1899 piger

299 1933 434 1962 annus
461 1921 580 1960 habel
611 1931 832 1969 messesque
862 1931 1048 1959 reversae
1077 1920 1279 1959 Dimisere
1304 1919 1457 1970 soram.
1518 1919 1579 1958 Ex
1609 1919 1743 1958 Taciti
1772 1917 1869 1958 loco
1908 1917 2112 1958 Lambini

300 1993 419 2032 fluxit
452 1992 583 2038 ratio,
617 2001 751 2041 quam
781 1988 901 2028 attuli
924 1991 965 2028 in
987 1989 1226 2028 Adnotatt.:
1260 1989 1338 2029 sed
1370 1988 1602 2028 defensum
1633 1988 1818 2039 quidem
1839 1998 1862 2026 a
1883 1986 2111 2027 Walthero

300 2061 490 2101 insolens
522 2059 623 2099 illud
648 2064 811 2109 postero
840 2060 987 2098 Iduum
1018 2060 1177 2098 dieram
1207 2059 1262 2098 ab
1293 2058 1386 2098 aliis
1418 2060 1637 2097 mutatum
1667 2059 1735 2098 est
1764 2056 1831 2097 vel
1876 2057 1916 2096 in
1946 2061 2113 2107 postero

301 2132 447 2170 Iduum.
476 2131 540 2168 die
568 2128 635 2169 vel
667 2130 707 2168 in
735 2133 898 2178 postero
926 2130 1095 2177 Iduum,
1129 2129 1247 2180 quod
1279 2129 1488 2180 equidem
1518 2126 1789 2179 probabilius
1819 2137 2004 2175 censeo,
2054 2127 2114 2167 ita

300 2203 344 2239 ut
382 2200 540 2239 dierum
580 2209 664 2238 non
703 2199 755 2238 sit
793 2199 874 2238 nisi
894 2210 1027 2249 prava
1051 2198 1285 2249 geminatio
1322 2197 1593 2248 syllabarum
1623 2198 1763 2237 (laam.
1817 2195 1939 2237 Conf.
1975 2195 2110 2236 etiam

302 2271 469 2309 Becker
499 2270 642 2309 Gallus
674 2268 756 2319 (ed.
782 2267 870 2317 alt.)
901 2270 950 2308 11.
983 2281 1025 2321 p.
1059 2269 1110 2309 66
1141 2279 1239 2319 sqq.
1272 2269 1316 2307 71
1354 2279 1421 2318 sq.

836 2561 1444 2609 EXCURSIJS
1512 2563 1588 2606 ΙΙ.

1074 2655 1333 2694 Αῐ)ν.420.

411 2743 642 2781 Bonnam<
661 2741 715 2779 kl.
741 2740 944 2791 Schriften
966 2741 995 2779 Ι.
1021 2751 1062 2791 p.
1087 2740 1152 2779 28.
1209 2739 1365 2779 L'eber
1394 2739 1477 2778 die
1504 2740 1970 2788 Marsyasstatuen.
2008 2741 2112 2781 Man

299 2813 403 2861 sana
433 2812 471 2849 in
503 2812 575 2849 cler
605 2810 834 2849 Gesehichle
863 2811 930 2849 des
958 2811 1154 2858 Marsyas
1173 2809 1237 2848 ein
1268 2810 1482 2859 creffendes
1508 2809 1601 2847 Bild
1631 2810 1698 2848 des
1716 2809 1940 2860 ⁸qeslraflen
1963 2809 2112 2850 Ueber-

302 2882 447 2920 muths.
507 2881 599 2919 Nun
633 2881 681 2918 isl
711 2879 810 2918 aber
839 2880 943 2918 diese
974 2872 1110 2934 ὕβρις
1140 2879 1214 2916 clas
1242 2878 1627 2927 Hauplverbrechen
1657 2879 1700 2917 in
1728 2879 2110 2928 republikanischen

302 2952 495 2998 stamen,
539 2951 623 2988 und
660 2961 702 2988 so
739 2949 887 2987 konnte
925 2949 1001 2986 (las
1037 2948 1129 2987 Bild
1169 2947 1281 2986 ihrer
1310 2947 1559 2999 Beslrasunq
1587 2947 1817 2997 uberhaupt
1844 2948 2012 2998 Symbol
2038 2950 2112 2989 der

303 3019 595 3069 Gerechtiqkeil
627 3019 802 3057 werden.
867 3017 1017 3068 il'eyen
1047 3017 1178 3055 dieser
1205 3016 1438 3067 Beziehunq
1467 3018 1589 3055 stand
1618 3018 1747 3057 daher
1774 3018 2111 3058 wahrsclieinlich

304 3091 343 3127 in
374 3090 448 3127 den
479 3090 640 3126 meis-ten
672 3089 840 3126 Sladlen
872 3087 952 3136 auf
965 3088 1054 3125 dem
1083 3086 1258 3134 Forum,
1304 3097 1367 3125 wo
1397 3086 1461 3125 die
1491 3087 1677 3126 Gerichle
1706 3087 1892 3138 ⁴qehalten
1918 3088 2107 3137 warczen,

302 3160 390 3198 eine
419 3160 585 3207 Gruppe
620 3158 686 3195 des
718 3156 860 3205 Apollo
899 3156 982 3193 und
1018 3156 1226 3204 Marsyas.
1291 3155 1382 3194 Wir
1412 3155 1556 3195 wissen
1586 3157 1688 3196 diess
1728 3167 1806 3196 aas
1834 3157 1946 3196 einer
1989 3156 2110 3197 Slelle

302 3228 370 3267 des
397 3227 564 3266 Ser-rius
591 3237 686 3263 zum
722 3225 868 3275 Virqil,
901 3227 1007 3264 Aen.
1033 3223 1080 3269 4,
1114 3225 1198 3272 58„
1230 3225 1302 3263 cler
1331 3225 1430 3264 aber
1459 3226 1523 3265 die
1552 3226 1881 3277 Kanslalleqorie
1907 3237 1991 3266 nur
2015 3226 2108 3266 halb

300 3297 439 3345 sasste.
497 3297 583 3334 Der
611 3295 806 3342 Marsyas
833 3294 914 3342 aas
935 3295 1024 3332 dem
1053 3294 1278 3333 romischen
1309 3295 1461 3334 Forum
1490 3296 1541 3334 ist
1569 3297 1646 3335 den
1663 3296 1813 3335 Lesern
1832 3296 1906 3334 der
1932 3296 2110 3336 Horazi-

303 3366 416 3404 schen
448 3365 609 3404 Satiren
641 3364 769 3401 durch
790 3363 854 3401 die
874 3363 1036 3413 wilzisle
1060 3363 1273 3414 iifendunq
1302 3363 1497 3414 bekannt,
1529 3365 1724 3404 wodarch
1745 3365 1886 3404 Horaz
1905 3365 1968 3404 die
1986 3366 2108 3416 yrin-

304 3436 420 3473 ,ωιτν
450 3435 581 3473 ,illene
610 3434 739 3472 dies-er
767 3434 910 3470 Statue
940 3432 1018 3480 aas
1051 3433 1122 3470 den
1155 3432 1385 3471 rerhassten
1433 3434 1631 3473 Wechsler
1659 3434 1814 3473 Novius
1843 3434 1998 3483 deutet,
2044 3418 2124 3474 die'
