2231 3787
250 227 342 278 144

876 231 1089 270 HORATll
1120 231 1418 273 SATIRARUM

313 360 388 411 Ne
429 359 562 412 soret
601 359 682 412 his
723 360 897 422 testis,
939 371 1061 431 post
1100 378 1292 432 magna
1329 361 1494 414 latere
1535 361 1796 432 sepulcra.

315 461 539 514 Mentior
577 470 628 514 at
666 461 709 513 si
749 461 900 532 quid,
942 461 1143 515 merdis
1182 471 1342 533 caput
1381 462 1630 532 inquiner
1666 462 1801 516 albis

316 563 610 615 Coi-vorum
649 571 810 633 atque
850 563 901 614 in
939 580 1024 616 me
1063 562 1241 616 veniat
1278 563 1496 616 mictum
1535 571 1695 633 atque
1735 571 1975 617 cacatum

314 663 475 716 lulius
515 673 567 717 et
605 663 802 734 fragilis
843 663 1083 717 Pediatia
1121 664 1311 734 surque
1353 666 1610 718 Voranus.

312 763 529 835 Singula
556 764 686 835 quid
715 765 1051 818 memorem?
1090 781 1198 835 quo
1221 773 1377 835 pacto
1404 764 1606 818 alterna
1632 765 1915 837 loquentes
1989 765 2057 817 40

311 865 544 920 Umbrae
585 882 707 918 cum
747 865 958 935 Sagana
995 875 1313 919 resonarent
1350 866 1499 919 triste
1539 875 1591 920 et
1628 875 1868 930 acutum,

349 1055 413 1094 38.
444 1053 583 1093 veniat
611 1051 747 1104 bSdp.
779 1066 836 1105 γκ
869 1064 999 1093 «cum
1029 1051 1122 1094 aliis
1144 1056 1393 1105 quattuor,»
1426 1058 1456 1104 t,
1488 1053 1646 1104 BentL,
1679 1055 1799 1096 FMJ:
1831 1056 2001 1096 veniant

293 1116 419 1156 c.LC.
457 1138 500 1143 -
532 1116 731 1155 minctum
751 1119 875 1164 atque
904 1127 974 1167 cp,
1005 1117 1284 1165 minctuntque
1314 1115 1355 1155 d.
1394 1138 1438 1144 —
1471 1116 1539 1157 41.
1572 1121 1815 1157 resonarent
1842 1116 1991 1170 bSodp

295 1181 335 1218 et
367 1189 522 1218 omnes
552 1179 766 1227 Pottierii,
803 1179 967 1219 LCtFJ:
1006 1179 1244 1219 resonarint
1272 1177 1495 1218 Bentleius
1526 1180 1637 1219 coni.
1671 1182 1715 1220 et
1744 1181 1799 1221 M.

239 1343 294 1382 ad
326 1342 486 1381 Charit.
519 1352 562 1392 p.
596 1341 691 1381 376.
744 1342 847 1380 Stat.
881 1340 1031 1382 Achill.
1065 1343 1111 1391 ¹1,

239 1403 331 1444 644.
366 1403 420 1443 de
444 1402 618 1443 Achillis
641 1414 742 1443 cum
764 1403 989 1443 Deidamia
1014 1414 1115 1443 con-

239 1466 415 1506 cubitu:
467 1471 631 1505 tenerae
678 1466 907 1505 rubuerunt
953 1477 1115 1505 cornua

238 1530 392 1567 Lunae.
444 1529 674 1567 Petronius
715 1528 761 1567 C.
797 1528 888 1566 1122.
926 1538 967 1566 V.
1009 1527 1107 1566 429:

236 1592 358 1630 Parte
387 1591 474 1628 alia
511 1590 656 1639 plenos
695 1590 897 1628 emslinaeit
939 1590 1113 1638 Cynthi-a

237 1653 369 1692 soltus
396 1653 448 1691 Et
477 1652 611 1692 lacem
639 1652 781 1691 sceleri
811 1652 1020 1690 snbdaaeit.
1056 1653 1118 1691 Si-

237 1714 350 1754 milis
381 1716 527 1753 Lunae
552 1715 619 1754 est·
648 1714 793 1765 pudor
825 1714 1115 1754 moechantes

236 1775 522 1828 philosophos
553 1776 865 1827 conspicientis
888 1776 1006 1826 apud
1028 1777 1115 1815 Lu-

238 1840 349 1878 cian.
382 1840 564 1877 Icarom.
599 1838 666 1876 ¹21.
718 1836 797 1877 Alii
826 1840 975 1876 tamen
1006 1849 1117 1888 neg-

239 1900 361 1940 lectis
390 1899 539 1939 verbis
569 1900 630 1938 Ne
659 1897 763 1946 foret
792 1900 854 1938 his
883 1900 994 1938 testis
1027 1901 1116 1939 Lu-

241 1973 345 2001 nam
376 1973 464 2001 non
484 1963 666 2012 propter
686 1961 907 2012 pudorem
930 1961 1010 2000 sed
1031 1960 1118 2000 for-

239 2024 401 2064 midine
439 2024 713 2075 serpentium
757 2025 800 2063 et
843 2023 1114 2064 infernarum

239 2097 400 2126 canum
452 2097 499 2125 se
544 2085 833 2125 abscondisse
880 2086 1116 2136 opinantur

239 2151 283 2188 et
312 2148 396 2187 adi.
431 2148 642 2187 rubentem
672 2148 743 2187 hic
775 2158 954 2198 quoque
977 2147 1031 2186 de
1053 2146 1117 2186 lu-

238 2222 320 2250 nae
353 2209 588 2261 splendore
619 2210 813 2260 positum
844 2219 942 2248 esse
965 2210 1012 2247 ut
1033 2208 1111 2247 Od.

238 2274 286 2320 Q,
324 2274 337 2311 4
352 2274 394 2318 «1,
430 2272 508 2311 110:
556 2283 685 2321 neque
713 2283 796 2310 uno
825 2272 946 2310 Luna
966 2271 1116 2310 rubens

236 2337 335 2374 nitet
370 2335 499 2373 I’oltu.
537 2357 578 2363 —
613 2334 1038 2385 mama-sepulcra]
1071 2334 1114 2372 in

237 2397 398 2449 quibus
419 2397 662 2437 haeserunt
686 2399 978 2448 interpretes,
1013 2399 1114 2436 sunt

236 2460 519 2512 polyandria,
571 2459 740 2508 fossae,
791 2461 835 2498 in
880 2470 989 2510 quas
1035 2458 1114 2498 ali-

237 2523 448 2573 quamdiu
479 2521 547 2562 vel
568 2522 787 2562 cadavera
807 2522 901 2573 ipsa
923 2521 990 2561 vel
1014 2533 1114 2561 cre—

237 2588 460 2625 matorum
481 2595 580 2625 ossa
603 2584 944 2632 deiiciebantur,
970 2584 1113 2624 donec

238 2646 587 2698 complerentur,
622 2650 715 2687 tum
740 2645 936 2686 tumulus
957 2657 1112 2698 super-

237 2709 506 2750 struebatur.

291 2771 437 2810 37-39.
483 2772 662 2810 Mentior
692 2776 736 2811 at
766 2773 868 2821 cet.]
907 2770 1112 2811 Similiter

236 2832 499 2872 Trimalchio
531 2845 600 2885 ap.
634 2836 807 2874 Petron.
844 2846 880 2873 c.
916 2834 981 2872 63.
1015 2845 1112 2873 rem

235 2894 544 2935 incredibilem
627 2898 884 2936 narraturus
961 2895 1108 2934 addit:

232 2958 357 3008 plane
383 2969 463 2997 non
492 2959 685 2997 mentiar.
738 2960 802 2998 De
832 2957 1048 3010 particula
1070 2962 1114 2997 at

236 3019 434 3061 secundo
452 3021 697 3060 sententiae
715 3019 813 3061 loco
834 3021 975 3071 posita
994 3020 1107 3059 conf.

236 3082 362 3122 Hand
392 3083 516 3122 Turs.
549 3084 580 3121 Ι,
614 3094 655 3133 p.
689 3082 783 3122 443.
821 3105 866 3111 -
899 3083 1111 3131 caputiu-

235 3143 395 3195 quiner]
434 3143 553 3193 quod
588 3155 642 3183 ne
674 3143 916 3191 accideret,
956 3144 1111 3195 capiti-

1179 1343 1221 1381 in
1257 1341 1328 1382 dei
1358 1341 1645 1383 simulacrum
1674 1343 1845 1384 admitti
1870 1345 2056 1395 poterat.

1178 1406 1338 1444 Notum
1377 1403 1481 1444 illud
1519 1406 1654 1445 Persii
1690 1407 1736 1455 4,
1781 1405 1888 1445 443:
1933 1407 2058 1446 Pueri

1177 1477 1296 1505 sacer
1315 1470 1370 1505 est
1391 1467 1527 1506 loeas!
1559 1472 1684 1507 extra
1701 1468 1863 1515 meiite3
1896 1469 2049 1508 Iuven.

1181 1529 1195 1567 sl
1218 1560 1225 1576 ,
1261 1528 1331 1567 1134
1359 1540 1366 1566 ε
1402 1529 1527 1568 Caius
1555 1531 1612 1569 ad
1640 1531 1815 1582 effiyiem
1841 1542 1925 1570 non
1956 1534 2054 1570 tan-

1178 1593 1265 1628 tam
1293 1591 1444 1629 meiere
1472 1591 1539 1642 fas
1569 1595 1638 1630 est.
1700 1591 1824 1632 Idem
1854 1591 1973 1632 valet
2001 1592 2057 1633 de

1182 1652 1373 1692 tumulis.
1425 1653 1522 1692 vid.
1546 1653 1602 1692 ad
1631 1655 1721 1693 Art.
1747 1655 1866 1694 Poet.
1889 1666 1932 1694 v.
1958 1653 2054 1694 471¹.

1183 1737 1227 1742 -—
1274 1716 1403 1754 Iulius
1455 1716 1564 1768 cet]
1613 1716 1829 1768 «quidam
1871 1716 2058 1757 infames

1179 1778 1393 1828 temporis
1424 1777 1549 1818 illius.
1609 1778 1689 1818 Alii
1719 1779 1871 1819 dicunt
1902 1781 2058 1831 poetas

1179 1839 1314 1879 fuisse
1354 1841 1617 1891 pessimos.»
1665 1844 1796 1881 Aeno.
1841 1864 1886 1870 —
1917 1842 2058 1893 fraqi-

1177 1901 1239 1952 lts]
1273 1906 1534 1952 enervatus,
1570 1903 1847 1944 effeminatus
1867 1903 2057 1944 libidini-

1177 1963 1277 2003 bus.
1308 1988 1350 1991 —
1374 1965 1574 2017 Pediatia]
1600 1966 1740 2006 Comi.
1766 1967 1915 2013 Cimo:
1950 1968 2059 2006 «Pe-

1180 2027 1357 2076 diatius,
1392 2039 1530 2079 eques
1561 2030 1806 2078 Romanus,
1840 2030 2055 2080 patrimo—

1179 2091 1249 2129 nio
1278 2093 1541 2142 consumpto
1563 2102 1609 2131 se
1641 2092 1883 2142 prostituit,
1918 2104 2056 2143 quare

1179 2153 1383 2192 Horatius
1415 2155 1582 2193 mutato
1625 2164 1787 2204 genere
1825 2155 2058 2194 Pediatiam

1178 2215 1420 2253 nominavit
1440 2217 1623 2266 propter
1644 2215 1916 2256 mollitiem.»
1962 2218 2056 2258 Hoc

1179 2288 1286 2317 sane
1333 2276 1543 2317 credibile
1590 2280 1669 2317 est.
1729 2279 1798 2318 Sic
1832 2280 2053 2331 Aristoph.

1178 2338 1324 2378 Nubb.
1359 2339 1452 2379 678.
1503 2341 1744 2380 Sostratam
1783 2342 1828 2380 et
1863 2340 2056 2392 Cleony-

1178 2411 1299 2440 mam
1348 2412 1429 2452 pro
1474 2402 1592 2441 veris
1640 2401 1892 2443 nominibus
1935 2402 2052 2443 djcit.

1180 2462 1266 2502 Cfr.
1290 2463 1509 2502 Fritzsche
1532 2463 1589 2502 ad
1610 2464 1877 2516 Thesmoph.
1896 2476 1936 2504 v.
1958 2464 2052 2506 ⁴34.

1178 2525 1266 2564 Cic.
1291 2525 1346 2564 de
1368 2526 1437 2564 Or.
1462 2526 1508 2573 Ξ,
1541 2525 1610 2574 68,
1644 2527 1747 2566 ⁶277:
1783 2527 1831 2574 Q.
1856 2527 2054 2578 Opimius

1175 2587 1232 2627 ad
1263 2585 1464 2637 Egilium:
1519 2588 1626 2636 Quid
1655 2592 1718 2637 ta,
1754 2589 1896 2639 Egilia
1922 2588 2054 2629 mea?

1176 2650 1259 2689 cet.
1294 2648 1380 2688 Cfr.
1414 2650 1546 2688 Munk
1573 2648 1699 2688 Atell.
1732 2661 1774 2701 p.
1809 2650 1901 2690 439.
1945 2651 2055 2691 Sunt

1175 2712 1249 2761 qui
1280 2721 1439 2762 parum
1478 2710 1768 2761 probabiliter
1803 2712 1986 2763 iungant
2016 2716 2055 2752 et

1171 2774 1338 2825 frassilts
1366 2773 1494 2812 Iulius
1531 2774 1740 2823 Pediatia,
1788 2776 1836 2814 ut
1872 2775 1908 2815 is
1937 2785 2052 2815 unus

1174 2836 1309 2874 homo
1331 2835 1386 2875 sit
1407 2837 1450 2874 et
1479 2835 1718 2886 particulae
1741 2840 1814 2875 et-
1835 2858 1853 2865 -
1871 2848 1949 2886 que
1969 2837 2052 2877 sibi

1174 2896 1496 2948 respondeant,
1539 2900 1692 2937 contra
1723 2897 1897 2938 dicente
1929 2900 2050 2939 Han-

1176 2959 1246 2998 dio
1277 2959 1400 2998 Turs.
1433 2960 1483 2998 ll.
1506 2970 1548 3010 p.
1573 2960 1667 2999 529.
1725 2961 1867 3000 Immo
1896 2961 2046 3010 Iulias,

1175 3021 1359 3061 fortasse
1417 3019 1602 3061 libertus
1653 3021 1809 3073 aliquis
1860 3023 1907 3063 C.
1957 3023 2053 3063 Iulii

1177 3084 1378 3123 Caesaris
1410 3084 1484 3122 aut
1513 3082 1659 3123 liberti
1689 3084 1827 3133 filius,
1871 3085 2053 3126 Pediatii

1175 3147 1347 3184 amator
1396 3145 1529 3186 fuisse
1576 3145 1779 3195 videtur,
1830 3149 1879 3186 ut
1920 3150 2052 3198 poeta

234 3206 319 3247 bus
350 3205 687 3246 simulacrorum
718 3205 800 3246 sub
842 3206 912 3245 dio
944 3207 1111 3257 posito-
1174 3206 1353 3247 irrideat
1390 3218 1470 3259 par
1509 3209 1614 3247 tunc
1645 3207 1849 3248 omnibus
1879 3211 2048 3249 notum.

235 3279 335 3307 rum
365 3267 707 3319 imponebantur
737 3266 944 3318 opercula
976 3278 1108 3307 aerea
1178 3293 1220 3297 —
1243 3269 1395 3320 furque
1417 3270 1617 3322 Voranas]
1651 3271 1806 3310 «Aiunt
1824 3271 2052 3311 Voranum

237 3332 456 3378 inaurata,
490 3329 725 3380 exquibus
747 3330 828 3368 orti
860 3331 962 3368 sunt
981 3330 1109 3368 nimbi
1175 3332 1223 3379 Q.
1273 3332 1426 3371 Lutatii
1471 3331 1608 3371 Catuli
1656 3330 1866 3372 libertum
1914 3332 2048 3373 fuisse

237 3403 348 3443 quos
380 3392 530 3432 dicunt
559 3393 833 3431 Sanctorum.
863 3412 906 3419 —
938 3392 1110 3431 mictum
1173 3392 1285 3432 adeo
1316 3393 1536 3443 furacem,
1574 3395 1622 3433 ut
1651 3403 1858 3434 nummos
1888 3393 2049 3434 subre-

236 3454 337 3505 cet.]
361 3456 593 3495 Summum
614 3454 698 3495 hoc
719 3452 863 3495 scelus
886 3456 967 3503 est,
989 3453 1108 3504 quod
1173 3457 1270 3506 ptos
1301 3467 1324 3494 a
1356 3455 1649 3496 nummulario
1688 3456 1729 3496 in
1766 3454 1937 3497 calceos
1967 3455 2048 3496 de—
