2231 3787
904 257 1001 296 ARs
1037 256 1279 296 POETICA.

259 385 485 438 Moverit
524 385 784 439 incestus:
829 394 974 440 certe
1006 386 1130 439 furit
1169 404 1232 441 ac
1270 387 1414 441 velut
1452 407 1611 441 ursus

260 487 515 540 Obiectos
554 504 754 541 caveae
793 487 957 540 valuit
997 488 1039 541 si
1081 488 1327 560 frangere
1367 489 1625 551 clathrOS‚

259 588 538 642 lndoctum
578 588 906 661 doctumque
948 590 1092 661 sugat
1129 591 1382 644 recitator
1420 592 1680 657 acerbus3

259 693 434 755 Quem
472 708 603 744 vero
645 692 893 762 arripuit,
949 702 1093 746 tenet
1134 693 1440 765 occiditque
1479 693 1736 765 legendO,

1915 697 2017 749 475

256 793 372 845 Non
411 791 646 845 missura
684 802 863 846 cutem
901 795 1003 846 nisi
1042 794 1202 865 plena
1241 796 1450 849 cruoris
1490 795 1701 850 hirudo.

241 959 361 998 ⁴519.
394 957 504 998 Bibl.
537 960 675 1010 Aug.»
709 960 792 998 Fea
823 958 987 999 attulit:
1029 960 1070 998 in
1103 959 1220 999 nullo
1252 972 1434 1000 suorum
1473 963 1671 1012 repperit
1708 964 1957 1006 Pottierius.

239 1022 464 1072 Originem
494 1021 630 1062 debet
649 1033 801 1062 merae
825 1022 881 1062 illi
901 1023 1102 1062 variandi
1124 1022 1312 1071 libidini,
1350 1036 1463 1075 quae
1488 1026 1678 1065 maxime
1702 1028 1802 1077 post
1822 1028 1960 1068 Ovidii

238 1087 445 1136 poemata
476 1085 752 1137 frequentius
790 1086 833 1125 in
873 1084 1005 1125 Gallia
1048 1083 1160 1124 lecta
1198 1096 1250 1124 ac
1286 1085 1504 1137 divolgata
1552 1099 1634 1139 pei·
1674 1088 1829 1128 Secula
1870 1091 1959 1130 XII.

241 1147 297 1197 (in
329 1158 417 1198 quo
450 1147 557 1187 Cod.
580 1147 675 1187 508.
702 1150 908 1187 exaratus
941 1148 1018 1197 est)
1054 1149 1097 1186 et
1126 1149 1234 1188 XIII.
1269 1149 1468 1197 invaluit,
1504 1150 1611 1189 item
1642 1151 1683 1190 in
1716 1151 1958 1193 Claudiano

238 1210 560 1263 interpolando.

182 1365 326 1417 gendo
349 1367 393 1406 In
422 1364 647 1417 piaculum
668 1366 931 1406 incurreret.
966 1368 1068 1405 Per-

182 1429 274 1470 sius
304 1430 350 1478 2,
379 1430 455 1469 ⁰26:
497 1429 560 1468 An
591 1430 692 1478 quia
720 1440 804 1468 non
830 1429 947 1480 fibris
977 1429 1068 1468 ovi-

179 1503 251 1531 um
279 1493 562 1543 E›·9ennaque
598 1491 760 1531 iubente
793 1491 920 1531 Triste
957 1492 1068 1531 iaces

179 1555 282 1594 lucis
311 1555 633 1604 evitandumque
657 1554 839 1593 bidental
858 1557 943 1594 cet.
990 1557 1069 1594 Ar-

179 1617 385 1656 temidor.
411 1617 461 1665 ⁶2,
494 1616 532 1655 9.
565 1627 607 1667 p.
634 1615 728 1656 443.
762 1616 896 1656 Reiff:
931 1612 959 1656 ὁ
989 1630 1068 1657 κε-

179 1674 358 1736 ραυνὸς
389 1674 447 1717 τὰ
475 1676 566 1730 μὲν
596 1671 770 1731 ἄσημα
805 1676 900 1718 τῶν
929 1681 1069 1737 χωρί-

179 1755 245 1781 ων
290 1740 506 1793 ἐπίσημα
545 1746 675 1781 ποιεῖ
706 1737 786 1781 διὰ
829 1738 943 1793 τοὺς
973 1741 1067 1782 ενι-

178 1803 445 1862 ὁρυμενους
473 1799 676 1856 βωμοὺς
695 1805 777 1844 καὶ
798 1801 884 1855 τὰς
905 1804 955 1845 ἐν
977 1801 1067 1846 αῦ-

177 1870 281 1917 τοῖς
309 1867 568 1920 γινομενας
589 1866 789 1918 θυσίας,
822 1863 882 1906 τὰ
903 1865 954 1907 δὲ
976 1880 1066 1907 πο-

177 1926 346 1982 λυτελῆ
391 1930 548 1986 χωρία
591 1923 752 1987 ἔρημα
792 1930 873 1969 καὶ
903 1924 1066 1979 ἄβατα

177 1996 332 2032 ποιεῖ·
381 1988 539 2043 οὐδεὶς
578 1991 669 2049 γὰρ
703 1992 753 2033 ἐν
791 1987 970 2043 αὐτοῖς’
988 1993 1066 2034 ἐν-

176 2053 436 2113 διατρίβειν
463 2049 535 2095 ἔτι
555 2054 699 2096 θέλει.
733 2058 843 2096 Nota
875 2056 1067 2097 bidenta—

176 2120 226 2158 lis
255 2115 569 2175 παράφρασιν
611 2118 731 2169 apud
762 2120 992 2159 Lucanum
1022 2120 1062 2168 8,

177 2181 284 2221 864:
316 2181 526 2221 Inclusum
549 2182 674 2221 Tusco
698 2185 955 2222 venerantur
973 2193 1066 2221 cae-

176 2244 279 2293 spite
305 2244 487 2294 fulmen,
522 2246 566 2284 et
596 2244 650 2284 cf.
686 2245 822 2284 Inscr.
855 2255 914 2283 m.
946 2245 1065 2283 Lati-

178 2318 257 2347 nas
288 2308 338 2347 N.
362 2306 486 2347 2483.
519 2306 676 2348 Miiller
704 2307 907 2346 Etrusker
931 2308 982 2346 ΙΙ.
1015 2318 1060 2358 p.

178 2369 270 2408 1174.
309 2392 352 2397 —
384 2369 584 2422 Moverit]
632 2368 888 2420 «tangendo
918 2367 1059 2408 viola—

175 2431 334 2470 verit.»
369 2431 433 2471 Cf.
457 2431 599 2484 Epod.
626 2433 700 2481 47,
728 2431 766 2471 3.
792 2454 840 2460 —
873 2431 1061 2483 incestus]

176 2493 470 2534 sanctimonia
500 2493 679 2545 polluta.
729 2493 793 2534 Cf.
826 2493 904 2534 Od.
937 2494 985 2543 3,
1018 2495 1059 2543 Ξ,

176 2555 242 2595 30.
270 2578 317 2584 —
339 2556 474 2595 valuit
503 2556 537 2595 si
567 2556 672 2607 cet]
699 2557 761 2596 «si
781 2556 949 2596 viribus
971 2558 1062 2598 suis

176 2617 220 2656 id
252 2620 321 2657 est
350 2620 604 2668 assecutus,
637 2620 687 2658 ut
715 2618 940 2670 frangeret
971 2619 1063 2659 cla-

176 2681 299 2720 thros
331 2679 577 2738 (κλῇθρα),
626 2692 791 2721 caveae
832 2683 978 2733 virgas
1010 2682 1063 2722 li-

176 2755 312 2795 gneas
340 2744 410 2785 vel
433 2745 644 2785 ferreas.»
678 2744 846 2785 Eadem
869 2746 1060 2797 imagine

176 2808 373 2859 Scriptor
388 2807 443 2847 ad
462 2809 656 2849 Herenn.
678 2807 717 2858 4,
739 2808 806 2858 39,
825 2809 870 2848 54
892 2820 899 2846 ε
927 2810 1064 2860 Quod-

1131 1368 1165 1406 si
1207 1369 1354 1417 istum,
1406 1369 1578 1419 iudices,
1624 1371 1770 1410 vestris
1811 1373 2018 1411 sententiis

1131 1430 1431 1480 liberaveritis,
1477 1433 1645 1481 statim,
1692 1433 1797 1472 sicut
1833 1445 1854 1473 e
1887 1445 2018 1474 cavea

1131 1493 1192 1532 leo
1229 1493 1377 1532 missus
1413 1498 1488 1533 aut
1524 1495 1672 1545 aliqua
1702 1497 1917 1536 teterrima
1947 1497 2018 1537 be-

1132 1556 1205 1594 lua
1233 1555 1370 1595 soluta
1401 1568 1454 1596 eat
1484 1558 1640 1597 catenis
1667 1558 1858 1598 volitabit
1883 1563 1920 1598 et
1938 1571 2019 1599 va-

1129 1618 1301 1670 yabi'tur
1338 1619 1379 1657 in
1417 1619 1533 1670 foro,
1580 1631 1733 1660 acuens
1762 1622 1900 1661 dentes
1929 1624 2014 1662 cet.

1136 1705 1180 1711 —-
1212 1683 1428 1722 Indoctum
1459 1684 1730 1734 doct-umque]
1764 1685 1876 1736 Epp.
1901 1686 1950 1735 2,
1976 1686 2015 1734 ⁴,

1133 1745 1235 1784 4117:
1284 1746 1438 1785 indocti
1483 1747 1685 1795 doctique.
1727 1770 1772 1775 ——
1818 1747 2020 1787 recitator

1131 1807 1317 1857 acerbus]
1365 1819 1536 1859 «quam
1575 1809 1769 1848 maxime
1800 1807 2016 1849 molestus

1132 1871 1176 1909 et
1207 1869 1348 1910 doctis
1371 1872 1415 1910 et
1440 1871 1673 1920 indoctis,»
1705 1869 1886 1922 qualem
1907 1872 2018 1924 opti-

1130 1942 1204 1971 me
1246 1932 1483 1984 descripsit
1511 1932 1718 1974 Martialis
1749 1933 1793 1982 3,
1826 1932 1904 1983 44,
1938 1934 2012 1973 ⁴0:

1129 1995 1183 2033 Et
1211 1996 1339 2034 stanti
1368 1996 1469 2048 legis
1498 2000 1536 2035 et
1564 1997 1665 2048 leyis
1693 1997 1872 2044 sedenti;
1905 1996 2015 2036 Cur-

1128 2058 1237 2096 renti
1274 2059 1375 2109 legis
1404 2064 1441 2098 ec
1475 2058 1575 2110 leyis
1604 2059 1785 2099 cacanti.
1831 2060 1880 2098 Ιη
1910 2059 2017 2099 ther-

1127 2130 1221 2158 ‘mas
1247 2120 1364 2171 fugio
1382 2132 1395 2158 .·
1437 2131 1563 2160 sonas
1591 2121 1647 2160 ad
1677 2132 1839 2161 aurem.
1885 2121 2017 2161 Pisci-

1127 2193 1229 2221 nam
1252 2187 1374 2232 peto:
1406 2194 1490 2222 non
1519 2183 1611 2222 licet
1639 2187 1804 2222 natare.
1844 2183 1907 2222 Ad
1926 2194 2015 2223 coe—

1127 2256 1228 2284 nam
1253 2256 1459 2295 propero:
1490 2249 1598 2285 tenes
1623 2249 1799 2286 euntem.
1845 2245 1908 2284 Ad
1926 2256 2017 2286 coe-

1127 2318 1227 2346 nam
1261 2308 1412 2347 venio:
1449 2307 1575 2358 Γαρεις
1615 2309 1811 2347 edentem.
1862 2308 2015 2347 Lassus

1128 2370 1325 2409 dormio:
1357 2371 1532 2409 suscitas
1561 2371 1777 2410 iacentem.
1814 2393 1859 2398 —
1894 2372 2014 2410 arri—

1120 2434 1229 2486 puit]
1261 2435 1528 2473 Perseverat
1556 2433 1597 2473 in
1619 2434 1712 2473 ursi
1732 2433 1939 2484 imagine.
1964 2454 2009 2462 --

1128 2497 1356 2546 occiditque
1384 2496 1567 2548 leyendo]
1599 2496 1739 2548 Epod.
1766 2495 1833 2545 44,
1857 2497 1905 2536 5:
1939 2507 2013 2537 oc-

1126 2559 1228 2598 cidis
1265 2569 1388 2608 saepe
1416 2559 1622 2610 royando.
1673 2558 1735 2599 Cf.
1770 2559 1857 2598 Sat.
1892 2560 1936 2608 ’1,
1967 2558 2008 2608 3,

1126 2622 1202 2662 88:
1236 2633 1413 2661 amaras
1444 2623 1635 2661 Porrecto
1654 2621 1798 2672 inquio
1818 2621 2014 2661 historias

1125 2684 1316 2733 captivus
1343 2688 1389 2723 ut
1420 2684 1552 2723 audit.
1581 2707 1626 2711 —
1648 2684 1744 2723 Non
1771 2683 2011 2722 missura--

1124 2747 1288 2796 hirudo]
1335 2744 1601 2786 particulam
1644 2745 2006 2797 comparationis,

1124 2810 1174 2848 ut
1194 2819 1346 2860 saepe,
1372 2809 1546 2848 omittit.
1583 2806 1705 2849 Conf.
1723 2806 1862 2859 Epod.
1884 2806 2005 2856 4,34.

729 3089 1346 3137 ExcURSUS
1405 3091 1447 3135 1.

908 3210 963 3238 AD
992 3202 1042 3239 A.
1074 3201 1121 3240 P.
1153 3212 1195 3240 v.
1231 3201 1269 3240 ¹1.

290 3276 552 3316 «Horatium
582 3276 741 3315 imItari
772 3275 949 3316 videtur
979 3278 1198 3318 Lucianus
1229 3279 1273 3318 in
1304 3277 1397 3318 Lib.
1424 3277 1478 3318 de
1509 3278 1612 3318 hist.
1642 3288 1816 3317 consor.
1852 3277 1899 3317 C.
1923 3278 1999 3317 23:

177 3342 286 3403 Χρὴ
317 3343 392 3395 δέ,
426 3341 585 3398 οἶμαι,
615 3341 685 3397 μὴ
718 3338 897 3396 οὕτως,
930 3341 1031 3385 ἀλλ’
1064 3340 1214 3399 ὃμοια
1241 3344 1301 3387 τὰ
1332 3344 1488 3388 πάντα
1513 3348 1596 3387 καὶ
1618 3343 1843 3404 ὁμόχροα
1863 3344 2001 3396 εἶναι,
2028 3378 2031 3382 »

177 3416 260 3456 καὶ
290 3414 501 3471 συνᾷδον
529 3413 586 3473 τῇ
618 3410 807 3474 κεφαλῇ
838 3411 895 3456 τὸ
930 3410 1048 3455 ἄλλο
1077 3415 1245 3470 σῶμα,
1278 3413 1344 3468 ὥς
1371 3413 1441 3470 μὴ
1463 3413 1679 3474 χρυσοῦν
1698 3416 1789 3469 μὲν
1809 3412 1864 3457 τὸ
1885 3414 2004 3475 κρά-

177 3497 262 3536 νος
291 3483 387 3538 εἴη,
418 3481 586 3543 θώραξ
614 3483 665 3525 δὲ
695 3485 818 3526 πάνυ
849 3484 1036 3539 γελοῖος
1066 3485 1118 3527 ἑκ
1149 3483 1310 3544 ῥακῶν
1340 3486 1490 3528 ποθὲν
1512 3481 1546 3539 ἦ
1570 3486 1624 3528 ἐκ
1645 3484 1892 3544 δερμάτων
1913 3499 2002 3527 σα-

273 3577 424 3614 ΗοιὶΑΤ,
454 3587 547 3615 vox..
577 3577 621 3614 ll.
674 3587 739 3613 En.
768 3587 854 3614 ΜΑι.
884 3578 946 3614 111.

1641 3580 1686 3615 50
