2231 3787
878 220 976 258 ARS
1013 219 1254 259 POETICA.

1890 219 1991 270 703

227 351 334 403 Seu
375 367 593 404 cursum
634 350 856 403 mutavit
895 349 1138 422 iniquum
1180 350 1422 421 frugibus
1461 353 1631 404 amnis

229 453 428 505 Doctus
470 453 568 505 iter
608 451 826 511 melius,
870 451 1115 506 mortalia
1158 452 1294 507 sacta
1333 453 1613 524 peribunt,

225 553 434 607 Nedum
474 571 785 607 sermonum
824 564 926 608 stet
964 555 1135 609 honos
1178 564 1230 609 ct
1268 556 1437 626 gratia
1478 556 1649 609 vivax.

225 655 383 708 Multa
425 665 802 714 renascentur,
847 675 987 727 quae
1030 658 1132 710 iam
1173 657 1450 712 cecidere,
1495 658 1799 729 cadentque

1923 661 1988 710 70

225 760 374 822 Quae
416 775 557 811 nunc
597 768 719 810 sunt
761 759 808 810 in
853 758 1057 811 honore
1100 760 1388 819 vocabula,
1433 761 1475 813 si
1518 760 1661 813 volet
1699 780 1857 819 usus,

204 902 331 951 lisque
343 902 468 951 palus
484 905 713 950 (ipsamque
734 900 812 940 Alii
835 900 952 952 apud
971 901 1230 950 Marcilium,
1254 903 1621 953 sterilisquepalus
1637 905 1793 943 (ludum
1810 910 1931 954 apla-

205 976 282 1014 que
326 965 696 1015 Cuninghamius,
746 964 977 1013 sterilisque
1010 965 1138 1012 palus
1176 965 1429 1014 pulsataque
1475 965 1716 1006 Markland.
1769 991 1810 996 ω

1861 969 1910 1007 67
1922 1002 1926 1007 .

205 1027 353 1078 axnmz's]
385 1027 523 1066 Arnus
555 1027 662 1066 Cod.
697 1026 905 1066 Dorvillii.
944 1048 986 1055 —
1023 1027 1089 1066 68.
1123 1027 1252 1079 facta]
1283 1033 1431 1067 cuncta
1465 1028 1686 1070 Bentlcius
1716 1032 1828 1070 coni.
1857 1030 1931 1069 sir—

205 1093 320 1129 mata
354 1101 377 1128 a
411 1089 518 1130 Cod.
555 1089 763 1129 Galeano.

149 1209 271 1249 eisen
301 1209 352 1247 Ν.
387 1207 529 1247 Jahrb.
555 1206 583 1254 f.
608 1208 747 1247 philol.
776 1207 866 1247 Vol.
893 1208 958 1247 61.
986 1218 1029 1259 p.

148 1270 200 1311 45
223 1281 322 1321 sqq.
353 1295 396 1298 ——
432 1275 617 1321 aptaque
645 1271 784 1320 remis]
825 1271 1033 1321 «naviga-

147 1332 289 1373 bilis.»
323 1355 369 1361 —-
402 1334 550 1385 grave]
595 1334 673 1372 «in
704 1334 916 1384 pinguem
946 1333 1032 1372 hu-

147 1407 272 1435 mum
302 1394 386 1435 alte
419 1396 809 1448 deprimendum.»
837 1419 880 1423 —
907 1396 1034 1435 Cete-

146 1469 246 1498 rum
278 1469 435 1498 omnes
468 1459 689 1510 explicant
725 1471 826 1498 cum
858 1460 1031 1498 Acrone

147 1523 191 1561 et
222 1523 589 1561 Commentatore
623 1522 833 1572 Cruquii:
875 1523 1033 1561 «Pom—

144 1585 290 1636 ptinas
320 1583 508 1635 paludes
540 1586 763 1635 Augustus
796 1584 1034 1623 exsiccavit

72 1661 78 1664 ·
147 1650 190 1687 et
219 1647 485 1688 habitabiles
518 1647 733 1695 reddidit,
768 1648 930 1686 iniecto
961 1657 1033 1697 ag-

146 1722 250 1762 gere
282 1710 479 1763 lapidum
502 1713 545 1751 et
567 1713 713 1751 terrae
735 1723 742 1758 ;
761 1727 778 1746 »
813 1710 1031 1750 addentes

145 1785 196 1813 ex
230 1775 410 1814 Sueton.
447 1775 574 1814 Caes.
607 1773 686 1815 44:
724 1775 881 1812 siccare
909 1774 1031 1812 Pom-

139 1837 282 1887 ptinas
299 1838 474 1887 paludes
491 1837 755 1887 (destinabat
772 1836 905 1876 lulius
923 1837 1032 1875 Cae-

144 1900 245 1949 sar).
299 1899 399 1940 Tale
441 1902 592 1940 tamen
632 1901 815 1951 Augusti
853 1911 964 1951 opus
1005 1911 1028 1938 a

143 1961 261 2001 nullo
297 1965 531 2014 praeterea
576 1965 877 2009 memoratur:
925 1973 1029 2001 nam

144 2024 263 2076 quod
310 2024 482 2065 Schelle
525 2025 821 2065 confidentius
854 2022 1025 2065 narrati

144 2088 295 2136 «Quod
320 2090 486 2128 Caesar
515 2088 755 2128 meditatus
779 2090 894 2137 erat,
927 2099 1029 2139 per-

143 2150 246 2190 secit
274 2154 519 2202 Augustus,
565 2152 639 2201 qui
671 2149 1027 2202 aquaeductibus

142 2213 230 2253 XV.
261 2215 316 2254 M.
342 2216 385 2253 Ρ.
419 2215 626 2254 institutis
659 2215 914 2265 Pomptinas
946 2224 1028 2265 pa—

143 2274 270 2317 ludes
297 2277 481 2317 siccavit
497 2290 505 2325 ;
522 2293 539 2313 »
574 2277 862 2329 desumptum
885 2281 953 2316 est
975 2288 1025 2316 ex

144 2338 230 2378 Sat.
259 2340 296 2388 ¹l,
321 2341 360 2389 5,
386 2340 429 2379 lsi
459 2351 605 2392 seqq„
639 2339 714 2379 ubi
736 2342 865 2392 poeta
890 2338 1030 2389 loqui-

143 2403 215 2441 tur
244 2401 299 2442 de
323 2402 441 2443 fossa
463 2402 697 2454 navigabili
719 2414 743 2442 a
765 2404 874 2442 Foro
899 2403 1025 2454 Appii

142 2474 290 2515 usque
330 2465 387 2504 ad
427 2466 594 2505 Fanum
628 2466 862 2515 Feroniae,
911 2476 1026 2516 quae

143 2538 183 2566 a.
206 2539 249 2566 u.
275 2539 313 2566 c.
338 2529 432 2568 747.
458 2529 545 2568 iam
567 2529 700 2568 ducta
724 2530 842 2577 erat,
878 2539 930 2567 eo
952 2529 1027 2578 igi-

143 2593 214 2629 tur
244 2592 472 2642 tempore,
507 2602 595 2642 quo
617 2591 703 2630 hoc
733 2589 920 2642 paludes
946 2591 1026 2630 sic-

143 2653 273 2694 candi
303 2653 537 2694 consilium
567 2657 789 2705 Augustus
826 2653 1025 2692 nondum

142 2718 307 2769 agitare
337 2719 525 2769 poterat.
560 2717 656 2757 Vid.
682 2719 930 2758 Excursum
951 2717 1021 2755 IV.

147 2803 191 2809 —
214 2792 383 2820 cursum
400 2803 422 2810 -
442 2781 635 2831 iniquum
662 2778 868 2832 frugyt'bus]
907 2789 1027 2818 «cre-

141 2842 235 2884 bris
273 2843 553 2884 eluvionibus
594 2845 687 2884 sata
726 2843 832 2883 limo
879 2842 1026 2882 obdu-

143 2908 366 2946 centem.»
400 2930 443 2934 —
477 2907 636 2958 amnis]
677 2907 855 2947 Minime
887 2906 1027 2945 inter-

140 2969 411 3019 pretandum
442 2980 542 3010 esse
565 2981 670 3009 cum
695 2968 950 3009 Scholiastis
970 2967 1025 3007 de

141 3030 334 3071 Velabro
372 3031 428 3071 ab
459 3033 650 3084 Agrippa
681 3032 863 3082 Augusti
903 3031 1026 3071 iussu

143 3094 393 3143 exsiccato,
427 3094 506 3133 sed
538 3094 593 3133 de
621 3105 755 3133 cursu
777 3093 947 3133 Tiberis
968 3092 1023 3132 ab

141 3158 340 3207 Augusto
372 3156 608 3207 aggeribus
640 3158 842 3196 correcto
889 3157 1025 3205 (tem-

141 3230 252 3271 pore
284 3219 468 3271 quidem
490 3222 533 3260 et
554 3220 689 3259 modo
711 3219 838 3259 nobis
862 3219 1021 3269 ignoto)

143 3282 466 3323 demonstravit
509 3284 607 3323 Fea.
675 3282 893 3334 Equidem
937 3282 1024 3321 huc

143 3344 390 3385 rettulerim
435 3345 685 3386 eluvionem
727 3347 1024 3385 memoratam

144 3407 222 3446 Od.
248 3408 286 3457 l,
311 3409 427 3456 2113
449 3420 566 3460 sqq,
601 3419 639 3448 a.
664 3419 708 3447 u.
729 3419 768 3448 c.
788 3408 901 3457 732„
923 3409 1025 3459 post

144 3481 279 3520 quam
310 3471 479 3512 Tiberis
511 3474 652 3524 ripam
688 3483 847 3522 aggere
878 3472 1025 3511 muni—

1100 1211 1190 1247 tam
1222 1219 1321 1248 esse
1354 1218 1572 1260 perquam
1604 1210 1697 1249 veri
1727 1210 1868 1251 simile
1901 1215 1981 1252 est.

1103 1293 1147 1298 ψ
1171 1271 1329 1310 Doclus
1348 1271 1426 1310 iter
1445 1272 1605 1323 melius]
1638 1273 1744 1325 Epp.
1767 1275 1804 1319 sl,
1827 1274 1892 1321 lli,
1914 1275 1980 1313 ⁶29:

1098 1333 1236 1382 rivus,
1269 1334 1303 1372 st
1333 1335 1482 1373 decidit
1512 1335 1665 1383 imber,
1713 1337 1850 1375 Multa
1879 1338 1985 1376 mole

1099 1397 1303 1435 doeendus
1346 1398 1492 1446 aprico
1531 1409 1716 1447 parcere
1749 1403 1893 1448 prato.
1933 1421 1976 1427 —

1096 1459 1297 1498 morlalia
1323 1459 1440 1509 facta
1468 1460 1675 1511 peribunt]
1725 1462 1982 1502 «bominum

1098 1533 1234 1573 opera
1272 1521 1341 1561 vel
1385 1523 1855 1573 magnificentissima,
1902 1536 1983 1564 ne—

1098 1584 1205 1623 dum
1226 1584 1442 1624 vocabula
1460 1598 1467 1633 3
1483 1601 1500 1621 »
1526 1597 1613 1636 quo
1637 1587 1981 1637 epiphonemate

1097 1647 1300 1686 firmatur
1330 1649 1548 1687 sententia
1580 1660 1620 1687 V.
1647 1648 1712 1687 63.
1737 1651 1977 1700 proposita.

1097 1711 1305 1750 Lectione
1350 1715 1500 1750 cuneta
1545 1710 1708 1750 tollitur
1745 1714 1978 1763 oppositio,

1096 1783 1232 1823 quam
1266 1773 1406 1814 Bentl.
1440 1773 1547 1813 falso
1577 1775 1821 1825 vituperat,
1868 1776 1981 1816 inter

1093 1838 1211 1889 facta
1242 1838 1285 1876 et
1314 1848 1533 1877 sermones.
1595 1838 1725 1877 Facta
1755 1840 1905 1879 autem
1937 1842 1981 1879 et

1095 1913 1224 1952 opera
1255 1901 1336 1941 etsi
1377 1912 1559 1952 semper
1589 1901 1797 1951 quidem,
1839 1904 1885 1941 ut
1914 1904 1980 1942 vi-

1096 1964 1241 2013 detur,
1266 1964 1309 2003 in
1330 1974 1462 2014 prosa
1486 1963 1683 2002 oratione
1707 1963 1980 2015 distinguun-

1095 2028 1186 2075 tur,
1215 2037 1239 2064 a
1259 2028 1388 2077 poeta
1408 2026 1494 2065 hoc
1513 2025 1753 2065 discrimen
1772 2038 1858 2066 non
1881 2038 1980 2066 ser-

1094 2090 1186 2128 vari
1218 2088 1569 2139 reprehensione
1593 2091 1728 2128 caret.
1764 2089 1826 2128 Cf.
1852 2090 1975 2129 Ovid.

1095 2153 1196 2191 Her.
1215 2152 1282 2198 40,
1306 2151 1379 2190 60:
1406 2152 1497 2189 Non
1517 2151 1730 2190 hominum
1745 2152 1878 2198 rideo,
1896 2164 1979 2191 non

1093 2226 1166 2265 eqo
1195 2215 1312 2264 Γαδία
1342 2214 1486 2263 boum,
1519 2210 1651 2262 βοῶν
1678 2207 1794 2271 ἔργα
1817 2215 1974 2266 Odyss.

1093 2292 1145 2324 κ,
1181 2277 1246 2317 98.
1295 2278 1339 2316 ln
1369 2276 1475 2316 Cod.
1502 2279 1653 2316 autem
1676 2277 1867 2317 Galeano
1890 2289 1978 2319 non

1092 2339 1233 2381 semel
1277 2338 1538 2390 interpolato
1568 2339 1638 2379 vel
1676 2351 1851 2380 merum
1883 2343 1979 2381 erat

1092 2404 1312 2455 glossema
1346 2402 1414 2443 vel
1436 2403 1619 2442 variatio
1650 2404 1904 2443 temeraria.
1928 2425 1972 2432 -

1090 2465 1341 2517 ser-inommz]
1387 2465 1748 2506 «consuetudinis
1787 2465 1977 2517 loquen-

1093 2529 1179 2569 di.»
1214 2527 1389 2577 Quintil.
1416 2529 1430 2567 ll
1454 2561 1461 2576 ,
1487 2529 1531 2577 6,
1557 2527 1633 2567 43:
1666 2529 1719 2567 Ec
1747 2539 1848 2567 sane
1878 2529 1978 2578 quid

1091 2597 1148 2631 ess
1193 2593 1310 2631 alind
1348 2593 1478 2630 vetus
1516 2601 1666 2630 sermo
1707 2602 1834 2640 quam
1861 2596 1977 2631 velus

1091 2655 1284 2704 loquendi
1309 2653 1589 2694 consuetudo?
1621 2677 1658 2680 —
1687 2655 1774 2703 slei]
1807 2653 1974 2694 «firmi-

1091 2721 1159 2759 ter
1196 2718 1327 2757 duret
1365 2716 1624 2766 stabilisque
1664 2719 1971 2767 permaneat.»

1095 2803 1139 2809 —
1175 2782 1302 2820 honos
1331 2785 1367 2819 et
1395 2779 1560 2831 qratia]
1601 2780 1742 2830 Saepe
1781 2779 1844 2819 sic
1874 2780 1974 2819 iun—

1092 2846 1255 2894 guntur
1283 2843 1415 2882 honor
1435 2846 1471 2881 et
1500 2842 1667 2892 wasia,
1700 2842 1832 2881 honor
1853 2846 1890 2881 et
1909 2844 1975 2882 de-

1091 2917 1187 2955 cor,
1224 2905 1413 2944 qu'rde
1433 2905 1533 2943 unc]
1552 2904 1782 2943 Amnum.
1817 2905 1973 2944 Exem-

1093 2967 1160 3020 pla
1193 2969 1296 3008 sunt
1325 2967 1368 3006 in
1401 2966 1557 3006 Handii
1588 2967 1722 3006 Statio
1754 2978 1796 3018 p.
1829 2967 1896 3006 50.

1147 3093 1294 3132 70-72.
1331 3093 1469 3132 Mzclta
1488 3096 1760 3132 renascentur
1777 3091 1879 3143 cet]
1903 3092 1971 3131 Sic

1094 3157 1320 3198 Frontonis
1366 3157 1651 3208 potissimum
1692 3157 1835 3194 aetate
1873 3165 1972 3206 per-

1090 3219 1228 3259 multa
1258 3218 1397 3258 verba
1428 3218 1628 3258 obsoleta
1660 3219 1786 3268 quasi
1816 3216 1971 3268 postli—

1090 3283 1223 3322 minio
1254 3283 1296 3321 in
1324 3292 1582 3322 sermonem
1605 3281 1807 3320 Latinum
1828 3279 1972 3320 redie-

1091 3347 1204 3385 runt.
1234 3369 1278 3373 -—
1311 3356 1430 3393 usus,
1466 3346 1594 3394 Quem
1617 3343 1754 3394 penes]
1799 3343 1970 3382 «Poetis

1088 3407 1209 3448 licuit
1238 3405 1530 3452 vocabulum,
1579 3405 1698 3456 quod
1737 3405 1793 3444 de
1824 3405 1971 3444 homi-

1090 3470 1220 3510 nibus
1251 3469 1505 3513 dicebatur,
1541 3468 1595 3507 ad
1627 3479 1700 3507 res
1723 3467 1888 3508 referre
1912 3468 1967 3507 ab
