<?xml version="1.0" encoding="UTF-8"?>
<!DOCTYPE html PUBLIC "-//W3C//DTD XHTML 1.0 Transitional//EN"
    "http://www.w3.org/TR/xhtml1/DTD/xhtml1-transitional.dtd">
<html xmlns="http://www.w3.org/1999/xhtml" xml:lang="en" lang="en">
 <head>
  <title>
</title>
<meta http-equiv="Content-Type" content="text/html;charset=utf-8" />
  <meta name='ocr-system' content='tesseract 3.04.00' />
  <meta name='ocr-capabilities' content='ocr_page ocr_carea ocr_par ocr_line ocrx_word'/>
</head>
<body>
  <div class='ocr_page' id='page_1' title='image "./qhoratiusflaccus02horauoft_0499.png"; bbox 0 0 2231 3787; ppageno 0'>
   <div class='ocr_carea' id='block_1_1' title="bbox 836 302 996 341">
    <p class='ocr_par' dir='ltr' id='par_1_1' title="bbox 836 302 996 341">
     <span class='ocr_line' id='line_1_1' title="bbox 836 302 996 341; baseline 0 -1"><span class='ocrx_word' id='word_1_1' title='bbox 836 302 930 341; x_wconf 84' lang='lat' dir='ltr'>LlB.</span> <span class='ocrx_word' id='word_1_2' title='bbox 969 304 996 340; x_wconf 91' lang='lat' dir='ltr'>l.</span> 
     </span>
    </p>
   </div>
   <div class='ocr_carea' id='block_1_2' title="bbox 1060 302 1341 343">
    <p class='ocr_par' dir='ltr' id='par_1_2' title="bbox 1060 302 1341 343">
     <span class='ocr_line' id='line_1_2' title="bbox 1060 302 1341 343; baseline 0 -2"><span class='ocrx_word' id='word_1_3' title='bbox 1060 302 1221 342; x_wconf 77' lang='lat' dir='ltr'>EPIST.</span> <span class='ocrx_word' id='word_1_4' title='bbox 1258 304 1341 343; x_wconf 85' lang='lat' dir='ltr'>VII.</span> 
     </span>
    </p>
   </div>
   <div class='ocr_carea' id='block_1_3' title="bbox 1901 306 1991 358">
    <p class='ocr_par' dir='ltr' id='par_1_3' title="bbox 1901 306 1991 358">
     <span class='ocr_line' id='line_1_3' title="bbox 1901 306 1991 358; baseline 0.011 -1"><span class='ocrx_word' id='word_1_5' title='bbox 1901 306 1991 358; x_wconf 80' lang='grc'>461</span> 
     </span>
    </p>
   </div>
   <div class='ocr_carea' id='block_1_4' title="bbox 260 429 1478 505">
    <p class='ocr_par' dir='ltr' id='par_1_4' title="bbox 260 429 1478 505">
     <span class='ocr_line' id='line_1_4' title="bbox 260 429 1478 505; baseline 0.003 -23"><span class='ocrx_word' id='word_1_6' title='bbox 260 431 317 482; x_wconf 83' lang='lat' dir='ltr'>Et</span> <span class='ocrx_word' id='word_1_7' title='bbox 356 429 494 482; x_wconf 89' lang='lat' dir='ltr'>ludis</span> <span class='ocrx_word' id='word_1_8' title='bbox 534 439 585 483; x_wconf 87' lang='lat' dir='ltr'>et</span> <span class='ocrx_word' id='word_1_9' title='bbox 624 439 744 501; x_wconf 84' lang='lat' dir='ltr'>post</span> <span class='ocrx_word' id='word_1_10' title='bbox 782 431 965 485; x_wconf 89' lang='lat' dir='ltr'>decisa</span> <span class='ocrx_word' id='word_1_11' title='bbox 1005 433 1216 504; x_wconf 77' lang='lat' dir='ltr'>negotia</span> <span class='ocrx_word' id='word_1_12' title='bbox 1260 434 1478 505; x_wconf 84' lang='lat' dir='ltr'>Campo.</span> 
     </span>
    </p>
   </div>
   <div class='ocr_carea' id='block_1_5' title="bbox 232 532 1999 1125">
    <p class='ocr_par' dir='ltr' id='par_1_5' title="bbox 254 532 1999 698">
     <span class='ocr_line' id='line_1_5' title="bbox 254 532 1999 606; baseline 0.005 -22"><span class='ocrx_word' id='word_1_13' title='bbox 254 532 440 585; x_wconf 88' lang='lat' dir='ltr'>Scitari</span> <span class='ocrx_word' id='word_1_14' title='bbox 484 532 609 586; x_wconf 81' lang='lat' dir='ltr'>libet</span> <span class='ocrx_word' id='word_1_15' title='bbox 649 550 713 587; x_wconf 84' lang='lat' dir='ltr'>ex</span> <span class='ocrx_word' id='word_1_16' title='bbox 754 534 895 603; x_wconf 80' lang='lat' dir='ltr'>ipso.</span> <span class='ocrx_word' id='word_1_17' title='bbox 938 533 1304 606; x_wconf 82' lang='lat' dir='ltr'>quodcunque</span> <span class='ocrx_word' id='word_1_18' title='bbox 1346 536 1541 599; x_wconf 83' lang='lat' dir='ltr'>resers;</span> <span class='ocrx_word' id='word_1_19' title='bbox 1583 537 1668 591; x_wconf 79' lang='lat' dir='ltr'>ilic</span> <span class='ocrx_word' id='word_1_20' title='bbox 1933 542 1999 592; x_wconf 79' lang='lat'>60</span> 
     </span>
     <span class='ocr_line' id='line_1_6' title="bbox 254 633 1674 698; baseline 0.004 -12"><span class='ocrx_word' id='word_1_21' title='bbox 254 633 332 686; x_wconf 88' lang='lat' dir='ltr'>Ad</span> <span class='ocrx_word' id='word_1_22' title='bbox 372 651 597 687; x_wconf 83' lang='lat' dir='ltr'>coenam</span> <span class='ocrx_word' id='word_1_23' title='bbox 639 636 830 688; x_wconf 64' lang='lat' dir='ltr'>veniat.</span> <span class='ocrx_word' id='word_1_24' title='bbox 909 639 1020 689; x_wconf 75' lang='lat' dir='ltr'>Non</span> <span class='ocrx_word' id='word_1_25' title='bbox 1062 654 1191 690; x_wconf 87' lang='lat' dir='ltr'>sane</span> <span class='ocrx_word' id='word_1_26' title='bbox 1232 637 1456 691; x_wconf 88' lang='lat' dir='ltr'>credere</span> <span class='ocrx_word' id='word_1_27' title='bbox 1498 639 1674 698; x_wconf 81' lang='lat' dir='ltr'>Mena,</span> 
     </span>
    </p>

    <p class='ocr_par' dir='ltr' id='par_1_6' title="bbox 232 736 1941 1125">
     <span class='ocr_line' id='line_1_7' title="bbox 252 736 1659 812; baseline 0.006 -25"><span class='ocrx_word' id='word_1_28' title='bbox 252 736 424 788; x_wconf 84' lang='lat' dir='ltr'>Mirari</span> <span class='ocrx_word' id='word_1_29' title='bbox 466 753 649 790; x_wconf 85' lang='lat' dir='ltr'>secum</span> <span class='ocrx_word' id='word_1_30' title='bbox 692 738 897 791; x_wconf 79' lang='lat' dir='ltr'>tacitus,</span> <span class='ocrx_word' id='word_1_31' title='bbox 975 739 1114 803; x_wconf 85' lang='lat' dir='ltr'>Quid</span> <span class='ocrx_word' id='word_1_32' title='bbox 1157 738 1357 792; x_wconf 74' lang='lat' dir='ltr'>multa?</span> <span class='ocrx_word' id='word_1_33' title='bbox 1395 741 1659 812; x_wconf 76' lang='lat' dir='ltr'>Benigne,</span> 
     </span>
     <span class='ocr_line' id='line_1_8' title="bbox 252 838 1854 913; baseline 0.004 -22"><span class='ocrx_word' id='word_1_34' title='bbox 252 838 572 909; x_wconf 73' lang='lat' dir='ltr'>Respondet.</span> <span class='ocrx_word' id='word_1_35' title='bbox 651 840 816 909; x_wconf 79' lang='lat' dir='ltr'>Neget</span> <span class='ocrx_word' id='word_1_36' title='bbox 857 840 942 893; x_wconf 90' lang='lat' dir='ltr'>ille</span> <span class='ocrx_word' id='word_1_37' title='bbox 984 840 1148 893; x_wconf 83' lang='lat' dir='ltr'>milii‘?</span> <span class='ocrx_word' id='word_1_38' title='bbox 1187 843 1354 913; x_wconf 82' lang='lat' dir='ltr'>Negat</span> <span class='ocrx_word' id='word_1_39' title='bbox 1393 842 1669 913; x_wconf 88' lang='lat' dir='ltr'>improbus</span> <span class='ocrx_word' id='word_1_40' title='bbox 1715 853 1768 898; x_wconf 87' lang='lat' dir='ltr'>et</span> <span class='ocrx_word' id='word_1_41' title='bbox 1805 854 1854 897; x_wconf 89' lang='lat' dir='ltr'>te</span> 
     </span>
     <span class='ocr_line' id='line_1_9' title="bbox 232 1005 1939 1056; baseline 0.004 -12"><span class='ocrx_word' id='word_1_42' title='bbox 232 1006 496 1056; x_wconf 62' lang='lat' dir='ltr'>cruquianis</span> <span class='ocrx_word' id='word_1_43' title='bbox 526 1005 762 1046; x_wconf 88' lang='lat' dir='ltr'>Bentleius.</span> <span class='ocrx_word' id='word_1_44' title='bbox 803 1027 844 1034; x_wconf 90' lang='lat'>—</span> <span class='ocrx_word' id='word_1_45' title='bbox 881 1007 947 1045; x_wconf 83' lang='lat'>60.</span> <span class='ocrx_word' id='word_1_46' title='bbox 973 1018 1243 1056; x_wconf 79' lang='lat' dir='ltr'>quaecunque</span> <span class='ocrx_word' id='word_1_47' title='bbox 1274 1008 1354 1047; x_wconf 90' lang='lat' dir='ltr'>LC.</span> <span class='ocrx_word' id='word_1_48' title='bbox 1392 1009 1453 1054; x_wconf 60' lang='lat' dir='ltr'>{Ut</span> <span class='ocrx_word' id='word_1_49' title='bbox 1484 1019 1587 1056; x_wconf 87' lang='lat' dir='ltr'>nos,</span> <span class='ocrx_word' id='word_1_50' title='bbox 1622 1020 1778 1050; x_wconf 89' lang='lat' dir='ltr'>omnes</span> <span class='ocrx_word' id='word_1_51' title='bbox 1805 1014 1939 1051; x_wconf 85' lang='lat' dir='ltr'>nostri</span> 
     </span>
     <span class='ocr_line' id='line_1_10' title="bbox 232 1069 1941 1125; baseline 0.004 -17"><span class='ocrx_word' id='word_1_52' title='bbox 232 1072 273 1108; x_wconf 85' lang='lat' dir='ltr'>et</span> <span class='ocrx_word' id='word_1_53' title='bbox 306 1070 526 1118; x_wconf 86' lang='lat' dir='ltr'>Pottierii.)</span> <span class='ocrx_word' id='word_1_54' title='bbox 553 1092 598 1096; x_wconf 97' lang='lat'><strong>—</strong></span> <span class='ocrx_word' id='word_1_55' title='bbox 632 1069 696 1107; x_wconf 86' lang='grc'>63.</span> <span class='ocrx_word' id='word_1_56' title='bbox 732 1070 955 1118; x_wconf 71' lang='lat' dir='ltr'><em>Respondet</em></span> <span class='ocrx_word' id='word_1_57' title='bbox 984 1079 1207 1120; x_wconf 85' lang='lat' dir='ltr'>superscr.</span> <span class='ocrx_word' id='word_1_58' title='bbox 1242 1071 1254 1108; x_wconf 81' lang='lat' dir='ltr'>i</span> <span class='ocrx_word' id='word_1_59' title='bbox 1291 1071 1338 1118; x_wconf 87' lang='lat' dir='ltr'>S,</span> <span class='ocrx_word' id='word_1_60' title='bbox 1374 1072 1590 1120; x_wconf 70' lang='lat' dir='ltr'><em>Respondit</em></span> <span class='ocrx_word' id='word_1_61' title='bbox 1621 1072 1698 1112; x_wconf 84' lang='lat' dir='ltr'>dE.</span> <span class='ocrx_word' id='word_1_62' title='bbox 1728 1095 1772 1101; x_wconf 84' lang='lat'><em>-</em></span> <span class='ocrx_word' id='word_1_63' title='bbox 1806 1074 1941 1125; x_wconf 61' lang='lat' dir='ltr'>Negat</span> 
     </span>
    </p>
   </div>
   <div class='ocr_carea' id='block_1_6' title="bbox 229 1130 1940 1245">
    <p class='ocr_par' dir='ltr' id='par_1_7' title="bbox 229 1130 1940 1245">
     <span class='ocr_line' id='line_1_11' title="bbox 230 1130 1940 1188; baseline 0.004 -18"><span class='ocrx_word' id='word_1_64' title='bbox 230 1131 332 1181; x_wconf 87' lang='lat' dir='ltr'>bed,</span> <span class='ocrx_word' id='word_1_65' title='bbox 366 1143 431 1183; x_wconf 90' lang='lat' dir='ltr'>pr.</span> <span class='ocrx_word' id='word_1_66' title='bbox 457 1133 482 1171; x_wconf 89' lang='lat' dir='ltr'>S</span> <span class='ocrx_word' id='word_1_67' title='bbox 505 1134 547 1171; x_wconf 87' lang='lat' dir='ltr'>et</span> <span class='ocrx_word' id='word_1_68' title='bbox 570 1132 758 1171; x_wconf 88' lang='lat' dir='ltr'>Pottierii</span> <span class='ocrx_word' id='word_1_69' title='bbox 789 1130 1013 1183; x_wconf 79' lang='lat' dir='ltr'>plerique,</span> <span class='ocrx_word' id='word_1_70' title='bbox 1040 1132 1145 1170; x_wconf 88' lang='lat' dir='ltr'>item</span> <span class='ocrx_word' id='word_1_71' title='bbox 1170 1132 1336 1171; x_wconf 84' lang='lat' dir='ltr'>LCtFO.</span> <span class='ocrx_word' id='word_1_72' title='bbox 1372 1132 1518 1184; x_wconf 65' lang='lat' dir='ltr'>(Nepet</span> <span class='ocrx_word' id='word_1_73' title='bbox 1546 1135 1599 1183; x_wconf 82' lang='lat' dir='ltr'>E,</span> <span class='ocrx_word' id='word_1_74' title='bbox 1633 1146 1747 1176; x_wconf 83' lang='lat' dir='ltr'>corr.</span> <span class='ocrx_word' id='word_1_75' title='bbox 1772 1136 1820 1185; x_wconf 91' lang='lat' dir='ltr'>S,</span> <span class='ocrx_word' id='word_1_76' title='bbox 1854 1135 1940 1188; x_wconf 82' lang='grc' dir='ltr'>βζκ</span> 
     </span>
     <span class='ocr_line' id='line_1_12' title="bbox 229 1192 1337 1245; baseline -0.001 -12"><span class='ocrx_word' id='word_1_77' title='bbox 229 1197 270 1234; x_wconf 81' lang='lat' dir='ltr'>ct</span> <span class='ocrx_word' id='word_1_78' title='bbox 307 1197 516 1245; x_wconf 85' lang='lat' dir='ltr'>quattuor</span> <span class='ocrx_word' id='word_1_79' title='bbox 547 1195 759 1242; x_wconf 80' lang='lat' dir='ltr'>Pottierii,</span> <span class='ocrx_word' id='word_1_80' title='bbox 805 1195 907 1233; x_wconf 88' lang='lat' dir='ltr'>item</span> <span class='ocrx_word' id='word_1_81' title='bbox 940 1192 1161 1233; x_wconf 87' lang='lat' dir='ltr'>Bentleius</span> <span class='ocrx_word' id='word_1_82' title='bbox 1193 1197 1235 1234; x_wconf 88' lang='lat' dir='ltr'>et</span> <span class='ocrx_word' id='word_1_83' title='bbox 1266 1195 1337 1244; x_wconf 76' lang='lat' dir='ltr'>M.)</span> 
     </span>
    </p>
   </div>
   <div class='ocr_carea' id='block_1_7' title="bbox 171 1351 1995 1481">
    <p class='ocr_par' dir='ltr' id='par_1_8' title="bbox 171 1351 1995 1481">
     <span class='ocr_line' id='line_1_13' title="bbox 173 1351 1995 1420; baseline 0.003 -29"><span class='ocrx_word' id='word_1_84' title='bbox 173 1353 299 1392; x_wconf 88' lang='lat' dir='ltr'>diana</span> <span class='ocrx_word' id='word_1_85' title='bbox 330 1362 604 1404; x_wconf 84' lang='lat' dir='ltr'>praeconum</span> <span class='ocrx_word' id='word_1_86' title='bbox 634 1352 809 1401; x_wconf 86' lang='lat' dir='ltr'>negotia</span> <span class='ocrx_word' id='word_1_87' title='bbox 839 1351 906 1391; x_wconf 89' lang='lat' dir='ltr'>his</span> <span class='ocrx_word' id='word_1_88' title='bbox 931 1361 1050 1391; x_wconf 87' lang='lat' dir='ltr'>com-</span> <span class='ocrx_word' id='word_1_89' title='bbox 1079 1360 1083 1420; x_wconf 59' lang='grc' dir='ltr'><strong>ί</strong></span> <span class='ocrx_word' id='word_1_90' title='bbox 1114 1351 1264 1392; x_wconf 86' lang='lat' dir='ltr'>Menas</span> <span class='ocrx_word' id='word_1_91' title='bbox 1287 1352 1600 1394; x_wconf 78' lang='lat' dir='ltr'>candidissime</span> <span class='ocrx_word' id='word_1_92' title='bbox 1631 1354 1685 1394; x_wconf 89' lang='lat' dir='ltr'>de</span> <span class='ocrx_word' id='word_1_93' title='bbox 1706 1356 1793 1394; x_wconf 89' lang='lat' dir='ltr'>vita</span> <span class='ocrx_word' id='word_1_94' title='bbox 1815 1366 1893 1396; x_wconf 91' lang='lat' dir='ltr'>sua</span> <span class='ocrx_word' id='word_1_95' title='bbox 1917 1368 1995 1396; x_wconf 86' lang='lat' dir='ltr'>ex-</span> 
     </span>
     <span class='ocr_line' id='line_1_14' title="bbox 171 1413 1994 1481; baseline 0.003 -27"><span class='ocrx_word' id='word_1_96' title='bbox 171 1414 375 1466; x_wconf 87' lang='lat' dir='ltr'>plectitur</span> <span class='ocrx_word' id='word_1_97' title='bbox 404 1415 483 1454; x_wconf 94' lang='lat' dir='ltr'>Dio</span> <span class='ocrx_word' id='word_1_98' title='bbox 516 1414 744 1464; x_wconf 78' lang='lat' dir='ltr'>Chrysost.</span> <span class='ocrx_word' id='word_1_99' title='bbox 778 1414 893 1453; x_wconf 82' lang='lat' dir='ltr'>Orat.</span> <span class='ocrx_word' id='word_1_100' title='bbox 927 1413 965 1452; x_wconf 82' lang='lat'>7.</span> <span class='ocrx_word' id='word_1_101' title='bbox 1002 1424 1044 1465; x_wconf 92' lang='lat' dir='ltr'>p.</span> <span class='ocrx_word' id='word_1_102' title='bbox 1079 1435 1082 1481; x_wconf 57' lang='lat'>3</span> <span class='ocrx_word' id='word_1_103' title='bbox 1113 1417 1344 1465; x_wconf 88' lang='lat' dir='ltr'>posuerat,</span> <span class='ocrx_word' id='word_1_104' title='bbox 1378 1415 1603 1468; x_wconf 87' lang='lat' dir='ltr'>Philippus</span> <span class='ocrx_word' id='word_1_105' title='bbox 1634 1417 1690 1457; x_wconf 91' lang='lat' dir='ltr'>ob</span> <span class='ocrx_word' id='word_1_106' title='bbox 1717 1418 1859 1469; x_wconf 81' lang='lat' dir='ltr'>ipsam</span> <span class='ocrx_word' id='word_1_107' title='bbox 1880 1420 1994 1459; x_wconf 90' lang='lat' dir='ltr'>hanc</span> 
     </span>
    </p>
   </div>
   <div class='ocr_carea' id='block_1_8' title="bbox 170 1469 1080 1533">
    <p class='ocr_par' dir='ltr' id='par_1_9' title="bbox 170 1469 1080 1533">
     <span class='ocr_line' id='line_1_15' title="bbox 170 1469 1080 1533; baseline 0 -17"><span class='ocrx_word' id='word_1_108' title='bbox 170 1477 262 1518; x_wconf 72' lang='lat'>264.</span> <span class='ocrx_word' id='word_1_109' title='bbox 289 1479 334 1517; x_wconf 88' lang='lat' dir='ltr'>R.</span> <span class='ocrx_word' id='word_1_110' title='bbox 354 1489 361 1515; x_wconf 93' lang='lat'>:</span> <span class='ocrx_word' id='word_1_111' title='bbox 395 1472 505 1517; x_wconf 74' lang='grc' dir='ltr'>οὐδὲ</span> <span class='ocrx_word' id='word_1_112' title='bbox 525 1473 740 1533; x_wconf 76' lang='grc' dir='ltr'><em>κήρυκας</em></span> <span class='ocrx_word' id='word_1_113' title='bbox 761 1469 914 1516; x_wconf 74' lang='grc' dir='ltr'><em>ὠνίων</em></span> <span class='ocrx_word' id='word_1_114' title='bbox 937 1470 1047 1516; x_wconf 71' lang='grc' dir='ltr'>οῦδὲ</span> <span class='ocrx_word' id='word_1_115' title='bbox 1078 1488 1080 1492; x_wconf 92' lang='grc'><em>·</em></span> 
     </span>
    </p>
   </div>
   <div class='ocr_carea' id='block_1_9' title="bbox 1114 1478 1995 1534">
    <p class='ocr_par' dir='ltr' id='par_1_10' title="bbox 1114 1478 1995 1534">
     <span class='ocr_line' id='line_1_16' title="bbox 1114 1478 1995 1534; baseline 0.006 -17"><span class='ocrx_word' id='word_1_116' title='bbox 1114 1478 1415 1519; x_wconf 79' lang='lat' dir='ltr'>sinceritatem</span> <span class='ocrx_word' id='word_1_117' title='bbox 1459 1483 1503 1519; x_wconf 89' lang='lat' dir='ltr'>et</span> <span class='ocrx_word' id='word_1_118' title='bbox 1553 1481 1653 1531; x_wconf 92' lang='lat' dir='ltr'>quia</span> <span class='ocrx_word' id='word_1_119' title='bbox 1695 1482 1995 1534; x_wconf 76' lang='lat' dir='ltr'>perspiciebat</span> 
     </span>
    </p>
   </div>
   <div class='ocr_carea' id='block_1_10' title="bbox 168 1535 1996 1659">
    <p class='ocr_par' dir='ltr' id='par_1_11' title="bbox 168 1535 1996 1659">
     <span class='ocr_line' id='line_1_17' title="bbox 168 1535 1996 1610; baseline 0.003 -31"><span class='ocrx_word' id='word_1_120' title='bbox 168 1538 357 1580; x_wconf 77' lang='grc' dir='ltr'><em>κλοπῶν</em></span> <span class='ocrx_word' id='word_1_121' title='bbox 387 1535 420 1593; x_wconf 79' lang='grc' dir='ltr'><em>ἢ</em></span> <span class='ocrx_word' id='word_1_122' title='bbox 443 1537 670 1597; x_wconf 75' lang='grc' dir='ltr'><em>δρασμῶν</em></span> <span class='ocrx_word' id='word_1_123' title='bbox 690 1535 909 1596; x_wconf 75' lang='grc' dir='ltr'><em>μήνυτρα</em></span> <span class='ocrx_word' id='word_1_124' title='bbox 930 1551 1048 1595; x_wconf 77' lang='grc' dir='ltr'><em>προ-</em></span> <span class='ocrx_word' id='word_1_125' title='bbox 1077 1566 1080 1610; x_wconf 54' lang='grc' dir='ltr'>Ι</span> <span class='ocrx_word' id='word_1_126' title='bbox 1113 1551 1264 1580; x_wconf 84' lang='lat' dir='ltr'>coram</span> <span class='ocrx_word' id='word_1_127' title='bbox 1296 1552 1343 1581; x_wconf 92' lang='lat' dir='ltr'>se</span> <span class='ocrx_word' id='word_1_128' title='bbox 1374 1543 1541 1582; x_wconf 72' lang='lat' dir='ltr'>versari</span> <span class='ocrx_word' id='word_1_129' title='bbox 1572 1543 1801 1584; x_wconf 90' lang='lat' dir='ltr'>hominem</span> <span class='ocrx_word' id='word_1_130' title='bbox 1831 1543 1996 1596; x_wconf 88' lang='lat' dir='ltr'>simpli-</span> 
     </span>
     <span class='ocr_line' id='line_1_18' title="bbox 168 1597 1994 1659; baseline 0.002 -16"><span class='ocrx_word' id='word_1_131' title='bbox 168 1603 407 1654; x_wconf 79' lang='grc' dir='ltr'><em>τιθέντας,</em></span> <span class='ocrx_word' id='word_1_132' title='bbox 448 1603 498 1644; x_wconf 82' lang='grc' dir='ltr'>ἐν</span> <span class='ocrx_word' id='word_1_133' title='bbox 539 1597 672 1653; x_wconf 80' lang='grc' dir='ltr'><em>ὁδοῖς</em></span> <span class='ocrx_word' id='word_1_134' title='bbox 702 1602 782 1642; x_wconf 82' lang='grc' dir='ltr'>καὶ</span> <span class='ocrx_word' id='word_1_135' title='bbox 812 1601 862 1642; x_wconf 80' lang='grc' dir='ltr'>ἐν</span> <span class='ocrx_word' id='word_1_136' title='bbox 893 1597 1046 1659; x_wconf 78' lang='grc' dir='ltr'><em>ἀγορᾷ</em></span> <span class='ocrx_word' id='word_1_137' title='bbox 1076 1613 1080 1650; x_wconf 69' lang='lat'>2</span> <span class='ocrx_word' id='word_1_138' title='bbox 1112 1613 1212 1642; x_wconf 85' lang='lat' dir='ltr'>cem</span> <span class='ocrx_word' id='word_1_139' title='bbox 1252 1614 1304 1643; x_wconf 84' lang='lat' dir='ltr'>ac</span> <span class='ocrx_word' id='word_1_140' title='bbox 1341 1603 1558 1655; x_wconf 90' lang='lat' dir='ltr'>probum,</span> <span class='ocrx_word' id='word_1_141' title='bbox 1606 1606 1787 1646; x_wconf 90' lang='lat' dir='ltr'>minime</span> <span class='ocrx_word' id='word_1_142' title='bbox 1818 1607 1994 1646; x_wconf 88' lang='lat' dir='ltr'>mendi—</span> 
     </span>
    </p>
   </div>
   <div class='ocr_carea' id='block_1_11' title="bbox 162 1661 1045 1907">
    <p class='ocr_par' dir='ltr' id='par_1_12' title="bbox 162 1661 1045 1907">
     <span class='ocr_line' id='line_1_19' title="bbox 166 1661 1045 1720; baseline 0.001 -15"><span class='ocrx_word' id='word_1_143' title='bbox 166 1666 531 1720; x_wconf 72' lang='grc' dir='ltr'><em>φθεγγομένους</em></span> <span class='ocrx_word' id='word_1_144' title='bbox 559 1661 680 1718; x_wconf 80' lang='grc' dir='ltr'><em>μετὰ</em></span> <span class='ocrx_word' id='word_1_145' title='bbox 712 1662 893 1717; x_wconf 71' lang='grc' dir='ltr'><em>πολλῆς</em></span> <span class='ocrx_word' id='word_1_146' title='bbox 913 1663 1045 1706; x_wconf 75' lang='grc' dir='ltr'><em>ἑλεν-</em></span> 
     </span>
     <span class='ocr_line' id='line_1_20' title="bbox 166 1727 1041 1787; baseline -0.001 -18"><span class='ocrx_word' id='word_1_147' title='bbox 166 1728 328 1787; x_wconf 77' lang='grc' dir='ltr'><em>θερίας</em></span> <span class='ocrx_word' id='word_1_148' title='bbox 349 1727 447 1768; x_wconf 79' lang='grc' dir='ltr'><strong><em>κτλ.</em></strong></span> <span class='ocrx_word' id='word_1_149' title='bbox 476 1752 520 1757; x_wconf 85' lang='lat'><em>-</em></span> <span class='ocrx_word' id='word_1_150' title='bbox 543 1728 717 1780; x_wconf 84' lang='lat' dir='ltr'>cessare]</span> <span class='ocrx_word' id='word_1_151' title='bbox 751 1728 943 1767; x_wconf 71' lang='lat' dir='ltr'>«otiari»</span> <span class='ocrx_word' id='word_1_152' title='bbox 977 1728 1041 1768; x_wconf 88' lang='lat' dir='ltr'>Cf.</span> 
     </span>
     <span class='ocr_line' id='line_1_21' title="bbox 165 1791 1044 1844; baseline -0.003 -12"><span class='ocrx_word' id='word_1_153' title='bbox 165 1793 272 1844; x_wconf 87' lang='lat' dir='ltr'>Epp.</span> <span class='ocrx_word' id='word_1_154' title='bbox 310 1793 354 1840; x_wconf 83' lang='grc'>4,</span> <span class='ocrx_word' id='word_1_155' title='bbox 389 1792 461 1838; x_wconf 92' lang='grc'>40,</span> <span class='ocrx_word' id='word_1_156' title='bbox 496 1791 562 1831; x_wconf 88' lang='grc'>46.</span> <span class='ocrx_word' id='word_1_157' title='bbox 597 1792 642 1839; x_wconf 59' lang='grc'>(2,</span> <span class='ocrx_word' id='word_1_158' title='bbox 668 1792 715 1839; x_wconf 75' lang='grc'>2,</span> <span class='ocrx_word' id='word_1_159' title='bbox 742 1791 834 1830; x_wconf 89' lang='grc'>483.</span> <span class='ocrx_word' id='word_1_160' title='bbox 864 1814 907 1818; x_wconf 86' lang='grc'>--</span> <span class='ocrx_word' id='word_1_161' title='bbox 935 1802 1044 1840; x_wconf 80' lang='lat' dir='ltr'>par—</span> 
     </span>
     <span class='ocr_line' id='line_1_22' title="bbox 162 1853 1042 1907; baseline -0.001 -15"><span class='ocrx_word' id='word_1_162' title='bbox 162 1855 236 1907; x_wconf 81' lang='lat' dir='ltr'>vis]</span> <span class='ocrx_word' id='word_1_163' title='bbox 289 1855 434 1894; x_wconf 85' lang='lat' dir='ltr'>«tenui</span> <span class='ocrx_word' id='word_1_164' title='bbox 484 1864 643 1902; x_wconf 88' lang='lat' dir='ltr'>censu,</span> <span class='ocrx_word' id='word_1_165' title='bbox 694 1854 742 1892; x_wconf 94' lang='lat' dir='ltr'>ut</span> <span class='ocrx_word' id='word_1_166' title='bbox 790 1853 884 1904; x_wconf 90' lang='lat' dir='ltr'>ipse</span> <span class='ocrx_word' id='word_1_167' title='bbox 935 1854 1042 1893; x_wconf 91' lang='lat' dir='ltr'>sit.»</span> 
     </span>
    </p>
   </div>
   <div class='ocr_carea' id='block_1_12' title="bbox 168 1910 1076 1970">
    <p class='ocr_par' dir='ltr' id='par_1_13' title="bbox 168 1910 1076 1970">
     <span class='ocr_line' id='line_1_23' title="bbox 168 1910 1076 1970; baseline 0 -15"><span class='ocrx_word' id='word_1_168' title='bbox 168 1910 351 1970; x_wconf 81' lang='grc' dir='ltr'><em>Όμοιον</em></span> <span class='ocrx_word' id='word_1_169' title='bbox 382 1912 537 1970; x_wconf 78' lang='grc' dir='ltr'><em>ὁμοίῳ</em></span> <span class='ocrx_word' id='word_1_170' title='bbox 559 1911 633 1955; x_wconf 76' lang='grc' dir='ltr'>ἀεὶ</span> <span class='ocrx_word' id='word_1_171' title='bbox 657 1912 858 1966; x_wconf 73' lang='grc' dir='ltr'>πελάζει.</span> <span class='ocrx_word' id='word_1_172' title='bbox 887 1938 931 1943; x_wconf 90' lang='grc'><strong>-</strong></span> <span class='ocrx_word' id='word_1_173' title='bbox 955 1917 1046 1956; x_wconf 80' lang='lat' dir='ltr'>lare</span> <span class='ocrx_word' id='word_1_174' title='bbox 1074 1944 1076 1955; x_wconf 91' lang='lat'>.</span> 
     </span>
    </p>
   </div>
   <div class='ocr_carea' id='block_1_13' title="bbox 161 1978 1046 2093">
    <p class='ocr_par' dir='ltr' id='par_1_14' title="bbox 161 1978 1046 2093">
     <span class='ocr_line' id='line_1_24' title="bbox 161 1978 1046 2031; baseline 0 -13"><span class='ocrx_word' id='word_1_175' title='bbox 161 1979 287 2031; x_wconf 83' lang='lat' dir='ltr'>certo]</span> <span class='ocrx_word' id='word_1_176' title='bbox 320 1980 427 2020; x_wconf 84' lang='lat' dir='ltr'>«sed</span> <span class='ocrx_word' id='word_1_177' title='bbox 458 1982 607 2019; x_wconf 88' lang='lat' dir='ltr'>tamen</span> <span class='ocrx_word' id='word_1_178' title='bbox 639 1980 873 2029; x_wconf 87' lang='lat' dir='ltr'>coniugem</span> <span class='ocrx_word' id='word_1_179' title='bbox 904 1980 947 2018; x_wconf 91' lang='lat' dir='ltr'>et</span> <span class='ocrx_word' id='word_1_180' title='bbox 968 1978 1046 2019; x_wconf 91' lang='lat' dir='ltr'>do-</span> 
     </span>
     <span class='ocr_line' id='line_1_25' title="bbox 163 2040 1043 2093; baseline 0 -13"><span class='ocrx_word' id='word_1_181' title='bbox 163 2051 287 2081; x_wconf 89' lang='lat' dir='ltr'>mum</span> <span class='ocrx_word' id='word_1_182' title='bbox 317 2041 385 2081; x_wconf 71' lang='lat' dir='ltr'>vel</span> <span class='ocrx_word' id='word_1_183' title='bbox 415 2042 640 2093; x_wconf 89' lang='lat' dir='ltr'>propriam</span> <span class='ocrx_word' id='word_1_184' title='bbox 671 2040 741 2080; x_wconf 80' lang='lat' dir='ltr'>vel</span> <span class='ocrx_word' id='word_1_185' title='bbox 776 2040 1043 2081; x_wconf 90' lang='lat' dir='ltr'>conductam</span> 
     </span>
    </p>
   </div>
   <div class='ocr_carea' id='block_1_14' title="bbox 163 2102 1075 2152">
    <p class='ocr_par' dir='ltr' id='par_1_15' title="bbox 163 2102 1075 2152">
     <span class='ocr_line' id='line_1_26' title="bbox 163 2102 1075 2152; baseline -0.002 -10"><span class='ocrx_word' id='word_1_186' title='bbox 163 2102 351 2152; x_wconf 88' lang='lat' dir='ltr'>habere,</span> <span class='ocrx_word' id='word_1_187' title='bbox 379 2115 464 2142; x_wconf 91' lang='lat' dir='ltr'>non</span> <span class='ocrx_word' id='word_1_188' title='bbox 486 2104 529 2142; x_wconf 91' lang='lat' dir='ltr'>in</span> <span class='ocrx_word' id='word_1_189' title='bbox 550 2102 792 2143; x_wconf 89' lang='lat' dir='ltr'>coenaculo</span> <span class='ocrx_word' id='word_1_190' title='bbox 815 2103 1044 2142; x_wconf 77' lang='lat' dir='ltr'>dumtaxat</span> <span class='ocrx_word' id='word_1_191' title='bbox 1072 2122 1075 2138; x_wconf 75' lang='grc' dir='ltr'><strong><em>ι</em></strong></span> 
     </span>
    </p>
   </div>
   <div class='ocr_carea' id='block_1_15' title="bbox 161 2164 1044 2341">
    <p class='ocr_par' dir='ltr' id='par_1_16' title="bbox 161 2164 1044 2341">
     <span class='ocr_line' id='line_1_27' title="bbox 163 2164 1044 2205; baseline 0.001 -1"><span class='ocrx_word' id='word_1_192' title='bbox 163 2164 405 2204; x_wconf 86' lang='lat' dir='ltr'>habitare.»</span> <span class='ocrx_word' id='word_1_193' title='bbox 457 2164 638 2205; x_wconf 87' lang='lat' dir='ltr'>Bentleii</span> <span class='ocrx_word' id='word_1_194' title='bbox 669 2166 924 2204; x_wconf 90' lang='lat' dir='ltr'>coniectura</span> <span class='ocrx_word' id='word_1_195' title='bbox 954 2166 1044 2205; x_wconf 81' lang='lat' dir='ltr'>lare</span> 
     </span>
     <span class='ocr_line' id='line_1_28' title="bbox 161 2227 1042 2278; baseline 0.002 -13"><span class='ocrx_word' id='word_1_196' title='bbox 161 2231 279 2266; x_wconf 81' lang='lat' dir='ltr'>curlo</span> <span class='ocrx_word' id='word_1_197' title='bbox 310 2238 432 2266; x_wconf 88' lang='lat' dir='ltr'>mera</span> <span class='ocrx_word' id='word_1_198' title='bbox 466 2229 586 2266; x_wconf 89' lang='lat' dir='ltr'>esset</span> <span class='ocrx_word' id='word_1_199' title='bbox 610 2227 813 2278; x_wconf 89' lang='lat' dir='ltr'>repetitio</span> <span class='ocrx_word' id='word_1_200' title='bbox 834 2238 908 2267; x_wconf 80' lang='lat' dir='ltr'>vv,</span> <span class='ocrx_word' id='word_1_201' title='bbox 931 2229 1042 2267; x_wconf 81' lang='lat' dir='ltr'>tenui</span> 
     </span>
     <span class='ocr_line' id='line_1_29' title="bbox 161 2287 1036 2341; baseline 0 -12"><span class='ocrx_word' id='word_1_202' title='bbox 161 2300 296 2329; x_wconf 84' lang='lat' dir='ltr'>censu.</span> <span class='ocrx_word' id='word_1_203' title='bbox 333 2313 376 2317; x_wconf 89' lang='lat'><strong>—</strong></span> <span class='ocrx_word' id='word_1_204' title='bbox 410 2289 530 2338; x_wconf 78' lang='lat' dir='ltr'>ludis]</span> <span class='ocrx_word' id='word_1_205' title='bbox 571 2287 882 2338; x_wconf 84' lang='lat' dir='ltr'>theatralibus,</span> <span class='ocrx_word' id='word_1_206' title='bbox 917 2293 1036 2341; x_wconf 86' lang='lat' dir='ltr'>puta,</span> 
     </span>
    </p>
   </div>
   <div class='ocr_carea' id='block_1_16' title="bbox 162 2351 1072 2403">
    <p class='ocr_par' dir='ltr' id='par_1_17' title="bbox 162 2351 1072 2403">
     <span class='ocr_line' id='line_1_30' title="bbox 162 2351 1072 2403; baseline 0.001 -12"><span class='ocrx_word' id='word_1_207' title='bbox 162 2354 205 2391; x_wconf 88' lang='lat' dir='ltr'>et</span> <span class='ocrx_word' id='word_1_208' title='bbox 235 2351 524 2392; x_wconf 87' lang='lat' dir='ltr'>circensibus.</span> <span class='ocrx_word' id='word_1_209' title='bbox 556 2372 598 2379; x_wconf 90' lang='lat'><em>—</em></span> <span class='ocrx_word' id='word_1_210' title='bbox 627 2355 723 2400; x_wconf 83' lang='lat' dir='ltr'>post</span> <span class='ocrx_word' id='word_1_211' title='bbox 751 2352 886 2391; x_wconf 83' lang='lat' dir='ltr'>decisa</span> <span class='ocrx_word' id='word_1_212' title='bbox 913 2363 1041 2403; x_wconf 60' lang='lat' dir='ltr'>‘neqo-</span> <span class='ocrx_word' id='word_1_213' title='bbox 1070 2389 1072 2398; x_wconf 92' lang='grc'>,</span> 
     </span>
    </p>
   </div>
   <div class='ocr_carea' id='block_1_17' title="bbox 160 2416 1040 2529">
    <p class='ocr_par' dir='ltr' id='par_1_18' title="bbox 160 2416 1040 2529">
     <span class='ocr_line' id='line_1_31' title="bbox 160 2416 217 2454; baseline -0.018 0"><span class='ocrx_word' id='word_1_214' title='bbox 160 2416 217 2454; x_wconf 78' lang='lat' dir='ltr'>tia</span> 
     </span>
     <span class='ocr_line' id='line_1_32' title="bbox 161 2416 1040 2529; baseline 0 -13"><span class='ocrx_word' id='word_1_215' title='bbox 161 2416 293 2517; x_wconf 64' lang='lat' dir='ltr'>etiiam</span> <span class='ocrx_word' id='word_1_216' title='bbox 337 2488 632 2529; x_wconf 87' lang='lat' dir='ltr'>praeconum,</span> <span class='ocrx_word' id='word_1_217' title='bbox 680 2477 722 2516; x_wconf 93' lang='lat' dir='ltr'>id</span> <span class='ocrx_word' id='word_1_218' title='bbox 768 2479 835 2517; x_wconf 90' lang='lat' dir='ltr'>est</span> <span class='ocrx_word' id='word_1_219' title='bbox 865 2477 1040 2517; x_wconf 88' lang='lat' dir='ltr'>circiter</span> 
     </span>
    </p>
   </div>
   <div class='ocr_carea' id='block_1_18' title="bbox 1071 1656 1079 2371">
    <p class='ocr_par' dir='ltr' id='par_1_19' title="bbox 1071 1656 1079 2371">
     <span class='ocr_line' id='line_1_33' title="bbox 1071 1656 1079 2371; baseline 0 0"><span class='ocrx_word' id='word_1_220' title='bbox 1071 1656 1079 2371; x_wconf 95' lang='lat' dir='ltr'> </span> 
     </span>
    </p>
   </div>
   <div class='ocr_carea' id='block_1_19' title="bbox 286 2411 1985 2531">
    <p class='ocr_par' dir='ltr' id='par_1_20' title="bbox 286 2411 1985 2531">
     <span class='ocr_line' id='line_1_34' title="bbox 286 2411 1072 2467; baseline 0.001 -14"><span class='ocrx_word' id='word_1_221' title='bbox 286 2425 414 2454; x_wconf 83' lang='lat' dir='ltr'>«cum</span> <span class='ocrx_word' id='word_1_222' title='bbox 462 2416 682 2454; x_wconf 88' lang='lat' dir='ltr'>transacta</span> <span class='ocrx_word' id='word_1_223' title='bbox 732 2415 819 2454; x_wconf 88' lang='lat' dir='ltr'>sint</span> <span class='ocrx_word' id='word_1_224' title='bbox 867 2416 1040 2465; x_wconf 86' lang='lat' dir='ltr'>negotia</span> <span class='ocrx_word' id='word_1_225' title='bbox 1070 2411 1072 2467; x_wconf 76' lang='lat' dir='ltr'>J</span> 
     </span>
     <span class='ocr_line' id='line_1_35' title="bbox 1070 2476 1985 2531; baseline 0.002 -14"><span class='ocrx_word' id='word_1_226' title='bbox 1070 2476 1072 2485; x_wconf 84' lang='lat'><em>&#39;</em></span> <span class='ocrx_word' id='word_1_227' title='bbox 1105 2477 1229 2517; x_wconf 89' lang='lat' dir='ltr'>Idem</span> <span class='ocrx_word' id='word_1_228' title='bbox 1260 2478 1378 2518; x_wconf 91' lang='lat' dir='ltr'>enim</span> <span class='ocrx_word' id='word_1_229' title='bbox 1410 2480 1478 2518; x_wconf 88' lang='lat' dir='ltr'>est</span> <span class='ocrx_word' id='word_1_230' title='bbox 1498 2479 1651 2518; x_wconf 85' lang='lat' dir='ltr'>Menae</span> <span class='ocrx_word' id='word_1_231' title='bbox 1673 2489 1832 2519; x_wconf 89' lang='lat' dir='ltr'>sensus</span> <span class='ocrx_word' id='word_1_232' title='bbox 1853 2481 1985 2531; x_wconf 83' lang='lat' dir='ltr'>atque</span> 
     </span>
    </p>
   </div>
   <div class='ocr_carea' id='block_1_20' title="bbox 1112 1666 1992 1721">
    <p class='ocr_par' dir='ltr' id='par_1_21' title="bbox 1112 1666 1992 1721">
     <span class='ocr_line' id='line_1_36' title="bbox 1112 1666 1992 1721; baseline 0.007 -16"><span class='ocrx_word' id='word_1_233' title='bbox 1112 1677 1239 1714; x_wconf 90' lang='lat' dir='ltr'>cum,</span> <span class='ocrx_word' id='word_1_234' title='bbox 1284 1666 1362 1706; x_wconf 90' lang='lat' dir='ltr'>sed</span> <span class='ocrx_word' id='word_1_235' title='bbox 1403 1670 1584 1719; x_wconf 90' lang='lat' dir='ltr'>propter</span> <span class='ocrx_word' id='word_1_236' title='bbox 1614 1679 1762 1708; x_wconf 89' lang='lat' dir='ltr'>mores</span> <span class='ocrx_word' id='word_1_237' title='bbox 1792 1668 1992 1721; x_wconf 87' lang='lat' dir='ltr'>plebeios</span> 
     </span>
    </p>
   </div>
   <div class='ocr_carea' id='block_1_21' title="bbox 1076 1728 1994 1784">
    <p class='ocr_par' dir='ltr' id='par_1_22' title="bbox 1076 1728 1994 1784">
     <span class='ocr_line' id='line_1_37' title="bbox 1076 1728 1994 1784; baseline 0.004 -15"><span class='ocrx_word' id='word_1_238' title='bbox 1076 1743 1077 1753; x_wconf 58' lang='lat'>¹</span> <span class='ocrx_word' id='word_1_239' title='bbox 1110 1728 1237 1769; x_wconf 89' lang='lat' dir='ltr'>simul</span> <span class='ocrx_word' id='word_1_240' title='bbox 1269 1728 1434 1780; x_wconf 80' lang='lat' dir='ltr'>largam</span> <span class='ocrx_word' id='word_1_241' title='bbox 1467 1731 1573 1770; x_wconf 86' lang='lat' dir='ltr'>iocis</span> <span class='ocrx_word' id='word_1_242' title='bbox 1605 1732 1836 1771; x_wconf 88' lang='lat' dir='ltr'>materiam</span> <span class='ocrx_word' id='word_1_243' title='bbox 1865 1744 1994 1784; x_wconf 89' lang='lat' dir='ltr'>prae-</span> 
     </span>
    </p>
   </div>
   <div class='ocr_carea' id='block_1_22' title="bbox 1106 1790 1992 2458">
    <p class='ocr_par' dir='ltr' id='par_1_23' title="bbox 1106 1790 1992 2458">
     <span class='ocr_line' id='line_1_38' title="bbox 1109 1790 1990 1838; baseline 0.006 -8"><span class='ocrx_word' id='word_1_244' title='bbox 1109 1790 1328 1838; x_wconf 78' lang='lat' dir='ltr'>biturum,</span> <span class='ocrx_word' id='word_1_245' title='bbox 1377 1792 1625 1832; x_wconf 86' lang='lat' dir='ltr'>accuratius</span> <span class='ocrx_word' id='word_1_246' title='bbox 1670 1805 1773 1833; x_wconf 90' lang='lat' dir='ltr'>eum</span> <span class='ocrx_word' id='word_1_247' title='bbox 1803 1806 1990 1836; x_wconf 89' lang='lat' dir='ltr'>noscere</span> 
     </span>
     <span class='ocr_line' id='line_1_39' title="bbox 1109 1855 1991 1908; baseline 0.005 -15"><span class='ocrx_word' id='word_1_248' title='bbox 1109 1856 1225 1893; x_wconf 85' lang='lat' dir='ltr'>avet.</span> <span class='ocrx_word' id='word_1_249' title='bbox 1257 1855 1413 1894; x_wconf 70' lang='lat' dir='ltr'>Scitam*</span> <span class='ocrx_word' id='word_1_250' title='bbox 1434 1857 1583 1895; x_wconf 88' lang='lat' dir='ltr'>autem</span> <span class='ocrx_word' id='word_1_251' title='bbox 1600 1855 1764 1896; x_wconf 89' lang='lat' dir='ltr'>saeculi</span> <span class='ocrx_word' id='word_1_252' title='bbox 1779 1859 1991 1908; x_wconf 83' lang='lat' dir='ltr'>Augustei</span> 
     </span>
     <span class='ocr_line' id='line_1_40' title="bbox 1108 1916 1988 1968; baseline 0.005 -13"><span class='ocrx_word' id='word_1_253' title='bbox 1108 1916 1298 1957; x_wconf 82' lang='lat' dir='ltr'>verbum</span> <span class='ocrx_word' id='word_1_254' title='bbox 1321 1919 1388 1957; x_wconf 91' lang='lat' dir='ltr'>est</span> <span class='ocrx_word' id='word_1_255' title='bbox 1407 1918 1648 1968; x_wconf 80' lang='lat' dir='ltr'>poeticum.</span> <span class='ocrx_word' id='word_1_256' title='bbox 1687 1920 1733 1958; x_wconf 94' lang='lat' dir='ltr'>In</span> <span class='ocrx_word' id='word_1_257' title='bbox 1757 1920 1846 1959; x_wconf 91' lang='lat' dir='ltr'>Cic.</span> <span class='ocrx_word' id='word_1_258' title='bbox 1871 1920 1988 1959; x_wconf 88' lang='lat' dir='ltr'>Orat.</span> 
     </span>
     <span class='ocr_line' id='line_1_41' title="bbox 1110 1979 1992 2030; baseline 0.001 -10"><span class='ocrx_word' id='word_1_259' title='bbox 1110 1980 1182 2027; x_wconf 93' lang='grc'>46,</span> <span class='ocrx_word' id='word_1_260' title='bbox 1217 1980 1283 2019; x_wconf 73' lang='lat'>52.</span> <span class='ocrx_word' id='word_1_261' title='bbox 1318 1979 1419 2019; x_wconf 90' lang='lat' dir='ltr'>inde</span> <span class='ocrx_word' id='word_1_262' title='bbox 1459 1991 1481 2019; x_wconf 91' lang='lat' dir='ltr'>a</span> <span class='ocrx_word' id='word_1_263' title='bbox 1525 1981 1706 2030; x_wconf 77' lang='lat' dir='ltr'>Meyero</span> <span class='ocrx_word' id='word_1_264' title='bbox 1739 1981 1877 2021; x_wconf 91' lang='lat' dir='ltr'>edunt</span> <span class='ocrx_word' id='word_1_265' title='bbox 1915 1983 1992 2021; x_wconf 79' lang='lat' dir='ltr'>sci-</span> 
     </span>
     <span class='ocr_line' id='line_1_42' title="bbox 1106 2043 1986 2094; baseline 0.003 -13"><span class='ocrx_word' id='word_1_266' title='bbox 1106 2043 1252 2082; x_wconf 69' lang='lat' dir='ltr'>scitari</span> <span class='ocrx_word' id='word_1_267' title='bbox 1275 2053 1357 2094; x_wconf 87' lang='lat' dir='ltr'>pro</span> <span class='ocrx_word' id='word_1_268' title='bbox 1385 2043 1542 2082; x_wconf 78' lang='lat' dir='ltr'>scitari.</span> <span class='ocrx_word' id='word_1_269' title='bbox 1585 2043 1651 2083; x_wconf 81' lang='lat' dir='ltr'>Ad</span> <span class='ocrx_word' id='word_1_270' title='bbox 1677 2043 1911 2084; x_wconf 87' lang='lat' dir='ltr'>formulam</span> <span class='ocrx_word' id='word_1_271' title='bbox 1933 2044 1986 2084; x_wconf 84' lang='lat' dir='ltr'>es.</span> 
     </span>
     <span class='ocr_line' id='line_1_43' title="bbox 1109 2104 1986 2155; baseline 0.002 -11"><span class='ocrx_word' id='word_1_272' title='bbox 1109 2104 1187 2144; x_wconf 90' lang='lat' dir='ltr'>Od.</span> <span class='ocrx_word' id='word_1_273' title='bbox 1222 2105 1266 2154; x_wconf 90' lang='lat'>3,</span> <span class='ocrx_word' id='word_1_274' title='bbox 1300 2106 1372 2154; x_wconf 67' lang='lat'>253,</span> <span class='ocrx_word' id='word_1_275' title='bbox 1410 2105 1488 2145; x_wconf 70' lang='lat'>43:</span> <span class='ocrx_word' id='word_1_276' title='bbox 1521 2116 1663 2145; x_wconf 47' lang='lat' dir='ltr'>*nemus</span> <span class='ocrx_word' id='word_1_277' title='bbox 1692 2107 1850 2146; x_wconf 82' lang='lat' dir='ltr'>Mirari</span> <span class='ocrx_word' id='word_1_278' title='bbox 1878 2107 1986 2155; x_wconf 79' lang='lat' dir='ltr'>libet,</span> 
     </span>
     <span class='ocr_line' id='line_1_44' title="bbox 1109 2163 1985 2220; baseline 0.005 -14"><span class='ocrx_word' id='word_1_279' title='bbox 1109 2168 1296 2207; x_wconf 69' lang='lat' dir='ltr'>«iuvat»</span> <span class='ocrx_word' id='word_1_280' title='bbox 1345 2191 1389 2196; x_wconf 82' lang='lat'>—</span> <span class='ocrx_word' id='word_1_281' title='bbox 1435 2169 1529 2207; x_wconf 84' lang='lat' dir='ltr'>Non</span> <span class='ocrx_word' id='word_1_282' title='bbox 1571 2168 1685 2220; x_wconf 81' lang='lat' dir='ltr'>sane]</span> <span class='ocrx_word' id='word_1_283' title='bbox 1736 2163 1793 2209; x_wconf 79' lang='grc' dir='ltr'>οὐ</span> <span class='ocrx_word' id='word_1_284' title='bbox 1839 2165 1985 2218; x_wconf 78' lang='grc' dir='ltr'><em>πάνυ,</em></span> 
     </span>
     <span class='ocr_line' id='line_1_45' title="bbox 1111 2230 1989 2279; baseline 0.003 -11"><span class='ocrx_word' id='word_1_285' title='bbox 1111 2230 1248 2269; x_wconf 75' lang='lat' dir='ltr'>«vix».</span> <span class='ocrx_word' id='word_1_286' title='bbox 1297 2230 1432 2279; x_wconf 80' lang='lat' dir='ltr'>(Nicht</span> <span class='ocrx_word' id='word_1_287' title='bbox 1466 2231 1577 2270; x_wconf 80' lang='lat' dir='ltr'>recht</span> <span class='ocrx_word' id='word_1_288' title='bbox 1612 2235 1728 2270; x_wconf 76' lang='lat' dir='ltr'>traut</span> <span class='ocrx_word' id='word_1_289' title='bbox 1755 2232 1883 2271; x_wconf 81' lang='lat' dir='ltr'>Mena</span> <span class='ocrx_word' id='word_1_290' title='bbox 1912 2232 1989 2271; x_wconf 80' lang='lat' dir='ltr'>den</span> 
     </span>
     <span class='ocr_line' id='line_1_46' title="bbox 1109 2292 1988 2345; baseline 0.003 -15"><span class='ocrx_word' id='word_1_291' title='bbox 1109 2292 1292 2331; x_wconf 80' lang='lat' dir='ltr'>Worten.</span> <span class='ocrx_word' id='word_1_292' title='bbox 1319 2292 1546 2342; x_wconf 75' lang='lat' dir='ltr'>Giinther.)</span> <span class='ocrx_word' id='word_1_293' title='bbox 1574 2315 1618 2321; x_wconf 89' lang='lat'><em>-</em></span> <span class='ocrx_word' id='word_1_294' title='bbox 1641 2294 1811 2343; x_wconf 68' lang='lat' dir='ltr'>Mirari]</span> <span class='ocrx_word' id='word_1_295' title='bbox 1833 2295 1988 2345; x_wconf 89' lang='lat' dir='ltr'>utpote</span> 
     </span>
     <span class='ocr_line' id='line_1_47' title="bbox 1107 2353 1988 2404; baseline 0.005 -13"><span class='ocrx_word' id='word_1_296' title='bbox 1107 2353 1180 2404; x_wconf 87' lang='lat' dir='ltr'>qui</span> <span class='ocrx_word' id='word_1_297' title='bbox 1219 2364 1447 2404; x_wconf 88' lang='lat' dir='ltr'>nunquam</span> <span class='ocrx_word' id='word_1_298' title='bbox 1485 2355 1527 2393; x_wconf 94' lang='lat' dir='ltr'>in</span> <span class='ocrx_word' id='word_1_299' title='bbox 1558 2356 1648 2394; x_wconf 91' lang='lat' dir='ltr'>tam</span> <span class='ocrx_word' id='word_1_300' title='bbox 1679 2354 1875 2394; x_wconf 88' lang='lat' dir='ltr'>nobilem</span> <span class='ocrx_word' id='word_1_301' title='bbox 1906 2355 1988 2396; x_wconf 92' lang='lat' dir='ltr'>do-</span> 
     </span>
     <span class='ocr_line' id='line_1_48' title="bbox 1106 2416 1985 2458; baseline 0.003 -3"><span class='ocrx_word' id='word_1_302' title='bbox 1106 2427 1228 2455; x_wconf 84' lang='lat' dir='ltr'>mum</span> <span class='ocrx_word' id='word_1_303' title='bbox 1279 2416 1334 2455; x_wconf 91' lang='lat' dir='ltr'>ad</span> <span class='ocrx_word' id='word_1_304' title='bbox 1380 2426 1567 2456; x_wconf 82' lang='lat' dir='ltr'>coenam</span> <span class='ocrx_word' id='word_1_305' title='bbox 1617 2419 1800 2456; x_wconf 73' lang='lat' dir='ltr'>vocatus</span> <span class='ocrx_word' id='word_1_306' title='bbox 1850 2420 1985 2458; x_wconf 83' lang='lat' dir='ltr'>esset.</span> 
     </span>
    </p>
   </div>
   <div class='ocr_carea' id='block_1_23' title="bbox 157 2518 1986 3179">
    <p class='ocr_par' dir='ltr' id='par_1_24' title="bbox 157 2518 1986 3179">
     <span class='ocr_line' id='line_1_49' title="bbox 161 2518 1982 2604; baseline 0.002 -26"><span class='ocrx_word' id='word_1_307' title='bbox 161 2540 316 2579; x_wconf 86' lang='lat' dir='ltr'>horam</span> <span class='ocrx_word' id='word_1_308' title='bbox 339 2541 585 2579; x_wconf 85' lang='lat' dir='ltr'>octavam.»</span> <span class='ocrx_word' id='word_1_309' title='bbox 619 2539 704 2579; x_wconf 86' lang='lat' dir='ltr'>Csr.</span> <span class='ocrx_word' id='word_1_310' title='bbox 730 2540 935 2579; x_wconf 74' lang='lat' dir='ltr'>Gronovii</span> <span class='ocrx_word' id='word_1_311' title='bbox 956 2539 1041 2579; x_wconf 92' lang='lat' dir='ltr'>Ob-</span> <span class='ocrx_word' id='word_1_312' title='bbox 1069 2518 1072 2604; x_wconf 49' lang='lat' dir='ltr'>i</span> <span class='ocrx_word' id='word_1_313' title='bbox 1105 2540 1325 2581; x_wconf 85' lang='lat' dir='ltr'>Euclionis</span> <span class='ocrx_word' id='word_1_314' title='bbox 1364 2543 1406 2581; x_wconf 92' lang='lat' dir='ltr'>in</span> <span class='ocrx_word' id='word_1_315' title='bbox 1446 2540 1583 2581; x_wconf 88' lang='lat' dir='ltr'>Plauti</span> <span class='ocrx_word' id='word_1_316' title='bbox 1613 2540 1709 2581; x_wconf 80' lang='lat' dir='ltr'>Aul.</span> <span class='ocrx_word' id='word_1_317' title='bbox 1743 2543 1788 2591; x_wconf 70' lang='grc' dir='ltr'>Ξ,</span> <span class='ocrx_word' id='word_1_318' title='bbox 1822 2543 1868 2591; x_wconf 71' lang='lat'>⁶2,</span> <span class='ocrx_word' id='word_1_319' title='bbox 1901 2542 1982 2582; x_wconf 81' lang='lat'>43:</span> 
     </span>
     <span class='ocr_line' id='line_1_50' title="bbox 159 2602 1985 2665; baseline 0.001 -23"><span class='ocrx_word' id='word_1_320' title='bbox 159 2614 308 2643; x_wconf 82' lang='lat' dir='ltr'>servv.</span> <span class='ocrx_word' id='word_1_321' title='bbox 338 2603 387 2651; x_wconf 69' lang='grc' dir='ltr'>Ξ,</span> <span class='ocrx_word' id='word_1_322' title='bbox 421 2603 460 2642; x_wconf 89' lang='grc'>6.</span> <span class='ocrx_word' id='word_1_323' title='bbox 490 2626 533 2631; x_wconf 87' lang='grc'>--</span> <span class='ocrx_word' id='word_1_324' title='bbox 567 2602 736 2654; x_wconf 85' lang='lat' dir='ltr'>Campo]</span> <span class='ocrx_word' id='word_1_325' title='bbox 767 2603 935 2643; x_wconf 81' lang='lat' dir='ltr'>Martio.</span> <span class='ocrx_word' id='word_1_326' title='bbox 972 2603 1035 2643; x_wconf 85' lang='lat' dir='ltr'>Cf.</span> <span class='ocrx_word' id='word_1_327' title='bbox 1069 2611 1072 2665; x_wconf 60' lang='lat'>3</span> <span class='ocrx_word' id='word_1_328' title='bbox 1102 2605 1228 2654; x_wconf 85' lang='lat' dir='ltr'>Heia,</span> <span class='ocrx_word' id='word_1_329' title='bbox 1259 2605 1512 2656; x_wconf 70' lang='lat' dir='ltr'>Meqadore,</span> <span class='ocrx_word' id='word_1_330' title='bbox 1550 2605 1663 2643; x_wconf 82' lang='lat' dir='ltr'>haud</span> <span class='ocrx_word' id='word_1_331' title='bbox 1692 2605 1885 2644; x_wconf 82' lang='lat' dir='ltr'>decorum</span> <span class='ocrx_word' id='word_1_332' title='bbox 1912 2606 1985 2656; x_wconf 83' lang='lat' dir='ltr'>fa-</span> 
     </span>
     <span class='ocr_line' id='line_1_51' title="bbox 159 2664 1986 2732; baseline 0 -27"><span class='ocrx_word' id='word_1_333' title='bbox 159 2665 236 2705; x_wconf 90' lang='lat' dir='ltr'>Od.</span> <span class='ocrx_word' id='word_1_334' title='bbox 272 2666 317 2712; x_wconf 88' lang='grc'>4,</span> <span class='ocrx_word' id='word_1_335' title='bbox 351 2666 397 2713; x_wconf 90' lang='grc'>8,</span> <span class='ocrx_word' id='word_1_336' title='bbox 433 2664 472 2705; x_wconf 94' lang='grc'>4.</span> <span class='ocrx_word' id='word_1_337' title='bbox 529 2665 616 2704; x_wconf 90' lang='lat' dir='ltr'>Sat.</span> <span class='ocrx_word' id='word_1_338' title='bbox 650 2665 696 2714; x_wconf 60' lang='grc' dir='ltr'>Ξ),</span> <span class='ocrx_word' id='word_1_339' title='bbox 729 2665 778 2714; x_wconf 91' lang='grc'>6,</span> <span class='ocrx_word' id='word_1_340' title='bbox 812 2664 879 2705; x_wconf 91' lang='grc'>49.</span> <span class='ocrx_word' id='word_1_341' title='bbox 926 2665 1035 2717; x_wconf 89' lang='lat' dir='ltr'>Epp.</span> <span class='ocrx_word' id='word_1_342' title='bbox 1069 2696 1072 2732; x_wconf 39' lang='grc' dir='ltr'><em>Λ</em></span> <span class='ocrx_word' id='word_1_343' title='bbox 1104 2668 1221 2706; x_wconf 83' lang='lat' dir='ltr'>cinus</span> <span class='ocrx_word' id='word_1_344' title='bbox 1262 2668 1343 2706; x_wconf 75' lang='lat' dir='ltr'>tuis</span> <span class='ocrx_word' id='word_1_345' title='bbox 1382 2667 1505 2717; x_wconf 85' lang='lat' dir='ltr'>factis</span> <span class='ocrx_word' id='word_1_346' title='bbox 1546 2667 1673 2718; x_wconf 81' lang='lat' dir='ltr'>facis,</span> <span class='ocrx_word' id='word_1_347' title='bbox 1733 2667 1781 2705; x_wconf 77' lang='lat' dir='ltr'>Ut</span> <span class='ocrx_word' id='word_1_348' title='bbox 1823 2667 1986 2717; x_wconf 84' lang='lat' dir='ltr'>inopem</span> 
     </span>
     <span class='ocr_line' id='line_1_52' title="bbox 160 2727 1986 2786; baseline 0.002 -19"><span class='ocrx_word' id='word_1_349' title='bbox 160 2729 204 2777; x_wconf 88' lang='grc'>4,</span> <span class='ocrx_word' id='word_1_350' title='bbox 239 2728 308 2775; x_wconf 86' lang='grc'>44,</span> <span class='ocrx_word' id='word_1_351' title='bbox 342 2727 381 2768; x_wconf 87' lang='grc'>4.</span> <span class='ocrx_word' id='word_1_352' title='bbox 427 2728 473 2767; x_wconf 89' lang='lat' dir='ltr'>In</span> <span class='ocrx_word' id='word_1_353' title='bbox 505 2738 715 2779; x_wconf 89' lang='lat' dir='ltr'>campum</span> <span class='ocrx_word' id='word_1_354' title='bbox 743 2729 892 2767; x_wconf 86' lang='lat' dir='ltr'>autem</span> <span class='ocrx_word' id='word_1_355' title='bbox 923 2729 1040 2769; x_wconf 88' lang='lat' dir='ltr'>Mar-</span> <span class='ocrx_word' id='word_1_356' title='bbox 1068 2758 1071 2786; x_wconf 37' lang='grc' dir='ltr'><strong><em>ὲ</em></strong></span> <span class='ocrx_word' id='word_1_357' title='bbox 1104 2734 1228 2780; x_wconf 80' lang='lat' dir='ltr'>atque</span> <span class='ocrx_word' id='word_1_358' title='bbox 1255 2730 1477 2769; x_wconf 69' lang='lat' dir='ltr'>innoxium</span> <span class='ocrx_word' id='word_1_359' title='bbox 1506 2728 1579 2768; x_wconf 82' lang='lat' dir='ltr'>abs</span> <span class='ocrx_word' id='word_1_360' title='bbox 1608 2733 1646 2768; x_wconf 79' lang='lat' dir='ltr'>ee</span> <span class='ocrx_word' id='word_1_361' title='bbox 1671 2734 1796 2778; x_wconf 80' lang='lat' dir='ltr'>atque</span> <span class='ocrx_word' id='word_1_362' title='bbox 1815 2730 1887 2769; x_wconf 88' lang='lat' dir='ltr'>abs</span> <span class='ocrx_word' id='word_1_363' title='bbox 1905 2731 1986 2770; x_wconf 82' lang='lat' dir='ltr'>tuis</span> 
     </span>
     <span class='ocr_line' id='line_1_53' title="bbox 159 2788 1979 2855; baseline 0.002 -26"><span class='ocrx_word' id='word_1_364' title='bbox 159 2791 267 2830; x_wconf 88' lang='lat' dir='ltr'>tium</span> <span class='ocrx_word' id='word_1_365' title='bbox 311 2793 414 2829; x_wconf 87' lang='lat' dir='ltr'>tunc</span> <span class='ocrx_word' id='word_1_366' title='bbox 458 2791 605 2841; x_wconf 90' lang='lat' dir='ltr'>ipsum</span> <span class='ocrx_word' id='word_1_367' title='bbox 643 2790 785 2830; x_wconf 90' lang='lat' dir='ltr'>iturus</span> <span class='ocrx_word' id='word_1_368' title='bbox 831 2792 945 2838; x_wconf 91' lang='lat' dir='ltr'>erat,</span> <span class='ocrx_word' id='word_1_369' title='bbox 993 2788 1071 2855; x_wconf 74' lang='lat' dir='ltr'>utj</span> <span class='ocrx_word' id='word_1_370' title='bbox 1104 2804 1167 2832; x_wconf 80' lang='lat' dir='ltr'>me</span> <span class='ocrx_word' id='word_1_371' title='bbox 1196 2792 1387 2832; x_wconf 56' lang='lat' dir='ltr'>irrideas</span> <span class='ocrx_word' id='word_1_372' title='bbox 1426 2814 1469 2819; x_wconf 93' lang='lat'><strong>—</strong></span> <span class='ocrx_word' id='word_1_373' title='bbox 1503 2791 1698 2842; x_wconf 67' lang='lat' dir='ltr'>Benigne]</span> <span class='ocrx_word' id='word_1_374' title='bbox 1746 2791 1808 2831; x_wconf 81' lang='lat' dir='ltr'>Cf.</span> <span class='ocrx_word' id='word_1_375' title='bbox 1839 2803 1882 2831; x_wconf 82' lang='lat' dir='ltr'>v,</span> <span class='ocrx_word' id='word_1_376' title='bbox 1914 2793 1979 2833; x_wconf 90' lang='grc'>46.</span> 
     </span>
     <span class='ocr_line' id='line_1_54' title="bbox 159 2851 1979 2934; baseline 0.001 -42"><span class='ocrx_word' id='word_1_377' title='bbox 159 2851 243 2904; x_wconf 89' lang='lat' dir='ltr'>pila</span> <span class='ocrx_word' id='word_1_378' title='bbox 273 2852 446 2893; x_wconf 84' lang='lat' dir='ltr'>luderet</span> <span class='ocrx_word' id='word_1_379' title='bbox 464 2852 535 2892; x_wconf 67' lang='lat' dir='ltr'>vel</span> <span class='ocrx_word' id='word_1_380' title='bbox 565 2852 769 2892; x_wconf 87' lang='lat' dir='ltr'>ludentes</span> <span class='ocrx_word' id='word_1_381' title='bbox 798 2854 1035 2904; x_wconf 87' lang='lat' dir='ltr'>spectaret.</span> <span class='ocrx_word' id='word_1_382' title='bbox 1067 2881 1070 2934; x_wconf 38' lang='grc' dir='ltr'>ᾳ</span> <span class='ocrx_word' id='word_1_383' title='bbox 1107 2878 1151 2884; x_wconf 92' lang='lat'><em>-</em></span> <span class='ocrx_word' id='word_1_384' title='bbox 1183 2853 1325 2906; x_wconf 63' lang='lat' dir='ltr'>Neget]</span> <span class='ocrx_word' id='word_1_385' title='bbox 1359 2854 1589 2894; x_wconf 89' lang='lat' dir='ltr'>Coniunct.</span> <span class='ocrx_word' id='word_1_386' title='bbox 1621 2855 1706 2893; x_wconf 89' lang='lat' dir='ltr'>hoe</span> <span class='ocrx_word' id='word_1_387' title='bbox 1736 2855 1979 2905; x_wconf 86' lang='lat' dir='ltr'>significat:</span> 
     </span>
     <span class='ocr_line' id='line_1_55' title="bbox 157 2913 1985 2968; baseline 0.002 -16"><span class='ocrx_word' id='word_1_388' title='bbox 157 2915 219 2953; x_wconf 80' lang='lat' dir='ltr'>Ex</span> <span class='ocrx_word' id='word_1_389' title='bbox 247 2914 314 2953; x_wconf 90' lang='lat' dir='ltr'>his</span> <span class='ocrx_word' id='word_1_390' title='bbox 340 2913 503 2954; x_wconf 89' lang='lat' dir='ltr'>ultimis</span> <span class='ocrx_word' id='word_1_391' title='bbox 523 2915 762 2965; x_wconf 88' lang='lat' dir='ltr'>praecipue</span> <span class='ocrx_word' id='word_1_392' title='bbox 784 2914 935 2955; x_wconf 67' lang='lat' dir='ltr'>verbis</span> <span class='ocrx_word' id='word_1_393' title='bbox 957 2926 1038 2967; x_wconf 91' lang='lat' dir='ltr'>ap-</span> <span class='ocrx_word' id='word_1_394' title='bbox 1067 2944 1069 2963; x_wconf 75' lang='lat'>,</span> <span class='ocrx_word' id='word_1_395' title='bbox 1104 2918 1358 2964; x_wconf 84' lang='lat' dir='ltr'>«Potestne,</span> <span class='ocrx_word' id='word_1_396' title='bbox 1392 2914 1581 2955; x_wconf 87' lang='lat' dir='ltr'>malum!</span> <span class='ocrx_word' id='word_1_397' title='bbox 1624 2915 1742 2965; x_wconf 88' lang='lat' dir='ltr'>fieri,</span> <span class='ocrx_word' id='word_1_398' title='bbox 1776 2918 1823 2955; x_wconf 92' lang='lat' dir='ltr'>ut</span> <span class='ocrx_word' id='word_1_399' title='bbox 1852 2918 1985 2968; x_wconf 86' lang='lat' dir='ltr'>neget</span> 
     </span>
     <span class='ocr_line' id='line_1_56' title="bbox 158 2976 1983 3029; baseline 0.003 -16"><span class='ocrx_word' id='word_1_400' title='bbox 158 2977 284 3026; x_wconf 86' lang='lat' dir='ltr'>paret</span> <span class='ocrx_word' id='word_1_401' title='bbox 331 2985 523 3026; x_wconf 88' lang='lat' dir='ltr'>puerum</span> <span class='ocrx_word' id='word_1_402' title='bbox 572 2976 658 3015; x_wconf 87' lang='lat' dir='ltr'>hoc</span> <span class='ocrx_word' id='word_1_403' title='bbox 700 2987 967 3027; x_wconf 87' lang='lat' dir='ltr'>responsum</span> <span class='ocrx_word' id='word_1_404' title='bbox 1011 2988 1036 3016; x_wconf 86' lang='lat' dir='ltr'>a</span> <span class='ocrx_word' id='word_1_405' title='bbox 1066 2980 1069 3025; x_wconf 79' lang='lat' dir='ltr'>j</span> <span class='ocrx_word' id='word_1_406' title='bbox 1102 2980 1278 3020; x_wconf 73' lang='lat' dir='ltr'>mihi‘2»</span> <span class='ocrx_word' id='word_1_407' title='bbox 1323 2980 1475 3029; x_wconf 90' lang='lat' dir='ltr'>Itaque</span> <span class='ocrx_word' id='word_1_408' title='bbox 1520 2976 1657 3017; x_wconf 90' lang='lat' dir='ltr'>multo</span> <span class='ocrx_word' id='word_1_409' title='bbox 1702 2977 1860 3018; x_wconf 88' lang='lat' dir='ltr'>melius</span> <span class='ocrx_word' id='word_1_410' title='bbox 1905 2990 1983 3018; x_wconf 86' lang='lat' dir='ltr'>ex-</span> 
     </span>
     <span class='ocr_line' id='line_1_57' title="bbox 158 3032 1982 3093; baseline 0.002 -16"><span class='ocrx_word' id='word_1_411' title='bbox 158 3037 284 3077; x_wconf 85' lang='lat' dir='ltr'>Mena</span> <span class='ocrx_word' id='word_1_412' title='bbox 315 3037 431 3087; x_wconf 82' lang='lat' dir='ltr'>ips0,</span> <span class='ocrx_word' id='word_1_413' title='bbox 478 3047 566 3076; x_wconf 90' lang='lat' dir='ltr'>non</span> <span class='ocrx_word' id='word_1_414' title='bbox 598 3049 623 3077; x_wconf 90' lang='lat' dir='ltr'>a</span> <span class='ocrx_word' id='word_1_415' title='bbox 652 3040 855 3088; x_wconf 90' lang='lat' dir='ltr'>tonsore,</span> <span class='ocrx_word' id='word_1_416' title='bbox 888 3041 936 3078; x_wconf 88' lang='lat' dir='ltr'>ut</span> <span class='ocrx_word' id='word_1_417' title='bbox 967 3038 1036 3078; x_wconf 91' lang='lat' dir='ltr'>alii</span> <span class='ocrx_word' id='word_1_418' title='bbox 1065 3032 1069 3084; x_wconf 67' lang='grc' dir='ltr'>ἶ</span> <span class='ocrx_word' id='word_1_419' title='bbox 1100 3042 1250 3093; x_wconf 89' lang='lat' dir='ltr'>primit</span> <span class='ocrx_word' id='word_1_420' title='bbox 1278 3039 1465 3092; x_wconf 90' lang='lat' dir='ltr'>Philippi</span> <span class='ocrx_word' id='word_1_421' title='bbox 1493 3051 1633 3092; x_wconf 88' lang='lat' dir='ltr'>prope</span> <span class='ocrx_word' id='word_1_422' title='bbox 1665 3040 1982 3092; x_wconf 82' lang='lat' dir='ltr'>indignabundi</span> 
     </span>
     <span class='ocr_line' id='line_1_58' title="bbox 157 3088 1982 3179; baseline 0.003 -41"><span class='ocrx_word' id='word_1_423' title='bbox 157 3097 333 3147; x_wconf 83' lang='lat' dir='ltr'>volunt,</span> <span class='ocrx_word' id='word_1_424' title='bbox 381 3097 546 3138; x_wconf 87' lang='lat' dir='ltr'>tulisse.</span> <span class='ocrx_word' id='word_1_425' title='bbox 607 3101 717 3140; x_wconf 88' lang='lat' dir='ltr'>Satis</span> <span class='ocrx_word' id='word_1_426' title='bbox 761 3103 912 3141; x_wconf 89' lang='lat' dir='ltr'>autem</span> <span class='ocrx_word' id='word_1_427' title='bbox 943 3088 1068 3179; x_wconf 49' lang='lat' dir='ltr'>evi-J</span> <span class='ocrx_word' id='word_1_428' title='bbox 1102 3104 1380 3144; x_wconf 87' lang='lat' dir='ltr'>mirationem</span> <span class='ocrx_word' id='word_1_429' title='bbox 1419 3112 1553 3153; x_wconf 90' lang='lat' dir='ltr'>quam</span> <span class='ocrx_word' id='word_1_430' title='bbox 1595 3101 1782 3142; x_wconf 91' lang='lat' dir='ltr'>aliorum</span> <span class='ocrx_word' id='word_1_431' title='bbox 1812 3103 1982 3143; x_wconf 88' lang='lat' dir='ltr'>indica-</span> 
     </span>
    </p>
   </div>
   <div class='ocr_carea' id='block_1_24' title="bbox 157 3160 1982 3235">
    <p class='ocr_par' dir='ltr' id='par_1_25' title="bbox 157 3160 1982 3235">
     <span class='ocr_line' id='line_1_59' title="bbox 157 3160 1982 3235; baseline 0.003 -36"><span class='ocrx_word' id='word_1_432' title='bbox 157 3160 316 3200; x_wconf 89' lang='lat' dir='ltr'>denter</span> <span class='ocrx_word' id='word_1_433' title='bbox 344 3171 425 3212; x_wconf 89' lang='lat' dir='ltr'>per</span> <span class='ocrx_word' id='word_1_434' title='bbox 453 3160 534 3201; x_wconf 86' lang='lat' dir='ltr'>hos</span> <span class='ocrx_word' id='word_1_435' title='bbox 559 3162 804 3204; x_wconf 86' lang='lat' dir='ltr'>versiculos</span> <span class='ocrx_word' id='word_1_436' title='bbox 835 3164 1036 3215; x_wconf 83' lang='lat' dir='ltr'>depingi-</span> <span class='ocrx_word' id='word_1_437' title='bbox 1064 3181 1067 3235; x_wconf 75' lang='grc' dir='ltr'>Ι</span> <span class='ocrx_word' id='word_1_438' title='bbox 1101 3167 1214 3206; x_wconf 81' lang='lat' dir='ltr'>tivus</span> <span class='ocrx_word' id='word_1_439' title='bbox 1251 3177 1304 3205; x_wconf 82' lang='lat' dir='ltr'>ex</span> <span class='ocrx_word' id='word_1_440' title='bbox 1345 3165 1562 3216; x_wconf 86' lang='lat' dir='ltr'>sequente</span> <span class='ocrx_word' id='word_1_441' title='bbox 1595 3166 1731 3205; x_wconf 89' lang='lat' dir='ltr'>ortus.</span> <span class='ocrx_word' id='word_1_442' title='bbox 1768 3185 1812 3192; x_wconf 92' lang='lat'>—</span> <span class='ocrx_word' id='word_1_443' title='bbox 1846 3165 1982 3217; x_wconf 66' lang='lat' dir='ltr'>Negat</span> 
     </span>
    </p>
   </div>
   <div class='ocr_carea' id='block_1_25' title="bbox 156 3222 1034 3585">
    <p class='ocr_par' dir='ltr' id='par_1_26' title="bbox 156 3222 1034 3448">
     <span class='ocr_line' id='line_1_60' title="bbox 157 3222 1034 3277; baseline 0.007 -16"><span class='ocrx_word' id='word_1_444' title='bbox 157 3226 228 3262; x_wconf 88' lang='lat' dir='ltr'>tur</span> <span class='ocrx_word' id='word_1_445' title='bbox 248 3224 334 3262; x_wconf 77' lang='lat' dir='ltr'>vita</span> <span class='ocrx_word' id='word_1_446' title='bbox 351 3222 602 3273; x_wconf 88' lang='lat' dir='ltr'>quotidiana</span> <span class='ocrx_word' id='word_1_447' title='bbox 621 3224 839 3265; x_wconf 89' lang='lat' dir='ltr'>eiusmodi</span> <span class='ocrx_word' id='word_1_448' title='bbox 859 3228 1034 3277; x_wconf 88' lang='lat' dir='ltr'>generis</span> 
     </span>
     <span class='ocr_line' id='line_1_61' title="bbox 156 3285 1030 3339; baseline 0.003 -14"><span class='ocrx_word' id='word_1_449' title='bbox 156 3285 409 3334; x_wconf 89' lang='lat' dir='ltr'>hominum,</span> <span class='ocrx_word' id='word_1_450' title='bbox 460 3295 758 3336; x_wconf 86' lang='lat' dir='ltr'>praeconum,</span> <span class='ocrx_word' id='word_1_451' title='bbox 803 3286 1030 3339; x_wconf 88' lang='lat' dir='ltr'>lictorum,</span> 
     </span>
     <span class='ocr_line' id='line_1_62' title="bbox 156 3347 1034 3400; baseline 0.005 -14"><span class='ocrx_word' id='word_1_452' title='bbox 156 3347 478 3398; x_wconf 88' lang='lat' dir='ltr'>apparitorum,</span> <span class='ocrx_word' id='word_1_453' title='bbox 535 3347 785 3387; x_wconf 88' lang='lat' dir='ltr'>scribarum</span> <span class='ocrx_word' id='word_1_454' title='bbox 832 3348 1034 3400; x_wconf 89' lang='lat' dir='ltr'>publico-</span> 
     </span>
     <span class='ocr_line' id='line_1_63' title="bbox 156 3420 270 3448; baseline 0.009 -1"><span class='ocrx_word' id='word_1_455' title='bbox 156 3420 270 3448; x_wconf 89' lang='lat' dir='ltr'>rum.</span> 
     </span>
    </p>

    <p class='ocr_par' dir='ltr' id='par_1_27' title="bbox 157 3470 1032 3585">
     <span class='ocr_line' id='line_1_64' title="bbox 210 3470 1032 3520; baseline 0.005 -11"><span class='ocrx_word' id='word_1_456' title='bbox 210 3470 356 3512; x_wconf 85' lang='grc'>60-64.</span> <span class='ocrx_word' id='word_1_457' title='bbox 398 3471 554 3511; x_wconf 71' lang='lat' dir='ltr'>Scitam·</span> <span class='ocrx_word' id='word_1_458' title='bbox 579 3471 679 3520; x_wconf 67' lang='lat' dir='ltr'>cet]</span> <span class='ocrx_word' id='word_1_459' title='bbox 712 3472 806 3511; x_wconf 92' lang='lat' dir='ltr'>Iam</span> <span class='ocrx_word' id='word_1_460' title='bbox 826 3482 930 3512; x_wconf 90' lang='lat' dir='ltr'>cum</span> <span class='ocrx_word' id='word_1_461' title='bbox 948 3473 1032 3513; x_wconf 89' lang='lat' dir='ltr'>De-</span> 
     </span>
     <span class='ocr_line' id='line_1_65' title="bbox 157 3533 1030 3585; baseline 0.005 -14"><span class='ocrx_word' id='word_1_462' title='bbox 157 3533 339 3573; x_wconf 89' lang='lat' dir='ltr'>metrius</span> <span class='ocrx_word' id='word_1_463' title='bbox 387 3533 566 3574; x_wconf 91' lang='lat' dir='ltr'>domino</span> <span class='ocrx_word' id='word_1_464' title='bbox 622 3535 865 3581; x_wconf 88' lang='lat' dir='ltr'>narrasset,</span> <span class='ocrx_word' id='word_1_465' title='bbox 917 3545 1030 3585; x_wconf 85' lang='lat' dir='ltr'>quae</span> 
     </span>
    </p>
   </div>
   <div class='ocr_carea' id='block_1_26' title="bbox 1062 3238 1067 3368">
    <p class='ocr_par' dir='ltr' id='par_1_28' title="bbox 1062 3238 1067 3368">
     <span class='ocr_line' id='line_1_66' title="bbox 1062 3238 1067 3368; baseline 0 419"><span class='ocrx_word' id='word_1_466' title='bbox 1062 3238 1067 3368; x_wconf 95' lang='lat' dir='ltr'> </span> 
     </span>
    </p>
   </div>
   <div class='ocr_carea' id='block_1_27' title="bbox 1061 3370 1067 3572">
    <p class='ocr_par' dir='ltr' id='par_1_29' title="bbox 1061 3370 1067 3572">
     <span class='ocr_line' id='line_1_67' title="bbox 1061 3370 1067 3572; baseline 0 215"><span class='ocrx_word' id='word_1_467' title='bbox 1061 3370 1067 3572; x_wconf 95' lang='lat' dir='ltr'> </span> 
     </span>
    </p>
   </div>
   <div class='ocr_carea' id='block_1_28' title="bbox 1098 3225 1980 3399">
    <p class='ocr_par' dir='ltr' id='par_1_30' title="bbox 1098 3225 1980 3399">
     <span class='ocr_line' id='line_1_68' title="bbox 1100 3225 1980 3279; baseline -0.005 -10"><span class='ocrx_word' id='word_1_468' title='bbox 1100 3228 1203 3279; x_wconf 74' lang='lat' dir='ltr'>cet]</span> <span class='ocrx_word' id='word_1_469' title='bbox 1256 3226 1351 3267; x_wconf 79' lang='lat' dir='ltr'>«vel</span> <span class='ocrx_word' id='word_1_470' title='bbox 1394 3226 1642 3278; x_wconf 90' lang='lat' dir='ltr'>suspicatus</span> <span class='ocrx_word' id='word_1_471' title='bbox 1673 3226 1790 3274; x_wconf 83' lang='lat' dir='ltr'>sore,</span> <span class='ocrx_word' id='word_1_472' title='bbox 1836 3229 1884 3265; x_wconf 90' lang='lat' dir='ltr'>ut</span> <span class='ocrx_word' id='word_1_473' title='bbox 1911 3225 1980 3266; x_wconf 92' lang='lat' dir='ltr'>lu-</span> 
     </span>
     <span class='ocr_line' id='line_1_69' title="bbox 1100 3286 1980 3337; baseline -0.002 -7"><span class='ocrx_word' id='word_1_474' title='bbox 1100 3289 1242 3330; x_wconf 91' lang='lat' dir='ltr'>dibrio</span> <span class='ocrx_word' id='word_1_475' title='bbox 1274 3290 1332 3329; x_wconf 92' lang='lat' dir='ltr'>sit</span> <span class='ocrx_word' id='word_1_476' title='bbox 1360 3288 1581 3337; x_wconf 70' lang='lat' dir='ltr'>convivis,</span> <span class='ocrx_word' id='word_1_477' title='bbox 1623 3286 1692 3326; x_wconf 85' lang='lat' dir='ltr'>vel</span> <span class='ocrx_word' id='word_1_478' title='bbox 1723 3286 1980 3337; x_wconf 87' lang='lat' dir='ltr'>simpliciter</span> 
     </span>
     <span class='ocr_line' id='line_1_70' title="bbox 1098 3348 1974 3399; baseline -0.002 -8"><span class='ocrx_word' id='word_1_479' title='bbox 1098 3351 1254 3391; x_wconf 89' lang='lat' dir='ltr'>nolens</span> <span class='ocrx_word' id='word_1_480' title='bbox 1296 3349 1447 3390; x_wconf 88' lang='lat' dir='ltr'>solitae</span> <span class='ocrx_word' id='word_1_481' title='bbox 1487 3348 1676 3389; x_wconf 88' lang='lat' dir='ltr'>libertati</span> <span class='ocrx_word' id='word_1_482' title='bbox 1707 3349 1974 3399; x_wconf 89' lang='lat' dir='ltr'>renuntiare,</span> 
     </span>
    </p>
   </div>
   <div class='ocr_carea' id='block_1_29' title="bbox 1095 3411 1970 3453">
    <p class='ocr_par' dir='ltr' id='par_1_31' title="bbox 1095 3411 1970 3453">
     <span class='ocr_line' id='line_1_71' title="bbox 1095 3411 1970 3453; baseline -0.007 -2"><span class='ocrx_word' id='word_1_483' title='bbox 1095 3411 1371 3453; x_wconf 86' lang='lat' dir='ltr'>voluntatem</span> <span class='ocrx_word' id='word_1_484' title='bbox 1416 3413 1537 3450; x_wconf 89' lang='lat' dir='ltr'>tuam</span> <span class='ocrx_word' id='word_1_485' title='bbox 1581 3421 1667 3449; x_wconf 91' lang='lat' dir='ltr'>non</span> <span class='ocrx_word' id='word_1_486' title='bbox 1711 3411 1878 3448; x_wconf 85' lang='lat' dir='ltr'>curat.»</span> <span class='ocrx_word' id='word_1_487' title='bbox 1928 3433 1970 3440; x_wconf 91' lang='lat'>-</span> 
     </span>
    </p>
   </div>
   <div class='ocr_carea' id='block_1_30' title="bbox 1096 3471 1977 3585">
    <p class='ocr_par' dir='ltr' id='par_1_32' title="bbox 1096 3471 1977 3585">
     <span class='ocr_line' id='line_1_72' title="bbox 1096 3471 1977 3525; baseline 0 -12"><span class='ocrx_word' id='word_1_488' title='bbox 1096 3473 1321 3525; x_wconf 82' lang='lat' dir='ltr'>improbus]</span> <span class='ocrx_word' id='word_1_489' title='bbox 1369 3473 1622 3524; x_wconf 70' lang='lat' dir='ltr'>«pervicaX,</span> <span class='ocrx_word' id='word_1_490' title='bbox 1675 3471 1843 3521; x_wconf 80' lang='lat' dir='ltr'>frech,</span> <span class='ocrx_word' id='word_1_491' title='bbox 1889 3473 1977 3513; x_wconf 86' lang='lat' dir='ltr'>der</span> 
     </span>
     <span class='ocr_line' id='line_1_73' title="bbox 1100 3532 1973 3585; baseline 0 -10"><span class='ocrx_word' id='word_1_492' title='bbox 1100 3535 1422 3585; x_wconf 79' lang='lat' dir='ltr'>Trotzkopf.»</span> <span class='ocrx_word' id='word_1_493' title='bbox 1481 3532 1686 3573; x_wconf 85' lang='lat' dir='ltr'>Similiter</span> <span class='ocrx_word' id='word_1_494' title='bbox 1739 3533 1829 3574; x_wconf 88' lang='lat' dir='ltr'>Itali</span> <span class='ocrx_word' id='word_1_495' title='bbox 1879 3535 1973 3575; x_wconf 89' lang='lat' dir='ltr'>sine</span> 
     </span>
    </p>
   </div>
  </div>
 </body>
</html>
