2231 3787
793 259 889 298 LIB.
924 259 973 298 ll.
1036 259 1199 300 EPlsT.
1235 262 1284 300 ll.

1857 262 1958 313 055

199 388 461 441 Omnibus
502 389 716 455 officiis;
758 389 919 443 cubat
957 389 1043 444 hic
1083 391 1133 443 in
1174 391 1310 446 colle
1350 394 1580 458 Quirini,

198 492 295 544 Hic
333 499 573 545 extremo
614 493 665 544 in
705 492 990 556 Aventino,
1032 493 1291 548 visendus
1329 503 1584 567 uterque,

194 593 478 647 Intervalla
516 594 669 648 vides
709 594 942 649 humane
982 597 1282 651 commoda.
1322 630 1392 636 —
1431 601 1627 653 Verum

1888 601 1954 653 70

192 698 366 749 Purae
405 705 528 749 sunt
565 696 801 768 plateae,
843 698 971 751 nihil
1012 708 1068 752 ut
1105 700 1488 754 meditantibus
1528 701 1720 756 obstet.
1760 735 1829 741 —

192 798 430 851 Festinat
469 798 675 852 calidus
715 798 873 852 mulis
913 801 1226 873 gerulisque
1267 803 1605 875 redemptor,

192 902 428 972 Torquet
464 918 607 955 nunc
644 900 903 972 lapidem,
948 920 1090 957 nunc
1129 904 1317 975 ingens
1357 905 1604 960 machina
1648 907 1878 978 tignum,

190 1003 378 1058 Tristia
417 1004 652 1058 robustis
692 1004 958 1060 luctantur
995 1005 1182 1059 funera
1223 1006 1502 1077 plaustris,

229 1202 295 1242 68.
332 1204 507 1253 Quirino
536 1205 585 1243 N.
620 1204 840 1245 Heinsius.
880 1227 922 1233 —-
958 1205 1023 1244 70.
1056 1216 1199 1244 rerum
1231 1217 1282 1245 ex
1314 1204 1464 1246 Bland.
1498 1218 1586 1246 uno
1619 1209 1662 1247 et
1692 1209 1893 1249 Tonsano

172 1267 218 1306 C.
255 1267 319 1317 (Ut
349 1278 451 1316 nos,
483 1266 634 1318 bScd.)
673 1290 718 1296 —
751 1268 816 1307 711.
848 1268 999 1320 Parae]
1030 1269 1172 1308 Plures
1200 1269 1231 1308 E
1264 1270 1308 1308 et
1338 1269 1550 1310 Schmidii
1581 1272 1779 1321 quartus.

112 1438 295 1479 Publica.
323 1463 367 1467 —
401 1439 600 1490 humane]
628 1451 815 1492 prorsus
835 1442 883 1480 ut
903 1438 997 1480 ἑπι-

113 1499 251 1553 εικῶς
273 1504 316 1542 et
344 1503 570 1559 μετρίως,
610 1514 692 1555 pro
725 1504 882 1551 «satis,
916 1503 996 1542 ad-

112 1565 319 1613 modum,
352 1564 526 1617 plane.»
559 1565 664 1605 Plat.
699 1568 871 1616 Protag.
897 1565 991 1605 349.

110 1628 170 1667 D:
217 1625 437 1679 επιεικῶς
485 1625 800 1685 παραπλήσια
845 1622 995 1680 ἀλλή-

111 1688 213 1741 λοις
243 1690 388 1731 ἐστίν.
438 1693 567 1743 Gorg.
606 1691 699 1732 493.
745 1692 801 1731 C:
862 1685 993 1731 ταῦτ’

110 1752 328 1804 ἐπιεικῶς
356 1755 446 1807 μέν
475 1754 606 1794 ἐστιν
636 1749 732 1794 ὑπό
752 1766 796 1794 τι
817 1748 990 1793 ἄτοπα.

112 1815 232 1857 Polit.
255 1818 350 1857 ⁰264.
370 1820 426 1858 A:
459 1813 607 1858 τοῖ’-το
634 1819 840 1875 μετρίως
871 1813 994 1867 αφέ-

110 1892 285 1934 στηκεν
314 1876 394 1921 ἀπ’
417 1880 625 1921 ἐκείνων.
663 1884 806 1932 Atque
831 1881 993 1921 eodem

108 1942 239 1995 plane
282 1956 418 1985 sensu
448 1945 552 1984 κατ’
585 1945 829 1999 εἰρωνείαν
859 1944 996 1983 utitur

32 2013 42 2022 ·
107 2006 246 2046 verbo
277 2008 514 2046 commodus
534 2006 726 2047 Lucilius
755 2008 799 2046 in
819 2007 993 2046 Itineris

108 2068 319 2120 reliquiis.
370 2069 480 2108 Vide
524 2069 579 2108 ad
619 2070 704 2109 Sat.
741 2070 788 2117 4,
821 2071 860 2109 5.
907 2070 994 2108 Ex-

109 2143 223 2172 curs.
250 2143 292 2183 p.
312 2132 403 2171 402.
438 2133 508 2172 Sic
530 2133 664 2172 ctiam
687 2142 768 2171 nos
789 2132 991 2181 hubsch,

106 2194 234 2245 sein,
291 2195 566 2235 chat-mant
624 2195 784 2235 eadem
830 2195 990 2242 ironia,

108 2268 242 2307 quam
272 2256 413 2309 probe
444 2259 672 2309 perspexit
702 2256 949 2309 Gargallus:
970 2280 993 2285 -

105 2322 197 2361 verli
241 2322 428 2361 distauze
456 2322 779 2362 Piacevolmente
808 2322 990 2371 comode,

108 2385 151 2423 et
179 2385 378 2435 Burgos:
423 2396 481 2434 ya
509 2397 578 2425 ves
607 2396 684 2435 que
713 2386 756 2424 la
786 2385 993 2424 distancia

106 2458 147 2486 es
172 2458 273 2497 muy
304 2447 457 2487 bonita.
508 2447 688 2488 Sssentio
709 2450 889 2488 transeo
911 2449 992 2487 cri-

107 2511 296 2550 ticorum
313 2510 596 2551 incredibiles
615 2511 909 2560 coniecturas,
929 2511 992 2550 in-

106 2574 174 2612 ter
219 2583 329 2624 quas
368 2585 455 2613 una
487 2573 721 2614 Frohlichii
751 2574 864 2613 haud
892 2585 992 2612 saue

106 2637 323 2676 commoda
361 2647 413 2676 eo
446 2636 676 2677 dumtaxat
705 2638 885 2677 nomine
915 2649 989 2677 re-

105 2699 428 2751 prehendenda
460 2702 552 2749 est,
587 2700 708 2752 quod
730 2703 910 2740 amovet
930 2700 990 2740 fe—

106 2761 264 2801 stivam
285 2763 543 2820 εἰρωνείαν.
569 2762 656 2802 Cfr.
673 2762 830 2802 Iacobs
848 2764 986 2802 Lectt.

109 2824 268 2864 Venus.
292 2836 335 2876 p.
361 2826 454 2865 485.
483 2849 528 2854 —
555 2827 706 2866 Verum
733 2825 835 2877 cet]
869 2827 988 2865 Haec

106 2885 189 2926 sibi
219 2888 314 2939 ipse
346 2889 448 2928 κατ’
481 2889 726 2947 εἰρωνείαν
747 2889 911 2938 obiicit,
941 2891 989 2928 ut

40 2994 51 3003 .
105 2950 253 2990 statim
284 2951 460 2992 refutet.
515 2951 595 2992 Alii
625 2964 705 3004 pro
737 2953 988 3002 interroga-

105 3012 223 3052 tione
254 3013 447 3054 habent:
493 3016 687 3055 «Verum
725 3026 865 3066 purae
897 3014 987 3054 for-

106 3075 224 3115 tasse
265 3078 368 3115 sunt
406 3076 610 3128 plateae?
655 3077 831 3117 Minime
862 3088 984 3116 vero.

103 3137 318 3177 Festinat»
360 3141 444 3177 cet.
490 3162 533 3167 —
580 3139 739 3190 Parae]
788 3150 985 3178 «vacuae

106 3198 369 3248 obstaculis,
402 3211 510 3240 non:
548 3217 566 3237 α
582 3211 767 3240 coeno.»
801 3201 890 3240 Liv,
915 3200 983 3248 ⁶24,

108 3260 178 3309 44,
203 3262 251 3301 6:
286 3262 586 3302 dimicaturum
609 3274 722 3313 puro
752 3274 802 3302 ac
825 3263 987 3312 pate-nti·

105 3333 267 3374 campo.
329 3325 410 3374 Qui
454 3326 569 3366 hanc
620 3325 984 3376 significationem

108 3384 365 3438 ignorabat,
399 3388 575 3440 scripsit
600 3388 754 3438 plures.
783 3411 826 3415 —
854 3388 988 3437 plate-

108 3448 170 3500 ae]
193 3447 411 3491 πλατεῖαι
427 3446 548 3501 ὁδοί,
576 3449 821 3503 penultima
842 3449 984 3499 brevi,

109 3508 231 3562 longa
255 3513 439 3554 demum
459 3513 577 3566 apud
599 3514 857 3562 Ausonium,
884 3515 989 3553 Pru-

1062 1439 1263 1479 dentium
1296 1441 1566 1492 (Symmach.
1601 1442 1765 1493 4897.)‚
1802 1443 1947 1484 Pauli-

1061 1513 1168 1542 num
1186 1501 1417 1542 Nolanum.
1440 1527 1485 1531 ——
1510 1504 1695 1543 Festinat
1710 1506 1814 1556 cet]
1838 1507 1948 1547 «Im-

1062 1577 1134 1605 mo
1166 1567 1314 1605 omnia
1346 1566 1404 1605 ibi
1436 1565 1651 1607 tumultus
1672 1566 1846 1619 plena.»
1879 1570 1945 1609 Si—

1061 1627 1223 1667 militer
1267 1628 1506 1669 tumultum
1551 1630 1592 1668 in
1632 1629 1789 1681 plateis
1819 1630 1945 1671 urbis

1060 1692 1273 1732 describit
1303 1691 1522 1733 luvenalis
1544 1693 1582 1742 3,
1606 1693 1687 1734 245
1708 1706 1715 1732 :
1748 1695 1862 1734 Ferit
1881 1695 1946 1735 hic

1059 1755 1218 1804 cubito,
1249 1755 1346 1806 ferit
1369 1766 1507 1795 assere
1525 1756 1631 1795 duro
1650 1756 1786 1804 Alter,·
1817 1761 1862 1797 at
1880 1758 1945 1797 hic

1058 1819 1219 1869 tignum
1248 1819 1377 1868 capiti
1406 1819 1573 1867 incutit,
1614 1818 1680 1859 ille
1707 1823 1940 1861 metretam.

1057 1881 1235 1932 Pinquia
1274 1892 1406 1920 crura
1435 1881 1521 1920 luto
1552 1883 1636 1921 cet.
1683 1882 1865 1923 Martial.
1900 1885 1939 1933 5,

1057 1944 1125 1993 ⁶22,
1151 1945 1173 1983 7
1193 1956 1200 1982 :
1237 1945 1398 1994 Vixque
1418 1945 1545 1983 datur
1564 1944 1713 1995 louqas
1731 1946 1944 1986 mulorum

1056 2018 1250 2056 rumpere
1296 2008 1529 2056 mandras,
1591 2008 1786 2058 Quaeque
1831 2010 1943 2049 trahi

1056 2069 1186 2108 multo
1214 2080 1436 2108 marmora
1463 2070 1563 2120 fune
1591 2071 1715 2109 vides.
1754 2094 1799 2098 —-
1834 2072 1943 2111 cali—

1057 2131 1146 2182 dus]
1182 2131 1353 2171 «studio
1384 2131 1648 2171 aedificandi
1668 2133 1876 2173 incensus
1899 2135 1942 2173 et

1056 2193 1185 2233 valde
1218 2196 1484 2246 occupatus,
1529 2195 1589 2233 ita
1620 2195 1667 2233 ut
1697 2206 1941 2236 occurren—

1057 2257 1167 2296 tium
1198 2256 1361 2296 nullam
1395 2267 1549 2296 curam
1580 2259 1746 2307 gerat.»
1773 2278 1817 2285 —
1851 2270 1942 2298 mu-

1055 2321 1107 2360 lis
1124 2321 1373 2372 yerulisque]
1406 2319 1539 2360 ablat.
1589 2332 1716 2360 «cum
1744 2320 1874 2362 mulis
1897 2325 1941 2362 et

1058 2383 1257 2424 baiulis.»
1309 2386 1391 2424 Pro
1425 2384 1571 2423 dativo
1602 2395 1645 2424 V.
1669 2384 1829 2423 calidus
1857 2386 1940 2424 ha-

1055 2446 1164 2486 bent
1194 2445 1287 2495 alii,
1336 2447 1446 2486 mira
1488 2457 1591 2486 cum
1622 2445 1934 2497 explicatione:

1059 2511 1220 2549 «iratus
1259 2512 1303 2549 et
1333 2509 1464 2550 mulis
1501 2511 1543 2549 et
1573 2507 1735 2559 gerulis
1767 2520 1936 2560 eosque

1054 2572 1329 2621 verberans,
1352 2588 1370 2608 »
1419 2571 1490 2612 vel
1547 2572 1704 2611 etiam:
1759 2572 1938 2612 «vehe-

1054 2647 1182 2676 mens
1200 2648 1240 2683 »3
1277 2635 1330 2674 cf.
1365 2635 1491 2674 Hand
1522 2636 1646 2674 Turs.
1679 2635 1729 2673 ΙΙ.
1763 2645 1806 2686 p.
1840 2635 1932 2675 452.

1053 2701 1107 2739 At
1136 2698 1265 2738 valde
1295 2709 1471 2746 vereor,
1510 2699 1557 2736 ut
1587 2697 1700 2736 haee
1731 2699 1937 2737 constru-

1055 2762 1139 2801 ctio
1170 2761 1330 2800 calidus
1359 2759 1487 2798 alicui
1515 2757 1602 2798 ullo
1625 2757 1708 2797 alio
1730 2757 1936 2810 exemplo

1053 2824 1220 2863 firmari
1249 2823 1405 2874 possit.
1439 2844 1483 2849 —
1514 2820 1764 2873 redemptor]
1796 2820 1935 2878 ἐργο-

1052 2883 1227 2936 λάβος,
1251 2884 1754 2924 Bauuuternehmer.
1788 2883 1867 2924 Od.
1891 2884 1931 2935 3,

1054 2950 1097 2997 1¹,
1133 2948 1198 2987 35.

1106 3010 1251 3050 73-78.
1298 3010 1474 3059 Torquet
1503 3009 1605 3061 cet]
1640 3010 1933 3060 «Torquendo

1052 3084 1132 3124 per
1160 3071 1381 3113 trochleas
1413 3071 1568 3113 attollit
1593 3072 1804 3124 lapidem,
1839 3074 1929 3124 qui,

1052 3136 1132 3175 nisi
1164 3145 1398 3184 cavemus,
1442 3135 1567 3175 facile
1600 3146 1680 3176 nos
1711 3134 1930 3175 collidat.»

1055 3221 1099 3226 —
1146 3197 1350 3250 robustis]
1409 3199 1619 3249 «magnis
1668 3197 1930 3249 largumque

1051 3261 1243 3312 spatium
1274 3260 1639 3312 occupantibus.»
1677 3283 1721 3287 -
1761 3259 1928 3310 funera]

1053 3323 1115 3363 Cf.
1141 3324 1228 3362 Sat.
1254 3325 1269 3363 4
1293 3355 1300 3371 ,
1335 3324 1380 3372 6,
1405 3322 1472 3363 43.
1521 3324 1607 3362 «Ex
1637 3333 1723 3361 una
1754 3320 1928 3372 plateae

1050 3387 1175 3437 parte
1203 3387 1388 3426 veniunt
1417 3385 1592 3434 funera,
1627 3396 1679 3424 ex
1703 3383 1840 3423 altera
1861 3383 1930 3421 in-

1051 3450 1196 3500 gentia
1225 3451 1496 3490 rusticorum
1515 3447 1710 3500 plaustra
1734 3448 1776 3487 et
1794 3447 1928 3486 vicis-

1051 3513 1134 3553 sim
1165 3523 1265 3552 sese
1296 3511 1543 3563 impediunt
1569 3511 1702 3561 atque
1723 3511 1923 3560 urgent.»
