2231 3787
851 241 946 280 [1ss.
982 242 1030 280 11.

1098 241 1259 281 EPIST.
1296 243 1322 280 Ι.

1894 244 1995 293 609

244 371 395 433 Quae
435 370 611 439 gravis
654 373 928 441 Aesopus,
971 388 1112 441 quae
1154 371 1344 424 doctus
1389 373 1612 425 Roscius
1653 375 1779 443 egit:

243 469 331 523 Vel
373 471 500 541 quia
539 471 607 522 nil
650 481 878 532 rectum,
922 472 1021 524 nisi
1062 472 1205 542 quod
1248 472 1445 543 placuit
1483 473 1612 528 sibi.
1656 474 1880 529 ducunt.

240 570 330 624 Vel
371 573 496 642 quia
534 581 691 643 turpe
731 582 916 643 putant
954 590 1146 644 parere
1186 574 1483 627 minoribus
1523 584 1597 633 et.
1641 593 1780 646 quae

240 672 517 726 Imberbes
557 672 822 728 didicere.
878 692 1037 728 senes
1078 674 1356 746 perdenda
1394 675 1560 730 fateri.

1928 680 1994 729 853

240 775 351 827 Iam
389 774 591 828 Saliare
631 775 834 828 Numae
874 792 1091 829 carmen
1131 778 1222 848 qui
1262 777 1443 830 laudat
1479 787 1531 830 et
1570 777 1721 839 illud,

224 927 395 968 perscr.
429 928 452 956 ο
483 928 520 956 c.
549 939 591 945 —
627 916 692 957 83.
726 918 867 956 dicunt
898 917 1036 957 Codd.
1071 918 1170 969 aliq.
1206 922 1247 958 et
1279 919 1386 959 Edd.
1423 923 1528 960 vett.
1562 943 1604 948 —
1640 921 1707 961 85.
1739 922 1940 962 Imberhes

224 977 346 1019 bSEc
367 982 409 1019 et
429 990 585 1020 omnes
607 980 733 1027 Feae,
760 981 966 1025 Pottierii,
992 979 1219 1029 Schmidii,
1251 982 1378 1020 Lth:
1414 982 1585 1021 Imber-bi
1609 984 1638 1021 C
1666 982 1863 1032 (sortasse
1886 996 1936 1023 ex

224 1041 381 1090 Codd.,
401 1044 522 1082 certe
541 1053 593 1082 ex
611 1040 754 1082 Schol.
775 1043 885 1091 suo).
911 1040 1148 1090 Bentleius,
1173 1042 1226 1082 M.
1252 1065 1281 1070 -
1308 1042 1373 1082 86.
1396 1044 1504 1082 istud
1524 1045 1692 1095 primus
1709 1045 1932 1085 Schmidii.

169 1176 304 1217 quam
349 1165 567 1216 adducar,
617 1170 666 1206 ut
696 1167 876 1207 credam
910 1167 1051 1206 Hora-
1084 1170 1087 1184 ³

169 1229 278 1268 tium
309 1230 398 1269 tam
430 1229 638 1281 ambigue
663 1233 704 1269 et
737 1232 937 1269 contorte
956 1241 1052 1279 per-

167 1290 384 1331 ambulare
420 1294 544 1344 fiores
581 1304 660 1344 pro
699 1303 946 1332 enumerare
983 1292 1051 1332 di—

168 1355 343 1393 cturum
376 1354 537 1402 fuisse,
571 1357 619 1394 ut
647 1350 902 1394 Malerteras
931 1354 1051 1394 deri-

167 1416 308 1456 deret.
343 1417 468 1465 Quod
490 1419 639 1456 autem
663 1419 794 1457 etiam
817 1419 862 1457 L.
886 1417 1050 1457 Afranii

166 1480 465 1519 Malea-tera
481 1478 552 1519 vel
567 1481 884 1519 Materterae
906 1478 1050 1519 sabula

166 1542 329 1582 exstitit
364 1542 512 1590 [Bothe
544 1544 663 1581 Po'et.
692 1543 815 1581 Com.
851 1552 892 1592 p.
921 1542 1047 1591 4782,

167 1615 253 1644 non
299 1606 389 1653 est,
437 1615 516 1644 cur
553 1603 811 1643 dubitemus
853 1603 907 1642 de
940 1605 1049 1642 Por-

165 1666 395 1718 phyrionis
417 1666 693 1705 narratione:
718 1676 822 1705 nam
845 1664 1047 1704 eiusdem

166 1728 356 1768 nominis
373 1726 543 1767 fabulas
565 1730 753 1778 uterque
776 1730 905 1778 poeta
929 1737 1050 1766 com-

166 1800 336 1841 ponere.
352 1791 507 1840 potuit.
535 1811 580 1817 -—
597 1789 754 1840 patres]
774 1790 1045 1835 «seniores,»

165 1862 273 1891 non:
309 1853 609 1891 «senatores»
643 1851 732 1891 Cfr.
755 1862 796 1890 v.
823 1851 888 1890 85.

221 1913 368 1954 82-85.
402 1913 597 1965 Aesopus]
629 1912 930 1953 nobilissimus
962 1916 1049 1952 tra-

165 1979 362 2029 gicarum
395 1976 643 2017 fabularum
674 1979 820 2025 actor,
865 1988 1049 2016 summus

165 2039 324 2090 artifeJ:
351 2043 388 2078 et
416 2050 575 2089 semper
599 2040 789 2089 parlium
819 2041 858 2079 in
891 2051 935 2079 re
960 2051 1048 2089 pu-

168 2102 275 2141 blica
304 2105 393 2140 tam
413 2112 541 2151 quam
561 2102 602 2140 in
626 2112 748 2140 scena
773 2102 1045 2151 optimarum,

165 2165 213 2203 ut
256 2164 315 2202 ait
360 2163 455 2203 eius
498 2161 722 2202 familiaris
763 2163 920 2203 Cicero
965 2173 1046 2214 pro

166 2227 307 2266 Sestio
337 2226 413 2274 56,
449 2226 570 2272 ⁴204
611 2226 757 2276 yravis
785 2228 934 2264 autem
966 2235 1047 2264 vo-

166 2291 312 2337 catur,
346 2288 448 2339 quia
481 2289 646 2339 primas
667 2286 761 2327 illas
782 2290 933 2339 partes
955 2289 1047 2326 tra-

165 2351 424 2403 goediarum
446 2350 621 2401 egregie
643 2348 829 2400 agebat,
862 2351 911 2388 ut
933 2352 959 2388 A
969 2359 1047 2399 ga-

166 2423 479 2460 memnonem,
518 2412 724 2459 Aiacem,
772 2411 1043 2461 Eurysacen.

166 2476 279 2516 Vixit
313 2476 436 2514 certe
466 2484 610 2525 usque
641 2473 697 2512 ad
727 2484 767 2512 a.
799 2484 844 2512 u.
878 2484 915 2512 c.
949 2473 1043 2513 699.

166 2538 216 2577 V.
251 2537 478 2576 onomast.
511 2534 773 2575 Tullianum.
810 2558 854 2562 —
891 2536 937 2584 Q.
965 2537 1048 2575 Ro—

166 2599 273 2638 scius
301 2597 546 2637 comoedus
576 2608 720 2648 aeque
751 2595 933 2645 nobilis,
965 2608 1046 2648 pro

169 2672 256 2712 quo
288 2662 426 2701 exstat
446 2660 673 2700 Ciceronis
695 2659 857 2708 oratio,
891 2659 1047 2700 huius-

168 2733 255 2774 que
295 2733 459 2762 amores
497 2726 535 2761 et
573 2722 766 2769 delicia-e,
813 2721 869 2761 de
901 2722 1042 2760 Divin.

169 2786 213 2834 4,
246 2784 319 2832 36,
354 2785 445 2832 79.;
478 2785 620 2824 doctus
639 2787 810 2831 autem,
844 2784 954 2831 quod
971 2783 1048 2822 hoc

167 2849 225 2886 est
261 2850 523 2895 consecutus,
569 2850 637 2895 ut,
683 2846 723 2884 in
765 2856 846 2895 quo
876 2845 1049 2894 quisque

167 2908 346 2959 artificio
375 2908 615 2957 excelleret,
662 2908 697 2946 is
726 2908 770 2946 in
797 2917 872 2946 suo
900 2917 1048 2958 genere

167 2969 350 3008 Roscius
394 2970 614 3008 diceretur.
668 2969 757 3009 Cic.
794 2968 849 3008 de
890 2969 962 3008 Or.
998 2969 1042 3016 4,

167 3029 244 3076 28,
280 3029 373 3069 430.
412 3030 596 3070 Roscius
625 3041 729 3070 cum
759 3033 962 3071 mortuus
992 3031 1048 3071 sit

169 3101 210 3130 a.
232 3102 275 3130 u.
301 3101 340 3129 c.
364 3090 460 3129 693.
496 3091 600 3140 (Cic.
623 3102 705 3142 pro
727 3092 858 3131 Arch.
877 3092 918 3140 8,
945 3092 1044 3142 ΗΠ),

169 3153 207 3192 si
234 3163 351 3192 anno
381 3150 475 3191 690.
515 3152 560 3191 in
589 3163 722 3192 scena
755 3153 1048 3204 comparebat

170 3223 315 3264 neque
346 3215 490 3252 artem
520 3212 736 3259 desierat,
770 3224 878 3254 sane
909 3215 984 3264 qui
1004 3225 1043 3254 a.

168 3285 212 3314 u.
228 3285 266 3314 c.
281 3274 375 3315 744.
390 3273 601 3314 vivebant
621 3274 796 3314 circiter
815 3277 1049 3326 septuage-

171 3337 300 3385 narii,
337 3337 569 3387 utriusque
595 3336 757 3375 actoris
785 3335 927 3386 probe
954 3347 1050 3375 me-

171 3398 351 3438 minisse
385 3400 603 3449 poterant.
657 3397 867 3437 Ceterum
894 3408 945 3436 ex
975 3408 1045 3446 eo,

1117 1169 1335 1213 moratur,
1389 1169 1646 1219 neutiquam
1697 1169 1993 1220 colligendum

1117 1232 1183 1270 est
1222 1232 1368 1270 Altam
1413 1231 1547 1271 etiam
1594 1234 1841 1282 tragoedias
1885 1236 1996 1273 scri-

1115 1292 1284 1343 psisse,
1318 1292 1398 1332 sed
1430 1293 1500 1332 hic
1531 1292 1653 1333 locus
1680 1295 1735 1333 ita
1760 1306 1862 1335 cum
1883 1297 1998 1335 Neu-

1114 1354 1284 1393 kirchio
1307 1355 1667 1405 interpretandus
1687 1356 1882 1395 x‘idelur:
1910 1358 1997 1396 «Ex

1116 1416 1477 1456 adversariorum
1544 1417 1725 1467 quidem
1792 1429 1996 1459 meorum

1115 1479 1321 1529 opinione
1352 1477 1407 1517 ab
1430 1482 1605 1530 Aesopo
1629 1483 1675 1519 et
1694 1481 1851 1520 Roscio
1874 1491 1998 1531 egre-

1114 1540 1208 1589 giae
1240 1539 1552 1579 tantummodo
1583 1543 1709 1579 actae
1741 1543 1844 1580 sunt
1866 1541 1997 1581 fabu-

1112 1599 1204 1648 lae,
1238 1611 1349 1651 quas
1379 1601 1714 1652 reprehendere
1745 1602 1869 1643 nefas
1903 1607 1992 1643 est:

1113 1665 1246 1713 atque
1279 1674 1330 1702 ex
1354 1664 1511 1703 harum
1535 1675 1723 1703 numero
1740 1666 1865 1704 Attae
1888 1676 1996 1717 quo-

1114 1736 1201 1776 que
1244 1728 1418 1775 togatae
1461 1728 1606 1765 sunt.»
1643 1749 1687 1754 —
1720 1737 1876 1775 parere
1913 1727 1995 1764 mi.-

1113 1788 1296 1839 noribus]
1330 1788 1578 1827 «iuniorum
1600 1787 1772 1827 iudiciis
1794 1799 1895 1827 sese
1917 1798 1995 1828 ac—

1113 1849 1402 1890 commodare
1425 1860 1477 1888 ac
1506 1849 1643 1890 fidem
1675 1849 1916 1889 tribuere.»
1945 1873 1989 1877 —

1104 1913 1336 1964 perdenda]
1357 1912 1517 1952 «missa
1535 1911 1734 1951 facienda
1751 1944 1759 1960 ‚
1784 1911 1993 1951 oblivioni

1112 1975 1374 2014 tradenda.»

1166 2037 1313 2077 86-89.
1359 2037 1463 2088 Iam]
1503 2035 1746 2087 gradationi
1787 2038 1990 2077 inservit:

1113 2099 1227 2138 «iam
1267 2110 1398 2151 xjero,
1445 2099 1626 2138 vollends
1664 2111 1769 2149 nun,
1814 2099 1996 2138 vollends

1110 2171 1234 2211 yar.»
1269 2160 1332 2199 Cf.
1357 2160 1538 2200 Schmid
1560 2160 1616 2200 ad
1640 2161 1743 2200 Hor.
1764 2161 1871 2212 Epp.
1892 2160 1987 2200 Vol.

1111 2223 1161 2260 11.
1186 2233 1229 2273 p.
1254 2221 1348 2261 307.
1395 2221 1523 2261 Hand
1554 2223 1678 2262 Turs.
1714 2223 1783 2262 ΙΙΙ.
1817 2234 1861 2273 p.
1896 2223 1989 2262 ⁴26.

1113 2286 1157 2323 et
1188 2283 1265 2324 448
1297 2295 1363 2334 sq.
1402 2305 1445 2310 —
1488 2283 1657 2323 Saliare
1692 2284 1856 2323 Numae
1893 2295 1994 2323 car-

1111 2345 1216 2397 men]
1249 2347 1341 2385 Liv.
1368 2347 1382 2385 i
1406 2378 1414 2394 ‚
1449 2346 1522 2385 20:
1556 2346 1693 2385 Salios
1721 2347 1817 2386 ilem
1837 2347 1994 2386 duode-

1110 2408 1192 2446 cim
1205 2409 1338 2447 Marti
1356 2409 1542 2448 Gradivo
1563 2409 1730 2458 (Numa)
1749 2408 1862 2459 leyit,
1886 2408 1995 2446 luni-

1111 2481 1266 2520 caeque
1289 2471 1430 2520 pictae
1466 2470 1624 2520 insiyne
1654 2470 1763 2509 dedit
1798 2474 1836 2509 et
1871 2480 1995 2518 super

1111 2533 1297 2572 tunicam
1313 2543 1488 2572 aeneum
1496 2532 1658 2582 pectori
1673 2536 1877 2583 tegumen,
1901 2542 1995 2571 cae—

1111 2595 1310 2644 lestiaque
1338 2605 1487 2642 arma,
1520 2604 1628 2642 quae
1657 2594 1815 2632 ancilia
1845 2594 1992 2643 appel—

1111 2657 1277 2705 lantur,
1308 2657 1421 2706 ferre
1449 2667 1501 2694 ac
1529 2667 1608 2705 per
1636 2654 1780 2694 urbem
1818 2655 1880 2694 ire
1917 2666 1993 2694 ca-

1111 2722 1248 2757 nentes
1295 2718 1489 2756 cat-mina
1531 2728 1625 2756 cum
1668 2717 1863 2766 tripudiis
1909 2717 1993 2755 sol-

1110 2781 1313 2830 lemnique
1331 2779 1486 2818 saltatu
1508 2779 1635 2817 iussit.
1668 2778 1922 2828 (Diomedes
1945 2789 1988 2829 p.

1113 2842 1212 2882 473:
1252 2843 1437 2880 Numam
1468 2840 1738 2889 Pompilium,
1775 2840 1991 2879 divinitate

1104 2904 1371 2954 praeditum,
1411 2904 1519 2942 hunc
1541 2904 1689 2953 pedem
1713 2902 1988 2954 (spondeum)

1109 2966 1367 3017 Pontificium
1388 2965 1616 3015 appellasse
1634 2968 1881 3013 memorant,
1899 2975 1993 3003 cam

1111 3028 1247 3068 Salios
1282 3028 1465 3066 iuniores
1499 3027 1643 3077 aequis
1670 3025 1875 3077 yressibus
1903 3027 1991 3065 cir-

1110 3090 1295 3129 culantes
1323 3089 1534 3128 induceret
1561 3089 1739 3138 spondeo
1769 3088 1872 3127 melo
1898 3089 1992 3126 deos

1104 3152 1281 3202 placare
1334 3149 1565 3202 indigetes.)
1629 3150 1740 3189 Cum
1794 3149 1990 3188 carmine

1110 3213 1297 3252 fratrum
1325 3211 1548 3251 Arvalium
1578 3211 1664 3250 hoc
1695 3209 1857 3249 Saliare
1889 3220 1993 3247 ver-

1111 3275 1236 3315 sibus
1265 3275 1477 3314 Saturniis
1507 3273 1831 3324 compositum.
1872 3271 1992 3321 quod

1110 3340 1345 3376 aramenta
1374 3336 1542 3375 dictum
1571 3334 1705 3374 fuisse
1730 3334 1881 3372 Festus
1906 3337 1992 3372 tra-

1112 3397 1243 3446 didit,
1283 3396 1641 3447 antiquissimum
1673 3393 1770 3441 suit,
1813 3392 1870 3432 de
1901 3405 1990 3444 quo

173 3459 292 3508 quod
311 3462 534 3511 Aesopus,
567 3459 759 3509 tragicus
779 3460 924 3506 actor,
956 3469 1050 3498 me-
1112 3459 1383 3510 accepimus.
1445 3458 1493 3496 In
1535 3454 1730 3505 reliquiis
1774 3455 1815 3494 S.
1855 3455 1902 3494 C.
1946 3456 1988 3495 in

266 3534 417 3570 Hom-r.
446 3544 536 3571 vor..
564 3534 605 3570 n.
661 3545 712 3570 nn
755 3543 838 3569 MAI.
869 3533 927 3568 111.

1659 3532 1705 3567 39
