2231 3787
821 324 920 363 Lm.
955 324 1004 363 11.
1066 325 1178 364 SAT.
1213 325 1319 364 vin.
1897 326 1998 376 349

252 455 383 507 Nam
422 454 544 506 mihi
587 456 864 525 quaerenti
913 456 1192 508 convivam
1232 455 1404 508 dictus
1446 455 1573 510 ltere
1614 456 1717 510 illic

252 557 329 609 De
369 554 547 608 medio
587 565 774 626 potare
814 555 916 609 die.

255 659 307 709 ln
347 657 451 710 vita
491 656 648 710 fuerit
687 656 891 710 melius,
968 658 1067 718 Da,

995 556 1109 617 Sic,
1152 566 1208 608 ut
1245 557 1370 609 mihi
1413 575 1688 629 nunquam

1112 658 1154 710 si
1195 675 1358 728 grave
1398 676 1503 711 non
1543 668 1646 719 est,

287 809 325 847 ⁶2.
352 809 565 857 quaerenti
585 809 802 847 convivam
828 807 1001 860 bSEcp,
1026 808 1164 846 LCtF:
1198 808 1416 846 convivam
1436 810 1651 856 quaerenti
1673 822 1696 850 e
1720 811 1941 852 Prisciano

236 870 315 919 (45,
349 870 390 917 3,
424 869 506 918 44.)
539 869 760 909 Bentleius
792 872 834 909 et
864 871 918 909 M.
957 892 999 897 —
1042 870 1129 908 heri
1158 881 1380 921 superscr.
1413 871 1508 910 here
1537 872 1577 910 S.
1615 873 1821 922 (Firmant
1849 875 1944 914 here

232 932 480 971 Priscianus
511 930 536 971 l.
576 931 602 970 l.
643 936 686 971 et
719 932 841 981 bEc.)
879 953 922 959 —
959 932 995 971 3.
1032 932 1095 970 die
1124 944 1176 971 es.
1225 932 1293 971 Sic
1322 934 1543 985 Doeringii
1575 936 1782 986 suspicio.
1822 959 1866 964 ——
1899 936 1936 976 4.

231 995 376 1034 melius
403 995 531 1045 faerit
559 996 600 1034 S.
638 1018 681 1022 —
715 994 797 1046 Da]
831 995 894 1034 die
923 994 1091 1046 bSEcp,
1125 996 1168 1033 et
1198 993 1434 1036 Bentleius.

232 1128 268 1165 4.
320 1128 368 1166 Ut
397 1127 498 1178 cet]
548 1128 624 1167 Hic
665 1138 770 1167 usus
811 1126 1050 1179 particulae
1117 1139 1252 1179 quem
1281 1131 1517 1180 propterea
1558 1128 1698 1179 lauto,
1751 1134 1798 1171 ut
1841 1133 1996 1184 opina-

175 1193 219 1228 ηε
250 1189 290 1228 in
324 1189 664 1239 interrogatione
688 1190 857 1229 directa
878 1190 1054 1229 videtur

176 1253 395 1292 sermonis
417 1252 659 1303 quotidiani
681 1253 901 1304 proprius.
940 1253 1048 1304 Epp.

177 1315 192 1353 4
217 1346 224 1361 ,
259 1314 305 1362 3,
341 1316 390 1354 42
413 1327 419 1353 ;
458 1316 505 1353 L't
532 1314 674 1354 valet?
702 1319 746 1354 ut
777 1316 960 1354 meminit
982 1327 1053 1354 no-

173 1375 282 1415 stri?
312 1375 448 1416 Plaut.
476 1378 594 1415 Pers.
620 1378 667 1425 ⁶2,
701 1378 749 1424 5,
783 1377 830 1417 8:
870 1377 1051 1416 nivale-

173 1436 278 1476 tur?
320 1437 496 1477 Terent.
536 1439 690 1478 Heaut.
724 1439 769 1487 ⁶2,
805 1439 852 1487 3,
886 1440 959 1478 26:
1008 1443 1053 1478 ut

171 1499 311 1539 vales?
336 1523 379 1527 —
402 1500 631 1552 Nasidieni]
666 1502 904 1541 Pronuntia
926 1504 1052 1553 quat—

171 1564 271 1602 tuor
300 1561 481 1613 syllabis
512 1565 637 1614 quasi
667 1566 898 1615 Nasidjeni.
959 1566 1046 1605 Cfr.

171 1636 212 1664 v.
237 1626 303 1665 75.
329 1627 372 1665 et
392 1625 459 1666 84.
513 1626 590 1665 Od.
616 1626 662 1676 3,
696 1627 745 1676 4,
780 1627 846 1667 44.
888 1628 975 1667 Sat.
1003 1628 1046 1677 4,

171 1687 218 1736 7,
252 1687 318 1727 30.
377 1688 494 1739 Virg.
532 1690 641 1728 Aen.
681 1690 726 1738 6,
770 1689 843 1729 33:
891 1691 1046 1739 omnja.

171 1749 216 1796 7,
250 1749 351 1789 237:
394 1751 629 1800 precantJ'a.
682 1751 833 1790 Iuven.
874 1752 921 1800 6,
969 1752 1045 1791 82:

169 1810 343 1861 tudjum.
385 1811 539 1852 Catull.
573 1813 648 1861 62,
682 1814 756 1852 57:
804 1814 1044 1863 eonubjum,

169 1872 224 1913 de
256 1884 342 1925 quo
371 1875 458 1914 vid.
483 1877 678 1926 Wagner
708 1875 764 1915 ad
795 1877 911 1927 Virg.
937 1879 1044 1916 Aen.

170 1935 217 1984 4,
251 1935 316 1975 73.
368 1937 480 1976 Feae
512 1936 665 1986 lectio,
701 1939 783 1978 etsi
814 1938 1001 1989 probata
1023 1949 1047 1977 a

168 1997 317 2037 Iahnio
350 1999 419 2049 (ita
458 1999 665 2049 quidem:
716 2001 796 2050 Qui
833 2001 1048 2040 Nasidieni

168 2059 269 2109 cet.)
302 2060 689 2112 interpolatoribus
711 2061 924 2111 debetur,
958 2063 1048 2102 Pri-

166 2121 315 2162 sciano
347 2125 489 2171 certe,
537 2123 611 2174 qui
655 2126 855 2164 nostram
898 2124 1044 2164 firmat

168 2184 243 2230 47,
276 2184 322 2230 5,
356 2183 440 2231 38„
472 2185 817 2235 posterioribus,
851 2186 894 2225 id
925 2186 1046 2237 quod

167 2244 440 2284 demonstrat
471 2257 510 2285 v,
546 2250 618 2296 qui
654 2258 734 2298 pro
763 2252 809 2287 ut
837 2247 908 2288 vel
941 2261 1045 2299 quo-

165 2309 286 2346 modo
316 2308 462 2347 minus
493 2311 614 2348 recte
646 2310 854 2359 positum.
915 2312 1045 2351 Esset

168 2371 307 2409 enim:
342 2370 583 2420 aufwelehe
608 2372 756 2419 Weise,
791 2382 902 2411 non:
935 2373 1045 2411 wie?

169 2432 268 2482 «qui
292 2431 385 2470 fieri
407 2433 566 2483 potuit,
591 2435 637 2471 ut
658 2433 882 2473 Nasidieni
903 2444 1043 2474 coena

168 2496 209 2533 te
242 2495 471 2533 iuvaret·.’»
510 2505 645 2545 prava
677 2496 829 2546 utique
861 2499 1043 2536 senten-

166 2556 238 2594 tia.
299 2556 488 2607 Operam
509 2559 660 2596 autem
692 2559 734 2596 et
764 2556 908 2597 oleam
938 2569 1043 2609 per-

167 2617 296 2666 dunt,
330 2619 403 2669 qui
435 2619 622 2659 credunt
642 2619 745 2659 ficto
768 2621 945 2660 nomine
969 2621 1043 2661 de-

166 2680 299 2720 rideri
349 2683 423 2720 aut
476 2683 524 2729 Q.
567 2682 819 2732 Nasidium,
866 2684 1042 2723 Antonii

166 2742 328 2782 ducem
351 2743 444 2793 (Dio
468 2745 590 2784 Cass.
616 2745 692 2793 50,
719 2744 820 2795 43.),
854 2748 929 2785 aut
949 2744 1043 2785 Sal-

165 2804 389 2845 vidienum
440 2806 622 2853 Rufum,
675 2806 867 2857 legatum
911 2809 1043 2848 Octa-

165 2867 301 2914 viani,
350 2867 405 2906 de
450 2878 537 2918 quo
581 2867 699 2908 nullo
743 2870 878 2909 modo
923 2869 1041 2921 loqui

166 2929 340 2978 poterat
370 2929 591 2969 Horatius.
625 2929 899 2972 Salvidienus
922 2933 1042 2972 enim

166 2988 341 3028 occisus
371 2991 447 3039 ,est
487 2990 541 3030 ab
573 2991 811 3032 Octaviano
843 3005 882 3033 a.
919 3006 963 3034 u.
1000 3006 1037 3034 c.

166 3048 259 3089 744.
312 3050 404 3100 (Dio
437 3051 558 3092 Cass.
588 3052 663 3102 48,
695 3055 762 3094 33.
811 3055 964 3096 Vellei.
988 3058 1038 3107 2,

166 3111 265 3161 76.):
307 3111 419 3151 haec
457 3115 607 3153 autem
637 3116 775 3155 Satira
805 3119 968 3170 scripta
998 3130 1036 3158 a.

165 3184 208 3213 u.
233 3185 270 3213 c.
296 3173 388 3214 7:24.
425 3175 632 3226 (Kirchn.)
662 3177 731 3217 vel
756 3180 868 3229 726„
900 3183 949 3220 ut
970 3180 1040 3220 alii

164 3235 329 3276 volunt.
390 3236 650 3278 Nasidienus
681 3240 814 3280 Rufus
852 3243 1039 3284 testibus

167 3297 418 3339 Scholiastis
467 3297 545 3338 fuit
595 3310 734 3351 eques
787 3303 1036 3355 Romanus,

167 3358 351 3400 fortasse
383 3360 664 3411 publicanus,
698 3365 747 3402 ut
774 3365 954 3406 Porcius
982 3367 1037 3417 (v.

166 3419 269 3470 23.),
312 3422 380 3461 cui
420 3421 535 3462 utilis
566 3433 666 3463 esse
696 3426 872 3475 poterat
899 3427 943 3466 in
972 3428 1039 3468 his

168 3479 304 3521 illisve
325 3484 510 3534 negotiis
526 3484 784 3526 adiuvandis
806 3488 850 3526 et
868 3488 911 3527 in
932 3498 1041 3529 con-

169 3542 383 3586 ducendis
438 3545 725 3597 vectigalibus
783 3549 1037 3600 Maecenas,

1116 1190 1266 1238 batur,
1301 1192 1501 1230 convivio
1524 1194 1712 1244 excepit.
1769 1193 1888 1236 Alius
1909 1197 1995 1235 Na-

1114 1253 1294 1292 sidienus
1322 1256 1598 1293 memoratur
1627 1256 1809 1296 Martial.
1834 1258 1881 1306 7,
1914 1258 1992 1307 54,

1115 1314 1173 1363 8.,
1207 1315 1362 1355 tertius
1393 1316 1434 1355 in
1456 1317 1654 1368 Inscript.
1680 1319 1797 1369 apud
1821 1320 1991 1370 Hagen-

1114 1376 1248 1416 buch.
1289 1378 1398 1428 Epp.
1439 1379 1584 1430 Epigr.
1622 1380 1723 1420 Mss.
1757 1382 1876 1421 4755.
1911 1384 1989 1429 22,

1115 1438 1158 1477 6:
1205 1439 1249 1478 L.
1287 1440 1549 1481 NASJDJEsts
1590 1442 1750 1482 Aempp
1796 1444 1991 1495 (inensis)

1116 1501 1282 1540 TRIBVN.
1324 1503 1427 1541 LEG.
1470 1513 1583 1543 sun.
1623 1505 1733 1545 Gfflt.
1784 1527 1828 1534 —
1871 1507 1992 1559 bea-ti]

1115 1563 1328 1613 «divitis»,
1363 1567 1409 1604 ut
1439 1566 1516 1605 Od.
1542 1566 1590 1615 3,
1624 1568 1669 1617 7,
1704 1568 1742 1607 3.
1802 1570 1865 1608 De
1898 1568 1993 1609 Cal-

1110 1626 1219 1665 visio
1270 1627 1449 1667 homine
1497 1629 1719 1669 Nasidieni
1767 1642 1988 1682 perquam

1113 1689 1263 1736 simili,
1298 1691 1466 1730 Seneca
1498 1691 1632 1742 Epist.
1657 1692 1730 1731 27:
1763 1694 1992 1743 Nunquam

1112 1753 1196 1791 vidi
1224 1752 1428 1792 hominem
1458 1753 1621 1792 beatum
1650 1754 1915 1795 indecentius.

1166 1814 1251 1853 ‘’t-6.
1285 1816 1500 1863 quaerenti
1519 1816 1750 1869 convivam]
1774 1819 1820 1856 In
1837 1829 1907 1857 vv.
1924 1829 1992 1857 or-

1112 1876 1212 1915 dine
1230 1875 1367 1917 libros
1380 1877 1506 1928 sequi
1524 1878 1658 1917 tutius
1672 1880 1739 1918 est
1755 1890 1888 1930 quam
1903 1881 1991 1919 Pri-

1111 1940 1311 1980 scianum
1328 1940 1604 1989 memoriter,
1620 1943 1667 1979 ut
1682 1941 1871 1991 videtur,
1889 1954 1991 1994 pro-

1110 2003 1209 2052 pter
1229 2001 1418 2041 formam
1437 2001 1532 2041 here
1547 2002 1666 2053 apud
1688 2001 1886 2043 Plautum
1908 2003 1991 2044 fre-

1111 2066 1323 2115 quentem
1352 2065 1471 2104 hunc
1491 2076 1532 2103 v.
1556 2063 1828 2105 laudantem.
1851 2090 1896 2094 —
1922 2067 1989 2106 di-

1109 2126 1210 2178 ctus]
1234 2138 1287 2166 ex
1313 2137 1521 2166 sermone
1544 2128 1797 2178 quotidiano
1820 2139 1899 2180 pro
1923 2129 1989 2167 di-

1108 2193 1197 2228 etus
1207 2200 1260 2236 es,
1281 2191 1327 2228 ut
1345 2200 1478 2240 saepe
1496 2189 1615 2241 apud
1633 2188 1835 2230 Plautum
1852 2192 1894 2230 et
1911 2192 1989 2230 Te-

1109 2252 1322 2301 rentium,
1355 2251 1473 2302 apud
1500 2262 1611 2302 quos
1634 2251 1828 2291 nonnulli
1851 2252 1987 2293 edunt

1108 2314 1277 2361 dietas,
1326 2314 1369 2353 id
1401 2313 1520 2364 quod
1558 2314 1735 2354 Horatio
1776 2315 1986 2366 equidem

1108 2377 1304 2416 tribuere
1335 2376 1495 2425 nolim,
1530 2378 1675 2418 minus
1706 2379 1839 2418 etiam
1870 2380 1987 2418 reci-

1108 2449 1214 2490 pere
1236 2439 1456 2488 Doeringii
1479 2437 1582 2477 illud
1607 2439 1660 2489 (v.
1681 2438 1736 2489 3.)
1756 2440 1819 2478 die
1840 2451 1892 2478 es.
1917 2440 1987 2480 Sic

1108 2503 1190 2541 cet..
1214 2524 1258 2528 -ι
1278 2500 1386 2552 here]
1420 2500 1594 2548 Quintil.
1622 2501 1664 2549 4,
1690 2501 1735 2549 7,
1770 2501 1841 2540 ⁶22:
1874 2502 1987 2542 here

1106 2574 1215 2602 nane
1243 2563 1279 2601 E
1308 2563 1448 2602 littera
1477 2563 1774 2610 terminamas;
1806 2567 1851 2602 at
1868 2569 1982 2604 vete-

1104 2637 1201 2665 rum
1230 2626 1483 2664 comicorum
1514 2625 1647 2664 adhuc
1677 2625 1792 2664 libris
1820 2626 1984 2665 invenio

1105 2687 1213 2726 heri
1251 2688 1313 2725 ad
1349 2698 1420 2726 me
1457 2687 1618 2735 venit,
1667 2687 1775 2736 quod
1804 2687 1910 2726 idem
1940 2688 1984 2726 in

1105 2749 1284 2798 epistolis
1324 2749 1525 2800 Auqusti,
1578 2760 1682 2798 qaas
1727 2760 1806 2788 sua
1852 2760 1984 2789 manu

1104 2812 1268 2861 scripsit
1303 2815 1377 2850 aut
1415 2812 1667 2859 emendavit,
1714 2812 1984 2860 deprehendi-

1105 2877 1188 2912 tur.
1214 2896 1259 2901 —
1290 2874 1354 2912 De
1381 2874 1515 2912 medio
1535 2895 1558 2902 —
1580 2872 1657 2924 die]
1690 2873 1798 2924 Epp.
1826 2874 1874 2923 4,
1909 2873 1978 2921 44,

1105 2934 1180 2975 34ῑ
1227 2935 1365 2974 media
1403 2935 1450 2974 de
1487 2935 1588 2974 lace.
1641 2934 1772 2975 Solita
1815 2946 1981 2975 coenae

1105 2998 1214 3037 hora
1243 2997 1323 3036 tuit
1343 3008 1474 3036 nona.
1507 2998 1615 3048 Epp.
1642 2998 1680 3046 4,
1705 2998 1749 3046 7,
1783 2999 1827 3038 74
1852 3010 1859 3036 ;
1890 3000 1983 3039 Post

1103 3071 1259 3099 nonam
1286 3062 1421 3099 venies
1451 3059 1521 3109 (ad
1551 3060 1766 3109 coenam).
1816 3060 1903 3100 Cic.
1925 3061 1979 3100 ad

1105 3122 1224 3162 Fam.
1256 3121 1302 3167 9,
1335 3121 1408 3170 26,
1452 3122 1498 3159 4:
1549 3120 1836 3160 Accubueram
1876 3123 1982 3162 hora

1103 3193 1228 3222 nona.
1279 3181 1460 3222 Martial.
1485 3181 1534 3231 4,
1558 3182 1604 3229 8,
1629 3183 1674 3221 6:
1707 3183 1891 3232 Imperat
1909 3195 1982 3224 ex-

1102 3248 1278 3284 structos
1304 3245 1502 3295 frangere
1530 3256 1644 3283 nona
1671 3248 1795 3284 toros.
1855 3246 1980 3285 Idem

1104 3308 1151 3355 7,
1184 3307 1258 3356 54,
1293 3307 1358 3346 44.
1391 3307 1549 3346 horam
1580 3307 1781 3347 decimam
1811 3317 1977 3346 coenae

1104 3369 1310 3419 assignat.
1361 3369 1412 3408 V.
1450 3369 1620 3408 Becker
1650 3369 1792 3408 Gallus
1826 3369 1895 3407 ΙΙΙ.
1931 3378 1974 3418 p.

1105 3430 1198 3469 479.
1261 3431 1530 3470 Censorinus
1550 3430 1616 3470 24.
1642 3430 1772 3469 docet
1797 3429 1978 3479 quadri-

1103 3492 1262 3542 partito
1285 3492 1475 3532 divisum
1506 3491 1639 3531 fuisse
1662 3491 1804 3530 diem:
1836 3502 1974 3540 mane,

1104 3553 1160 3591 ad
1187 3554 1420 3602 meridiem,
1453 3554 1502 3593 de
1528 3553 1700 3592 meridie
1729 3550 1797 3603 (ἐκ
1819 3562 1853 3592 s.
1879 3547 1976 3591 ἀπὸ
