2231 3787
887 268 986 307 [ΑΒ.
1023 270 1051 307 ι.
1115 268 1279 307 ErisT.
1314 269 1382 307 xi.
1952 262 2043 315 491

293 400 522 452 Strenua
562 416 660 451 nos
700 408 918 452 exercet
956 399 1174 463 inertia,
1215 399 1443 452 navibus
1482 407 1643 470 atque

292 501 581 572 Quadrigis
623 502 855 573 petimus
894 502 1035 556 bene
1076 502 1273 555 vivere.
1341 501 1502 565 Quod
1528 501 1689 572 petiS‚
1731 501 1818 556 hic
1845 512 1951 561 est,

289 604 380 657 Est
419 603 659 665 Ulubris,
703 605 913 658 animus
954 605 997 658 si
1037 613 1088 659 te
1129 621 1236 658 non
1277 603 1458 659 deficit
1499 621 1725 676 aequus
1986 605 2054 657 30

219 819 317 858 ratii
347 821 499 859 tamen
520 820 731 860 amicum.
784 821 997 860 Ceterum
1025 821 1102 861 cfr.
1167 821 1299 861 vitam
1328 821 1453 861 colas.
1516 820 1628 860 Rud.
1662 820 1709 870 2,
1742 819 1791 869 3,
1823 819 1896 859 74ῑ
1942 820 2056 871 Erqo

221 881 358 922 Plaut.
391 881 486 922 Aul.
511 884 559 931 ⁶2,
582 884 629 930 2,
655 884 731 923 40:
766 885 857 934 Pol,
882 885 916 923 si
937 889 994 924 est
1014 885 1106 924 ani-
1169 885 1335 924 animus
1373 895 1533 934 aequus
1580 884 1782 933 optimum
1826 887 1883 924 est
1927 895 2056 924 aeru-

219 957 311 986 mus
348 957 526 996 clemens,
577 947 680 986 satis
715 947 858 996 habes,
908 948 979 998 qui
1008 948 1104 988 benc
1166 959 1290 988 mnae
1319 948 1639 988 condimentum.

830 1129 1461 1176 EXCURSUS.

306 1225 530 1273 Quantum
572 1225 696 1276 potui
740 1224 900 1265 leniter
942 1224 997 1265 de
1040 1222 1212 1264 Bullatii
1248 1223 1395 1264 indole
1437 1234 1490 1264 ac
1519 1223 1721 1264 moribus
1752 1224 1965 1274 iudicavi,
2012 1227 2060 1263 ut

220 1296 410 1336 vitarem
451 1295 609 1335 vitium
652 1294 758 1334 illud
801 1294 1044 1335 multorum
1082 1295 1386 1345 Interpretum
1425 1295 1694 1345 praesertim
1733 1296 2056 1344 recentiorum,

222 1378 312 1418 quo
350 1367 517 1407 caecati
560 1377 701 1418 prope
734 1377 891 1406 omnes
921 1365 1087 1405 Horatii
1119 1366 1308 1413 amicos,
1358 1364 1520 1416 quibus
1551 1362 1760 1416 epistolas
1792 1365 1930 1413 misit,
1978 1377 2060 1405 no-

221 1437 290 1477 bis
337 1437 599 1478 describunt
643 1439 690 1476 ut
732 1437 937 1476 homines
984 1437 1218 1487 corruptos
1264 1446 1316 1475 ac
1359 1435 1585 1487 perditos,
1634 1437 1758 1486 quasi
1797 1447 1906 1476 vero
1948 1437 2061 1476 inter

220 1507 393 1550 Romuli
436 1508 610 1547 faecem
651 1507 824 1547 versari
862 1505 931 1547 ille
964 1505 1118 1547 solitus
1150 1505 1318 1546 fuisset.
1382 1507 1685 1557 Quamquam,
1734 1506 1841 1558 quid
1873 1507 1959 1546 dixi
1989 1518 2061 1546 re-

219 1580 487 1620 centiorum?
546 1581 658 1619 Nam
702 1580 915 1630 pervetus
964 1578 1076 1617 haec
1116 1579 1185 1617 est
1215 1575 1562 1617 Scholiastarum
1593 1579 1883 1629 perverSItas.
1945 1579 2060 1618 Ecce

222 1651 342 1691 enim
386 1652 610 1702 Interpres
654 1649 1006 1700 Rhenaugiensis
1051 1647 1244 1688 ineditus
1289 1646 1434 1688 Seculi
1470 1649 1592 1688 XII.:
1642 1650 1795 1689 «Hanc
1827 1648 2062 1701 epistolam

222 1720 378 1763 scribit
407 1720 464 1760 ad
495 1720 722 1772 quendam
752 1716 1036 1770 girovagum,
1071 1719 1251 1758 nomine
1283 1717 1542 1768 Bullatium,
1577 1720 1653 1770 qui
1685 1719 1793 1758 dum
1825 1721 1946 1759 esset
1975 1721 2062 1759 Ro-

222 1803 323 1832 mae
354 1793 398 1831 et
426 1789 589 1831 malam
619 1791 757 1830 vitam
788 1790 996 1839 duceret,
1044 1789 1142 1830 loco
1173 1789 1218 1829 id
1248 1790 1483 1841 imputavit
1513 1791 1557 1829 et
1587 1790 1763 1830 diversa
1794 1789 1888 1829 loca
1920 1790 2058 1841 petiit,

222 1864 259 1903 si
303 1873 439 1913 quem
482 1862 703 1902 inveniret
746 1865 901 1913 aptum
943 1860 1104 1900 beatae
1150 1862 1194 1900 et
1237 1861 1454 1900 honestae
1497 1861 1643 1907 vitae;
1691 1860 1772 1901 sed
1802 1860 2061 1911 ubicunque

222 1932 423 1973 locorum
453 1932 552 1982 fuit,
585 1943 674 1972 non
705 1930 864 1972 melius
895 1932 1044 1971 vixit.»
1103 1930 1230 1971 Idem
1261 1930 1317 1969 ad
1347 1929 1590 1981 Epistolam
1618 1931 1688 1970 1V.
1713 1943 1720 1969 τ
1781 1932 1929 1970 «Hanc
1960 1932 2063 1982 Epi—

222 2001 380 2044 stolam
423 2003 528 2043 facit
569 2001 722 2052 Albio,
771 2003 916 2043 amico
955 2013 1062 2051 suo,
1109 2003 1153 2041 in
1199 2013 1287 2053 qua
1316 2001 1495 2042 instruit
1526 2012 1629 2041 eum
1661 2001 1716 2041 ad
1748 2002 1988 2041 honestum
2021 2004 2064 2041 et

222 2072 356 2120 utile;
404 2073 696 2124 reprehendit
738 2073 781 2112 in
827 2083 880 2112 eo
922 2071 1148 2123 quaedam
1190 2073 1323 2121 vitia,
1371 2071 1540 2112 scilicet
1582 2070 1808 2112 levitatem
1854 2072 1987 2111 animi
2020 2074 2064 2112 et

224 2144 454 2183 avaritiam
486 2145 530 2182 et
560 2144 742 2182 nimiam
772 2144 1052 2195 parcitatem.
1086 2167 1111 2173 -
1139 2166 1162 2172 -
1201 2142 1431 2183 Simulavit
1461 2143 1580 2183 enim
1610 2143 1692 2184 iste
1724 2154 1771 2183 se
1804 2153 1937 2182 causa
1969 2145 2063 2183 stu-

225 2214 285 2254 dii
328 2214 542 2263 exivisse‚
591 2224 694 2253 cum
737 2214 885 2266 potius
929 2215 1068 2254 Roma
1113 2215 1350 2263 exivisset,
1401 2217 1450 2253 ut
1492 2213 1630 2254 rebus
1675 2215 1765 2254 suis
1810 2216 2062 2265 parceret.»

224 2285 303 2336 Ep.
327 2284 417 2323 VII.
443 2295 450 2322 ;
486 2284 738 2324 «Numicius
770 2283 849 2324 fuit
879 2284 1063 2335 quidam
1093 2283 1254 2324 nobilis
1283 2285 1534 2333 Romanus,
1566 2283 1696 2324 valde
1719 2284 1895 2324 deditus
1926 2283 2064 2324 rebus

226 2353 504 2395 secularibus
550 2356 593 2394 et
637 2354 830 2394 maxime
876 2354 1090 2406 cupidus,
1138 2353 1307 2395 scilicet
1337 2365 1522 2406 semper
1551 2355 1713 2395 timens
1744 2365 1823 2394 sua
1854 2354 2062 2406 perdere,

226 2426 447 2478 appetitor
475 2425 644 2473 famae,
677 2423 930 2465 luxuriosus
963 2426 1007 2465 et
1035 2423 1184 2465 multis
1217 2423 1311 2464 aliis
1340 2425 1456 2464 vitiis
1487 2425 1761 2465 confectus.»
1822 2426 1899 2476 Ep.
1924 2426 2060 2465 VIIL:

228 2497 386 2535 «Hanc
426 2494 669 2547 Epistolam
712 2495 814 2536 facit
845 2495 902 2534 ad
933 2495 1161 2546 quendam
1193 2494 1389 2535 Celsum.
1453 2495 1532 2534 Hic
1562 2506 1666 2534 cum
1698 2497 1818 2536 esset
1848 2495 1995 2535 scriba
2026 2506 2061 2536 s.

228 2564 518 2606 cancellarius
549 2564 718 2606 Claudii
748 2566 937 2606 Neronis
969 2567 1013 2605 et
1041 2569 1300 2606 versaretur
1329 2566 1444 2606 inter
1473 2566 1719 2618 principes,
1753 2566 1830 2606 ubi
1862 2567 1990 2606 caute
2022 2568 2066 2606 et

226 2638 415 2677 honeste
462 2636 760 2677 conveniebat
803 2647 851 2677 se
896 2635 1088 2685 habere,
1135 2635 1267 2677 stulte
1298 2639 1342 2677 et
1376 2636 1610 2676 inhoneste
1642 2647 1691 2677 se
1723 2637 1940 2688 gerebat»
1974 2639 2061 2677 cet.

226 2707 307 2759 Ep.
339 2707 418 2747 X.:
467 2707 626 2746 «Hanc
671 2705 905 2758 epistolam
950 2706 1053 2746 facit
1096 2706 1150 2746 ad
1197 2706 1426 2758 quendam
1470 2707 1664 2746 amicum
1708 2717 1840 2747 suum
1871 2707 2066 2747 Fuscum

228 2777 439 2817 Aristium
483 2776 761 2818 secularibus
807 2776 979 2818 delictis
1020 2777 1238 2818 deditum.
1317 2778 1445 2818 Hunc
1490 2778 1695 2817 Horatius
1739 2778 1828 2817 iam
1871 2778 2066 2818 rusticus

230 2847 371 2887 factus
402 2848 447 2887 et
475 2847 601 2899 quasi
630 2847 880 2888 monachus
911 2849 1101 2900 temptat
1131 2847 1386 2889 absterrere
1418 2847 1473 2887 ab
1505 2847 1574 2888 his
1594 2846 1896 2899 voluptatibus
1928 2849 1972 2888 et
1997 2860 2069 2888 ru-

231 2917 449 2957 sticanam
490 2917 629 2958 vitam
669 2919 711 2957 ei
753 2918 1120 2958 commendare.»
1192 2919 1313 2958 Haec
1357 2919 1401 2957 et
1445 2916 1547 2957 talia
1577 2919 1729 2958 autem
1757 2929 1841 2970 per
1869 2919 2067 2960 mediam

233 2996 369 3037 quam
413 2986 567 3026 dicunt
609 2989 803 3028 aetatem
846 3000 928 3040 pro
973 2990 1097 3029 certo
1142 3000 1231 3028 non
1275 2989 1422 3028 minus
1459 2987 1651 3028 libenter
1680 2987 2068 3040 amplectebantur

232 3058 366 3106 atque
411 3055 746 3096 admirabantur
783 3056 975 3098 lectores
1013 3069 1151 3110 quam
1186 3059 1325 3099 nostri
1365 3057 1605 3110 populares
1634 3058 1869 3099 Wielandii
1913 3073 2068 3117 χαρα-

233 3121 553 3183 κτηρισμούς,
586 3126 848 3177 priusquam
878 3128 1036 3170 Iacobs
1068 3128 1198 3169 aliam
1231 3130 1274 3169 et
1303 3129 1544 3169 rectiorem
1572 3130 1693 3169 viam
1723 3130 1951 3181 ingressus
1983 3135 2063 3172 est.

234 3198 355 3236 «Der
385 3199 552 3235 (iussere
580 3195 679 3235 Reiz
709 3196 782 3234 der
812 3197 1002 3249 Geyend,
1033 3199 1087 3239 ist
1115 3200 1181 3239 die
1207 3200 1300 3239 Idee
1330 3200 1399 3239 des
1428 3199 1621 3249 Ganzen,
1655 3199 1770 3239 kann
1800 3201 1927 3241 allein
1954 3202 2067 3240 nicht

232 3266 436 3318 yldcklich
463 3265 679 3304 machen.»
712 3266 923 3306 DiierER.
985 3270 1218 3309 «Incertae
1249 3271 1354 3309 sunt
1376 3269 1574 3309 virorum
1596 3269 1832 3311 doctorum
1855 3271 1910 3311 de
1931 3281 2062 3318 anne,

234 3347 322 3388 quo
354 3337 518 3388 scripta
547 3332 738 3386 Epist-ola
771 3334 998 3385 videatur,
1045 3340 1351 3391 suspiciones;
1395 3339 1488 3390 alii,
1532 3341 1606 3391 qui
1637 3339 1831 3380 motibus
1863 3339 2065 3380 civilibus

233 3405 468 3446 Bullatium
498 3408 547 3446 ut
576 3405 716 3445 exiret
745 3405 1013 3456 perductum
1044 3409 1300 3460 opinantur,
1334 3410 1389 3450 ad
1418 3421 1585 3451 annum
1607 3411 1699 3451 7⁴25.
1726 3421 1826 3450 eam
1847 3410 2060 3451 referunt.

237 3474 305 3516 alii
336 3488 425 3517 non
456 3476 622 3517 maiore
655 3474 741 3514 fide
775 3474 831 3514 ad
862 3487 900 3515 a.
936 3476 1029 3516 733.
1063 3477 1385 3519 descendunt.»
1422 3481 1621 3521 DILLENB.
