2231 3787
304 279 405 330 334

373 409 679 463 Discedunt.

931 279 1141 319 HORATll
1175 278 1473 320 SATIRARUM

759 409 963 462 Etenim
1001 408 1169 462 fateor
1207 424 1317 468 me,
1360 407 1552 460 dixerit
1590 405 1700 463 ille,

372 511 504 564 Duoi
545 519 729 564 ventre
770 509 968 565 levem.
1016 525 1206 562 nasum
1246 508 1433 561 nidore
1473 508 1718 578 supinor‚

373 610 700 669 Imbecillus,
744 611 909 671 inerS,
953 610 995 663 si
1036 609 1165 681 quid
1204 609 1310 669 vis,
1352 608 1518 671 adde,
1561 608 1775 679 popino.

372 715 474 773 Tu,
516 730 636 765 eum
677 712 751 765 sis
789 711 935 782 quod
976 727 1076 780 ogo
1117 717 1170 763 et
1207 710 1447 763 fortassis
1488 710 1742 780 nequior,
1786 709 1923 762 ultro

2045 711 2113 761 40

373 815 643 868 Insectere
682 812 828 866 velut
865 811 1054 865 melior
1091 811 1382 883 verbisque
1422 811 1635 865 decoris

371 914 640 969 Obvolxas
680 914 905 966 vitium?
946 912 1109 978 Quid,
1152 913 1195 966 si
1234 930 1320 980 rue
1360 912 1568 966 stultior
1606 913 1722 984 ipso

410 1097 474 1136 39.
509 1097 542 1135 si
574 1096 734 1146 quidvis
763 1096 844 1135 LC.
883 1117 926 1123 -
960 1094 1026 1135 42.
1058 1096 1143 1145 ipse
1173 1097 1226 1135 Se
1258 1097 1299 1134 et
1332 1105 1444 1134 corr.
1479 1094 1522 1144 b,
1557 1095 1656 1135 LCt.

300 1272 386 1300 non
418 1259 656 1307 audemus,
691 1259 921 1306 timentes,
961 1269 1016 1297 ne
1048 1260 1171 1308 tergo

300 1334 374 1362 eas
407 1323 583 1374 expiare
615 1320 905 1361 debeamus»
944 1344 988 1348 —
1019 1321 1173 1359 dixerit

299 1385 376 1437 ille]
410 1386 504 1424 Non
535 1385 661 1434 quasi
697 1383 866 1423 cautius
897 1381 1084 1433 loquens
1116 1382 1170 1421 de

299 1449 441 1486 semet
471 1448 567 1497 ipso
598 1447 744 1485 Davus
775 1446 958 1495 usurpat
987 1444 1077 1493 ille,
1118 1439 1171 1483 «ὁ

297 1507 449 1555 δεῖνα,
484 1508 753 1559 quispiam»,
786 1508 833 1545 ut
863 1504 1079 1553 nonnulli3
1126 1509 1175 1546 ut

298 1570 387 1617 alii,
423 1571 603 1609 «dixerit
631 1570 719 1618 ille,
754 1580 888 1619 quem
920 1571 965 1607 tu
990 1572 1078 1608 tam
1100 1579 1173 1607 ve—

298 1634 530 1672 hementer
564 1633 832 1678 insectare,»
879 1630 921 1669 id
957 1633 1044 1678 est,
1084 1630 1174 1669 «di-

297 1696 436 1734 xerim
469 1705 592 1744 ego.»
642 1695 715 1741 At,
750 1693 823 1744 qui
854 1694 916 1733 sic
938 1691 1170 1743 explicant,

298 1769 385 1797 non
429 1757 533 1796 satis
579 1755 913 1807 expenderunt,
964 1754 1033 1795 bis
1078 1757 1171 1794 tum

299 1820 427 1859 nimis
472 1817 600 1858 simili
644 1818 777 1857 modo
821 1829 920 1858 sese
957 1828 1171 1857 excusare

298 1891 350 1920 ao
379 1879 619 1920 defendere
651 1890 857 1928 servum,
906 1880 977 1919 hic
1000 1881 1044 1918 et
1072 1889 1174 1917 rur-

299 1954 374 1983 sus
404 1942 505 1982 inde
537 1953 558 1981 a
582 1954 623 1981 ν.
650 1942 726 1981 400
759 1953 885 1992 seqq.
940 1942 1032 1981 Hoc
1067 1951 1171 1991 ergo

299 2004 426 2044 dicit:
461 2002 627 2043 «Facile
649 2014 775 2043 suam
808 2014 988 2043 causam
1010 2002 1174 2042 adver-

298 2078 373 2107 sus
404 2068 445 2105 te
477 2067 534 2104 ita
565 2065 810 2105 defenderit
841 2064 1024 2105 Mulvius
1046 2075 1176 2105 seur—

299 2141 391 2168 ra.»
437 2129 610 2168 Etenim
640 2129 761 2168 Davo
793 2129 938 2168 minus
971 2127 1175 2167 convenit

299 2204 340 2231 v.
361 2191 445 2238 39.;
469 2191 630 2242 raptim
651 2191 832 2241 quidem
853 2190 1037 2242 lupanar
1052 2189 1173 2229 adire

301 2255 354 2302 (v.
379 2253 478 2303 49.),
512 2264 598 2292 non
638 2264 745 2292 vero
777 2252 926 2304 plures
968 2253 1099 2291 horas
1131 2252 1172 2290 in

299 2316 470 2366 popinis
501 2317 644 2354 terere
675 2317 850 2366 poterat
879 2325 1059 2362 servus3
1093 2324 1174 2352 ne-

299 2389 384 2427 que
416 2379 642 2417 insectatur
671 2377 803 2417 herus
842 2388 1045 2425 servum,
1093 2375 1173 2415 sed

299 2442 480 2490 castigat
526 2439 595 2479 vel
647 2439 798 2479 verbis
847 2438 915 2479 vel
970 2438 1175 2478 verberi-

298 2503 406 2551 bus,
460 2514 606 2554 neque
657 2503 849 2553 denique
895 2513 996 2541 cum
1045 2513 1174 2541 man-

299 2565 412 2616 cipio
443 2575 489 2604 se
520 2567 678 2616 purgat
710 2565 842 2604 verbis
870 2565 1040 2604 decoris.
1088 2565 1173 2603 Re-

299 2630 384 2667 stat
413 2625 644 2666 difficultas
680 2638 703 2665 a
739 2627 971 2666 Sanadono
1007 2625 1173 2676 signifi-

300 2691 422 2727 cata:
474 2689 529 2727 Le
566 2687 684 2737 poete
723 2689 833 2727 auoit
875 2689 1172 2739 suffisamment

294 2755 479 2800 preventi
527 2755 627 2790 cette
669 2751 870 2800 mem-ise,
921 2761 970 2789 en
1016 2750 1173 2799 faisant

300 2814 388 2852 dire
425 2814 451 2851 α
491 2814 636 2852 Davus
677 2813 778 2862 qu‘il
821 2812 967 2851 n’osoit,
1009 2813 1173 2860 repelet·

300 2875 355 2913 les
394 2875 549 2922 injures
596 2876 692 2913 dont
738 2874 920 2913 Mulvius
960 2873 1174 2923 eharyeait

300 2937 472 2975 Horace.
534 2936 617 2975 Sed
650 2947 736 2975 non
768 2938 869 2975 sunt
899 2935 979 2973 hae
1013 2935 1174 2984 impre-

301 2999 519 3045 cationes,
554 2997 607 3036 de
632 2997 792 3048 quibus
823 2998 970 3036 Davus
1000 2994 1172 3034 loeutus

301 3061 418 3101 erat:
467 3061 531 3097 est
568 3059 780 3098 defensio.
819 3080 862 3086 -—
896 3057 1003 3097 Daci
1032 3060 1174 3095 ventre

300 3121 427 3160 levem
475 3121 576 3168 cet]
628 3119 785 3159 Libere
839 3120 967 3169 igitur
1014 3118 1173 3157 fatetur

300 3193 475 3228 scurra,
509 3193 581 3222 «se
603 3184 753 3232 utpote
782 3181 1006 3220 hominem
1028 3178 1171 3219 levem

301 3243 399 3295 gula
429 3243 484 3283 ad
514 3245 555 3283 te
588 3244 917 3282 convivatorem
948 3241 1169 3289 deduci3»

304 3308 419 3355 (nam
455 3304 562 3345 tales
593 3315 769 3355 quoque
801 3304 1003 3344 homines
1038 3303 1171 3342 animi

302 3378 432 3406 eausa
474 3367 697 3406 interdum
736 3364 986 3416 excipiebat
1021 3365 1172 3404 eonvi-

300 3430 381 3469 viis
426 3429 651 3476 Horatius,
702 3430 748 3467 ut
793 3438 843 3466 ex
889 3428 1085 3478 ipsorum
1130 3429 1172 3465 et

302 3490 499 3531 moribus
541 3493 583 3529 et
624 3489 903 3530 sermonibus
942 3489 1172 3529 materiam

1235 1257 1378 1297 satiris
1411 1258 1500 1297 suis
1531 1257 1746 1309 pararem)
1788 1257 2015 1297 «ciborum
2047 1259 2113 1297 ni-

1237 1319 1344 1359 dore
1384 1331 1541 1360 nasum
1572 1319 1653 1360 sibi
1694 1321 1906 1369 supinari,
1953 1319 2109 1368 attolli,

1235 1385 1283 1422 ut
1326 1382 1484 1434 cupide
1527 1393 1629 1422 eum
1670 1381 1885 1422 olfaciat.»
1947 1381 2112 1421 «Facile

1236 1445 1426 1496 patior,»
1460 1445 1600 1495 inquit
1631 1443 1839 1492 Mulvius,
1882 1455 1980 1484 «me
2011 1454 2036 1483 a
2070 1447 2112 1484 te

1237 1507 1453 1546 nominari
1503 1506 1775 1553 imbecillum,
1834 1505 2114 1557 cupidinibus

1237 1569 1478 1608 obnoxium
1497 1570 1540 1607 et
1562 1569 1700 1619 turpis
1717 1568 1789 1608 otii
1811 1570 2111 1619 appetent-eun

1237 1631 1393 1679 etiam,
1418 1631 1452 1670 si
1475 1631 1562 1678 vis,
1587 1632 1736 1682 peiora
1758 1630 1894 1679 adde,
1920 1641 2018 1670 esse
2040 1640 2112 1669 me

1238 1694 1467 1733 hominem
1498 1704 1718 1744 nequam,
1758 1693 1832 1744 qui
1862 1703 2042 1744 semper
2071 1693 2114 1731 in

1236 1756 1410 1807 popinis
1431 1757 1677 1794 versetur.»
1729 1754 1906 1806 (Fornix
1928 1757 1971 1794 et
1988 1759 2116 1794 uncta

1230 1818 1392 1867 popina
1421 1817 1660 1868 iunguntur
1691 1818 1798 1869 Epp.
1840 1817 1885 1865 4,
1924 1815 1997 1864 44,
2043 1816 2110 1855 24.

1236 1882 1283 1919 ut
1325 1879 1410 1919 loei
1455 1890 1596 1930 aeque
1642 1879 1895 1929 inhonesti.)
1947 1879 2115 1917 Verum

1238 1953 1339 1981 cum
1370 1944 1417 1981 tu
1448 1941 1609 1980 eodem
1639 1940 1764 1991 gulae
1786 1941 1892 1980 vitio
1922 1939 2114 1980 tenearis

1239 2006 1281 2044 et
1302 2004 1361 2043 sis
1384 2003 1568 2043 fortasse
1591 2013 1662 2043 me
1684 2003 1892 2053 nequior,
1917 2013 1996 2041 our
2016 2003 2116 2040 tan-

1238 2066 1342 2106 dem
1362 2066 1487 2113 ultro,
1515 2075 1538 2103 a
1559 2075 1631 2104 me
1655 2075 1743 2103 non
1764 2063 2009 2111 lacessitus,
2033 2061 2115 2103 sed

1239 2128 1362 2179 quasi
1394 2129 1469 2166 tuo
1491 2127 1583 2166 iure
1606 2127 1789 2177 insuper
1815 2125 1920 2164 mihi
1949 2123 2112 2176 probra

1238 2190 1458 2240 ingeris‘?»
1496 2210 1540 2216 —
1574 2187 1697 2239 iners]
1730 2189 1799 2227 Sic
1829 2187 2008 2226 Luoiani
2038 2187 2116 2225 Pa-

1237 2253 1398 2292 rasitus
1430 2252 1478 2292 C.
1504 2253 1541 2291 4.
1572 2250 1711 2290 libere
1742 2249 1903 2289 fatetur
1931 2259 1979 2289 se
2015 2246 2114 2288 nul-

1237 2313 1324 2354 lam
1346 2315 1508 2362 artem,
1543 2314 1613 2352 oui
1635 2312 1815 2363 quidem
1837 2310 2112 2352 consuetudo

1237 2377 1320 2416 hoe
1351 2387 1514 2416 nomen
1545 2375 1732 2423 tribuat,
1766 2372 1951 2422 callere,
1998 2373 2114 2412 nihi-

1236 2438 1426 2478 lominus
1458 2449 1668 2488 magnum
1700 2448 1747 2477 se
1777 2447 1875 2476 esse
1897 2434 2113 2475 artificem

1237 2511 1478 2540 coenarum
1518 2502 1597 2539 rite
1636 2497 1966 2550 captandarum.
2003 2519 2047 2524 -
2079 2496 2113 2535 si

1236 2563 1334 2612 quid
1362 2561 1438 2613 vis]
1470 2561 1579 2603 Male
1603 2560 1705 2601 olim
1729 2559 1923 2599 edebant
1941 2559 1975 2597 si
1996 2559 2113 2608 quid-

1234 2626 1309 2664 vis.
1371 2625 1460 2664 Cio.
1485 2624 1540 2663 ad
1569 2625 1652 2663 Att.
1677 2623 1724 2671 7,
1756 2623 1802 2671 2,
1836 2621 1890 2660 3:
1926 2621 2113 2660 Tironem

1233 2687 1371 2727 Patris
1407 2696 1580 2736 aem-um
1618 2683 1769 2732 reliqui
1799 2682 2109 2731 adolescentem,

1235 2752 1280 2787 ut
1308 2748 1437 2795 nosti,
1470 2750 1508 2785 et
1537 2746 1666 2794 adde,
1699 2745 1733 2783 si
1763 2745 1862 2794 quid
1888 2745 1973 2793 vis,
2005 2756 2112 2794 pro-

1235 2811 1344 2849 bum.
1381 2831 1425 2836 —
1453 2806 1624 2858 popino]
1657 2808 1835 2846 Sueton.
1867 2805 1921 2845 de
1954 2804 2107 2846 illustr.

1236 2874 1428 2911 Gramm.
1454 2871 1526 2909 45:
1567 2870 1776 2908 lure-onem
1810 2872 1847 2908 et
1872 2867 2112 2908 nebulonem

1233 2941 1540 2985 yaneonemque
1569 2931 1795 2981 appellans.

1291 3055 1436 3095 lio-45.
1487 3054 1620 3094 verbis
1662 3053 1834 3104 decoris]
1881 3053 2019 3093 «Cum
2063 3054 2110 3092 tu

1236 3117 1344 3157 dicis
1375 3117 1563 3157 amicitia
1603 3118 1644 3156 te
1685 3116 1805 3165 duci,
1849 3116 1933 3155 hoo
1969 3115 2111 3155 obvo-

1235 3178 1357 3219 lucro
1387 3190 1493 3219 usus
1533 3180 1575 3218 te
1615 3178 1856 3229 parasitum
1892 3187 1992 3217 esse
2029 3188 2110 3216 ne-

1236 3240 1422 3292 gabis‘?»
1487 3239 1693 3280 Similiter
1733 3239 1953 3290 Aristoph.
1996 3237 2106 3278 Plut.

1237 3304 1335 3344 458:
1387 3299 1738 3354 Αἰσχυνώμενοι
1779 3323 1802 3329 -
1835 3322 1858 3329 -
1886 3295 2109 3352 Ὀνόματι

1235 3366 1566 3422 περιπέττουσι
1603 3360 1691 3416 τὴν
1728 3361 2021 3418 μοχθηρίαν.
2056 3383 2102 3390 -

1237 3428 1358 3477 Quid,
1390 3428 1424 3466 si
1453 3427 1558 3476 cet]
1588 3427 1696 3466 Hinc
1725 3436 1866 3476 usque
1889 3424 1945 3464 ad
1964 3436 2006 3464 v.
2036 3423 2103 3465 45.

1235 3490 1381 3529 Davus
1403 3488 1458 3528 de
1482 3498 1530 3528 se
1552 3489 1648 3539 ipso
1669 3488 1755 3527 iam
1781 3485 1993 3537 loquitur;
2026 3484 2106 3525 sed
