2231 3787
343 254 444 305 610

941 254 1152 293 HORATH
1184 253 1549 296 EPISTOLARUM

412 385 567 451 Quod
608 402 816 438 mecum
858 386 1086 455 ignorat,
1140 385 1286 437 solus
1323 383 1432 437 volt
1469 383 1607 436 scire
1645 382 1840 443 videri,

411 486 641 557 Ingeniis
679 503 783 539 non
823 485 908 538 illc
948 486 1086 539 favet
1121 484 1433 555 plauditque
1473 482 1717 554 sepultiS‚

407 590 597 641 Nostra
635 587 730 641 sed
770 587 1063 657 impugnat,
1107 602 1203 637 nos
1243 592 1532 654 nostraque
1571 582 1764 637 lividus
1803 582 1929 636 odit.

411 688 568 754 Quod
607 690 650 741 si
692 697 795 740 tam
837 687 1055 740 Graecis
1093 685 1298 739 novitas
1336 685 1506 738 invisa
1544 685 1731 738 fuisset

2083 685 2152 736 90

409 790 582 854 Quam
603 788 781 849 nobie,
823 786 952 858 quid
974 803 1115 840 nunc
1141 795 1287 840 esset
1310 786 1505 839 vetus?
1545 794 1634 838 aut
1662 784 1792 856 quid
1819 784 2067 848 haberet,

450 953 515 991 90.
565 953 736 991 Graecis
777 951 899 991 bSEc
945 953 988 990 et
1018 961 1173 990 omnes
1212 951 1405 990 Potitierii
1448 950 1768 1000 Schmidiique‚
1811 948 2099 1001 probabiliter

393 1015 525 1054 etiam
555 1014 687 1060 Feae,
723 1014 852 1053 LCts:
889 1013 1029 1053 Graiis
1057 1011 1280 1053 Bentleius
1311 1013 1423 1052 coni.
1458 1014 1500 1052 et
1530 1014 1583 1052 M.

339 1169 584 1209 Germanici
615 1169 833 1208 honorem
862 1167 986 1207 facti:
1037 1167 1215 1207 Carmen

337 1233 530 1281 Saliare,
565 1233 674 1281 quod
693 1232 868 1271 canituR
900 1233 962 1271 IN
976 1231 1210 1271 PALATIO.

335 1294 386 1333 V.
419 1293 711 1333 Niebuhrium
755 1294 799 1332 in
839 1294 921 1333 Fea
968 1293 1136 1333 Varieta
1173 1294 1214 1332 di

334 1357 488 1395 notizie
516 1366 616 1407 pag.
641 1355 748 1394 XIII.
800 1355 929 1406 Apud
967 1356 1214 1395 Varronem

335 1417 380 1455 L.
405 1418 451 1456 L.
477 1418 523 1465 7,
557 1417 623 1455 ⁶27.
658 1417 799 1456 exstat
838 1417 910 1456 hic
942 1418 1035 1457 eius
1071 1418 1216 1456 versi-

335 1477 484 1519 culus:
517 1479 668 1518 Divom
687 1483 824 1528 empta
847 1478 913 1529 (al.
938 1479 1055 1531 exta)
1075 1484 1210 1527 cante,

333 1542 470 1580 divom
479 1541 551 1580 deo
562 1539 614 1591 (al
623 1572 629 1579 .
638 1541 770 1592 deom)
780 1541 1038 1590 supplicante
1048 1540 1216 1591 (al.sup—

327 1604 437 1653 plice
465 1602 617 1653 cante.)
646 1602 771 1641 Idem
804 1601 909 1642 ibid.
942 1604 981 1652 7,
1019 1604 1065 1642 2:
1112 1603 1215 1643 Aelii

335 1663 537 1715 (Stilonis)
566 1664 741 1703 hominis
769 1665 812 1703 in
828 1665 968 1714 primo
996 1666 1040 1704 in
1066 1665 1214 1704 litteris

332 1727 493 1766 Latinis
539 1727 780 1775 exercitati,
830 1727 1212 1776 interpretationem

331 1789 568 1827 carminum
584 1788 796 1828 Saliorum
808 1788 962 1828 videbis
976 1793 1012 1828 et
1028 1789 1128 1828 escili
1149 1789 1214 1828 lit-

332 1854 424 1889 tera
453 1850 689 1899 expeditam
715 1854 752 1888 et
774 1851 1009 1899 praeterita
1036 1851 1212 1890 obscura

331 1912 479 1951 multa.
515 1910 639 1950 Idem
660 1911 705 1959 7,
738 1910 783 1950 3:
819 1923 1001 1960 quorum
1032 1911 1211 1961 (verbo-

334 1984 439 2013 nem
468 1972 757 2024 poeticorum)
781 1974 814 2011 si
833 1974 1007 2022 Pompili
1034 1984 1211 2024 reynum

330 2035 422 2085 fons
449 2035 493 2073 in
526 2034 782 2073 carminibus
816 2035 1053 2084 Saliorum,
1082 2046 1211 2085 neque

333 2108 383 2136 ea
404 2096 457 2135 ab
472 2095 755 2146 superioribus
772 2102 956 2146 accepta,
980 2101 1117 2136 tamen
1137 2098 1212 2136 ha-

335 2158 426 2199 bent
446 2169 539 2198 occ.
567 2169 712 2197 annos.
735 2158 821 2198 Cfr.
840 2170 926 2198 van
955 2159 1131 2200 Heusde
1154 2159 1209 2199 de

333 2222 378 2259 L.
402 2219 523 2259 Aelio
546 2218 707 2259 Stilone
730 2230 773 2271 p.
799 2221 865 2260 56.
898 2220 1005 2260 Inde
1029 2232 1082 2260 ex
1101 2220 1212 2261 Aelii

332 2284 533 2332 tempore
576 2282 763 2331 (circiter
797 2292 836 2321 a.
865 2294 907 2322 u.
934 2293 971 2321 c.
996 2283 1105 2333 650.)
1139 2282 1210 2322 alii

332 2354 512 2393 quoque
544 2344 826 2383 Grammatici
857 2343 1043 2384 mullum
1081 2345 1124 2384 in
1158 2346 1210 2385 iis

334 2403 604 2456 explicandis
625 2405 832 2445 videntur
859 2406 1129 2455 desudasse,
1164 2409 1210 2447 ut

333 2477 382 2505 ea
432 2467 536 2505 scire
585 2465 872 2518 (intelligere)
922 2467 1206 2517 viderentur,

333 2539 447 2579 quae
478 2527 704 2578 Virgilius,
738 2529 965 2577 Horatius,
1014 2528 1208 2570 Tibullus

332 2600 438 2629 sane
461 2601 545 2629 nec
573 2589 875 2640 intelligebant
904 2602 1049 2642 neque
1080 2590 1210 2631 intel-

333 2650 466 2701 ligere
502 2651 731 2691 curabant.
785 2651 990 2691 Similiter
1031 2651 1206 2700 Quintil.

333 2717 378 2759 ιι,
427 2713 473 2760 6,
519 2712 591 2753 40:
643 2713 857 2752 Saliorum
898 2714 1093 2753 carmina
1134 2715 1210 2754 vix

333 2775 611 2813 sacerdotibus
629 2775 713 2814 suis
745 2776 846 2814 satis
874 2776 1091 2815 intellecta.
1142 2776 1206 2816 Cf.

334 2835 475 2885 Bergk
513 2837 560 2875 cle
599 2837 834 2876 carminum
871 2837 1106 2876 Saliarium
1140 2849 1211 2877 re—

333 2896 487 2944 liquiis.
538 2897 676 2937 Marb.
711 2898 830 2938 4847.
866 2898 905 2939 4.
943 2922 987 2927 —-
1024 2911 1108 2939 non
1143 2900 1210 2939 ille

332 2957 463 3009 favet]
509 2970 627 2998 «non
666 2971 717 2998 ex
755 2961 888 2999 animi
925 2962 990 3000 sui
1029 2963 1210 3001 senten—

335 3020 392 3058 tia
423 3019 579 3070 probat
619 3022 795 3071 antiqua
838 3024 1061 3071 carmina,
1095 3033 1208 3073 quae

334 3079 389 3119 ab
422 3082 515 3131 ipso
546 3081 666 3121 haud
703 3082 922 3123 intellecta
961 3095 1063 3123 eum
1101 3094 1207 3122 vere

335 3141 559 3181 delectare
591 3143 769 3182 minime
802 3146 1028 3194 possunt.»
1066 3164 1110 3171 —
1145 3155 1209 3183 se-

331 3203 469 3255 pultis]
521 3204 837 3255 «scriptoribus
886 3207 985 3244 ante
1044 3204 1207 3245 multos

336 3276 475 3305 annos
506 3266 690 3305 mortuis
712 3268 756 3305 et
785 3266 872 3305 iam
893 3265 1097 3306 oblivioni
1125 3270 1209 3307 tra-

337 3326 479 3365 ditis.»
506 3349 550 3354 —
573 3327 728 3366 Nostra
756 3327 838 3376 sed]
870 3329 1127 3378 Aptissima,
1161 3332 1208 3368 ut

335 3389 487 3437 poeta,
519 3387 807 3436 vocabulum,
840 3389 883 3428 in
915 3399 1002 3438 quo
1033 3392 1209 3429 senten-

338 3450 421 3487 tiae
473 3448 606 3488 cardo
655 3450 864 3497 vertitur,
926 3461 1204 3500 praeponere

1276 1168 1438 1218 potuit,
1464 1167 1507 1206 id
1529 1168 1650 1218 quod
1671 1169 1713 1207 in
1734 1167 1930 1219 pedestri
1951 1168 2151 1208 oratione

1277 1230 1424 1270 facere
1455 1230 1574 1270 haud
1604 1228 1779 1269 licebat.
1832 1229 1894 1270 Cf.
1920 1229 1999 1269 Od.
2023 1228 2072 1277 4,
2103 1229 2150 1279 4,

1277 1291 1343 1331 33.
1381 1314 1425 1319 —
1458 1291 1619 1341 lividus]
1663 1290 1912 1332 «malitiose
1951 1291 2149 1339 invidus,

1275 1354 1370 1404 ipse
1412 1364 1515 1393 cum
1553 1352 1659 1393 nihil
1698 1355 1950 1394 nostrorum
1991 1353 2154 1393 carmi-

1276 1426 1383 1454 num
1403 1414 1544 1456 simile
1561 1414 1790 1455 elaborare
1811 1415 1993 1467 possit.»
2025 1415 2148 1456 Ovid.

1278 1488 1332 1516 ex
1360 1479 1498 1517 Ponto
1530 1477 1576 1526 3,
1608 1477 1656 1526 4,
1690 1477 1762 1517 73:
1795 1478 1964 1527 Scripta
1987 1478 2154 1528 placent

1277 1550 1304 1577 a
1331 1543 1464 1578 inorte
1489 1540 1595 1590 fere,
1629 1539 1730 1588 quia
1758 1539 1920 1579 laedere
1946 1540 2062 1579 vivos
2079 1540 2153 1579 Li—

1274 1611 1352 1639 vor
1381 1604 1417 1640 et
1444 1601 1576 1640 inviso
1607 1611 1780 1650 carpere
1808 1602 1925 1641 dente
1952 1602 2065 1641 solet.

1330 1724 1502 1763 90-9‘2.
1555 1724 1739 1776 Graecis]
1777 1726 1870 1764 Iam
1910 1723 2154 1764 admirabi-

1274 1785 1362 1825 lem
1406 1787 1447 1826 in
1488 1786 1671 1826 modum
1713 1787 1982 1826 Graecorum
2025 1786 2153 1826 indo-

1274 1846 1361 1886 lem
1392 1848 1611 1898 po'eticam
1652 1848 1858 1898 exprimit
1893 1859 1946 1887 ac
1982 1848 2152 1888 descri-

1273 1908 1357 1954 bit,
1392 1909 1727 1958 demonstrans,
1771 1911 2045 1961 quantopere
2082 1911 2152 1949 in-

1273 1971 1355 2011 sito
1402 1969 1575 2022 pulchri
1620 1981 1754 2011 sensu
1802 1972 2023 2011 Romanos
2072 1982 2151 2012 su-

1274 2033 1472 2083 perarint
1527 2033 1915 2084 promptioresque
1969 2044 2150 2085 semper

1273 2094 1436 2134 fuerint
1455 2094 1512 2134 ad
1530 2096 1763 2146 poetarum
1784 2105 1967 2134 suorum
1993 2096 2151 2136 merita

1274 2155 1388 2196 ultro
1420 2156 1714 2207 agnoscenda.
1742 2176 1786 2183 —
1812 2156 1973 2208 tereret]
2006 2156 2062 2197 de
2083 2168 2152 2198 as-

1274 2219 1401 2258 sidua
1431 2218 1642 2267 lectione,
1675 2220 1724 2258 ut
1754 2219 1842 2259 Cic.
1867 2218 1923 2258 ad
1955 2220 2072 2259 Fam.
2097 2219 2147 2268 9,

1274 2281 1348 2329 25,
1384 2281 1398 2319 4
1423 2292 1431 2318 :
1463 2277 1693 2320 Παιδείαν
1721 2277 1883 2336 Κύρου
1905 2304 1929 2310 -
1948 2303 1972 2311 -
1992 2281 2150 2320 contri-

1271 2353 1418 2381 veram
1454 2343 1634 2394 legendo.
1686 2343 1738 2384 Ut
1771 2343 1991 2393 posterior
2026 2345 2150 2384 aetas

1272 2403 1382 2444 tales
1400 2406 1549 2456 tropos
1567 2415 1831 2455 exaggerare
1850 2403 2044 2454 solebat,
2068 2416 2148 2456 pro

1272 2471 1402 2505 terere
1431 2477 1567 2506 ausus
1598 2468 1665 2506 est
1695 2465 1844 2506 dicere
1874 2467 2056 2506 scindere
2075 2468 2149 2506 Iu-

1273 2527 1438 2568 venalis
1468 2528 1516 2574 7,
1552 2528 1654 2567 477:
1687 2532 1820 2568 artem
1852 2527 2145 2578 (rhetoricam)

1271 2590 1429 2629 scindes
1460 2590 1677 2638 Theodori,
1711 2601 1846 2641 quem
1876 2589 2025 2630 locum
2059 2600 2147 2630 non

1271 2650 1482 2691 intellexit
1512 2652 1738 2692 Heinrich.
1767 2675 1812 2680 -
1833 2652 2005 2703 viritim]
2030 2652 2147 2692 «sin-

1272 2711 1358 2763 guli
1396 2713 1515 2753 cives
1554 2714 1738 2753 Romani
1774 2715 1818 2753 et
1856 2715 1931 2764 qui
1966 2715 2146 2764 praeter

1272 2775 1352 2815 hos
1373 2776 1521 2815 Latine
1550 2776 1737 2815 sciunt.»
1770 2775 1860 2815 Liv.
1884 2774 1929 2815 44
1948 2806 1957 2824 ,
1991 2775 2038 2815 8:
2072 2776 2148 2816 Ge-

1270 2847 1375 2874 nera
1416 2840 1556 2875 autem
1594 2836 1760 2886 fraudis
1799 2837 1880 2876 duo
1919 2839 2146 2878 mutandae

1269 2897 1427 2936 viritim
1456 2897 1634 2936 civitatis
1661 2898 1831 2937 inducta
1849 2903 1984 2939 erant.
2030 2900 2142 2940 Feae

1271 2957 1400 2998 lectio
1441 2959 1649 3007 Quiritum
1683 2960 1860 3000 videtur
1896 2960 2004 3002 falsa
2041 2972 2143 3001 cor-

1270 3021 1407 3059 rectio
1426 3019 1558 3060 falsae
1576 3020 1774 3062 lectionis
1787 3023 2142 3074 Quiritim,quam

1272 3081 1509 3122 Lambinus
1546 3084 1744 3134 repperit
1784 3084 1827 3123 in
1865 3084 1972 3124 Cod.
2009 3084 2140 3125 Card.

1271 3144 1390 3182 Rain.
1417 3165 1463 3171 —
1483 3144 1672 3193 publicus
1698 3144 1810 3196 usus]
1839 3155 1947 3185 usus
1977 3156 2012 3186 s.
2034 3155 2142 3186 usus

1271 3204 1437 3245 fructus
1468 3216 1642 3254 rerum,
1676 3217 1786 3256 quas
1807 3207 1973 3257 antiqui
2002 3205 2143 3257 publi-

1271 3277 1344 3305 cas
1398 3266 1467 3306 vel
1524 3277 1785 3308 communes
1833 3266 2138 3319 appellabant,

1270 3339 1460 3378 quarum
1490 3328 1757 3377 dominium,
1797 3331 1845 3368 ut
1872 3329 1993 3368 aiunt
2027 3329 2138 3378 ICti,

1270 3400 1402 3428 nemo
1432 3390 1489 3428 ita
1519 3392 1693 3440 poterat
1723 3400 1967 3441 occupare,
1999 3391 2047 3429 ut
2067 3401 2141 3430 ex-

1269 3450 1467 3490 cluderet
1487 3449 1608 3491 alios.
1641 3450 1767 3491 Tales
1783 3453 1885 3491 sunt
1903 3454 2000 3501 aer,
2023 3461 2139 3502 aqua
