2231 3787
833 289 928 328 Llss.
963 289 1012 327 11.

1075 288 1186 327 SAT.
1222 288 1270 326 ll.

221 424 484 475 Proceros
524 419 704 473 odisse
746 419 942 490 lupos‘?
983 418 1119 482 Quia
1159 416 1363 471 scilicet
1404 415 1501 468 illis

220 523 475 576 Maiorem
518 529 705 574 natura
743 520 962 573 modum
1001 518 1175 580 dedit,
1218 517 1298 571 liis
1339 518 1504 571 breve
1546 517 1771 588 pondus.

224 625 442 678 leiunus
483 642 604 676 raro
645 621 952 676 stomachus
991 621 1229 692 volgaria
1272 620 1470 673 temnit.

222 728 535 779 Porrectum
574 743 765 796 magno
806 742 1056 795 magnum
1096 729 1341 793 spectare
1381 721 1554 775 catino

223 827 447 889 Vellem,
491 827 560 880 ait
596 827 848 899 Harpyiis
876 824 999 896 gula
1025 825 1185 895 digna
1213 822 1517 894 rapacibus,
1577 825 1637 875 At
1679 840 1794 881 vos,

1908 825 1975 876 40

262 978 328 1018 38.
364 978 528 1017 Versus
551 977 620 1016 1110
643 978 878 1027 suspectus
915 974 1111 1015 Bentlcio
1144 974 1199 1013 ad
1236 976 1285 1014 Α.
1310 976 1355 1013 P.
1392 973 1485 1012 337.
1521 973 1742 1024 reperitur
1763 974 1848 1012 iam
1880 974 1921 1013 in

209 1038 366 1080 Ecbasi
389 1038 456 1078 illa
479 1041 636 1090 poetae
659 1038 866 1088 anonymi
891 1039 986 1077 Sec.
1012 1038 1061 1076 X.
1089 1050 1127 1076 v,
1162 1037 1256 1076 63⁶2.
1291 1036 1361 1076 ed.
1397 1036 1585 1083 (ii-imm,
1619 1037 1692 1086 qui
1723 1034 1922 1087 permul-

207 1105 275 1142 tos
307 1102 413 1142 alios
446 1102 610 1141 Horatii
642 1112 799 1141 versus
832 1099 947 1140 malo
984 1111 1064 1139 suo
1094 1100 1289 1150 poemati
1320 1099 1516 1138 inseruit.
1554 1121 1596 1125 —
1635 1098 1802 1136 Ieiunas
1831 1098 1923 1137 rari

207 1164 334 1205 lectio
366 1164 421 1203 ab
452 1166 626 1203 Acrone
658 1166 928 1211 memorata,
962 1162 1088 1213 prol).
1122 1161 1398 1206 Heindorlio;
1432 1171 1530 1199 rare
1555 1160 1795 1200 abeodem
1827 1172 1924 1200 me—

208 1230 431 1267 moratum
462 1227 633 1276 recepit
663 1224 909 1264 oberlinus.
949 1247 993 1252 —
1027 1225 1187 1273 tempsit
1218 1223 1515 1263 Hildebertus.
1554 1244 1596 1250 —
1633 1224 1925 1273 39.⁷11a9nmn

209 1300 435 1340 superscr.
482 1287 576 1327 «vel
614 1289 815 1326 «multum»
849 1288 889 1326 S.
929 1309 972 1314 —
1017 1286 1082 1327 40·-
1122 1287 1288 1332 Vellem,
1332 1288 1396 1326 ais
1425 1287 1518 1325 Nic.
1553 1286 1784 1334 Heinsius,
1823 1285 1926 1324 Velle

208 1352 269 1390 ait
298 1350 541 1391 Heindorfii
571 1351 779 1402 suspicio.

156 1460 369 1501 Trilt‘brem
398 1462 547 1499 autem
586 1460 828 1508 memorat,
875 1461 922 1498 ut
960 1459 1034 1509 qui

152 1523 238 1563 hoc
276 1522 476 1574 pondere
514 1522 738 1562 rarissime
779 1522 1030 1572 capiantur3

153 1597 230 1626 sex
261 1584 475 1624 librarum
496 1596 603 1624 vero
625 1586 718 1624 erat
748 1585 1033 1635 portentosos

152 1647 222 1688 ille
260 1648 496 1687 Domitiani
533 1647 651 1699 apud
690 1648 839 1686 Iuven.
873 1646 920 1695 4,
966 1647 1029 1685 15.

154 1710 217 1752 Cf.
243 1708 423 1750 Martial.
450 1709 496 1758 3,
531 1709 607 1758 45,
631 1710 676 1749 5:
710 1710 815 1748 Nolo
844 1709 1035 1758 11111ιὶρο-

153 1785 232 1813 nas
252 1772 469 1812 rhombum
490 1773 710 1812 mullumve
731 1772 929 1811 bilibrem.
966 1771 1030 1819 10,

154 1835 228 1884 37,
260 1836 307 1874 7;
354 1836 416 1875 Ad
445 1847 523 1874 sua
553 1836 763 1885 captivum
793 1846 904 1874 sama
923 1845 1034 1873 —re—

152 1899 315 1938 mittere
343 1898 538 1946 mullum,
576 1899 692 1937 Visus
720 1899 799 1937 crit
828 1897 943 1936 libris
964 1896 1035 1945 qm·

152 1961 291 2000 minor
333 1971 415 2000 esse
458 1960 602 2000 tribus.
664 1959 865 2011 (Mullum
908 1967 1031 1998 LXXX.

152 2022 358 2062 librarum
388 2024 429 2061 in
458 2023 570 2062 mari
606 2022 733 2062 rubro
763 2026 933 2072 captum
962 2021 1035 2060 Li-

153 2085 286 2124 cinius
326 2085 552 2124 Mucianus
589 2085 789 2135 prodidit.
843 2083 946 2125 Plin.
982 2084 1031 2122 H.

153 2149 204 2187 N.
229 2147 274 2195 9,
308 2147 391 2197 31.)
417 2170 464 2175 -
488 2148 529 2186 in
552 2147 718 2199 sinqula
740 2146 842 2199 cet]
873 2156 1035 2197 «quem

154 2220 235 2262 pro
253 2210 540 2249 convivarum
564 2220 776 2249 numero»
802 2209 900 2260 (hoc
918 2209 1034 2247 enim

155 2272 270 2310 inest
298 2271 338 2310 in
370 2283 411 2310 v,
445 2272 626 2323 singyula)
659 2272 727 2310 «in
756 2270 906 2322 plures
929 2281 1038 2321 por—

156 2334 297 2373 tiones
328 2333 547 2382 disseces,
582 2345 692 2384 quas
714 2333 875 2372 eadem
897 2342 1037 2372 coena

157 2396 242 2436 tuis
274 2396 469 2436 conxivis
501 2406 741 2447 apponas‚»
775 2406 860 2435 non
892 2396 939 2433 ut
969 2395 1038 2445 pi-

158 2470 258 2499 sces
290 2458 470 2509 quidam
502 2458 697 2497 minores
729 2457 884 2507 integri
907 2467 928 2495 a
952 2456 1039 2496 sin-

156 2519 267 2572 gulis
299 2521 495 2560 convivis
527 2520 700 2559 comedi
733 2518 891 2560 solent.
958 2516 1037 2558 Alii

158 2581 398 2634 explicant:
436 2582 503 2621 «in
534 2581 683 2633 plures
715 2591 923 2628 coenas»;
958 2578 1038 2619 sed

156 2645 302 2698 pisces
342 2642 461 2683 haud
498 2643 625 2684 facile
663 2644 706 2682 in
738 2642 904 2693 aliquot
943 2640 1038 2681 dies

156 2706 324 2747 servari
364 2708 566 2757 possunt.
601 2728 648 2734 —
681 2705 820 2756 Ducit]
863 2703 1040 2743 «movet

156 2770 289 2819 atque
317 2766 465 2817 allicit,
500 2770 549 2807 ut
578 2768 672 2808 fieri
705 2766 859 2808 solet.»
886 2790 928 2796 —
957 2776 1039 2815 quo

151 2830 331 2881 pertinet
360 2828 463 2881 cet.]
511 2830 626 2870 «Cur
669 2841 774 2880 ergo
818 2828 1041 2878 magnituw

159 2893 309 2932 dinem
351 2891 505 2932 laudas
544 2893 587 2932 in
630 2891 764 2932 mullo
801 2893 845 2931 et
883 2901 1041 2942 repre-

159 2954 317 2994 hendis
362 2955 405 2994 in
448 2953 584 3006 lupo?
634 2956 741 3003 Quia
785 2953 953 2995 scilicet
996 2954 1039 2992 in

159 3019 349 3067 utroque
383 3018 426 3055 te
458 3015 667 3067 delectat,
708 3017 829 3068 quod
861 3019 928 3057 est
967 3027 1040 3055 ra-

163 3080 298 3119 rius.»
323 3079 462 3118 Comi.
488 3080 617 3125 Cnuo.
657 3103 699 3108 —
726 3079 819 3131 illis]
854 3090 960 3119 sane
983 3078 1039 3118 ad

161 3152 257 3181 voc.
282 3141 422 3190 lupos,
464 3141 544 3180 etsi
573 3142 780 3192 propius,
824 3141 1037 3190 refertur,

162 3206 315 3244 contra
355 3214 489 3253 quam
530 3201 598 3242 alii
629 3204 708 3242 rati
740 3206 856 3243 sunt.
907 3205 1041 3243 Recte

161 3267 268 3306 lahn
292 3266 359 3316 (ad
382 3266 489 3317 Epp.
518 3266 561 3313 l,
592 3266 657 3313 17,
694 3266 791 3316 19.);
827 3265 971 3306 «mulli
1001 3266 1042 3305 hi

163 3331 208 3369 et
227 3328 315 3380 lupi
339 3328 396 3366 illi
417 3327 645 3375 dicuntur,
679 3328 888 3377 quoniam
910 3329 1040 3378 poeta

163 3401 427 3442 magnorum
460 3389 695 3429 mullorum
727 3400 926 3429 amorem
951 3401 1044 3428 car-

164 3454 239 3505 pit.
300 3453 420 3493 Mulli
458 3453 588 3504 igitur
631 3453 733 3492 sunt
778 3451 922 3503 potior
970 3461 1043 3491 res

164 3517 207 3556 et
240 3517 379 3568 magis
403 3526 537 3568 quam
563 3514 650 3567 lupi
673 3513 727 3554 ad
748 3516 926 3566 poetam
946 3525 1045 3566 per-

1099 1458 1282 1497 tinent.»
1322 1479 1365 1485 -
1409 1457 1528 1496 breve
1560 1456 1739 1508 pondus]
1778 1458 1898 1496 Pers.
1930 1457 1976 1505 ὅ,

1101 1521 1200 1560 421:
1236 1520 1652 1559 brevis—semuncia,
1702 1517 1873 1559 Similes
1906 1529 1982 1557 no-

1099 1583 1241 1622 tiones
1273 1581 1406 1622 brevt's
1436 1583 1478 1621 et
1502 1593 1665 1632 parvus
1696 1583 1809 1621 inter
1838 1592 1885 1621 se
1909 1579 1983 1620 ali-

1097 1645 1275 1696 quando
1325 1644 1612 1684 alternantur.
1692 1644 1815 1682 Conf.
1860 1644 1977 1682 Doe-

1097 1708 1265 1748 derlein
1288 1708 1343 1747 ad
1365 1708 1497 1747 Taciti
1519 1710 1629 1747 Ann.
1651 1708 1697 1755 6,
1722 1707 1788 1746 35.
1812 1718 1855 1757 p.
1882 1705 1975 1746 284„

1152 1770 1297 1810 38-4-0.
1318 1771 1482 1810 Ieiunus
1499 1769 1602 1818 cet.]
1621 1770 1859 1809 Construe:
1893 1770 1985 1807 Sco-

1098 1834 1266 1872 machus
1293 1844 1397 1871 raro
1426 1833 1588 1872 ieiunus
1620 1832 1816 1882 (semper
1845 1829 1979 1879 satur)

1097 1896 1317 1935 contemnit
1347 1895 1455 1934 cibos
1486 1896 1688 1946 volqares.
1743 1894 1884 1933 Minus
1907 1903 1982 1943 ap-

1099 1958 1239 2009 posite
1271 1957 1328 1997 ad
1367 1957 1739 1996 consuetudinem
1769 1955 1983 1996 Horatia-

1100 2032 1203 2061 nam
1235 2020 1451 2060 lleindort'
1476 2019 1579 2069 legit
1609 2020 1771 2058 iethns
1791 2018 1905 2065 rari,
1941 2016 1983 2055 id

1101 2085 1190 2132 est,
1224 2085 1273 2123 ut
1293 2085 1372 2131 ait,
1410 2082 1623 2133 «cupidus
1646 2082 1776 2120 rari.»
1816 2080 1978 2130 (lustin.

1101 2146 1174 2194 38,
1208 2147 1255 2194 6,
1289 2146 1337 2186 8:
1370 2146 1531 2184 animos
1550 2166 1568 2172 -
1587 2166 1605 2171 —
1625 2144 1869 2183 <latinarum
1890 2142 1984 2180 avi-

1101 2209 1172 2247 dos
1202 2219 1252 2246 ac
1295 2208 1453 2247 ieiunos
1495 2205 1679 2257 habere.)
1744 2206 1981 2244 Praeterea

1100 2271 1220 2311 idem
1250 2269 1417 2320 virgula
1447 2271 1547 2321 post
1576 2281 1617 2308 v.
1645 2268 1811 2318 pondus
1840 2266 1981 2317 posita

1100 2334 1219 2372 hunc
1268 2343 1447 2383 quoque
1499 2342 1681 2371 versum
1731 2330 1796 2369 38.
1847 2327 1985 2367 iunxit

1102 2406 1205 2434 cum
1248 2396 1360 2445 part.
1401 2394 1536 2443 Quta3
1583 2392 1664 2432 sed
1710 2393 1777 2431 est
1812 2386 1981 2443 γνώμη

1101 2468 1183 2508 per
1212 2467 1260 2496 se
1297 2456 1440 2507 posita
1471 2456 1604 2505 atque
1645 2455 1739 2505 ipsa
1771 2451 1984 2504 simplici-

1102 2521 1189 2558 tate
1222 2529 1301 2558 sua
1332 2518 1433 2557 huic
1464 2517 1630 2556 Satirae
1663 2525 1844 2567 prorsus
1873 2525 1985 2554 con-

1101 2582 1298 2621 veniens.
1336 2602 1379 2607 -—
1411 2577 1665 2629 Porrectum]
1711 2578 1858 2625 Quivis
1899 2577 1984 2616 hoc

1102 2643 1253 2694 legens
1276 2641 1513 2693 supplebat
1531 2641 1720 2680 mullum.
1773 2640 1984 2679 Ceterum

1103 2703 1305 2746 consulto
1359 2705 1568 2755 quattuor
1615 2702 1826 2754 spondeis
1877 2711 1985 2741 usus

1104 2769 1185 2815 est,
1216 2768 1264 2806 ut
1293 2767 1551 2817 exoptatum
1579 2765 1712 2817 piscis
1735 2762 1909 2815 pondus
1941 2764 1986 2802 et

1104 2828 1453 2880 magnitudinem
1494 2828 1778 2879 exprimeret.
1816 2846 1858 2853 -—
1901 2825 1985 2864 Vel-

1103 2891 1194 2944 lem]
1226 2886 1504 2942 ἐβουλό,ιιην
1532 2884 1614 2938 ἄν,
1660 2900 1747 2928 11011
1784 2885 1985 2936 βουλοί-

1102 2967 1200 3007 μην
1231 2947 1306 2992 ἄν.
1370 2950 1587 3000 «Vellem,
1622 2951 1658 2991 si
1689 2951 1784 2990 fieri
1815 2951 1983 3001 posset,

1104 3016 1184 3056 sed
1206 3016 1274 3054 vix
1293 3015 1408 3054 liet.»
1430 3036 1475 3042 —
1494 3014 1695 3063 Harpyiis
1710 3012 1852 3064 diqna]
1872 3023 1984 3051 «non

1102 3079 1297 3126 homine,
1332 3077 1411 3117 sed
1443 3077 1651 3117 monstris
1682 3075 1983 3115 voracissimis

1105 3139 1247 3190 digna.
1267 3155 1284 3174 n
1360 3137 1438 3179 Alii
1499 3137 1742 3190 explIcant:
1805 3137 1982 3188 «digna,

1105 3204 1230 3243 cuius
1270 3202 1409 3254 dapes
1447 3202 1665 3252 Harpwae
1711 3201 1840 3252 (Virg.
1874 3202 1982 3239 Aen.

1106 3265 1153 3312 3,
1194 3265 1274 3304 240
1313 3265 1429 3315 sqq.)
1468 3274 1547 3303 suo
1589 3264 1794 3302 contactu
1833 3262 1985 3299 conta-

1107 3328 1275 3367 minent
1305 3328 1437 3377 atque
1470 3326 1740 3376 inquinent.»

1162 3388 1307 3429 lto-44.
1341 3389 1393 3428 Ac
1429 3399 1501 3427 vos
1532 3387 1638 3437 cet]
1681 3385 1764 3424 Sed
1808 3383 1983 3432 «utique

1107 3451 1322 3491 heluones
1345 3451 1412 3490 isti
1442 3450 1557 3489 hanc
1588 3457 1778 3499 poenam
1810 3455 1984 3484 meren-

1107 3515 1199 3561 tur,
1222 3515 1271 3552 ut
1290 3512 1436 3553 Austri
1458 3509 1578 3552 calor
1599 3507 1857 3560 putrefaciat
1880 3516 1985 3558 pre-
