2231 3787
166 256 185 308 fl
202 257 265 309 74

797 261 1010 301 HORATII
1043 261 1343 302 SATIRARUM

237 392 388 455 Quae
426 407 605 462 neque
645 391 697 443 in
736 390 871 445 aede
912 400 1102 445 sonent
1141 390 1400 445 certantia
1437 388 1614 442 iudice
1654 391 1849 460 Tarpa,

240 494 348 546 Nec
387 492 612 545 redeant
652 492 844 546 iterum
884 502 1045 564 atque
1086 493 1278 546 iterum
1318 489 1611 562 spectanda
1653 490 1889 544 theatris.

238 597 436 665 Arguta
474 594 757 648 meretrice
799 602 953 665 potes
992 596 1253 664 Davoque
1295 591 1579 646 Chremeta

1922 593 1989 644 40

239 694 498 749 Eludente
538 712 725 748 senem
764 695 932 748 comis
972 695 1177 765 garrire
1214 694 1424 748 libellos

240 797 383 850 Unus
421 797 691 858 vivorum,
735 795 1003 859 Fundani3
1044 796 1212 850 Pollio
1252 814 1443 867 regum

278 970 343 1010 38.
380 980 450 1008 nec
480 970 579 1009 LCt.
616 968 762 1019 (neque
782 982 840 1022 γκ
863 970 933 1008 «et
967 968 1092 1009 multi
1122 969 1256 1020 alii»)
1293 992 1337 998 —
1370 970 1577 1009 certantia
1606 980 1828 1022 superscr.
1853 981 1928 1010 nec

221 1037 374 1071 certent
417 1033 457 1071 S.
503 1053 548 1059 ——
590 1031 656 1071 39.
704 1036 890 1082 spectata
938 1031 1077 1072 Codd.
1119 1031 1285 1082 aliquot
1321 1032 1529 1071 Pottierii.
1586 1055 1630 1060 -
1686 1031 1752 1072 411.
1805 1044 1937 1072 comes

229 1095 366 1134 codd.
402 1093 503 1145 aliq.

169 1243 307 1294 figura
339 1244 381 1282 in
412 1243 635 1294 triumpho
672 1245 866 1295 portata,
912 1241 1049 1295 capil-

168 1306 257 1345 litio
289 1306 427 1354 flavo,
475 1307 616 1356 gentis
647 1316 754 1345 suae
787 1305 955 1354 colore,
1002 1309 1050 1345 ut.

171 1371 237 1408 est
259 1368 381 1408 Ovid.
404 1379 457 1407 ex
478 1370 615 1407 Ponto
634 1368 679 1417 3,
704 1368 750 1416 4,
778 1369 879 1407 407:
915 1369 1052 1418 Squa-

169 1431 276 1469 lidus
312 1431 515 1469 immissos
556 1431 698 1481 fracta
736 1430 809 1469 sub
844 1432 1052 1469 arundine

169 1494 303 1532 crines
345 1493 506 1532 Rhenus
549 1497 586 1532 et
632 1493 803 1543 infectas
847 1494 1050 1543 sanquine

165 1560 303 1605 portet
345 1567 492 1605 aquas.
553 1555 772 1594 Attrihuto
817 1558 939 1595 certe
984 1556 1052 1594 lu—

170 1622 280 1657 teum
316 1618 410 1668 ipse
448 1617 601 1656 Furius
632 1628 739 1656 usus
771 1618 888 1665 erat,
938 1627 1050 1667 qua-

170 1681 354 1731 propter
383 1680 425 1718 h.
458 1678 485 1718 l.
518 1678 702 1718 ridetur.

227 1741 400 1781 37-39.
453 1741 570 1792 ludo]
620 1741 839 1793 «missum
885 1740 1051 1780 faciens

172 1807 333 1856 poema
377 1803 608 1843 heroicum
659 1805 702 1842 et
750 1803 1049 1853 tragoediam,

174 1876 430 1913 sermones,
463 1863 684 1904 ludicrum
714 1865 863 1915 poesis
895 1875 1050 1915 genus,

174 1940 255 1979 ego
288 1926 484 1967 excolo.»
537 1926 660 1966 Conf.
695 1926 773 1966 Od.
803 1927 850 1975 sl,
892 1926 967 1975 32,
1010 1927 1049 1966 2.

177 2014 221 2019 —
244 1991 289 2029 in
319 1989 430 2040 aede]
467 1990 535 2028 «in
557 1988 667 2028 aede
690 1989 943 2037 Musarum,
976 1988 1053 2027 ubi

172 2054 331 2105 poetae
383 2052 578 2090 carmina
626 2061 705 2091 sua
761 2049 1051 2089 recitabant.»

176 2119 328 2155 Ponrfl.
353 2138 396 2142 -
417 2115 622 2153 certantia
646 2114 780 2152 iadtce
802 2113 954 2164 Tarpa]
980 2114 1051 2164 Sp.

174 2177 366 2216 Maecius
387 2177 528 2227 Tarpa
550 2175 628 2215 fuit
655 2186 859 2215 summus
880 2175 1052 2215 illorum

175 2242 429 2290 temporum
461 2239 639 2277 criticus
670 2238 730 2288 (A.
756 2240 800 2277 P.
825 2237 952 2288 387.),
986 2238 1057 2277 cui

177 2303 265 2341 iam
296 2312 320 2340 a
352 2301 430 2340 Cn.
454 2301 665 2351 Pompeio
696 2301 852 2350 Magno
881 2311 920 2339 a.
945 2311 988 2339 u.
1015 2311 1053 2339 c.

176 2365 269 2405 699.
320 2365 423 2414 (Cic.
449 2364 505 2402 ad
535 2365 654 2403 Fam.
688 2364 733 2412 7,
770 2364 817 2412 ll,
852 2364 897 2402 4:
942 2363 1058 2403 nobis

175 2431 313 2466 autem
337 2427 392 2476 (in
416 2425 598 2475 theatro)
622 2430 743 2465 erant
763 2437 812 2465 ea
825 2426 1059 2475 perpetien-

176 2490 255 2538 da,
293 2500 400 2538 quae
433 2489 504 2538 Sp,
532 2488 718 2527 Maecius
744 2488 1016 2538 probavisset.
1022 2487 1055 2540 ),

178 2551 341 2591 Horatii
384 2552 586 2601 tempore
625 2561 649 2589 a
689 2550 880 2589 Caesare
927 2550 1058 2589 Octa-

180 2615 308 2653 viano
359 2623 462 2652 cum
510 2611 603 2650 aliis
643 2614 853 2661 quattuor
900 2612 1059 2651 iudici-

177 2675 284 2723 bus,
317 2676 430 2714 teste
456 2675 816 2713 Commentatore
846 2674 1056 2724 Cruquia-

179 2748 256 2786 no,
304 2746 408 2775 cura
440 2734 776 2774 iudicandarum
807 2733 1059 2774 fabularum

179 2809 230 2837 ac
263 2798 503 2836 mimorum
534 2797 773 2837 commissa
800 2799 909 2845 erat,
943 2808 1057 2847 quae

178 2860 260 2900 nisi
300 2859 354 2898 ab
400 2859 450 2897 iis
494 2858 814 2909 probarentur,
870 2859 914 2898 in
958 2869 1059 2898 sce-

179 2933 282 2962 nam
329 2931 416 2960 non
457 2920 785 2959 deferebantur.
850 2920 911 2959 Ea
952 2931 1058 2960 cura

179 2986 309 3024 antea
340 2982 482 3022 suerat
503 2981 733 3029 aedilium3
782 2982 861 3022 sed
891 2983 1059 3022 intere-

179 3048 247 3086 rat
291 3044 536 3091 Octaviani,
589 3055 644 3083 ne
690 3043 934 3094 quidquam
978 3054 1059 3095 per

182 3108 342 3149 mimos
375 3106 637 3156 praesertim
669 3106 711 3145 in
733 3107 906 3146 civitate
931 3117 1061 3145 «cun-

179 3174 249 3209 cta
290 3169 611 3216 interpretante»
661 3168 816 3217 (Tacit.
861 3168 969 3207 Hist.
1008 3167 1056 3216 2,

182 3231 265 3280 921.)
297 3228 474 3281 publice
510 3228 806 3280 proferretur,
855 3228 975 3280 quod
1016 3229 1058 3268 in

182 3293 320 3344 ipsius
350 3291 697 3331 dominationem
718 3302 770 3330 ac
791 3301 941 3331 mores
963 3302 1060 3330 ma-

183 3354 296 3405 ligne
329 3353 586 3404 detorqueri
618 3354 783 3404 posset.

237 3417 303 3456 40.
338 3416 405 3456 44.
437 3413 612 3466 Arquta]
638 3416 850 3463 «astuta,»
873 3415 921 3453 ut
949 3414 1056 3465 Epp.

186 3480 201 3517 4
229 3511 235 3525 ,
270 3477 341 3517 44.
376 3476 451 3517 42:
498 3477 590 3516 calo
620 3480 809 3527 arqutus.
839 3499 881 3504 —
917 3477 1061 3514 Davo-

1115 1254 1191 1293 que
1240 1243 1473 1293 Chremeta]
1530 1254 1750 1295 personae
1803 1243 1994 1283 Andriae

1115 1306 1417 1345 Terentianae.
1474 1328 1520 1334 --
1580 1306 1781 1345 Eludente
1832 1305 1994 1357 senem]

1114 1367 1313 1408 Manilius
1344 1369 1389 1415 5,
1428 1367 1528 1408 4711:
1578 1368 1746 1407 Comica
1783 1372 1998 1418 componet

1115 1430 1233 1469 laetis
1253 1430 1491 1479 spectacula
1511 1431 1642 1468 ludis:
1669 1430 1869 1469 Ardentes
1886 1431 2000 1469 iuve-

1116 1503 1186 1531 nes
1206 1497 1432 1541 raptasque
1457 1493 1500 1531 in
1521 1503 1666 1532 amore
1688 1492 1852 1542 puellas
1879 1492 2000 1531 Elu-

1114 1565 1298 1602 sosque
1336 1565 1481 1593 senes
1511 1555 1721 1605 agilesque
1743 1565 1823 1603 per
1856 1555 1999 1594 omnia

1116 1627 1267 1655 ser-vos.
1306 1639 1349 1644 —-
1382 1617 1522 1668 comis]
1559 1618 1734 1668 «utpote
1764 1616 1899 1656 homo
1925 1627 2000 1655 ur-

1116 1678 1259 1718 banus
1310 1680 1353 1718 et
1397 1678 1626 1727 facetus,»
1674 1679 1748 1730 qui
1793 1678 1999 1718 adiectivi

1116 1751 1224 1780 usus
1253 1752 1395 1791 paene
1417 1741 1620 1791 congruit
1640 1751 1743 1779 cum
1764 1740 1995 1788 adverbio,

1119 1804 1350 1851 «comiter,
1384 1802 1570 1842 facete.»
1618 1801 1701 1842 Alii
1722 1803 1906 1853 iungunt
1924 1814 1996 1842 co—

1117 1866 1195 1904 mis
1224 1865 1394 1912 libellos,
1439 1867 1485 1904 ut
1514 1865 1641 1904 comis
1669 1866 1724 1905 sit
1758 1865 1998 1904 accusativi

1118 1926 1176 1978 pl.
1201 1926 1343 1966 forma
1374 1927 1617 1977 antiquior,
1653 1927 1898 1976 «urbanos,
1937 1927 1998 1967 fa-

1120 1990 1287 2029 cetos.»
1337 2012 1382 2016 ——
1428 1990 1599 2039 yarrz're
1641 1989 1816 2041 libellos]
1865 2001 1999 2030 «ser-

1118 2063 1250 2091 mone
1273 2051 1552 2102 quotidiano,
1586 2050 1775 2101 eleganti
1796 2051 1999 2103 quidem,

1120 2114 1199 2155 sed
1228 2113 1354 2161 facili,
1387 2114 1451 2152 uti
1484 2114 1528 2152 in
1563 2113 1898 2155 conscribendis
1936 2115 2003 2155 fa-

1118 2175 1277 2216 bulis.»
1313 2175 1674 2216 «Animadvertas
1695 2175 1827 2216 velim
1850 2178 2002 2228 aptam

1120 2238 1363 2278 verborum
1403 2237 1687 2277 varietatem:
1729 2239 1900 2289 9a›·rire
1933 2250 2004 2279 co-

1122 2300 1367 2349 moediam,
1400 2311 1551 2339 canere
1586 2300 1881 2350 tragoediam,
1921 2302 2003 2341 du-

1122 2374 1213 2403 cere
1244 2362 1370 2414 epica
1402 2362 1642 2401 carmina.»
1693 2363 1890 2402 DILLENB.

1176 2423 1351 2465 42-44.
1398 2424 1613 2476 Fundani]
1654 2424 1700 2464 C.
1734 2424 1999 2474 Fundanius,

1121 2486 1528 2538 praestantissimus
1599 2487 1731 2537 poeta
1804 2487 2003 2526 comicus

1124 2549 1261 2598 (cuius
1292 2549 1443 2587 tamen
1473 2559 1529 2587 ne
1560 2558 1674 2588 unus
1697 2548 1876 2598 quidem
1900 2559 2004 2588 ver-

1123 2609 1286 2650 siculus
1331 2612 1537 2660 superest
1583 2621 1668 2649 nec
1713 2609 2002 2658 Quintilianus

1124 2673 1218 2711 eius
1260 2670 1328 2710 vel
1373 2683 1462 2710 uno
1507 2670 1647 2710 verbo
1686 2672 1910 2722 meminit)
1960 2674 2004 2712 et

1122 2734 1390 2774 Maecenatis
1411 2734 1581 2773 amicus
1605 2734 1706 2784 (Sat.
1730 2734 1777 2782 Ξ,
1811 2734 1859 2783 8,
1899 2734 2001 2785 49.),

1122 2798 1226 2835 tunc
1243 2794 1489 2834 excellebat
1510 2797 1551 2834 in
1576 2795 1819 2836 comoediis
1840 2796 1897 2835 ad
1915 2798 2004 2837 Me-

1123 2858 1303 2906 nandri,
1337 2856 1627 2906 Philemonis,
1660 2857 1821 2909 Diphili
1849 2869 2004 2899 exem-—

1121 2919 1191 2972 pla
1223 2919 1570 2970 componendis,
1605 2920 1648 2959 in
1679 2919 1841 2970 quihus
1870 2931 2002 2972 prae-

1124 2983 1278 3033 cipuae
1309 2984 1458 3032 partes
1481 2983 1606 3021 erant
1627 2981 1885 3022 callidarum
1908 2993 2002 3023 me-

1122 3042 1432 3083 retricularum
1469 3045 1808 3094 astutorumque
1847 3055 2003 3084 servo-

1123 3115 1222 3144 rum
1253 3115 1384 3144 senes
1416 3106 1766 3156 emungentium.
1816 3106 1877 3156 (C.
1901 3107 2005 3145 FVN-

1123 3177 1270 3206 nAxivs
1300 3167 1343 3206 in
1372 3168 1566 3207 nummis
1597 3166 1707 3207 alius
1739 3169 1829 3216 est,
1869 3177 2005 3218 quae-

1125 3231 1216 3268 stor
1259 3240 1298 3268 a.
1340 3241 1383 3268 u.
1419 3240 1456 3269 c.
1498 3229 1610 3278 624„
1653 3239 1784 3269 socer
1825 3230 1881 3270 M.
1918 3230 2003 3268 Te-

1124 3292 1251 3330 rentii
1280 3290 1522 3340 Varronis.)
1559 3312 1599 3320 -
1637 3290 1776 3342 Pollio]
1818 3291 1866 3330 C.
1903 3291 2003 3331 Asi-

1126 3353 1222 3392 nius
1244 3352 1394 3401 Pollio,
1415 3357 1578 3401 orator,
1596 3352 1849 3401 historicus,
1868 3354 2001 3404 poeta

1126 3416 1333 3465 tragicus.
1394 3414 1490 3454 Vid.
1524 3414 1580 3454 ad
1610 3412 1688 3453 Od.
1722 3414 1770 3462 2,
1803 3414 1851 3462 4,
1885 3414 1924 3453 9.
1953 3437 1997 3443 —

1126 3487 1271 3526 reglum
1300 3477 1431 3516 Facta
1462 3475 1588 3526 canit]
1630 3475 1734 3525 quia
1773 3474 2000 3526 tragoedia
