2231 3787
233 183 302 235 40

231 318 403 386 Atque
446 323 626 369 aestus
666 331 935 386 curasque
975 332 1167 386 graves
1209 333 1238 368 e
1278 322 1497 386 pectore
1538 313 1662 385 pelli
1684 315 1709 365 1'

871 184 1013 224 HORA
1020 185 1089 224 ΤΠ
1120 184 1422 225 SATIRARUM

1964 314 2058 367 110

229 419 443 479 Nonne,
487 417 831 488 cupidinibus
872 425 1068 470 statuat
1105 425 1296 471 natura
1334 416 1556 470 modum
1596 433 1782 487 quein,

229 519 372 584 Quid
410 518 582 572 latura
620 519 721 572 sibi
762 519 892 590 quid
933 519 999 572 sit
1037 518 1268 572 dolitura
1307 527 1584 589 negatum,

228 622 505 686 Quaerere
544 621 665 693 plus
704 621 927 692 prodest
965 629 1017 674 et
1056 621 1212 674 inane
1253 620 1575 675 abscindere
1615 620 1807 674 soldo‘?

225 724 389 780 Num,
432 723 523 777 tibi
565 741 687 778 curn
726 724 908 777 fauces
948 723 1053 776 urit
1092 723 1229 786 sitis,
1272 740 1440 777 aurea
1479 723 1700 794 quaeris

344 913 435 952 140.
481 914 627 963 gravis
663 924 700 952 c.
738 935 782 940 —
817 913 849 964 e]
892 914 940 952 de
970 912 1012 951 d.
1051 933 1094 939 —
1122 913 1224 963 pelli
1265 923 1368 953 cum
1408 914 1572 954 nostris
1613 913 1745 954 codd.
1778 913 1841 963 βκ
1875 925 2004 955 «cum

280 974 398 1015 aliis»

417 987 424 1013 :
458 976 544 1014 tolli
567 975 793 1015 «omnium
812 975 1081 1015 veterrimus
1102 973 1408 1025 Blandinius»,
1442 972 1545 1028 λξτ,
1579 987 1645 1028 pr.
1671 989 1719 1026 ν,
1744 977 1775 1017 C
1799 979 1843 1017 et
1862 978 2000 1018 Bent-

279 1037 414 1084 leius,
445 1038 539 1077 velli
568 1050 620 1087 φ.
649 1062 693 1066 —-
728 1039 822 1078 444.
856 1038 1003 1077 statuit
1031 1037 1208 1089 dp,LtF.

1261 1038 1326 1088 (Ut
1357 1049 1460 1088 nos,
1494 1049 1652 1079 omnes
1674 1039 1836 1089 nostri,
1870 1050 1999 1091 prae-

278 1101 346 1139 ter
376 1098 450 1151 dp,
485 1102 529 1140 et
557 1101 775 1151 Pottierii,
809 1096 978 1153 βμξω.)
1016 1122 1060 1129 -
1096 1100 1188 1141 442.
1225 1101 1333 1152 Quid
1362 1101 1506 1142 latura
1535 1101 1634 1151 sibi,
1678 1102 1779 1151 quid
1816 1103 1914 1143 LtF.
1952 1126 1996 1131 —-

277 1162 371 1202 443.
404 1163 614 1204 abscidere
643 1164 686 1203 F.

214 1306 341 1356 positi
370 1327 393 1334 -
422 1329 444 1335 -
472 1307 637 1347 Bacchi.
701 1308 845 1348 Tertia
867 1310 935 1348 est
964 1309 1102 1348 inter-

218 1369 408 1420 pretatio
438 1370 511 1408 vix
540 1370 716 1410 Latina:
766 1371 835 1411 «in
866 1370 999 1411 cubili
1037 1372 1102 1410 ia-

220 1432 446 1480 centem»,
488 1432 612 1472 sitzt
647 1444 698 1473 er
736 1443 785 1472 so
824 1434 901 1473 da.
962 1435 1100 1485 Iunge

220 1495 391 1533 autem:
443 1495 628 1534 «Cantat
669 1495 989 1545 (matronarum
1027 1507 1101 1536 se—

222 1556 411 1606 ctator),
460 1557 563 1597 citat
607 1556 874 1598 cantilenam
913 1558 1102 1610 popula-

221 1630 343 1669 rem,
389 1621 432 1658 in
477 1631 565 1671 qua
609 1622 701 1669 est,
749 1622 975 1672 quomodo
1019 1633 1102 1662 ve-

220 1683 348 1721 nator
364 1683 562 1722 sectetur
581 1681 805 1735 leporem;
831 1684 901 1723 cui
922 1684 1100 1735 imagini

219 1744 392 1794 apponit
424 1744 516 1794 (Od.
551 1745 602 1794 2,
644 1746 690 1793 ὅ,
737 1745 836 1795 45),
880 1746 1098 1798 adiungit:

218 1808 335 1847 Meus
363 1810 422 1845 est
451 1818 573 1846 amor
603 1809 716 1847 cet.»
768 1808 887 1859 Virg.
922 1808 1012 1849 Ecl.
1049 1811 1097 1858 6,

219 1869 263 1908 34
286 1881 293 1908 :
326 1870 519 1919 Namque
538 1869 731 1919 canebat,
764 1871 826 1910 uti
846 1893 869 1899 —
889 1894 912 1900 -
931 1872 1103 1922 fuissent

219 1934 302 1971 cet.
339 1953 386 1960 —
415 1933 530 1982 pelli]
568 1933 691 1972 Hanc
725 1931 965 1975 lectionem
996 1946 1100 1975 cum

221 1996 332 2036 meis
355 1996 494 2036 Codd.
519 1997 691 2036 servavi
725 1996 820 2037 coll.
868 1998 946 2038 Od.
973 2000 988 2038 4
1011 2031 1019 2048 ,
1052 2000 1098 2050 7,

218 2058 262 2098 34
287 2070 294 2097 ;
327 2069 437 2098 nunc
456 2059 552 2097 rino
576 2059 717 2108 pellite
735 2071 884 2100 curas:
919 2071 970 2100 ac
991 2072 1098 2101 56116

213 2124 380 2170 pectore
415 2121 514 2171 pelli
544 2120 793 2161 allitteratio
831 2124 899 2162 est
937 2124 1098 2164 Latinis

217 2183 398 2224 auribus
430 2184 693 2234 gratissima.

273 2309 473 2348 tii-1119.
507 2310 675 2349 modum
697 2312 829 2360 quem]
855 2322 975 2361 quem
996 2323 1096 2353 esse

213 2381 341 2422 pron.
389 2372 646 2422 interrogat.
690 2373 861 2424 primus
907 2374 1098 2414 demon—

214 2433 368 2472 stravit
392 2433 601 2485 Bentley,
636 2445 739 2475 cum
759 2435 888 2486 volgo
912 2436 1098 2477 ederent

212 2496 357 2535 statuit
384 2500 545 2536 natura
572 2497 778 2537 modam?
809 2509 932 2547 quem
953 2499 1092 2550 (pron.

212 2556 354 2608 relat.)
389 2560 568 2598 «Nonne
600 2560 738 2600 satius
761 2562 829 2600 est
857 2572 1093 2611 quaerere,

212 2631 348 2670 quem
379 2620 695 2671 cupiditatibus
727 2622 913 2662 modum
939 2625 1096 2663 natura

213 2683 435 2731 statuerit,
484 2683 591 2733 quid
630 2682 821 2724 tolerare
852 2686 1012 2736 possit,
1060 2687 1095 2727 si

213 2744 482 2796 denegetur,
517 2746 623 2796 quid
654 2746 929 2798 denegatum
959 2749 1095 2789 susti—

212 2819 319 2848 nere
356 2819 445 2848 non
483 2810 643 2860 possit,
692 2821 828 2861 quam
866 2811 1013 2851 nimiis
1052 2814 1096 2852 et

213 2869 436 2911 inutilibus
467 2871 781 2923 cupiditatibus
813 2872 1091 2913 sollicitari‘h

213 2934 352 2972 (101111.
388 2934 518 2980 Caro.
568 2935 636 2974 Sic
657 2935 699 2974 in
721 2935 889 2976 directa
910 2938 1094 2976 interro-

209 2995 383 3046 gatione
419 3007 495 3035 cur
534 2997 578 3036 in
607 3008 767 3038 versus
798 2998 885 3039 fine
914 3000 1095 3051 ponitur

209 3059 295 3097 Sat.
320 3058 368 3106 2,
403 3058 448 3106 3,
485 3059 576 3098 487.
610 3060 657 3108 ⁶2,
691 3061 738 3109 7,
772 3060 865 3101 404.
900 3061 1093 3102 —inane

207 3121 446 3161 abscindere
483 3121 610 3173 solda]
653 3122 847 3163 «inutilia
887 3134 940 3164 ac
978 3135 1091 3164 vana

208 3182 264 3222 ab
287 3181 465 3223 utilibus
483 3185 526 3223 et
546 3185 811 3224 necessariis
826 3186 1088 3236 praecidere

207 3248 246 3284 et
288 3256 550 3297 separare.»
611 3247 750 3287 Comi.
791 3248 941 3296 CneQ.;
983 3260 1089 3300 pro-

207 3310 299 3360 prie
344 3309 432 3357 «id,
481 3310 600 3360 quod
647 3312 766 3350 omni
812 3313 935 3351 caret
979 3323 1086 3352 vero

205 3372 360 3421 pretio,
396 3384 420 3411 a
452 3371 590 3412 solida
621 3374 740 3413 sorte
773 3373 994 3426 (Kaptcal),
1029 3375 1084 3415 ab

1169 1307 1466 1358 distinguere,
1508 1308 1624 1348 hane
1654 1307 1907 1360 praeferre,
1948 1306 2054 1349 illud

1166 1381 1382 1422 spernere
1414 1372 1548 1422 atque
1580 1370 1823 1411 abiicere.»
1850 1393 1896 1400 —-
1924 1372 2052 1424 soldo]

1165 1434 1214 1471 ut
1243 1433 1330 1472 Sat.
1354 1433 1403 1482 2,
1437 1434 1486 1482 5,
1521 1433 1594 1481 653
1637 1433 1747 1473 item
1776 1432 1939 1473 caldior
1967 1444 2050 1485 pro

1165 1495 1343 1534 calidior
1386 1496 1473 1534 Sat.
1508 1496 1555 1544 4,
1603 1495 1652 1545 3,
1700 1495 1766 1535 53.
1809 1515 1854 1523 —
1896 1496 2048 1536 Totius

1164 1555 1251 1597 loci
1294 1557 1510 1598 sententia
1557 1558 1671 1598 haec
1716 1557 1805 1598 est:
1861 1556 2052 1598 «Solitae

1164 1618 1261 1659 illae
1293 1631 1459 1671 nugae,
1499 1619 1662 1671 quibus
1691 1618 1814 1659 velut
1850 1620 2055 1661 cantiun-

1166 1681 1276 1723 culis
1307 1693 1356 1722 se
1388 1681 1616 1723 oblectare
1648 1693 1700 1723 ac
1731 1682 1941 1735 decipere
1975 1694 2054 1724 co-

1165 1749 1326 1787 nantur
1356 1749 1603 1797 amatores,
1651 1758 1700 1787 re
1740 1758 1849 1787 vera
1890 1747 1947 1788 ad
1977 1759 2053 1789 re-

1165 1813 1283 1850 ctam
1304 1810 1575 1861 beatamque
1599 1810 1733 1851 vitam
1753 1809 1858 1850 nihil
1879 1811 2046 1858 iuvant,

1165 1873 1302 1914 satius
1334 1875 1402 1913 est
1434 1873 1638 1925 profecto
1670 1874 1808 1914 animi
1839 1874 2054 1926 cupidita-

1165 1938 1232 1976 tes
1253 1937 1373 1988 ipsas
1395 1934 1550 1976 tollere
1572 1936 1800 1976 Socraticis
1827 1935 1910 1977 illis
1932 1937 2053 1977 char-

1164 1998 1235 2047 tis,
1270 2009 1385 2049 quae
1417 1998 1620 2048 modum,
1654 2009 1793 2049 quem
1823 1999 1919 2050 ipsa
1959 2000 2052 2039 sta-

1164 2061 1246 2100 tuit
1265 2062 1448 2110 natura,
1482 2059 1610 2101 nobis
1633 2062 1884 2101 monstrant
1904 2062 1949 2101 et
1969 2073 2050 2102 ve-

1163 2133 1265 2162 rum
1296 2122 1567 2173 distinguere
1590 2121 1745 2163 616150
1778 2123 1955 2164 docent.
2000 2125 2051 2166 Ut

1164 2186 1315 2225 autem
1346 2186 1502 2224 natura
1533 2185 1627 2236 ipsa
1651 2196 1704 2225 eo
1730 2186 1952 2236 ducimur,
1984 2188 2047 2235 ut,

1164 2258 1267 2287 cum
1312 2247 1405 2287 sitis
1450 2246 1683 2299 famesque
1729 2259 1810 2289 nos
1854 2249 2046 2298 cruciet,

1162 2310 1320 2361 paratu
1369 2308 1584 2350 facillimis
1634 2310 1888 2362 quibusque
1939 2322 2050 2352 con-

1163 2372 1272 2412 tenti
1301 2371 1462 2421 simus,
1496 2372 1555 2411 ita
1587 2372 1721 2414 etiam
1750 2373 1796 2413 in
1815 2373 1953 2414 rebus
1973 2385 2050 2414 ve-

1162 2435 1311 2475 nereis
1341 2435 1616 2475 versandum
1648 2437 1736 2484 est;
1786 2447 1866 2476 cur
1903 2437 2043 2485 6111111,

1162 2508 1266 2537 cum
1304 2496 1461 2536 ancilla
1498 2496 1569 2537 vel
1612 2497 1827 2549 puerulus
1866 2501 2045 2551 praesto

1162 2562 1249 2609 est,
1275 2559 1409 2600 salaci
1429 2561 1654 2611 prurigine
1677 2561 1752 2600 diu
1773 2572 1855 2601 nos
1879 2563 2047 2602 crucia-

1160 2623 1368 2662 remus‘?»
1407 2633 1522 2673 quae
1554 2623 1633 2662 fuit
1656 2625 1875 2664 sententia
1909 2625 2044 2665 etiam

1160 2685 1352 2725 Socratis
1384 2686 1505 2737 apud
1534 2687 1738 2739 Xenoph.
1772 2689 1904 2727 Mem.
1932 2689 1978 2737 4,
2002 2687 2040 2733 3

1161 2745 1235 2786 44ῑ
1284 2741 1419 2787 Οὕτω
1457 2745 1517 2801 δὴ
1558 2749 1640 2789 καὶ
1680 2743 2045 2821 αφροόισιάζειν

1157 2805 1273 2859 τοὺς
1309 2806 1379 2863 1ιὴ
1418 2806 1710 2862 ἆσφαλῶςέ
1692 2807 1895 2863 έχοιτας
1925 2810 2044 2870 πρὸς

1158 2867 1473 2929 ἀφροδίσια
1445 2867 1506 2913 ωέ
1494 2885 1567 2913 το
1596 2886 1720 2931 ymyz
1723 2888 1772 2915 αι
1804 2873 1924 2933 πρὸς
1945 2888 2044 2916 τοι,-

1157 2932 1302 2985 αῦτα,
1336 2930 1418 2975 οἶα
1445 2932 1551 2989 μὴ
1540 2933 1665 2977 πάνυ
1695 2952 1754 2990 ,ca
1742 2951 1785 2977 ν
1805 2937 2040 2990 ὁεοιιένου

1157 2995 1244 3038 τοῦ
1275 2994 1503 3051 σώματος
1533 2995 1623 3039 οὐκ
1644 2995 1705 3040 ἄν
1725 2998 2043 3074 προσδέξαιτο

1158 3057 1187 3113 ἡ
1206 3058 1366 3115 ψυχή,
1388 3060 1534 3115 δεοιιέ
1536 3075 1621 3104 νου
1646 3061 1696 3104 δὲ
1721 3060 1812 3105 οὐκ
1837 3059 1899 3104 ἄν
1927 3061 2043 3122 πρά-

1156 3136 1316 3177 γματα
1338 3126 1937 3182 παρεχοι.(]0111.0111111110
1959 3129 2040 3167 Se—

1155 3200 1293 3229 necae
1325 3189 1459 3242 Epist.
1487 3191 1578 3231 419.
1610 3215 1653 3220 —
1676 3194 1884 3232 Pavonem
1904 3192 2041 3232 rhom-

1154 3251 1343 3304 bumque]
1385 3252 1508 3293 cibos
1550 3255 1693 3305 pretio
1734 3255 1873 3305 magis
1904 3254 2038 3294 etiam

1154 3325 1288 3365 quam
1312 3325 1473 3367 sapore
1495 3316 1708 3367 insignes,
1744 3326 1934 3367 quorum
1957 3327 2038 3356 cu-

1153 3377 1281 3427 pidos
1325 3378 1501 3418 deridet
1545 3380 1631 3418 Sat.
1666 3379 1717 3426 2,
1757 3378 1804 3426 ⁶2,
1847 3378 1899 3417 ‘23
1932 3388 2031 3430 sqq.

205 3433 323 3473 haud
348 3435 501 3486 exigua
524 3437 737 3486 pecuniae
761 3439 1085 3488 summa,scite
1152 3438 1202 3480 48
1247 3451 1344 3491 sqq.
1395 3465 1435 3469 —
1479 3440 1631 3491 rumpi]
1679 3439 1734 3480 de
1782 3439 1941 3480 eadem
1986 3451 2032 3479 re
