2231 3787
283 280 384 329 686
1088 278 1298 318 HORATu

283 411 429 451 tabula
460 411 669 463 peculiari
699 410 1042 462 conscripserat.
1104 410 1272 449 Deinde
1305 419 1407 448 cum
1439 408 1591 459 paucis
1623 409 1723 447 ante
1756 409 1946 448 mortem
1977 408 2102 447 annis

284 492 415 521 causa
456 482 620 521 incerta
664 481 823 521 ductus
854 481 910 520 ad
941 481 1146 526 Pisones,
1190 479 1341 517 nescio
1373 489 1426 517 an
1457 478 1635 528 ingratis
1667 477 1875 529 precibus
1906 480 2102 526 coactus,

283 551 525 601 scriberet,
574 564 655 601 ea,
717 562 829 602 quae
871 550 993 589 cordi
1038 549 1121 589 sibi
1166 548 1426 588 iamdudum
1472 549 1621 595 erant,
1669 548 2100 595 communicaturus,

284 623 433 662 omnia
454 623 657 670 omnino,
693 633 806 673 quae
830 621 884 659 de
908 619 1031 670 poesi
1053 621 1202 657 mente
1224 617 1454 658 recondita
1475 617 1693 667 habebat,
1724 618 1942 669 prompsit
1960 627 2108 668 prom-

283 696 445 743 ptaque
477 691 709 743 epistolam
741 690 896 730 leviter
926 688 1199 728 adumbrans
1229 688 1509 740 perscripsit,
1554 688 1636 733 ita,
1669 688 1717 726 ut
1746 698 1863 727 nunc
1893 685 2106 738 epistolae

283 762 471 802 sormam
511 764 734 806 servaret,
778 770 896 799 nunc
935 757 1013 798 soli
1052 759 1116 797 rei
1157 752 1423 798 scribendae
1456 759 1648 797 intentus
1678 756 1944 808 negligeret,
1989 768 2107 796 nunc

284 832 338 871 de
370 833 577 871 unix‘ersa
609 831 756 882 poesi,
791 841 908 869 nunc
941 829 995 868 de
1027 829 1227 868 dramate
1260 831 1435 879 ageret,
1476 830 1520 868 et
1548 829 1706 867 iterata
1737 838 1842 867 cura
1874 826 2106 878 epistolam

283 906 437 953 postea
466 899 764 952 perpoliturus
794 902 1030 950 utramque
1063 909 1158 938 rem
1190 910 1276 938 non
1309 899 1415 938 satis
1448 897 1612 948 ubique
1644 897 1933 938 discerneret.
1985 896 2107 939 Unde

286 972 451 1010 factum
491 982 590 1011 esse
631 970 830 1018 videtur,
873 972 922 1008 ut
952 969 1272 1008 sententiarum
1309 980 1395 1007 non
1425 967 1593 1018 ubique
1624 969 1736 1007 iusta
1767 968 2034 1007 continuatio
2066 969 2110 1008 et

285 1042 424 1080 series
465 1041 544 1090 sit,
586 1043 635 1079 ut
670 1039 750 1079 alia
793 1051 845 1079 ex
884 1038 966 1078 alia
1003 1050 1116 1078 nexa
1147 1041 1191 1078 et
1221 1049 1377 1078 omnes
1408 1039 1522 1078 inter
1551 1049 1598 1078 se
1630 1040 1758 1089 aptae
1790 1037 2108 1089 colligataeque

285 1122 387 1150 esse
421 1122 507 1150 non
538 1110 794 1156 videantur,
843 1119 1117 1159 quamquam
1149 1108 1204 1147 ad
1234 1109 1390 1160 poesin
1422 1110 1608 1148 cunctae
1638 1109 1874 1159 pertinent.
1934 1109 1996 1147 Ex
2026 1108 2110 1148 hac

285 1182 413 1231 igitur
445 1179 653 1232 epistolae
687 1179 866 1226 umbra,
916 1190 994 1218 cur
1035 1179 1089 1218 ad
1121 1180 1303 1219 Pisones
1335 1179 1498 1230 scripta
1529 1179 1604 1225 sit,
1651 1189 1811 1230 parum
1841 1177 2106 1229 intelligitur,

284 1262 429 1301 neque
462 1261 641 1298 eorum,
677 1261 788 1300 quos
818 1250 998 1290 historia
1030 1250 1170 1297 novit,
1216 1249 1290 1300 qui
1320 1249 1496 1288 fuerint.
1558 1251 1763 1289 Attamen
1794 1260 1897 1288 cum
1927 1250 1973 1288 L.
2007 1247 2109 1288 Cal-

284 1321 493 1371 purnium
525 1321 754 1368 Pisonem,
789 1321 863 1370 qui
895 1330 997 1359 cum
1027 1321 1082 1359 M.
1117 1319 1236 1359 Livio
1266 1320 1411 1359 Druso
1443 1330 1481 1358 a.
1505 1330 1550 1358 u.
1575 1330 1614 1359 c.
1640 1319 1732 1358 739.
1767 1318 1921 1359 consul
1951 1318 2106 1367 fuerat,

285 1391 320 1430 si
352 1401 437 1429 non
470 1391 615 1441 ipsum
645 1394 848 1441 poetam,
883 1392 1003 1429 certe
1036 1391 1270 1440 poetarum
1301 1389 1540 1429 antistitem
1561 1389 1725 1438 fuisse,
1758 1391 1960 1429 veterum
1983 1389 2110 1448 testi-

284 1460 444 1500 moniis
476 1461 580 1499 satis
612 1459 950 1511 comprobetur,
993 1461 1172 1510 po'e'tam
1205 1458 1261 1498 ad
1292 1459 1410 1498 hunc
1442 1460 1627 1510 eiusque
1659 1459 1771 1500 filios
1801 1459 1999 1499 scribere
2027 1470 2110 1499 vo-

284 1529 418 1570 luisse
459 1529 670 1578 arbitror,
713 1530 794 1569 nisi
836 1530 933 1580 quis
968 1529 1079 1568 forte
1118 1529 1388 1569 firmioribus
1417 1540 1524 1569 usus
1556 1529 1827 1580 argumentis
1858 1528 1976 1569 aliud
2006 1540 2110 1569 sua-

284 1599 420 1639 debit.
481 1602 592 1639 Nam
636 1600 768 1639 iudici
814 1604 1004 1651 poeseos
1048 1601 1190 1651 perito
1235 1602 1407 1639 tantum
1452 1599 1669 1639 eiusmodi
1716 1610 1788 1639 res
1833 1602 1934 1650 apte
1973 1599 2110 1639 scribi

284 1672 537 1720 potuerunt.
584 1671 813 1709 Horatium
844 1669 1166 1709 consuetudine
1191 1669 1422 1710 Pisonibus
1446 1671 1732 1709 coniunctum
1753 1668 1888 1709 multa
1909 1669 1964 1709 de
1984 1671 2110 1720 poesi

285 1741 466 1790 saepius
497 1751 599 1779 cum
631 1751 683 1779 eo
713 1739 782 1779 vel
814 1739 1152 1791 praesentibus,
1186 1739 1254 1779 vel
1286 1751 1607 1791 nonnunquam
1638 1751 1899 1780 sermonum
1927 1740 2110 1792 partici-

283 1809 414 1860 pibus
445 1808 540 1849 filiis
571 1809 835 1849 collocutum
886 1821 1009 1859 esse,
1049 1798 1400 1850 consentaneum
1431 1813 1510 1850 est.
1573 1811 1654 1857 Qui
1683 1820 1915 1850 sermones
1943 1810 2108 1861 passim

286 1880 471 1919 fortasse
502 1880 800 1930 respiciuntur
829 1879 884 1918 ab
918 1880 1119 1919 Horatio:
1155 1881 1259 1930 quin
1291 1879 1519 1919 consilium
1552 1879 1780 1930 quoddam
1811 1879 2030 1931 singulare
2053 1880 2109 1919 de

285 1951 496 1989 Pisonum
526 1951 695 1989 maiore
728 1951 766 1988 ei
798 1949 932 1989 fuisse
964 1948 1088 1988 facile
1118 1948 1291 1999 largiar.
1355 1948 1490 1997 Quale
1521 1949 1674 1998 fuerit,
1717 1953 1903 2001 propter
1930 1951 1996 1989 rei
2026 1949 2111 1989 ob-

286 2020 541 2060 scuritatem
573 2030 791 2069 quaerere
824 2018 1047 2070 displicet,
1083 2030 1196 2070 quae
1228 2021 1345 2058 tanta
1379 2021 1467 2067 est,
1502 2022 1550 2058 ut
1575 2020 1647 2058 vix
1678 2030 1877 2069 unquam
1906 2019 2111 2060 illustrari

285 2100 418 2141 posse
449 2089 667 2129 videatur.
727 2091 882 2139 Neque
914 2091 1252 2140 praeterquam,
1287 2088 1407 2139 quod
1437 2088 1642 2128 ultimum
1662 2089 1748 2128 hoc
1770 2090 2110 2130 Horatianorum

286 2170 473 2210 operum
519 2170 618 2199 esse
665 2159 776 2207 dixi,
824 2162 1001 2210 tempus
1033 2159 1215 2209 quidem
1252 2160 1501 2199 accuratius
1532 2159 1716 2199 definire
1748 2171 1948 2211 possum.
2007 2159 2109 2201 Tale

285 2231 415 2280 igitur
445 2228 708 2280 opusculum
740 2232 839 2280 post
879 2230 1044 2268 Horatii
1074 2231 1265 2269 mortem
1298 2231 1528 2280 repertum
1559 2240 1612 2268 ex
1643 2231 1906 2280 argumento
1936 2229 2111 2271 titulum

286 2300 487 2350 petentes
518 2300 668 2338 Artem
708 2300 930 2350 poeticam
970 2300 1306 2351 inscripserunt.
1370 2300 1672 2348 Grammatici‚
1721 2300 1764 2339 ni
1799 2299 1951 2351 fallor,
1997 2302 2110 2341 arri-

285 2380 445 2420 puere,
480 2370 522 2409 in
554 2371 699 2409 certas
731 2371 879 2420 partes
911 2369 1128 2419 divisere,
1162 2369 1393 2420 diligenter
1423 2369 1676 2421 explicuere
1698 2369 1936 2422 discipulis.
1987 2371 2110 2411 Divi-

287 2439 459 2478 sionem
490 2441 638 2478 autem
670 2451 722 2478 ex
753 2438 884 2478 libelli
918 2438 1090 2488 indole,
1134 2442 1266 2490 atque
1298 2439 1400 2479 inde
1433 2439 1685 2488 Quintiliani
1713 2439 1820 2480 illud
1865 2441 1940 2480 «in
1963 2442 2110 2491 prima

283 2512 407 2558 parte
437 2508 532 2546 libri
562 2510 609 2548 cle
637 2510 737 2548 Arte
759 2510 952 2558 poetica»
984 2510 1164 2550 fluxisse
1197 2510 1443 2549 existimo.»
1503 2508 1619 2550 Alias
1649 2510 1879 2562 opiniones
1909 2512 2108 2563 reperies

287 2578 406 2630 apud
436 2579 722 2618 Duntzerum.

397 2649 577 2687 Praeter
606 2648 761 2689 Lilium
792 2661 910 2689 nunc
938 2648 1060 2689 licuit
1090 2650 1343 2689 examinare
1375 2649 1528 2690 similis
1559 2652 1734 2701 generis
1763 2649 1955 2691 libellos:
1995 2650 2105 2691 Guil.

287 2717 452 2758 Theod.
486 2717 700 2757 Streuber
729 2719 777 2758 cle
808 2720 854 2769 Q.
886 2720 1052 2759 Horatii
1081 2720 1219 2759 Flacci
1239 2720 1295 2758 acl
1313 2721 1475 2759 Pisones
1493 2719 1695 2769 Epistola.
1737 2719 1950 2769 Bassseae,
1982 2720 2103 2760 ⁴839.

287 2788 353 2835 8.,
387 2787 649 2838 opusculum
681 2787 817 2828 multa
845 2788 976 2829 laude
1008 2789 1203 2840 dignum.
1265 2788 1446 2840 Engelb.
1479 2790 1562 2829 Ios.
1598 2787 1768 2839 Hilgers
1797 2790 1846 2829 de
1872 2790 1918 2839 Q.
1941 2791 2109 2830 Horatii

288 2857 426 2896 Flacci
453 2858 642 2907 Epistola
672 2859 727 2897 acl
754 2860 930 2898 Pisones.
977 2860 1155 2898 Bonnae
1188 2858 1308 2899 4844.
1343 2860 1381 2899 8.
1442 2857 1620 2898 Addere
1650 2858 1782 2898 hodie
1821 2860 1944 2900 iuvat
1971 2862 2106 2901 etiam

289 2930 338 2965 G.
370 2928 643 2978 Bernhardyi
682 2928 736 2968 de
774 2931 876 2968 Arte
918 2930 1091 2968 Poetica
1127 2929 1391 2969 sententiam
1422 2930 1696 2979 propositam
1726 2931 1771 2969 et
1798 2930 1842 2969 in
1870 2932 2108 2982 Program-

289 2999 406 3036 mate
439 2996 614 3037 Halensi
644 3009 682 3037 a.
710 2998 829 3038 4847.
855 3002 898 3038 et
927 2999 969 3038 in
1000 2997 1113 3038 libro
1144 2998 1523 3049 praestantissimo
1547 2999 1775 3039 Grundriss
1795 3000 1868 3040 der
1887 3001 2002 3040 Rom.
2024 3001 2109 3040 Lit-

289 3071 465 3106 teralm:
511 3067 658 3106 Zwez'le
686 3068 978 3120 Bearbeltany.
1012 3080 1054 3120 p.
1087 3067 1167 3107 477
1195 3077 1261 3118 sq.
1295 3068 1362 3107 his
1394 3055 1569 3108 verbis:

402 3135 626 3188 «Epistola
667 3137 723 3176 ad
762 3139 965 3186 Pisones,
1011 3138 1084 3176 scil
1123 3138 1353 3187 Quintilian
1390 3138 1690 3188 9ew6hnlicher
1717 3142 1798 3179 Ars
1828 3140 2003 3179 poetica
2033 3151 2108 3191 qe-

292 3212 441 3255 nannt,
473 3206 677 3246 verclankl
704 3207 769 3245 ihr
799 3208 974 3246 ehemals
1001 3218 1160 3258 ⁴qrosses
1178 3208 1339 3247 Ansehn
1358 3209 1542 3259 weniqer
1561 3209 1677 3248 ihren
1694 3210 1867 3249 wahren
1891 3211 2108 3261 Vorzayen

291 3278 353 3316 als
394 3279 484 3316 clem
520 3277 771 3328 97·undlosen
811 3277 1061 3325 Vorartheil,
1110 3278 1204 3316 (lass
1238 3278 1296 3317 sie
1333 3278 1399 3317 ein
1427 3278 1588 3327 System
1616 3279 1715 3318 oder
1742 3279 2008 3331 Lehrqedicht
2034 3280 2109 3319 der·

296 3347 512 3386 Verslcunst
554 3347 744 3386 enthalte.
803 3347 965 3385 Diesem
1009 3347 1164 3386 Walme
1191 3359 1248 3387 za
1283 3347 1465 3387 Gunslen
1503 3348 1575 3386 hal
1602 3359 1705 3387 man
1733 3349 1875 3400 hdufiy
1902 3349 2108 3389 entweder

290 3417 558 3467 yewaltsame
604 3417 901 3467 Umstellanyen
940 3418 1128 3456 versucht
1171 3419 1270 3457 oder
1310 3418 1565 3467 Hypolhesen
1592 3417 1695 3456 aber
1721 3418 1824 3457 Plan
1850 3418 1937 3456 und
1963 3418 2106 3459 Zweck

291 3487 399 3526 eines
428 3486 637 3526 Gedichles
665 3486 980 3537 durchqefuhrt,
1013 3486 1181 3527 welches
1208 3498 1330 3526 zwar
1349 3487 1571 3528 erhebliche
1589 3487 1866 3528 Bruchstu'cke
1886 3488 1960 3528 der
1976 3488 2106 3529 Lehre
