2231 3787
179 294 281 345 4³20
782 290 996 330 lIORATlI
1026 289 1396 330 EPISTOLARUM

250 428 326 478 An
367 422 580 476 tacitum
621 419 780 473 silvas
822 420 957 473 inter
995 427 1208 490 reptare
1249 416 1517 472 salubres,

254 527 539 580 Curantem
580 521 844 594 quidquid
886 521 1102 592 dignum
1143 520 1385 590 sapiente
1423 519 1677 591 bonoque
1717 520 1836 572 est?
1971 538 2002 570 o

251 630 365 681 Non
405 636 460 679 tu
502 642 699 696 corpus
740 640 860 676 eras
901 623 1015 676 sine
1055 630 1290 692 pectore.

1973 520 1996 532 υ

1368 621 1431 673 Di
1474 621 1565 674 tibi
1606 621 1857 683 formam,

290 780 370 819 ΕΡ.
404 779 472 816 IV.
509 777 546 816 si.
583 777 858 824 interreptare
888 773 918 812 E
951 775 993 811 et
1023 783 1137 811 corr.
1164 772 1204 818 d,
1241 774 1287 812 C.

185 920 386 960 dantur.»
418 919 518 956 Aen.
556 915 658 954 «Hic
682 916 770 962 est,
805 913 879 964 qui
900 914 1058 964 inpar-
1091 923 1094 991 ἱ
1125 913 1301 953 ruisset.
1355 913 1565 953 Ceterum
1588 914 1809 964 integrum
1832 915 1876 954 et
1897 925 2004 954 can-

181 984 299 1025 tibus
331 981 469 1022 Cassii
500 981 543 1019 et
582 979 701 1018 Bruti
743 977 945 1017 tribunus
976 977 1062 1016 mi-

180 1047 304 1087 litum
342 1054 445 1084 cum
482 1043 662 1082 Horatio
693 1039 917 1089 militavit,
963 1040 1062 1090 qui-

180 1110 265 1149 bus
294 1106 421 1146 victis
450 1105 645 1144 Athenas
677 1114 725 1143 se
758 1101 956 1142 contulit.
1009 1102 1058 1150 Q.

180 1173 323 1211 Varus
345 1168 400 1208 ab
431 1168 627 1218 Augusto
660 1166 846 1216 missus,
879 1166 927 1204 ut
958 1174 1061 1203 eum

180 1232 474 1279 interficeret,
508 1228 765 1269 studentem
796 1227 993 1279 repperit
1019 1228 1063 1265 et

180 1295 413 1348 perempto
452 1303 504 1331 eo
543 1291 753 1331 scrinium
794 1300 896 1329 cum
936 1288 1061 1328 libris

179 1357 288 1398 tulit.
323 1354 445 1397 Unde
465 1352 591 1393 multi
613 1352 900 1392 crediderunt
920 1351 1063 1400 Thye-

179 1423 294 1460 stem
327 1417 466 1458 Cassii
487 1416 740 1456 Parmensis
763 1415 914 1455 fuisse.
950 1414 1063 1453 Scri-

177 1483 329 1535 pserat
373 1480 491 1520 enim
530 1477 690 1518 multas
731 1476 837 1517 alias
882 1478 1060 1526 tragoe-

177 1546 315 1586 dias.»
369 1545 513 1583 Acflox
553 1542 596 1580 et
635 1542 789 1580 Ponpu.
839 1540 974 1589 <Quae
1008 1549 1061 1577 ex

175 1607 317 1648 veteri
358 1607 400 1645 et
443 1603 597 1644 illustri
641 1602 758 1642 fama
800 1601 916 1641 dicta
959 1611 1057 1640 esse

176 1670 327 1710 statuit
374 1666 603 1707 Weichert
652 1665 706 1704 de
754 1664 906 1704 Cassio
949 1665 1059 1703 Par-

177 1732 322 1774 mensi
342 1742 386 1782 p.
410 1729 515 1769 227:
552 1728 615 1769 «si
637 1727 980 1767 discesserimus
1002 1724 1056 1764 ab

177 1806 266 1835 uno
296 1795 379 1834 isto
412 1802 563 1832 errore
585 1790 641 1830 de
673 1791 864 1840 Thyeste
888 1791 1060 1839 tragoe-

176 1859 248 1898 dia
293 1866 374 1908 per
416 1854 582 1892 Varum
628 1852 778 1892 furtim
822 1850 968 1890 ablata
1014 1852 1059 1889 et

179 1920 339 1961 edita.»
387 1916 475 1956 Sed
505 1915 561 1955 de
592 1916 682 1954 tota
703 1914 787 1953 hac
809 1913 1060 1953 narratiun—

175 1982 275 2023 cula
306 1979 560 2021 conferatur
598 1977 815 2028 imprimis
852 1975 1059 2016 Welcker

178 2043 327 2097 Suppl.
351 2041 446 2082 Vol.
470 2042 520 2080 V.
546 2041 591 2079 T.
616 2041 685 2079 111.
711 2051 754 2091 p.
782 2038 901 2079 4404.
948 2040 1061 2079 Con-

177 2106 388 2149 fuderunt
409 2114 515 2144 sane
539 2101 808 2142 Scholiastae
833 2102 879 2152 Q.
904 2102 1060 2140 Varum

178 2173 219 2212 et
249 2171 296 2210 L.
324 2168 510 2207 Varium.
562 2164 627 2205 Ab
659 2164 843 2204 Acronis
878 2165 922 2203 et
951 2165 1060 2202 Por-

175 2231 404 2287 phw‘ionis
436 2226 619 2268 Scholiis
652 2238 705 2267 ex
734 2228 860 2278 parte
889 2225 1060 2266 discre-

175 2297 251 2348 pat
295 2293 363 2343 id,
410 2291 530 2342 quod
577 2288 758 2330 exhibet
804 2287 951 2328 Codex
998 2288 1055 2328 E:

178 2358 289 2398 «Iste
321 2357 388 2396 est
420 2354 619 2401 Cassius,
668 2352 743 2403 qui
786 2352 828 2390 in
859 2349 1058 2403 partibus

174 2420 296 2461 Bruti
327 2420 478 2458 contra
509 2417 759 2467 Augustum
790 2425 893 2454 cum
924 2415 1061 2454 Hora-

175 2484 235 2523 tio
266 2480 479 2521 militavit.
530 2478 617 2518 Sed
637 2478 754 2517 victo
774 2478 908 2516 Bruto
928 2476 1061 2515 Athe-

177 2557 256 2586 nas
300 2545 420 2596 fugit.
489 2544 537 2591 Q.
573 2542 716 2582 Varus
762 2540 817 2580 ab
862 2541 1058 2591 Augusto

177 2610 340 2649 missus
369 2609 417 2646 ut
448 2616 551 2645 eum
583 2604 876 2652 interficeret,
915 2601 1060 2655 philo-

177 2671 358 2723 sophiae
399 2668 656 2709 studentem
693 2667 891 2718 repperit
922 2668 966 2705 et
1006 2677 1059 2705 eo

177 2734 412 2785 perempto
453 2731 615 2771 scrinia
656 2730 750 2769 eius
788 2739 891 2768 cum
935 2727 1059 2767 libris

178 2794 294 2843 tulit,
327 2794 396 2834 ubi
425 2793 581 2833 multae
602 2792 846 2843 tragoediae
869 2791 1062 2830 inventae

178 2861 297 2905 sunt,
345 2857 453 2895 inter
496 2866 603 2905 quas
647 2855 799 2894 Orestis
843 2857 879 2893 et
931 2853 1060 2901 Thye-

178 2919 263 2958 stis.
321 2918 430 2957 Unde
459 2918 579 2956 multi
606 2917 872 2956 crediderunt
892 2919 1063 2965 traqoe-

178 2981 296 3020 diam
327 2978 378 3018 ab
409 2990 456 3018 eo
485 2979 782 3028 composita-m,
815 2987 922 3026 quae
958 2977 1062 3015 Ore-

180 3043 252 3083 stis
280 3041 445 3081 nomine
473 3039 755 3078 inscribitur.»
782 3063 826 3067 —
847 3038 1060 3088 opuscula]

181 3106 290 3145 Sunt
312 3103 509 3143 carmina
531 3102 724 3149 minora,
759 3102 843 3140 hoc
864 3099 983 3149 loco,
1016 3101 1065 3138 ut

181 3167 534 3207 consentaneum
576 3164 665 3210 est,
712 3162 929 3213 imprimis
971 3160 1064 3201 ele-

183 3230 304 3281 giae,
358 3224 740 3278 quemadmodum
789 3223 907 3275 apud
953 3222 1060 3263 Plin.

184 3292 294 3343 Epp.
318 3290 365 3338 8,
398 3289 444 3328 24
470 3320 478 3336 ,
511 3286 557 3327 4:
589 3286 710 3326 Liber
733 3286 894 3335 (meus,
929 3295 1064 3335 quem

184 3350 405 3400 recitavi,)
444 3350 523 3401 fuit
553 3352 592 3388 et
621 3348 826 3398 opusculis
853 3348 999 3386 varius
1029 3352 1066 3387 et

184 3413 340 3453 metris.
378 3410 632 3451 Admodum
655 3420 759 3460 ergo
782 3409 958 3448 suerunt
979 3408 1065 3448 ele-

187 3476 331 3527 gantia
353 3486 406 3514 ac
435 3474 642 3520 venusta3
676 3470 867 3523 alioquin
898 3472 957 3519 is,
990 3472 1064 3521 qui

190 3551 242 3580 ea
286 3540 565 3592 superasset,
612 3535 791 3577 laudem
834 3546 920 3576 non
966 3546 1063 3576 me-

1127 975 1281 1015 didum
1321 975 1515 1015 iudicem
1553 987 1600 1016 se
1641 975 1828 1027 praebet
1864 977 2005 1016 Hora—

1126 1039 1211 1078 tius
1253 1039 1386 1078 etiam
1430 1039 1472 1078 in
1504 1049 1579 1087 eo,
1628 1039 1748 1090 quod
1784 1040 2001 1088 Cassium,

1127 1102 1351 1142 Octaviani
1388 1101 1618 1141 inimicum
1655 1103 1698 1141 et
1735 1101 1790 1141 ab
1821 1102 1908 1141 hoc
1936 1102 2006 1141 in·-

1125 1164 1384 1212 terfectum,
1432 1166 1661 1215 tamquam
1690 1166 1870 1216 poetam
1908 1163 2007 1204 lau-

1126 1227 1213 1267 dat.
1251 1227 1404 1277 (Cassii
1426 1227 1605 1266 Brutum
1624 1227 1846 1266 memorat
1865 1227 2005 1266 Varro

1125 1291 1172 1329 L.
1195 1291 1240 1329 L.
1268 1290 1315 1338 6,
1351 1290 1389 1329 7.
1443 1288 1655 1329 Eiusdem
1676 1289 1751 1340 qui
1772 1288 1910 1329 fertur
1931 1290 2007 1328 Or-

1118 1352 1270 1402 pheus,
1296 1363 1430 1403 quem
1455 1352 1496 1390 h.
1521 1350 1548 1390 l.
1570 1352 1854 1391 inseruerunt
1874 1353 2006 1391 Geor-

1124 1415 1220 1466 gius
1269 1414 1524 1463 Fabricius,
1578 1415 1691 1463 Fea,
1743 1414 2006 1454 Braunhard

1126 1479 1229 1526 cet,
1273 1476 1546 1516 subditivum
1577 1478 1645 1516 est
1682 1473 2001 1529 ποιημάτιον,

1126 1540 1423 1591 compositum
1466 1538 1521 1577 ab
1566 1539 1756 1578 Ant-onio
1799 1538 2004 1590 Thylesio

1124 1601 1309 1655 (Telesio)
1352 1601 1646 1649 Consentino,
1692 1602 1869 1640 mortuo
1915 1602 2005 1642 cir-

1125 1666 1234 1706 citer
1277 1675 1314 1704 a.
1361 1663 1481 1703 4533.
1533 1663 1642 1702 Vide
1685 1664 1917 1704 W⁷eichert
1955 1675 2000 1716 p.

1125 1728 1235 1778 499.)
1288 1726 1417 1776 Quod
1456 1725 1652 1766 nonnulli
1690 1727 1895 1768 Cassium
1931 1738 2006 1767 re-

1123 1789 1342 1843 prehendi
1373 1789 1428 1828 ab
1461 1789 1639 1828 Horatio
1668 1787 1739 1828 vel
1770 1789 1854 1829 hoc
1883 1791 2004 1829 certe

1125 1852 1209 1893 dici
1260 1851 1609 1892 contenderunt:
1662 1850 1911 1892 «Scribisne
1958 1853 2006 1891 tu

1125 1927 1261 1968 opus,
1316 1915 1434 1966 quod
1483 1915 1688 1954 vastitate
1735 1925 1814 1954 sua
1857 1914 2008 1955 vincat

1125 1979 1258 2018 etiam
1287 1979 1411 2017 vasta
1435 1977 1575 2016 Cassii
1605 1975 1871 2027 opuscu1352»
1902 1976 2005 2016 inde

1125 2042 1270 2081 ortum
1293 2041 1374 2089 est,
1399 2039 1520 2090 quod
1540 2039 1660 2079 hunc
1679 2040 1883 2079 Cassium
1904 2041 2007 2079 Par-

1123 2114 1329 2143 mensem
1374 2101 1671 2142 confuderunt
1709 2113 1812 2142 cum
1853 2103 2004 2143 Cassio

1123 2167 1336 2215 Etrusco,
1380 2163 1498 2204 malo
1528 2165 1661 2216 poeta
1692 2166 1735 2204 et
1765 2161 2006 2222 πολυγρα-

1124 2225 1347 2281 φωτάτῳ.
1401 2227 1489 2266 Sat.
1516 2227 1564 2277 4,
1599 2227 1673 2276 40,
1708 2227 1752 2267 64
1791 2237 1859 2279 sq.

1179 2291 1217 2332 4.
1238 2292 1277 2330 5.
1308 2289 1495 2340 tacitum]
1521 2288 1730 2330 «infixum
1754 2290 2006 2341 cogitationi

1125 2353 1179 2394 de
1210 2352 1396 2405 pulchro
1429 2353 1472 2391 et
1500 2352 1709 2401 honesto,
1744 2351 1800 2391 de
1829 2353 1918 2392 vita
1948 2351 2006 2392 ad

1123 2415 1429 2468 philosophiae
1460 2416 1700 2466 praecepta
1727 2414 2007 2455 conforman-

1125 2479 1225 2519 da.»
1275 2478 1538 2519 Maestitiam
1581 2480 1766 2529 propter
1803 2488 2007 2518 amorem

1125 2541 1320 2592 aliquem
1355 2539 1576 2580 infelicem
1614 2538 1752 2579 veluti
1789 2539 2004 2591 Glycerae

1127 2605 1220 2656 (Od.
1246 2606 1292 2654 4,
1327 2604 1428 2654 33.),
1461 2605 1510 2642 ut
1541 2602 1761 2654 explicant
1790 2601 2002 2652 nonnulli,

1124 2679 1180 2707 ne
1211 2666 1350 2706 verbo
1382 2665 1565 2717 quidem
1597 2664 1828 2715 significat.
1865 2688 1910 2693 —
1932 2675 2005 2704 re-

1105 2729 1256 2781 ptare]
1289 2731 1337 2768 ut
1367 2721 1525 2784 ἕρπειν
1547 2729 1591 2767 et
1611 2725 1847 2784 ἑρπύζειν,
1882 2727 2003 2767 «sine

1126 2794 1249 2832 certo
1272 2790 1452 2831 consilio
1475 2791 1518 2829 et
1549 2789 1675 2829 tardo
1705 2790 1886 2830 incessu
1904 2800 2006 2842 per-

1125 2852 1377 2901 ambulare,
1410 2852 1692 2892 schlenclern.»
1728 2872 1772 2879 —
1806 2850 2003 2903 salubres]

1124 2917 1309 2967 propter
1352 2914 1486 2965 frigus
1531 2917 1773 2964 aeremque
1823 2923 2001 2965 purum.

1128 2976 1215 3017 Cfr.
1247 2977 1355 3028 Epp.
1388 2977 1434 3026 2,
1475 2977 1521 3026 2,
1566 2977 1631 3016 77.
1684 2974 1879 3016 Tibullus
1909 2976 2004 3027 ipse

1127 3039 1183 3078 de
1204 3049 1252 3079 se
1273 3038 1318 3087 4,
1352 3038 1427 3087 43,
1462 3038 1509 3078 9:
1544 3038 1613 3078 Sic
1633 3049 1708 3089 eqo
1729 3038 1893 3078 secretis
1910 3047 2008 3087 pos-

1126 3111 1217 3140 sum
1260 3101 1357 3140 bene
1397 3101 1536 3141 vivere
1577 3101 1714 3150 sil-vis,
1764 3101 1856 3150 Qua
1887 3099 2006 3139 nulla

1127 3163 1308 3202 humano
1328 3164 1381 3202 sit
1400 3163 1472 3202 via
1492 3163 1594 3202 trita
1616 3163 1734 3213 pede.
1757 3186 1802 3191 —
1821 3162 2007 3211 sapiente

1128 3224 1324 3276 bonoque]
1366 3226 1506 3277 Saepe
1547 3225 1659 3265 haec
1696 3224 1784 3264 duo
1821 3223 2008 3263 coniun-

1128 3288 1211 3338 git:
1245 3288 1353 3339 Epp.
1380 3289 1428 3336 4,
1461 3288 1507 3336 7,
1541 3287 1607 3326 22.
1661 3286 1736 3334 46,
1770 3285 1837 3325 73.
1882 3286 1932 3325 Α.
1956 3286 2003 3325 Ρ.

1128 3349 1221 3390 445.
1271 3350 1360 3389 Cic.
1387 3348 1441 3389 de
1463 3348 1585 3389 Offic.
1610 3347 1658 3397 3,
1684 3348 1757 3396 45,
1791 3347 1862 3387 62:
1895 3347 2007 3387 Haec

1127 3415 1183 3451 est
1212 3411 1286 3451 illa
1309 3412 1541 3462 pernicieS,
1584 3410 1694 3460 quod
1722 3409 1827 3448 alios
1856 3407 2002 3458 bonos,

1127 3474 1232 3514 alios
1259 3474 1461 3524 sapientes
1496 3472 1748 3513 existimant.
1801 3471 2002 3511 Eandem

1125 3536 1240 3575 vitae
1269 3536 1508 3583 rationem,
1543 3543 1678 3585 quam
1708 3533 1802 3585 ipse
1833 3542 2002 3585 seque-
