<?xml version="1.0" encoding="UTF-8"?>
<!DOCTYPE html PUBLIC "-//W3C//DTD XHTML 1.0 Transitional//EN"
    "http://www.w3.org/TR/xhtml1/DTD/xhtml1-transitional.dtd">
<html xmlns="http://www.w3.org/1999/xhtml" xml:lang="en" lang="en">
 <head>
  <title>
</title>
<meta http-equiv="Content-Type" content="text/html;charset=utf-8" />
  <meta name='ocr-system' content='tesseract 3.04.00' />
  <meta name='ocr-capabilities' content='ocr_page ocr_carea ocr_par ocr_line ocrx_word'/>
</head>
<body>
  <div class='ocr_page' id='page_1' title='image "./qhoratiusflaccus02horauoft_0211.png"; bbox 0 0 2231 3787; ppageno 0'>
   <div class='ocr_carea' id='block_1_1' title="bbox 792 268 972 308">
    <p class='ocr_par' dir='ltr' id='par_1_1' title="bbox 792 268 972 308">
     <span class='ocr_line' id='line_1_1' title="bbox 792 268 972 308; baseline -0.006 0"><span class='ocrx_word' id='word_1_1' title='bbox 792 268 890 308; x_wconf 89' lang='lat' dir='ltr'>LlB.</span> <span class='ocrx_word' id='word_1_2' title='bbox 926 269 972 308; x_wconf 87' lang='lat'>11.</span> 
     </span>
    </p>
   </div>
   <div class='ocr_carea' id='block_1_2' title="bbox 1035 270 1913 328">
    <p class='ocr_par' dir='ltr' id='par_1_2' title="bbox 1035 270 1913 328">
     <span class='ocr_line' id='line_1_2' title="bbox 1035 270 1913 328; baseline 0.002 -21"><span class='ocrx_word' id='word_1_3' title='bbox 1035 270 1144 309; x_wconf 73' lang='lat' dir='ltr'>SAT.</span> <span class='ocrx_word' id='word_1_4' title='bbox 1181 272 1207 309; x_wconf 89' lang='lat'>1.</span> <span class='ocrx_word' id='word_1_5' title='bbox 1812 276 1913 328; x_wconf 64' lang='lat'>495</span> 
     </span>
    </p>
   </div>
   <div class='ocr_carea' id='block_1_3' title="bbox 182 397 1855 476">
    <p class='ocr_par' dir='ltr' id='par_1_3' title="bbox 182 397 1855 476">
     <span class='ocr_line' id='line_1_3' title="bbox 182 397 1855 476; baseline 0.005 -26"><span class='ocrx_word' id='word_1_6' title='bbox 182 397 293 450; x_wconf 87' lang='lat' dir='ltr'>Vita</span> <span class='ocrx_word' id='word_1_7' title='bbox 331 397 490 450; x_wconf 84' lang='lat' dir='ltr'>senis,</span> <span class='ocrx_word' id='word_1_8' title='bbox 553 398 763 468; x_wconf 86' lang='lat' dir='ltr'>Sequor</span> <span class='ocrx_word' id='word_1_9' title='bbox 800 397 968 458; x_wconf 88' lang='lat' dir='ltr'>hunc,</span> <span class='ocrx_word' id='word_1_10' title='bbox 1009 399 1256 452; x_wconf 83' lang='lat' dir='ltr'>Lucanus</span> <span class='ocrx_word' id='word_1_11' title='bbox 1295 417 1359 451; x_wconf 88' lang='lat' dir='ltr'>an</span> <span class='ocrx_word' id='word_1_12' title='bbox 1393 401 1594 472; x_wconf 67' lang='lat' dir='ltr'>Apulus=</span> <span class='ocrx_word' id='word_1_13' title='bbox 1634 421 1855 476; x_wconf 77' lang='lat' dir='ltr'>anceps:</span> 
     </span>
    </p>
   </div>
   <div class='ocr_carea' id='block_1_4' title="bbox 179 498 1736 572">
    <p class='ocr_par' dir='ltr' id='par_1_4' title="bbox 179 498 1736 572">
     <span class='ocr_line' id='line_1_4' title="bbox 179 498 1736 572; baseline 0.004 -22"><span class='ocrx_word' id='word_1_14' title='bbox 179 499 310 551; x_wconf 89' lang='lat' dir='ltr'>Nam</span> <span class='ocrx_word' id='word_1_15' title='bbox 343 499 640 552; x_wconf 69' lang='lat' dir='ltr'>Venusinus</span> <span class='ocrx_word' id='word_1_16' title='bbox 679 507 792 552; x_wconf 84' lang='lat' dir='ltr'>arat</span> <span class='ocrx_word' id='word_1_17' title='bbox 827 498 986 551; x_wconf 86' lang='lat' dir='ltr'>linem</span> <span class='ocrx_word' id='word_1_18' title='bbox 1026 498 1125 551; x_wconf 83' lang='lat' dir='ltr'>sub</span> <span class='ocrx_word' id='word_1_19' title='bbox 1164 509 1450 572; x_wconf 82' lang='lat' dir='ltr'>utrumque</span> <span class='ocrx_word' id='word_1_20' title='bbox 1490 502 1736 566; x_wconf 83' lang='lat' dir='ltr'>colonuS,</span> 
     </span>
    </p>
   </div>
   <div class='ocr_carea' id='block_1_5' title="bbox 1848 508 1914 559">
    <p class='ocr_par' dir='ltr' id='par_1_5' title="bbox 1848 508 1914 559">
     <span class='ocr_line' id='line_1_5' title="bbox 1848 508 1914 559; baseline -0.03 0"><span class='ocrx_word' id='word_1_21' title='bbox 1848 508 1914 559; x_wconf 78' lang='lat'>35</span> 
     </span>
    </p>
   </div>
   <div class='ocr_carea' id='block_1_6' title="bbox 180 599 1745 670">
    <p class='ocr_par' dir='ltr' id='par_1_6' title="bbox 180 599 1745 670">
     <span class='ocr_line' id='line_1_6' title="bbox 180 599 1745 670; baseline 0.003 -20"><span class='ocrx_word' id='word_1_22' title='bbox 180 600 371 652; x_wconf 79' lang='lat' dir='ltr'>Missus</span> <span class='ocrx_word' id='word_1_23' title='bbox 410 599 477 652; x_wconf 83' lang='lat' dir='ltr'>ad</span> <span class='ocrx_word' id='word_1_24' title='bbox 516 599 616 653; x_wconf 86' lang='lat' dir='ltr'>hoc</span> <span class='ocrx_word' id='word_1_25' title='bbox 655 599 845 670; x_wconf 84' lang='lat' dir='ltr'>pulsiS,</span> <span class='ocrx_word' id='word_1_26' title='bbox 889 609 1039 652; x_wconf 83' lang='lat' dir='ltr'>vetus</span> <span class='ocrx_word' id='word_1_27' title='bbox 1078 609 1160 653; x_wconf 88' lang='lat' dir='ltr'>est</span> <span class='ocrx_word' id='word_1_28' title='bbox 1198 609 1253 652; x_wconf 87' lang='lat' dir='ltr'>ut</span> <span class='ocrx_word' id='word_1_29' title='bbox 1292 602 1452 663; x_wconf 82' lang='lat' dir='ltr'>sama,</span> <span class='ocrx_word' id='word_1_30' title='bbox 1495 603 1745 664; x_wconf 72' lang='lat' dir='ltr'>Sabellis,</span> 
     </span>
    </p>
   </div>
   <div class='ocr_carea' id='block_1_7' title="bbox 179 701 1638 771">
    <p class='ocr_par' dir='ltr' id='par_1_7' title="bbox 179 701 1638 771">
     <span class='ocr_line' id='line_1_7' title="bbox 179 701 1638 771; baseline 0.003 -19"><span class='ocrx_word' id='word_1_31' title='bbox 179 701 297 764; x_wconf 88' lang='lat' dir='ltr'>Quo</span> <span class='ocrx_word' id='word_1_32' title='bbox 336 719 402 753; x_wconf 91' lang='lat' dir='ltr'>ne</span> <span class='ocrx_word' id='word_1_33' title='bbox 441 719 538 771; x_wconf 86' lang='lat' dir='ltr'>per</span> <span class='ocrx_word' id='word_1_34' title='bbox 575 719 804 754; x_wconf 76' lang='lat' dir='ltr'>vacuum</span> <span class='ocrx_word' id='word_1_35' title='bbox 842 703 1077 755; x_wconf 88' lang='lat' dir='ltr'>Romano</span> <span class='ocrx_word' id='word_1_36' title='bbox 1117 701 1413 756; x_wconf 78' lang='lat' dir='ltr'>incurreret</span> <span class='ocrx_word' id='word_1_37' title='bbox 1450 703 1638 766; x_wconf 73' lang='lat' dir='ltr'>liostiS,</span> 
     </span>
    </p>
   </div>
   <div class='ocr_carea' id='block_1_8' title="bbox 181 801 1693 873">
    <p class='ocr_par' dir='ltr' id='par_1_8' title="bbox 181 801 1693 873">
     <span class='ocr_line' id='line_1_8' title="bbox 181 801 1693 873; baseline 0.004 -20"><span class='ocrx_word' id='word_1_38' title='bbox 181 801 305 853; x_wconf 77' lang='lat' dir='ltr'>Sive</span> <span class='ocrx_word' id='word_1_39' title='bbox 343 801 488 872; x_wconf 84' lang='lat' dir='ltr'>quod</span> <span class='ocrx_word' id='word_1_40' title='bbox 530 802 696 872; x_wconf 71' lang='lat' dir='ltr'>Apula</span> <span class='ocrx_word' id='word_1_41' title='bbox 734 819 866 872; x_wconf 79' lang='lat' dir='ltr'>gens</span> <span class='ocrx_word' id='word_1_42' title='bbox 904 820 1000 854; x_wconf 83' lang='lat' dir='ltr'>seu</span> <span class='ocrx_word' id='word_1_43' title='bbox 1039 803 1184 873; x_wconf 85' lang='lat' dir='ltr'>quod</span> <span class='ocrx_word' id='word_1_44' title='bbox 1224 805 1456 857; x_wconf 86' lang='lat' dir='ltr'>Lucania</span> <span class='ocrx_word' id='word_1_45' title='bbox 1495 805 1693 859; x_wconf 89' lang='lat' dir='ltr'>bellum</span> 
     </span>
    </p>
   </div>
   <div class='ocr_carea' id='block_1_9' title="bbox 164 997 1862 1109">
    <p class='ocr_par' dir='ltr' id='par_1_9' title="bbox 164 997 1862 1109">
     <span class='ocr_line' id='line_1_9' title="bbox 217 997 1862 1055; baseline 0.005 -19"><span class='ocrx_word' id='word_1_46' title='bbox 217 997 284 1036; x_wconf 78' lang='grc'>38.</span> <span class='ocrx_word' id='word_1_47' title='bbox 319 998 412 1036; x_wconf 74' lang='lat' dir='ltr'>Sive</span> <span class='ocrx_word' id='word_1_48' title='bbox 440 997 538 1046; x_wconf 82' lang='lat' dir='ltr'>quid</span> <span class='ocrx_word' id='word_1_49' title='bbox 567 998 612 1037; x_wconf 81' lang='grc' dir='ltr'>Α.</span> <span class='ocrx_word' id='word_1_50' title='bbox 646 1011 685 1048; x_wconf 75' lang='grc'>9.</span> <span class='ocrx_word' id='word_1_51' title='bbox 719 1009 788 1036; x_wconf 78' lang='lat' dir='ltr'>seu</span> <span class='ocrx_word' id='word_1_52' title='bbox 818 998 915 1046; x_wconf 76' lang='lat' dir='ltr'>quid</span> <span class='ocrx_word' id='word_1_53' title='bbox 944 999 1130 1037; x_wconf 81' lang='lat' dir='ltr'>Lucania</span> <span class='ocrx_word' id='word_1_54' title='bbox 1163 999 1252 1037; x_wconf 83' lang='lat' dir='ltr'>belli</span> <span class='ocrx_word' id='word_1_55' title='bbox 1297 1002 1339 1038; x_wconf 89' lang='lat' dir='ltr'>et</span> <span class='ocrx_word' id='word_1_56' title='bbox 1378 999 1472 1039; x_wconf 72' lang='lat' dir='ltr'>Sive</span> <span class='ocrx_word' id='word_1_57' title='bbox 1506 1002 1604 1050; x_wconf 81' lang='lat' dir='ltr'>quid</span> <span class='ocrx_word' id='word_1_58' title='bbox 1640 1004 1684 1042; x_wconf 78' lang='grc' dir='ltr'>Α.</span> <span class='ocrx_word' id='word_1_59' title='bbox 1718 1017 1758 1055; x_wconf 74' lang='lat' dir='ltr'>q.</span> <span class='ocrx_word' id='word_1_60' title='bbox 1792 1017 1862 1045; x_wconf 86' lang='lat' dir='ltr'>seu</span> 
     </span>
     <span class='ocr_line' id='line_1_10' title="bbox 164 1058 1353 1109; baseline 0.001 -11"><span class='ocrx_word' id='word_1_61' title='bbox 164 1060 262 1109; x_wconf 80' lang='lat' dir='ltr'>quid</span> <span class='ocrx_word' id='word_1_62' title='bbox 292 1061 460 1099; x_wconf 80' lang='lat' dir='ltr'>Lucana</span> <span class='ocrx_word' id='word_1_63' title='bbox 493 1061 614 1099; x_wconf 76' lang='lat' dir='ltr'>‹Iuelli</span> <span class='ocrx_word' id='word_1_64' title='bbox 644 1058 825 1100; x_wconf 72' lang='lat' dir='ltr'>Bentleii</span> <span class='ocrx_word' id='word_1_65' title='bbox 855 1061 1134 1100; x_wconf 70' lang='lat' dir='ltr'>coniecturae</span> <span class='ocrx_word' id='word_1_66' title='bbox 1167 1060 1353 1099; x_wconf 77' lang='lat' dir='ltr'>inutiles.</span> 
     </span>
    </p>
   </div>
   <div class='ocr_carea' id='block_1_10' title="bbox 108 1237 988 3148">
    <p class='ocr_par' dir='ltr' id='par_1_10' title="bbox 108 1237 988 3148">
     <span class='ocr_line' id='line_1_11' title="bbox 111 1237 977 1291; baseline -0.003 -12"><span class='ocrx_word' id='word_1_67' title='bbox 111 1238 342 1291; x_wconf 87' lang='lat' dir='ltr'>Calpurnia</span> <span class='ocrx_word' id='word_1_68' title='bbox 373 1238 440 1279; x_wconf 86' lang='lat' dir='ltr'>lex</span> <span class='ocrx_word' id='word_1_69' title='bbox 472 1237 556 1278; x_wconf 92' lang='lat' dir='ltr'>lata</span> <span class='ocrx_word' id='word_1_70' title='bbox 578 1240 629 1278; x_wconf 90' lang='lat' dir='ltr'>sit</span> <span class='ocrx_word' id='word_1_71' title='bbox 661 1250 699 1277; x_wconf 93' lang='lat' dir='ltr'>a.</span> <span class='ocrx_word' id='word_1_72' title='bbox 730 1250 772 1277; x_wconf 91' lang='lat' dir='ltr'>u.</span> <span class='ocrx_word' id='word_1_73' title='bbox 798 1251 835 1277; x_wconf 87' lang='lat' dir='ltr'>c.</span> <span class='ocrx_word' id='word_1_74' title='bbox 865 1239 977 1284; x_wconf 80' lang='grc'>605.,</span> 
     </span>
     <span class='ocr_line' id='line_1_12' title="bbox 109 1299 981 1352; baseline -0.003 -11"><span class='ocrx_word' id='word_1_75' title='bbox 109 1300 488 1352; x_wconf 83' lang='lat' dir='ltr'>quemadmodum</span> <span class='ocrx_word' id='word_1_76' title='bbox 510 1299 615 1350; x_wconf 81' lang='lat' dir='ltr'>legis</span> <span class='ocrx_word' id='word_1_77' title='bbox 636 1300 823 1339; x_wconf 84' lang='lat' dir='ltr'>Liciniae</span> <span class='ocrx_word' id='word_1_78' title='bbox 843 1300 981 1350; x_wconf 78' lang='lat' dir='ltr'>(suin-</span> 
     </span>
     <span class='ocr_line' id='line_1_13' title="bbox 110 1360 978 1415; baseline -0.005 -12"><span class='ocrx_word' id='word_1_79' title='bbox 110 1364 321 1415; x_wconf 84' lang='lat' dir='ltr'>ptuariae)</span> <span class='ocrx_word' id='word_1_80' title='bbox 340 1363 504 1402; x_wconf 88' lang='lat' dir='ltr'>mentio</span> <span class='ocrx_word' id='word_1_81' title='bbox 523 1360 647 1411; x_wconf 89' lang='lat' dir='ltr'>(Gerl.</span> <span class='ocrx_word' id='word_1_82' title='bbox 668 1373 709 1412; x_wconf 89' lang='lat' dir='ltr'>p.</span> <span class='ocrx_word' id='word_1_83' title='bbox 730 1362 830 1409; x_wconf 80' lang='lat'>95.),</span> <span class='ocrx_word' id='word_1_84' title='bbox 865 1372 978 1411; x_wconf 90' lang='lat' dir='ltr'>quae</span> 
     </span>
     <span class='ocr_line' id='line_1_14' title="bbox 110 1423 980 1476; baseline -0.002 -11"><span class='ocrx_word' id='word_1_85' title='bbox 110 1425 286 1476; x_wconf 90' lang='lat' dir='ltr'>quando</span> <span class='ocrx_word' id='word_1_86' title='bbox 317 1423 399 1464; x_wconf 88' lang='lat' dir='ltr'>lata</span> <span class='ocrx_word' id='word_1_87' title='bbox 436 1425 510 1473; x_wconf 89' lang='lat' dir='ltr'>sit,</span> <span class='ocrx_word' id='word_1_88' title='bbox 545 1435 726 1475; x_wconf 85' lang='lat' dir='ltr'>prorsus</span> <span class='ocrx_word' id='word_1_89' title='bbox 762 1425 980 1463; x_wconf 87' lang='lat' dir='ltr'>incertum</span> 
     </span>
     <span class='ocr_line' id='line_1_15' title="bbox 109 1486 980 1539; baseline -0.005 -11"><span class='ocrx_word' id='word_1_90' title='bbox 109 1490 178 1528; x_wconf 88' lang='lat' dir='ltr'>est</span> <span class='ocrx_word' id='word_1_91' title='bbox 208 1487 318 1539; x_wconf 67' lang='lat' dir='ltr'>(vid.</span> <span class='ocrx_word' id='word_1_92' title='bbox 349 1487 507 1526; x_wconf 84' lang='lat' dir='ltr'>Baiteri</span> <span class='ocrx_word' id='word_1_93' title='bbox 539 1486 630 1526; x_wconf 89' lang='lat' dir='ltr'>lnd.</span> <span class='ocrx_word' id='word_1_94' title='bbox 666 1488 795 1537; x_wconf 80' lang='lat' dir='ltr'>Legg.</span> <span class='ocrx_word' id='word_1_95' title='bbox 824 1498 866 1538; x_wconf 91' lang='lat' dir='ltr'>p.</span> <span class='ocrx_word' id='word_1_96' title='bbox 900 1487 980 1525; x_wconf 72' lang='lat'>275</span> 
     </span>
     <span class='ocr_line' id='line_1_16' title="bbox 108 1547 980 1602; baseline -0.003 -12"><span class='ocrx_word' id='word_1_97' title='bbox 108 1552 210 1602; x_wconf 90' lang='lat' dir='ltr'>sq.)‚</span> <span class='ocrx_word' id='word_1_98' title='bbox 257 1548 359 1590; x_wconf 88' lang='lat' dir='ltr'>nihil</span> <span class='ocrx_word' id='word_1_99' title='bbox 398 1551 455 1589; x_wconf 89' lang='lat' dir='ltr'>ad</span> <span class='ocrx_word' id='word_1_100' title='bbox 493 1549 794 1589; x_wconf 84' lang='lat' dir='ltr'>definiendam</span> <span class='ocrx_word' id='word_1_101' title='bbox 831 1547 980 1588; x_wconf 88' lang='lat' dir='ltr'>Lucilii</span> 
     </span>
     <span class='ocr_line' id='line_1_17' title="bbox 108 1610 982 1658; baseline -0.002 -6"><span class='ocrx_word' id='word_1_102' title='bbox 108 1614 298 1653; x_wconf 84' lang='lat' dir='ltr'>aetatem</span> <span class='ocrx_word' id='word_1_103' title='bbox 327 1611 521 1658; x_wconf 81' lang='lat' dir='ltr'>consert;</span> <span class='ocrx_word' id='word_1_104' title='bbox 554 1611 713 1652; x_wconf 87' lang='lat' dir='ltr'>deinde</span> <span class='ocrx_word' id='word_1_105' title='bbox 743 1610 826 1650; x_wconf 92' lang='lat' dir='ltr'>loci</span> <span class='ocrx_word' id='word_1_106' title='bbox 855 1611 982 1650; x_wconf 90' lang='lat' dir='ltr'>Cice-</span> 
     </span>
     <span class='ocr_line' id='line_1_18' title="bbox 109 1673 979 1722; baseline -0.001 -9"><span class='ocrx_word' id='word_1_107' title='bbox 109 1674 281 1714; x_wconf 87' lang='lat' dir='ltr'>ceronis</span> <span class='ocrx_word' id='word_1_108' title='bbox 301 1673 356 1713; x_wconf 87' lang='lat' dir='ltr'>de</span> <span class='ocrx_word' id='word_1_109' title='bbox 379 1674 449 1713; x_wconf 92' lang='lat' dir='ltr'>Or.</span> <span class='ocrx_word' id='word_1_110' title='bbox 472 1674 516 1722; x_wconf 91' lang='grc'>4,</span> <span class='ocrx_word' id='word_1_111' title='bbox 542 1674 614 1720; x_wconf 90' lang='grc'>46,</span> <span class='ocrx_word' id='word_1_112' title='bbox 639 1674 704 1713; x_wconf 73' lang='lat'>72.</span> <span class='ocrx_word' id='word_1_113' title='bbox 737 1674 786 1719; x_wconf 70' lang='lat'>2,</span> <span class='ocrx_word' id='word_1_114' title='bbox 816 1673 862 1720; x_wconf 83' lang='lat'>6,</span> <span class='ocrx_word' id='word_1_115' title='bbox 894 1673 979 1721; x_wconf 57' lang='lat'>2:22,</span> 
     </span>
     <span class='ocr_line' id='line_1_19' title="bbox 108 1735 982 1787; baseline -0.002 -11"><span class='ocrx_word' id='word_1_116' title='bbox 108 1737 151 1776; x_wconf 92' lang='lat' dir='ltr'>in</span> <span class='ocrx_word' id='word_1_117' title='bbox 167 1736 328 1787; x_wconf 87' lang='lat' dir='ltr'>quibus</span> <span class='ocrx_word' id='word_1_118' title='bbox 355 1735 582 1783; x_wconf 88' lang='lat' dir='ltr'>omnibus,</span> <span class='ocrx_word' id='word_1_119' title='bbox 606 1737 653 1775; x_wconf 87' lang='lat' dir='ltr'>ut</span> <span class='ocrx_word' id='word_1_120' title='bbox 674 1735 818 1775; x_wconf 86' lang='lat' dir='ltr'>adhuc</span> <span class='ocrx_word' id='word_1_121' title='bbox 838 1736 982 1775; x_wconf 67' lang='lat' dir='ltr'>visum</span> 
     </span>
     <span class='ocr_line' id='line_1_20' title="bbox 109 1797 983 1848; baseline -0.002 -8"><span class='ocrx_word' id='word_1_122' title='bbox 109 1802 191 1848; x_wconf 86' lang='lat' dir='ltr'>est,</span> <span class='ocrx_word' id='word_1_123' title='bbox 222 1797 435 1839; x_wconf 88' lang='lat' dir='ltr'>Lucilium</span> <span class='ocrx_word' id='word_1_124' title='bbox 466 1801 585 1838; x_wconf 89' lang='lat' dir='ltr'>certe</span> <span class='ocrx_word' id='word_1_125' title='bbox 617 1801 717 1839; x_wconf 90' lang='lat' dir='ltr'>ante</span> <span class='ocrx_word' id='word_1_126' title='bbox 747 1810 786 1838; x_wconf 79' lang='lat' dir='ltr'>a.</span> <span class='ocrx_word' id='word_1_127' title='bbox 809 1799 902 1839; x_wconf 84' lang='lat'>663.</span> <span class='ocrx_word' id='word_1_128' title='bbox 935 1801 983 1837; x_wconf 88' lang='lat' dir='ltr'>ut</span> 
     </span>
     <span class='ocr_line' id='line_1_21' title="bbox 109 1861 979 1910; baseline 0 -10"><span class='ocrx_word' id='word_1_129' title='bbox 109 1863 333 1901; x_wconf 90' lang='lat' dir='ltr'>mortuum</span> <span class='ocrx_word' id='word_1_130' title='bbox 382 1872 735 1901; x_wconf 86' lang='lat' dir='ltr'>commemorare</span> <span class='ocrx_word' id='word_1_131' title='bbox 782 1861 979 1910; x_wconf 72' lang='lat' dir='ltr'>videtur,</span> 
     </span>
     <span class='ocr_line' id='line_1_22' title="bbox 109 1922 983 1974; baseline 0 -11"><span class='ocrx_word' id='word_1_132' title='bbox 109 1925 190 1964; x_wconf 89' lang='lat' dir='ltr'>etsi</span> <span class='ocrx_word' id='word_1_133' title='bbox 219 1935 303 1962; x_wconf 75' lang='lat' dir='ltr'>van</span> <span class='ocrx_word' id='word_1_134' title='bbox 340 1923 517 1963; x_wconf 83' lang='lat' dir='ltr'>Heusde</span> <span class='ocrx_word' id='word_1_135' title='bbox 550 1934 592 1974; x_wconf 92' lang='lat' dir='ltr'>p.</span> <span class='ocrx_word' id='word_1_136' title='bbox 617 1924 683 1963; x_wconf 83' lang='lat'>67.</span> <span class='ocrx_word' id='word_1_137' title='bbox 718 1922 872 1963; x_wconf 84' lang='lat' dir='ltr'>callide</span> <span class='ocrx_word' id='word_1_138' title='bbox 905 1925 983 1963; x_wconf 88' lang='lat' dir='ltr'>im-</span> 
     </span>
     <span class='ocr_line' id='line_1_23' title="bbox 108 1983 983 2037; baseline -0.001 -12"><span class='ocrx_word' id='word_1_139' title='bbox 108 1985 305 2037; x_wconf 82' lang='lat' dir='ltr'>perfecta</span> <span class='ocrx_word' id='word_1_140' title='bbox 347 1983 414 2024; x_wconf 88' lang='lat' dir='ltr'>illa</span> <span class='ocrx_word' id='word_1_141' title='bbox 452 1986 635 2024; x_wconf 79' lang='lat' dir='ltr'>Lucilius</span> <span class='ocrx_word' id='word_1_142' title='bbox 671 1986 804 2025; x_wconf 81' lang='lat' dir='ltr'>dicere</span> <span class='ocrx_word' id='word_1_143' title='bbox 832 1985 983 2025; x_wconf 75' lang='lat' dir='ltr'>solebat</span> 
     </span>
     <span class='ocr_line' id='line_1_24' title="bbox 109 2047 982 2099; baseline -0.001 -11"><span class='ocrx_word' id='word_1_144' title='bbox 109 2047 165 2088; x_wconf 88' lang='lat' dir='ltr'>de</span> <span class='ocrx_word' id='word_1_145' title='bbox 196 2050 420 2098; x_wconf 88' lang='lat' dir='ltr'>tempore,</span> <span class='ocrx_word' id='word_1_146' title='bbox 463 2048 625 2098; x_wconf 91' lang='lat' dir='ltr'>quoin</span> <span class='ocrx_word' id='word_1_147' title='bbox 668 2049 818 2087; x_wconf 86' lang='lat' dir='ltr'>nescio</span> <span class='ocrx_word' id='word_1_148' title='bbox 863 2047 982 2099; x_wconf 91' lang='lat' dir='ltr'>quod</span> 
     </span>
     <span class='ocr_line' id='line_1_25' title="bbox 110 2108 983 2161; baseline 0 -12"><span class='ocrx_word' id='word_1_149' title='bbox 110 2109 311 2150; x_wconf 86' lang='lat' dir='ltr'>exsilium</span> <span class='ocrx_word' id='word_1_150' title='bbox 348 2108 500 2161; x_wconf 88' lang='lat' dir='ltr'>pulsus</span> <span class='ocrx_word' id='word_1_151' title='bbox 538 2110 620 2156; x_wconf 77' lang='lat' dir='ltr'>sit,</span> <span class='ocrx_word' id='word_1_152' title='bbox 671 2111 983 2161; x_wconf 85' lang='lat' dir='ltr'>interpretatus</span> 
     </span>
     <span class='ocr_line' id='line_1_26' title="bbox 111 2171 983 2222; baseline -0.001 -11"><span class='ocrx_word' id='word_1_153' title='bbox 111 2173 201 2219; x_wconf 84' lang='lat' dir='ltr'>est,</span> <span class='ocrx_word' id='word_1_154' title='bbox 234 2172 335 2222; x_wconf 91' lang='lat' dir='ltr'>quia</span> <span class='ocrx_word' id='word_1_155' title='bbox 360 2172 510 2222; x_wconf 91' lang='lat' dir='ltr'>utique</span> <span class='ocrx_word' id='word_1_156' title='bbox 529 2174 703 2211; x_wconf 84' lang='lat' dir='ltr'>constat</span> <span class='ocrx_word' id='word_1_157' title='bbox 731 2171 851 2211; x_wconf 91' lang='lat' dir='ltr'>illum</span> <span class='ocrx_word' id='word_1_158' title='bbox 873 2172 983 2211; x_wconf 87' lang='lat' dir='ltr'>Nea-</span> 
     </span>
     <span class='ocr_line' id='line_1_27' title="bbox 111 2231 982 2284; baseline 0 -12"><span class='ocrx_word' id='word_1_159' title='bbox 111 2231 198 2284; x_wconf 88' lang='lat' dir='ltr'>poli</span> <span class='ocrx_word' id='word_1_160' title='bbox 241 2234 430 2272; x_wconf 88' lang='lat' dir='ltr'>mortem</span> <span class='ocrx_word' id='word_1_161' title='bbox 474 2232 636 2273; x_wconf 84' lang='lat' dir='ltr'>obisse.</span> <span class='ocrx_word' id='word_1_162' title='bbox 703 2235 882 2284; x_wconf 63' lang='lat' dir='ltr'>(Novam</span> <span class='ocrx_word' id='word_1_163' title='bbox 927 2233 982 2272; x_wconf 90' lang='lat' dir='ltr'>de</span> 
     </span>
     <span class='ocr_line' id='line_1_28' title="bbox 113 2292 986 2334; baseline 0 0"><span class='ocrx_word' id='word_1_164' title='bbox 113 2292 260 2334; x_wconf 88' lang='lat' dir='ltr'>Lucilii</span> <span class='ocrx_word' id='word_1_165' title='bbox 289 2295 377 2334; x_wconf 72' lang='lat' dir='ltr'>vita</span> <span class='ocrx_word' id='word_1_166' title='bbox 406 2296 670 2334; x_wconf 86' lang='lat' dir='ltr'>sententiam</span> <span class='ocrx_word' id='word_1_167' title='bbox 700 2295 800 2334; x_wconf 84' lang='lat' dir='ltr'>vide</span> <span class='ocrx_word' id='word_1_168' title='bbox 833 2295 875 2334; x_wconf 89' lang='lat' dir='ltr'>in</span> <span class='ocrx_word' id='word_1_169' title='bbox 907 2295 986 2334; x_wconf 82' lang='lat' dir='ltr'>Ex-</span> 
     </span>
     <span class='ocr_line' id='line_1_29' title="bbox 114 2356 982 2407; baseline -0.001 -11"><span class='ocrx_word' id='word_1_170' title='bbox 114 2367 248 2397; x_wconf 87' lang='lat' dir='ltr'>cursu</span> <span class='ocrx_word' id='word_1_171' title='bbox 277 2357 342 2405; x_wconf 84' lang='lat'>11.)</span> <span class='ocrx_word' id='word_1_172' title='bbox 375 2357 603 2407; x_wconf 85' lang='lat' dir='ltr'>Utcunque</span> <span class='ocrx_word' id='word_1_173' title='bbox 634 2358 784 2396; x_wconf 88' lang='lat' dir='ltr'>autem</span> <span class='ocrx_word' id='word_1_174' title='bbox 815 2356 870 2395; x_wconf 90' lang='lat' dir='ltr'>de</span> <span class='ocrx_word' id='word_1_175' title='bbox 899 2356 982 2395; x_wconf 88' lang='lat' dir='ltr'>hac</span> 
     </span>
     <span class='ocr_line' id='line_1_30' title="bbox 112 2416 985 2466; baseline -0.002 -7"><span class='ocrx_word' id='word_1_176' title='bbox 112 2429 163 2459; x_wconf 82' lang='lat' dir='ltr'>re</span> <span class='ocrx_word' id='word_1_177' title='bbox 193 2420 433 2466; x_wconf 84' lang='lat' dir='ltr'>statuetur,</span> <span class='ocrx_word' id='word_1_178' title='bbox 467 2419 719 2458; x_wconf 81' lang='lat' dir='ltr'>etiamnunc</span> <span class='ocrx_word' id='word_1_179' title='bbox 749 2416 866 2458; x_wconf 84' lang='lat' dir='ltr'>malo</span> <span class='ocrx_word' id='word_1_180' title='bbox 887 2428 985 2457; x_wconf 89' lang='lat' dir='ltr'>am-</span> 
     </span>
     <span class='ocr_line' id='line_1_31' title="bbox 112 2480 984 2533; baseline -0.003 -11"><span class='ocrx_word' id='word_1_181' title='bbox 112 2481 296 2533; x_wconf 87' lang='lat' dir='ltr'>biguum</span> <span class='ocrx_word' id='word_1_182' title='bbox 339 2491 381 2519; x_wconf 89' lang='lat' dir='ltr'>v.</span> <span class='ocrx_word' id='word_1_183' title='bbox 413 2481 519 2520; x_wconf 86' lang='lat' dir='ltr'>senis</span> <span class='ocrx_word' id='word_1_184' title='bbox 559 2481 837 2531; x_wconf 89' lang='lat' dir='ltr'>interpretari</span> <span class='ocrx_word' id='word_1_185' title='bbox 885 2480 984 2531; x_wconf 89' lang='lat' dir='ltr'>«qui</span> 
     </span>
     <span class='ocr_line' id='line_1_32' title="bbox 115 2541 982 2595; baseline -0.006 -11"><span class='ocrx_word' id='word_1_186' title='bbox 115 2544 360 2595; x_wconf 83' lang='lat' dir='ltr'>antiquiore</span> <span class='ocrx_word' id='word_1_187' title='bbox 382 2545 582 2594; x_wconf 89' lang='lat' dir='ltr'>tempore</span> <span class='ocrx_word' id='word_1_188' title='bbox 598 2542 745 2590; x_wconf 73' lang='lat' dir='ltr'>vixit,»</span> <span class='ocrx_word' id='word_1_189' title='bbox 767 2541 835 2580; x_wconf 85' lang='lat' dir='ltr'>des</span> <span class='ocrx_word' id='word_1_190' title='bbox 852 2541 982 2590; x_wconf 80' lang='lat' dir='ltr'>Alten,</span> 
     </span>
     <span class='ocr_line' id='line_1_33' title="bbox 113 2602 986 2658; baseline -0.006 -12"><span class='ocrx_word' id='word_1_191' title='bbox 113 2615 296 2658; x_wconf 91' lang='lat' dir='ltr'>prorsus</span> <span class='ocrx_word' id='word_1_192' title='bbox 326 2607 373 2644; x_wconf 94' lang='lat' dir='ltr'>ut</span> <span class='ocrx_word' id='word_1_193' title='bbox 402 2606 490 2644; x_wconf 82' lang='lat' dir='ltr'>Sat.</span> <span class='ocrx_word' id='word_1_194' title='bbox 515 2605 530 2643; x_wconf 94' lang='grc'>4</span> <span class='ocrx_word' id='word_1_195' title='bbox 554 2635 562 2651; x_wconf 87' lang='grc'>,</span> <span class='ocrx_word' id='word_1_196' title='bbox 597 2604 668 2652; x_wconf 91' lang='grc'>40,</span> <span class='ocrx_word' id='word_1_197' title='bbox 701 2603 767 2643; x_wconf 85' lang='grc'>67.</span> <span class='ocrx_word' id='word_1_198' title='bbox 802 2602 857 2642; x_wconf 86' lang='lat' dir='ltr'>de</span> <span class='ocrx_word' id='word_1_199' title='bbox 878 2605 986 2652; x_wconf 81' lang='lat' dir='ltr'>poe&#39;-</span> 
     </span>
     <span class='ocr_line' id='line_1_34' title="bbox 114 2664 981 2716; baseline -0.005 -8"><span class='ocrx_word' id='word_1_200' title='bbox 114 2672 256 2708; x_wconf 85' lang='lat' dir='ltr'>tarum</span> <span class='ocrx_word' id='word_1_201' title='bbox 274 2668 482 2707; x_wconf 86' lang='lat' dir='ltr'>seniorum</span> <span class='ocrx_word' id='word_1_202' title='bbox 502 2665 625 2706; x_wconf 87' lang='lat' dir='ltr'>turba</span> <span class='ocrx_word' id='word_1_203' title='bbox 645 2664 850 2716; x_wconf 90' lang='lat' dir='ltr'>loquitur.</span> <span class='ocrx_word' id='word_1_204' title='bbox 892 2665 981 2705; x_wconf 90' lang='lat' dir='ltr'>Cic.</span> 
     </span>
     <span class='ocr_line' id='line_1_35' title="bbox 113 2725 984 2777; baseline -0.007 -6"><span class='ocrx_word' id='word_1_205' title='bbox 113 2730 232 2771; x_wconf 86' lang='lat' dir='ltr'>Brut.</span> <span class='ocrx_word' id='word_1_206' title='bbox 257 2729 329 2777; x_wconf 89' lang='grc'>40,</span> <span class='ocrx_word' id='word_1_207' title='bbox 362 2728 442 2768; x_wconf 84' lang='grc'>39;</span> <span class='ocrx_word' id='word_1_208' title='bbox 492 2728 543 2768; x_wconf 79' lang='lat' dir='ltr'>At</span> <span class='ocrx_word' id='word_1_209' title='bbox 575 2727 617 2766; x_wconf 82' lang='lat' dir='ltr'>hi</span> <span class='ocrx_word' id='word_1_210' title='bbox 646 2727 809 2776; x_wconf 82' lang='lat' dir='ltr'>quidem</span> <span class='ocrx_word' id='word_1_211' title='bbox 841 2725 984 2777; x_wconf 90' lang='lat' dir='ltr'>(Solon</span> 
     </span>
     <span class='ocr_line' id='line_1_36' title="bbox 115 2788 986 2839; baseline -0.006 -8"><span class='ocrx_word' id='word_1_212' title='bbox 115 2793 160 2831; x_wconf 86' lang='lat' dir='ltr'>et</span> <span class='ocrx_word' id='word_1_213' title='bbox 200 2789 490 2839; x_wconf 81' lang='lat' dir='ltr'>Pisistratus),</span> <span class='ocrx_word' id='word_1_214' title='bbox 535 2793 581 2829; x_wconf 85' lang='lat' dir='ltr'>ut</span> <span class='ocrx_word' id='word_1_215' title='bbox 622 2788 768 2838; x_wconf 80' lang='lat' dir='ltr'>populi</span> <span class='ocrx_word' id='word_1_216' title='bbox 810 2789 986 2828; x_wconf 82' lang='lat' dir='ltr'>Romani</span> 
     </span>
     <span class='ocr_line' id='line_1_37' title="bbox 115 2850 988 2901; baseline -0.003 -8"><span class='ocrx_word' id='word_1_217' title='bbox 115 2857 231 2893; x_wconf 86' lang='lat' dir='ltr'>aetas</span> <span class='ocrx_word' id='word_1_218' title='bbox 249 2856 306 2892; x_wconf 85' lang='lat' dir='ltr'>est</span> <span class='ocrx_word' id='word_1_219' title='bbox 319 2884 333 2901; x_wconf 91' lang='lat'>,</span> <span class='ocrx_word' id='word_1_220' title='bbox 355 2862 487 2900; x_wconf 88' lang='lat' dir='ltr'>senes,</span> <span class='ocrx_word' id='word_1_221' title='bbox 513 2855 560 2890; x_wconf 84' lang='lat' dir='ltr'>ut</span> <span class='ocrx_word' id='word_1_222' title='bbox 577 2850 879 2890; x_wconf 79' lang='lat' dir='ltr'>Atheniensium</span> <span class='ocrx_word' id='word_1_223' title='bbox 898 2861 988 2890; x_wconf 87' lang='lat' dir='ltr'>sae-</span> 
     </span>
     <span class='ocr_line' id='line_1_38' title="bbox 115 2912 987 2962; baseline -0.002 -9"><span class='ocrx_word' id='word_1_224' title='bbox 115 2915 185 2954; x_wconf 90' lang='lat' dir='ltr'>cla</span> <span class='ocrx_word' id='word_1_225' title='bbox 209 2917 506 2962; x_wconf 78' lang='lat' dir='ltr'>numerantur,</span> <span class='ocrx_word' id='word_1_226' title='bbox 547 2912 817 2952; x_wconf 76' lang='lat' dir='ltr'>adolescentes</span> <span class='ocrx_word' id='word_1_227' title='bbox 846 2912 987 2952; x_wconf 86' lang='lat' dir='ltr'>debent</span> 
     </span>
     <span class='ocr_line' id='line_1_39' title="bbox 115 2973 986 3024; baseline -0.001 -10"><span class='ocrx_word' id='word_1_228' title='bbox 115 2975 261 3014; x_wconf 59' lang='lat' dir='ltr'>videri.</span> <span class='ocrx_word' id='word_1_229' title='bbox 302 2974 425 3014; x_wconf 83' lang='lat' dir='ltr'>Coni.</span> <span class='ocrx_word' id='word_1_230' title='bbox 449 2973 487 3024; x_wconf 67' lang='lat' dir='ltr'>g.</span> <span class='ocrx_word' id='word_1_231' title='bbox 512 2973 556 3014; x_wconf 87' lang='grc'>44</span> <span class='ocrx_word' id='word_1_232' title='bbox 577 2986 584 3012; x_wconf 87' lang='grc'>;</span> <span class='ocrx_word' id='word_1_233' title='bbox 621 2974 919 3021; x_wconf 80' lang='lat' dir='ltr'>Themistocles,</span> <span class='ocrx_word' id='word_1_234' title='bbox 941 2977 986 3013; x_wconf 87' lang='lat' dir='ltr'>ut</span> 
     </span>
     <span class='ocr_line' id='line_1_40' title="bbox 117 3036 986 3088; baseline -0.001 -11"><span class='ocrx_word' id='word_1_235' title='bbox 117 3038 231 3088; x_wconf 83' lang='lat' dir='ltr'>apud</span> <span class='ocrx_word' id='word_1_236' title='bbox 250 3047 323 3076; x_wconf 88' lang='lat' dir='ltr'>nos</span> <span class='ocrx_word' id='word_1_237' title='bbox 343 3036 618 3086; x_wconf 77' lang='lat' dir='ltr'>perantiquus</span> <span class='ocrx_word' id='word_1_238' title='bbox 633 3067 642 3085; x_wconf 90' lang='lat'>,</span> <span class='ocrx_word' id='word_1_239' title='bbox 669 3040 716 3075; x_wconf 85' lang='lat' dir='ltr'>ut</span> <span class='ocrx_word' id='word_1_240' title='bbox 735 3037 850 3086; x_wconf 84' lang='lat' dir='ltr'>apud</span> <span class='ocrx_word' id='word_1_241' title='bbox 867 3036 986 3076; x_wconf 72' lang='lat' dir='ltr'>Athe-</span> 
     </span>
     <span class='ocr_line' id='line_1_41' title="bbox 116 3097 773 3148; baseline -0.006 -8"><span class='ocrx_word' id='word_1_242' title='bbox 116 3100 293 3148; x_wconf 84' lang='lat' dir='ltr'>nienses,</span> <span class='ocrx_word' id='word_1_243' title='bbox 322 3109 406 3137; x_wconf 82' lang='lat' dir='ltr'>non</span> <span class='ocrx_word' id='word_1_244' title='bbox 433 3097 495 3136; x_wconf 88' lang='lat' dir='ltr'>ita</span> <span class='ocrx_word' id='word_1_245' title='bbox 521 3107 620 3137; x_wconf 88' lang='lat' dir='ltr'>sane</span> <span class='ocrx_word' id='word_1_246' title='bbox 645 3101 773 3138; x_wconf 87' lang='lat' dir='ltr'>vetus.</span> 
     </span>
    </p>
   </div>
   <div class='ocr_carea' id='block_1_11' title="bbox 117 3219 987 3522">
    <p class='ocr_par' dir='ltr' id='par_1_11' title="bbox 117 3219 987 3522">
     <span class='ocr_line' id='line_1_42' title="bbox 171 3219 982 3270; baseline -0.005 -6"><span class='ocrx_word' id='word_1_247' title='bbox 171 3221 318 3264; x_wconf 87' lang='grc'>34-38.</span> <span class='ocrx_word' id='word_1_248' title='bbox 365 3221 558 3260; x_wconf 83' lang='lat' dir='ltr'>Lucanus</span> <span class='ocrx_word' id='word_1_249' title='bbox 585 3220 687 3270; x_wconf 87' lang='lat' dir='ltr'>cet.]</span> <span class='ocrx_word' id='word_1_250' title='bbox 724 3219 821 3260; x_wconf 87' lang='lat' dir='ltr'>vid.</span> <span class='ocrx_word' id='word_1_251' title='bbox 851 3220 908 3261; x_wconf 87' lang='lat' dir='ltr'>ad</span> <span class='ocrx_word' id='word_1_252' title='bbox 939 3231 982 3260; x_wconf 88' lang='lat' dir='ltr'>v.</span> 
     </span>
     <span class='ocr_line' id='line_1_43' title="bbox 117 3280 987 3334; baseline -0.005 -8"><span class='ocrx_word' id='word_1_253' title='bbox 117 3285 186 3326; x_wconf 86' lang='lat'>39.</span> <span class='ocrx_word' id='word_1_254' title='bbox 212 3306 257 3314; x_wconf 92' lang='lat'><em>-</em></span> <span class='ocrx_word' id='word_1_255' title='bbox 280 3283 445 3334; x_wconf 82' lang='lat' dir='ltr'>anceps]</span> <span class='ocrx_word' id='word_1_256' title='bbox 478 3281 592 3332; x_wconf 74' lang='lat' dir='ltr'>«Ego</span> <span class='ocrx_word' id='word_1_257' title='bbox 621 3280 782 3321; x_wconf 86' lang='lat' dir='ltr'>dubius</span> <span class='ocrx_word' id='word_1_258' title='bbox 803 3292 903 3322; x_wconf 92' lang='lat' dir='ltr'>sum</span> <span class='ocrx_word' id='word_1_259' title='bbox 923 3283 987 3322; x_wconf 86' lang='lat' dir='ltr'>at-</span> 
     </span>
     <span class='ocr_line' id='line_1_44' title="bbox 119 3343 986 3400; baseline -0.005 -12"><span class='ocrx_word' id='word_1_260' title='bbox 119 3357 206 3400; x_wconf 86' lang='lat' dir='ltr'>que</span> <span class='ocrx_word' id='word_1_261' title='bbox 233 3348 451 3393; x_wconf 86' lang='lat' dir='ltr'>incertus;</span> <span class='ocrx_word' id='word_1_262' title='bbox 483 3354 588 3384; x_wconf 89' lang='lat' dir='ltr'>nam</span> <span class='ocrx_word' id='word_1_263' title='bbox 605 3343 815 3384; x_wconf 88' lang='lat' dir='ltr'>Venusini</span> <span class='ocrx_word' id='word_1_264' title='bbox 844 3344 986 3384; x_wconf 82' lang='lat' dir='ltr'>Luca-</span> 
     </span>
     <span class='ocr_line' id='line_1_45' title="bbox 119 3404 982 3458; baseline -0.005 -8"><span class='ocrx_word' id='word_1_265' title='bbox 119 3409 187 3450; x_wconf 91' lang='lat' dir='ltr'>nis</span> <span class='ocrx_word' id='word_1_266' title='bbox 215 3411 317 3450; x_wconf 89' lang='lat' dir='ltr'>sunt</span> <span class='ocrx_word' id='word_1_267' title='bbox 342 3407 514 3449; x_wconf 85' lang='lat' dir='ltr'>finitimi</span> <span class='ocrx_word' id='word_1_268' title='bbox 543 3407 587 3446; x_wconf 87' lang='lat' dir='ltr'>et</span> <span class='ocrx_word' id='word_1_269' title='bbox 604 3404 798 3458; x_wconf 79' lang='lat' dir='ltr'>Apulis.»</span> <span class='ocrx_word' id='word_1_270' title='bbox 828 3407 982 3446; x_wconf 70' lang='lat' dir='ltr'>Pomm.</span> 
     </span>
     <span class='ocr_line' id='line_1_46' title="bbox 120 3467 982 3522; baseline -0.005 -11"><span class='ocrx_word' id='word_1_271' title='bbox 120 3469 265 3511; x_wconf 82' lang='lat' dir='ltr'>Malim</span> <span class='ocrx_word' id='word_1_272' title='bbox 295 3470 513 3522; x_wconf 84' lang='lat' dir='ltr'>ancipitem</span> <span class='ocrx_word' id='word_1_273' title='bbox 529 3467 807 3520; x_wconf 79' lang='lat' dir='ltr'>interpretari</span> <span class='ocrx_word' id='word_1_274' title='bbox 838 3477 982 3517; x_wconf 80' lang='lat' dir='ltr'>«eum,</span> 
     </span>
    </p>
   </div>
   <div class='ocr_carea' id='block_1_12' title="bbox 1042 1237 1924 3517">
    <p class='ocr_par' dir='ltr' id='par_1_12' title="bbox 1042 1237 1924 3517">
     <span class='ocr_line' id='line_1_47' title="bbox 1044 1237 1915 1295; baseline 0.015 -21"><span class='ocrx_word' id='word_1_275' title='bbox 1044 1237 1098 1276; x_wconf 86' lang='lat' dir='ltr'>de</span> <span class='ocrx_word' id='word_1_276' title='bbox 1131 1248 1217 1288; x_wconf 86' lang='lat' dir='ltr'>quo</span> <span class='ocrx_word' id='word_1_277' title='bbox 1249 1238 1486 1289; x_wconf 73' lang='lat' dir='ltr'>ambigitur</span> <span class='ocrx_word' id='word_1_278' title='bbox 1506 1252 1539 1280; x_wconf 82' lang='lat' dir='ltr'>s.</span> <span class='ocrx_word' id='word_1_279' title='bbox 1567 1243 1783 1285; x_wconf 87' lang='lat' dir='ltr'>incertum</span> <span class='ocrx_word' id='word_1_280' title='bbox 1806 1251 1915 1295; x_wconf 81' lang='lat' dir='ltr'>est»,</span> 
     </span>
     <span class='ocr_line' id='line_1_48' title="bbox 1044 1300 1917 1348; baseline 0.013 -11"><span class='ocrx_word' id='word_1_281' title='bbox 1044 1301 1091 1338; x_wconf 87' lang='lat' dir='ltr'>ut</span> <span class='ocrx_word' id='word_1_282' title='bbox 1121 1300 1208 1339; x_wconf 78' lang='lat' dir='ltr'>Liv.</span> <span class='ocrx_word' id='word_1_283' title='bbox 1245 1300 1318 1348; x_wconf 84' lang='grc'>34,</span> <span class='ocrx_word' id='word_1_284' title='bbox 1353 1303 1425 1340; x_wconf 76' lang='grc'>42;</span> <span class='ocrx_word' id='word_1_285' title='bbox 1469 1304 1511 1341; x_wconf 88' lang='lat' dir='ltr'>In</span> <span class='ocrx_word' id='word_1_286' title='bbox 1545 1305 1710 1345; x_wconf 78' lang='lat' dir='ltr'>Sabinis</span> <span class='ocrx_word' id='word_1_287' title='bbox 1740 1308 1917 1348; x_wconf 83' lang='lat' dir='ltr'>incertus</span> 
     </span>
     <span class='ocr_line' id='line_1_49' title="bbox 1045 1362 1916 1419; baseline 0.011 -20"><span class='ocrx_word' id='word_1_288' title='bbox 1045 1362 1181 1411; x_wconf 80' lang='lat' dir='ltr'>infans</span> <span class='ocrx_word' id='word_1_289' title='bbox 1234 1366 1355 1401; x_wconf 84' lang='lat' dir='ltr'>natus</span> <span class='ocrx_word' id='word_1_290' title='bbox 1403 1366 1611 1405; x_wconf 86' lang='lat' dir='ltr'>masculus</span> <span class='ocrx_word' id='word_1_291' title='bbox 1653 1379 1709 1406; x_wconf 81' lang='lat' dir='ltr'>an</span> <span class='ocrx_word' id='word_1_292' title='bbox 1759 1371 1916 1419; x_wconf 84' lang='lat' dir='ltr'>semina</span> 
     </span>
     <span class='ocr_line' id='line_1_50' title="bbox 1042 1424 1919 1476; baseline 0.011 -15"><span class='ocrx_word' id='word_1_293' title='bbox 1042 1428 1156 1462; x_wconf 88' lang='lat' dir='ltr'>esset.</span> <span class='ocrx_word' id='word_1_294' title='bbox 1209 1424 1272 1463; x_wconf 81' lang='lat' dir='ltr'>Cf.</span> <span class='ocrx_word' id='word_1_295' title='bbox 1300 1425 1371 1474; x_wconf 78' lang='lat'>27,</span> <span class='ocrx_word' id='word_1_296' title='bbox 1405 1425 1471 1465; x_wconf 87' lang='lat'>37.</span> <span class='ocrx_word' id='word_1_297' title='bbox 1505 1426 1578 1476; x_wconf 90' lang='grc'>30,</span> <span class='ocrx_word' id='word_1_298' title='bbox 1613 1428 1679 1467; x_wconf 72' lang='grc'>35.</span> <span class='ocrx_word' id='word_1_299' title='bbox 1736 1429 1814 1470; x_wconf 72' lang='lat' dir='ltr'>Alii</span> <span class='ocrx_word' id='word_1_300' title='bbox 1845 1443 1919 1471; x_wconf 80' lang='lat' dir='ltr'>an·</span> 
     </span>
     <span class='ocr_line' id='line_1_51' title="bbox 1042 1484 1914 1540; baseline 0.011 -17"><span class='ocrx_word' id='word_1_301' title='bbox 1042 1496 1135 1534; x_wconf 77' lang='lat' dir='ltr'>ceps</span> <span class='ocrx_word' id='word_1_302' title='bbox 1163 1484 1329 1525; x_wconf 88' lang='lat' dir='ltr'>habent</span> <span class='ocrx_word' id='word_1_303' title='bbox 1358 1498 1438 1537; x_wconf 90' lang='lat' dir='ltr'>pro</span> <span class='ocrx_word' id='word_1_304' title='bbox 1469 1499 1566 1538; x_wconf 81' lang='lat' dir='ltr'>gen.</span> <span class='ocrx_word' id='word_1_305' title='bbox 1598 1493 1775 1540; x_wconf 89' lang='lat' dir='ltr'>neutro,</span> <span class='ocrx_word' id='word_1_306' title='bbox 1819 1493 1914 1533; x_wconf 85' lang='lat' dir='ltr'>coll.</span> 
     </span>
     <span class='ocr_line' id='line_1_52' title="bbox 1045 1546 1917 1604; baseline 0.01 -19"><span class='ocrx_word' id='word_1_307' title='bbox 1045 1548 1133 1586; x_wconf 77' lang='lat' dir='ltr'>Liv.</span> <span class='ocrx_word' id='word_1_308' title='bbox 1158 1546 1231 1594; x_wconf 92' lang='grc'>34,</span> <span class='ocrx_word' id='word_1_309' title='bbox 1265 1547 1309 1588; x_wconf 87' lang='grc'>44</span> <span class='ocrx_word' id='word_1_310' title='bbox 1334 1560 1341 1586; x_wconf 91' lang='lat'><strong>:</strong></span> <span class='ocrx_word' id='word_1_311' title='bbox 1376 1549 1621 1591; x_wconf 73' lang='lat' dir='ltr'>Clauserunt</span> <span class='ocrx_word' id='word_1_312' title='bbox 1646 1558 1817 1604; x_wconf 74' lang='lat' dir='ltr'>portas,</span> <span class='ocrx_word' id='word_1_313' title='bbox 1850 1558 1917 1594; x_wconf 87' lang='lat' dir='ltr'>in-</span> 
     </span>
     <span class='ocr_line' id='line_1_53' title="bbox 1043 1611 1913 1666; baseline 0.011 -19"><span class='ocrx_word' id='word_1_314' title='bbox 1043 1614 1200 1648; x_wconf 79' lang='lat' dir='ltr'>certum</span> <span class='ocrx_word' id='word_1_315' title='bbox 1228 1611 1269 1648; x_wconf 78' lang='lat' dir='ltr'>vi</span> <span class='ocrx_word' id='word_1_316' title='bbox 1298 1622 1353 1649; x_wconf 86' lang='lat' dir='ltr'>an</span> <span class='ocrx_word' id='word_1_317' title='bbox 1372 1613 1595 1653; x_wconf 82' lang='lat' dir='ltr'>voluntale.</span> <span class='ocrx_word' id='word_1_318' title='bbox 1632 1614 1740 1655; x_wconf 79' lang='lat' dir='ltr'>Flor.</span> <span class='ocrx_word' id='word_1_319' title='bbox 1766 1617 1812 1664; x_wconf 73' lang='lat'>2,</span> <span class='ocrx_word' id='word_1_320' title='bbox 1838 1617 1913 1666; x_wconf 84' lang='grc'>44,</span> 
     </span>
     <span class='ocr_line' id='line_1_54' title="bbox 1045 1672 1915 1727; baseline 0.009 -16"><span class='ocrx_word' id='word_1_321' title='bbox 1045 1672 1093 1711; x_wconf 91' lang='lat'>3:</span> <span class='ocrx_word' id='word_1_322' title='bbox 1132 1683 1306 1723; x_wconf 71' lang='lat' dir='ltr'>regynum</span> <span class='ocrx_word' id='word_1_323' title='bbox 1335 1695 1352 1702; x_wconf 93' lang='lat'><em>-</em></span> <span class='ocrx_word' id='word_1_324' title='bbox 1379 1695 1398 1702; x_wconf 90' lang='lat'>-</span> <span class='ocrx_word' id='word_1_325' title='bbox 1424 1676 1649 1715; x_wconf 77' lang='lat' dir='ltr'>Andriscus</span> <span class='ocrx_word' id='word_1_326' title='bbox 1678 1678 1915 1727; x_wconf 80' lang='lat' dir='ltr'>invaserat,</span> 
     </span>
     <span class='ocr_line' id='line_1_55' title="bbox 1044 1733 1918 1780; baseline 0.009 -8"><span class='ocrx_word' id='word_1_327' title='bbox 1044 1733 1212 1773; x_wconf 82' lang='lat' dir='ltr'>dubium</span> <span class='ocrx_word' id='word_1_328' title='bbox 1250 1734 1352 1774; x_wconf 84' lang='lat' dir='ltr'>liber</span> <span class='ocrx_word' id='word_1_329' title='bbox 1389 1747 1445 1775; x_wconf 82' lang='lat' dir='ltr'>an</span> <span class='ocrx_word' id='word_1_330' title='bbox 1474 1748 1628 1777; x_wconf 81' lang='lat' dir='ltr'>servus.</span> <span class='ocrx_word' id='word_1_331' title='bbox 1666 1761 1706 1768; x_wconf 95' lang='lat'>—</span> <span class='ocrx_word' id='word_1_332' title='bbox 1749 1741 1918 1780; x_wconf 83' lang='lat' dir='ltr'>Venusi-</span> 
     </span>
     <span class='ocr_line' id='line_1_56' title="bbox 1044 1797 1913 1852; baseline 0.01 -18"><span class='ocrx_word' id='word_1_333' title='bbox 1044 1807 1121 1835; x_wconf 86' lang='lat' dir='ltr'>nus</span> <span class='ocrx_word' id='word_1_334' title='bbox 1139 1817 1162 1824; x_wconf 93' lang='lat'><em>-</em></span> <span class='ocrx_word' id='word_1_335' title='bbox 1182 1818 1205 1824; x_wconf 96' lang='lat'>—</span> <span class='ocrx_word' id='word_1_336' title='bbox 1224 1797 1411 1846; x_wconf 81' lang='lat' dir='ltr'>colonus,</span> <span class='ocrx_word' id='word_1_337' title='bbox 1442 1800 1606 1852; x_wconf 86' lang='lat' dir='ltr'>Missus]</span> <span class='ocrx_word' id='word_1_338' title='bbox 1629 1812 1668 1840; x_wconf 89' lang='lat' dir='ltr'>a.</span> <span class='ocrx_word' id='word_1_339' title='bbox 1695 1813 1738 1841; x_wconf 89' lang='lat' dir='ltr'>u.</span> <span class='ocrx_word' id='word_1_340' title='bbox 1763 1813 1800 1841; x_wconf 95' lang='lat' dir='ltr'>c.</span> <span class='ocrx_word' id='word_1_341' title='bbox 1819 1802 1913 1843; x_wconf 83' lang='grc'>463.</span> 
     </span>
     <span class='ocr_line' id='line_1_57' title="bbox 1044 1857 1915 1915; baseline 0.006 -16"><span class='ocrx_word' id='word_1_342' title='bbox 1044 1860 1107 1899; x_wconf 91' lang='lat' dir='ltr'>De</span> <span class='ocrx_word' id='word_1_343' title='bbox 1139 1857 1308 1898; x_wconf 87' lang='lat' dir='ltr'>colonia</span> <span class='ocrx_word' id='word_1_344' title='bbox 1343 1860 1560 1901; x_wconf 77' lang='lat' dir='ltr'>Venusina</span> <span class='ocrx_word' id='word_1_345' title='bbox 1592 1863 1705 1903; x_wconf 83' lang='lat' dir='ltr'>cons.</span> <span class='ocrx_word' id='word_1_346' title='bbox 1729 1864 1915 1915; x_wconf 80' lang='lat' dir='ltr'>Madvig.</span> 
     </span>
     <span class='ocr_line' id='line_1_58' title="bbox 1045 1920 1917 1976; baseline 0.007 -16"><span class='ocrx_word' id='word_1_347' title='bbox 1045 1921 1203 1973; x_wconf 88' lang='lat' dir='ltr'>Opusc.</span> <span class='ocrx_word' id='word_1_348' title='bbox 1235 1920 1368 1960; x_wconf 84' lang='lat' dir='ltr'>Acad.</span> <span class='ocrx_word' id='word_1_349' title='bbox 1401 1923 1431 1961; x_wconf 93' lang='lat'>1.</span> <span class='ocrx_word' id='word_1_350' title='bbox 1463 1933 1504 1973; x_wconf 88' lang='lat' dir='ltr'>p.</span> <span class='ocrx_word' id='word_1_351' title='bbox 1527 1924 1621 1963; x_wconf 76' lang='lat'>298.</span> <span class='ocrx_word' id='word_1_352' title='bbox 1659 1947 1705 1953; x_wconf 94' lang='lat'>—</span> <span class='ocrx_word' id='word_1_353' title='bbox 1737 1927 1793 1965; x_wconf 87' lang='lat' dir='ltr'>ad</span> <span class='ocrx_word' id='word_1_354' title='bbox 1820 1927 1917 1976; x_wconf 82' lang='lat' dir='ltr'>hoe,</span> 
     </span>
     <span class='ocr_line' id='line_1_59' title="bbox 1044 1982 1921 2036; baseline 0.011 -17"><span class='ocrx_word' id='word_1_355' title='bbox 1044 2005 1066 2011; x_wconf 97' lang='lat'>-</span> <span class='ocrx_word' id='word_1_356' title='bbox 1087 2005 1110 2011; x_wconf 91' lang='lat'><em>-</em></span> <span class='ocrx_word' id='word_1_357' title='bbox 1130 1994 1210 2032; x_wconf 78' lang='lat' dir='ltr'>quo</span> <span class='ocrx_word' id='word_1_358' title='bbox 1239 1982 1302 2033; x_wconf 82' lang='lat' dir='ltr'>ne]</span> <span class='ocrx_word' id='word_1_359' title='bbox 1338 1984 1419 2023; x_wconf 76' lang='lat' dir='ltr'>aad</span> <span class='ocrx_word' id='word_1_360' title='bbox 1449 1984 1566 2024; x_wconf 87' lang='lat' dir='ltr'>hunc</span> <span class='ocrx_word' id='word_1_361' title='bbox 1596 1985 1753 2036; x_wconf 84' lang='lat' dir='ltr'>finem,</span> <span class='ocrx_word' id='word_1_362' title='bbox 1787 2010 1810 2016; x_wconf 95' lang='lat'>—</span> <span class='ocrx_word' id='word_1_363' title='bbox 1829 2012 1853 2018; x_wconf 96' lang='lat'>-</span> <span class='ocrx_word' id='word_1_364' title='bbox 1874 1992 1921 2028; x_wconf 90' lang='lat' dir='ltr'>ut</span> 
     </span>
     <span class='ocr_line' id='line_1_60' title="bbox 1046 2045 1920 2099; baseline 0.007 -15"><span class='ocrx_word' id='word_1_365' title='bbox 1046 2055 1156 2091; x_wconf 83' lang='lat' dir='ltr'>ne;»</span> <span class='ocrx_word' id='word_1_366' title='bbox 1189 2045 1414 2085; x_wconf 86' lang='lat' dir='ltr'>rarissimo</span> <span class='ocrx_word' id='word_1_367' title='bbox 1445 2057 1548 2095; x_wconf 91' lang='lat' dir='ltr'>usu,</span> <span class='ocrx_word' id='word_1_368' title='bbox 1582 2059 1662 2099; x_wconf 91' lang='lat' dir='ltr'>pro</span> <span class='ocrx_word' id='word_1_369' title='bbox 1684 2060 1771 2099; x_wconf 90' lang='lat' dir='ltr'>quo</span> <span class='ocrx_word' id='word_1_370' title='bbox 1792 2051 1920 2090; x_wconf 83' lang='lat' dir='ltr'>Bent—</span> 
     </span>
     <span class='ocr_line' id='line_1_61' title="bbox 1047 2106 1917 2161; baseline 0.007 -16"><span class='ocrx_word' id='word_1_371' title='bbox 1047 2106 1156 2146; x_wconf 90' lang='lat' dir='ltr'>leius</span> <span class='ocrx_word' id='word_1_372' title='bbox 1187 2117 1275 2146; x_wconf 91' lang='lat' dir='ltr'>non</span> <span class='ocrx_word' id='word_1_373' title='bbox 1307 2108 1433 2147; x_wconf 78' lang='lat' dir='ltr'>affert</span> <span class='ocrx_word' id='word_1_374' title='bbox 1464 2109 1545 2148; x_wconf 91' lang='lat' dir='ltr'>nisi</span> <span class='ocrx_word' id='word_1_375' title='bbox 1575 2110 1737 2161; x_wconf 85' lang='lat' dir='ltr'>Digest.</span> <span class='ocrx_word' id='word_1_376' title='bbox 1762 2112 1835 2160; x_wconf 70' lang='lat'>⁶24,</span> <span class='ocrx_word' id='word_1_377' title='bbox 1871 2113 1917 2160; x_wconf 91' lang='grc'>4,</span> 
     </span>
     <span class='ocr_line' id='line_1_62' title="bbox 1048 2168 1919 2222; baseline 0.006 -14"><span class='ocrx_word' id='word_1_378' title='bbox 1048 2168 1122 2208; x_wconf 82' lang='grc'>47;</span> <span class='ocrx_word' id='word_1_379' title='bbox 1174 2169 1208 2207; x_wconf 87' lang='lat' dir='ltr'>si</span> <span class='ocrx_word' id='word_1_380' title='bbox 1250 2170 1410 2208; x_wconf 79' lang='lat' dir='ltr'>celandi</span> <span class='ocrx_word' id='word_1_381' title='bbox 1452 2182 1606 2220; x_wconf 83' lang='lat' dir='ltr'>causa,</span> <span class='ocrx_word' id='word_1_382' title='bbox 1653 2184 1734 2222; x_wconf 83' lang='lat' dir='ltr'>quo</span> <span class='ocrx_word' id='word_1_383' title='bbox 1776 2185 1827 2213; x_wconf 87' lang='lat' dir='ltr'>ne</span> <span class='ocrx_word' id='word_1_384' title='bbox 1863 2175 1919 2213; x_wconf 87' lang='lat' dir='ltr'>ad</span> 
     </span>
     <span class='ocr_line' id='line_1_63' title="bbox 1047 2231 1920 2286; baseline 0.009 -18"><span class='ocrx_word' id='word_1_385' title='bbox 1047 2231 1258 2270; x_wconf 81' lang='lat' dir='ltr'>domin-um</span> <span class='ocrx_word' id='word_1_386' title='bbox 1284 2237 1582 2282; x_wconf 81' lang='lat' dir='ltr'>reverteretur,</span> <span class='ocrx_word' id='word_1_387' title='bbox 1618 2235 1806 2285; x_wconf 54' lang='grc' dir='ltr'>Μωδεεῖ,</span> <span class='ocrx_word' id='word_1_388' title='bbox 1849 2236 1920 2286; x_wconf 75' lang='grc' dir='ltr'><strong><em>[ιι-</em></strong></span> 
     </span>
     <span class='ocr_line' id='line_1_64' title="bbox 1044 2292 1921 2346; baseline 0.008 -16"><span class='ocrx_word' id='word_1_389' title='bbox 1044 2292 1222 2343; x_wconf 75' lang='grc' dir='ltr'><strong><em>9ἰιὶυαιη</em></strong></span> <span class='ocrx_word' id='word_1_390' title='bbox 1249 2303 1352 2341; x_wconf 89' lang='lat' dir='ltr'>esse,</span> <span class='ocrx_word' id='word_1_391' title='bbox 1401 2303 1488 2344; x_wconf 89' lang='lat' dir='ltr'>quo</span> <span class='ocrx_word' id='word_1_392' title='bbox 1538 2295 1632 2346; x_wconf 87' lang='lat' dir='ltr'>ipso</span> <span class='ocrx_word' id='word_1_393' title='bbox 1671 2294 1769 2336; x_wconf 95' lang='lat' dir='ltr'>loco</span> <span class='ocrx_word' id='word_1_394' title='bbox 1810 2308 1921 2337; x_wconf 89' lang='lat' dir='ltr'>non-</span> 
     </span>
     <span class='ocr_line' id='line_1_65' title="bbox 1048 2351 1921 2410; baseline 0.008 -20"><span class='ocrx_word' id='word_1_395' title='bbox 1048 2351 1151 2391; x_wconf 90' lang='lat' dir='ltr'>nulli</span> <span class='ocrx_word' id='word_1_396' title='bbox 1192 2364 1233 2391; x_wconf 82' lang='grc' dir='ltr'>ν.</span> <span class='ocrx_word' id='word_1_397' title='bbox 1271 2365 1350 2402; x_wconf 84' lang='lat' dir='ltr'>quo</span> <span class='ocrx_word' id='word_1_398' title='bbox 1392 2356 1611 2395; x_wconf 77' lang='lat' dir='ltr'>omittunt.</span> <span class='ocrx_word' id='word_1_399' title='bbox 1650 2379 1694 2384; x_wconf 97' lang='lat'><strong>—</strong></span> <span class='ocrx_word' id='word_1_400' title='bbox 1726 2357 1921 2410; x_wconf 83' lang='lat' dir='ltr'>Sabellis]</span> 
     </span>
     <span class='ocr_line' id='line_1_66' title="bbox 1047 2413 1921 2468; baseline 0.008 -16"><span class='ocrx_word' id='word_1_401' title='bbox 1047 2413 1144 2453; x_wconf 84' lang='lat' dir='ltr'>vid.</span> <span class='ocrx_word' id='word_1_402' title='bbox 1169 2414 1222 2453; x_wconf 91' lang='lat' dir='ltr'>ad</span> <span class='ocrx_word' id='word_1_403' title='bbox 1246 2415 1323 2454; x_wconf 92' lang='lat' dir='ltr'>Od.</span> <span class='ocrx_word' id='word_1_404' title='bbox 1349 2415 1395 2463; x_wconf 89' lang='lat'>3,</span> <span class='ocrx_word' id='word_1_405' title='bbox 1429 2416 1477 2464; x_wconf 94' lang='grc'>6,</span> <span class='ocrx_word' id='word_1_406' title='bbox 1509 2416 1576 2456; x_wconf 88' lang='grc'>38.</span> <span class='ocrx_word' id='word_1_407' title='bbox 1605 2440 1648 2445; x_wconf 92' lang='lat'><em>-</em></span> <span class='ocrx_word' id='word_1_408' title='bbox 1671 2429 1722 2457; x_wconf 82' lang='lat' dir='ltr'>ne</span> <span class='ocrx_word' id='word_1_409' title='bbox 1745 2430 1824 2468; x_wconf 86' lang='lat' dir='ltr'>per</span> <span class='ocrx_word' id='word_1_410' title='bbox 1840 2431 1921 2459; x_wconf 77' lang='lat' dir='ltr'>va-</span> 
     </span>
     <span class='ocr_line' id='line_1_67' title="bbox 1045 2476 1922 2527; baseline 0.009 -14"><span class='ocrx_word' id='word_1_411' title='bbox 1045 2486 1169 2514; x_wconf 84' lang='lat' dir='ltr'>cuum</span> <span class='ocrx_word' id='word_1_412' title='bbox 1198 2476 1302 2527; x_wconf 89' lang='lat' dir='ltr'>cet.]</span> <span class='ocrx_word' id='word_1_413' title='bbox 1334 2476 1440 2516; x_wconf 83' lang='lat' dir='ltr'>«sed</span> <span class='ocrx_word' id='word_1_414' title='bbox 1463 2479 1510 2516; x_wconf 91' lang='lat' dir='ltr'>ut</span> <span class='ocrx_word' id='word_1_415' title='bbox 1529 2479 1787 2520; x_wconf 87' lang='lat' dir='ltr'>resisterent</span> <span class='ocrx_word' id='word_1_416' title='bbox 1807 2480 1922 2521; x_wconf 88' lang='lat' dir='ltr'>hosti</span> 
     </span>
     <span class='ocr_line' id='line_1_68' title="bbox 1048 2536 1922 2583; baseline 0.009 -8"><span class='ocrx_word' id='word_1_417' title='bbox 1048 2536 1189 2576; x_wconf 89' lang='lat' dir='ltr'>coloni</span> <span class='ocrx_word' id='word_1_418' title='bbox 1223 2538 1461 2578; x_wconf 86' lang='lat' dir='ltr'>Venusiam</span> <span class='ocrx_word' id='word_1_419' title='bbox 1502 2538 1726 2580; x_wconf 79' lang='lat' dir='ltr'>deducti.»</span> <span class='ocrx_word' id='word_1_420' title='bbox 1762 2565 1806 2570; x_wconf 91' lang='lat'>—</span> <span class='ocrx_word' id='word_1_421' title='bbox 1839 2544 1922 2583; x_wconf 82' lang='lat' dir='ltr'>Ro-</span> 
     </span>
     <span class='ocr_line' id='line_1_69' title="bbox 1044 2598 1920 2652; baseline 0.007 -15"><span class='ocrx_word' id='word_1_422' title='bbox 1044 2598 1185 2650; x_wconf 84' lang='lat' dir='ltr'>mano]</span> <span class='ocrx_word' id='word_1_423' title='bbox 1216 2598 1287 2638; x_wconf 66' lang='lat' dir='ltr'>vel</span> <span class='ocrx_word' id='word_1_424' title='bbox 1317 2610 1399 2650; x_wconf 87' lang='lat' dir='ltr'>pro</span> <span class='ocrx_word' id='word_1_425' title='bbox 1427 2601 1643 2650; x_wconf 82' lang='lat' dir='ltr'>Romanis,</span> <span class='ocrx_word' id='word_1_426' title='bbox 1676 2605 1724 2642; x_wconf 91' lang='lat' dir='ltr'>ut</span> <span class='ocrx_word' id='word_1_427' title='bbox 1752 2604 1838 2643; x_wconf 88' lang='lat' dir='ltr'>Sat.</span> <span class='ocrx_word' id='word_1_428' title='bbox 1871 2606 1920 2652; x_wconf 83' lang='grc'>4,</span> 
     </span>
     <span class='ocr_line' id='line_1_70' title="bbox 1047 2659 1919 2714; baseline 0.006 -14"><span class='ocrx_word' id='word_1_429' title='bbox 1047 2659 1095 2710; x_wconf 97' lang='grc'>4,</span> <span class='ocrx_word' id='word_1_430' title='bbox 1128 2661 1193 2701; x_wconf 80' lang='lat'>85.</span> <span class='ocrx_word' id='word_1_431' title='bbox 1227 2661 1366 2713; x_wconf 89' lang='lat' dir='ltr'>Epod.</span> <span class='ocrx_word' id='word_1_432' title='bbox 1397 2662 1442 2710; x_wconf 87' lang='lat'>7,</span> <span class='ocrx_word' id='word_1_433' title='bbox 1476 2662 1515 2701; x_wconf 87' lang='grc'>6.</span> <span class='ocrx_word' id='word_1_434' title='bbox 1565 2665 1615 2703; x_wconf 82' lang='lat' dir='ltr'>A.</span> <span class='ocrx_word' id='word_1_435' title='bbox 1647 2665 1692 2702; x_wconf 92' lang='lat' dir='ltr'>P.</span> <span class='ocrx_word' id='word_1_436' title='bbox 1724 2663 1810 2714; x_wconf 59' lang='lat'>54„</span> <span class='ocrx_word' id='word_1_437' title='bbox 1849 2664 1919 2705; x_wconf 77' lang='lat' dir='ltr'>vel</span> 
     </span>
     <span class='ocr_line' id='line_1_71' title="bbox 1047 2721 1918 2775; baseline 0.003 -12"><span class='ocrx_word' id='word_1_438' title='bbox 1047 2721 1202 2774; x_wconf 89' lang='lat' dir='ltr'>supple</span> <span class='ocrx_word' id='word_1_439' title='bbox 1232 2734 1359 2774; x_wconf 73' lang='lat' dir='ltr'>ayro,</span> <span class='ocrx_word' id='word_1_440' title='bbox 1391 2725 1440 2762; x_wconf 86' lang='lat' dir='ltr'>ut</span> <span class='ocrx_word' id='word_1_441' title='bbox 1469 2724 1559 2763; x_wconf 87' lang='lat' dir='ltr'>Cic.</span> <span class='ocrx_word' id='word_1_442' title='bbox 1591 2725 1717 2764; x_wconf 79' lang='lat' dir='ltr'>Verr.</span> <span class='ocrx_word' id='word_1_443' title='bbox 1741 2727 1846 2766; x_wconf 82' lang='lat' dir='ltr'>Ace.</span> <span class='ocrx_word' id='word_1_444' title='bbox 1871 2726 1918 2775; x_wconf 88' lang='lat'>3,</span> 
     </span>
     <span class='ocr_line' id='line_1_72' title="bbox 1049 2785 1920 2837; baseline 0.005 -13"><span class='ocrx_word' id='word_1_445' title='bbox 1049 2785 1121 2833; x_wconf 78' lang='grc'>45,</span> <span class='ocrx_word' id='word_1_446' title='bbox 1155 2785 1228 2825; x_wconf 88' lang='grc'>38;</span> <span class='ocrx_word' id='word_1_447' title='bbox 1275 2796 1370 2825; x_wconf 88' lang='lat' dir='ltr'>cum</span> <span class='ocrx_word' id='word_1_448' title='bbox 1398 2796 1452 2825; x_wconf 66' lang='lat' dir='ltr'>ea:</span> <span class='ocrx_word' id='word_1_449' title='bbox 1479 2786 1677 2826; x_wconf 85' lang='lat' dir='ltr'>Leontino</span> <span class='ocrx_word' id='word_1_450' title='bbox 1705 2798 1835 2837; x_wconf 83' lang='lat' dir='ltr'>usque</span> <span class='ocrx_word' id='word_1_451' title='bbox 1863 2789 1920 2828; x_wconf 85' lang='lat' dir='ltr'>ad</span> 
     </span>
     <span class='ocr_line' id='line_1_73' title="bbox 1047 2846 1917 2897; baseline 0.005 -12"><span class='ocrx_word' id='word_1_452' title='bbox 1047 2846 1286 2896; x_wconf 79' lang='lat' dir='ltr'>Lilybaeum</span> <span class='ocrx_word' id='word_1_453' title='bbox 1329 2847 1509 2897; x_wconf 82' lang='lat' dir='ltr'>aliquem</span> <span class='ocrx_word' id='word_1_454' title='bbox 1548 2849 1794 2888; x_wconf 73' lang='lat' dir='ltr'>vallaretur.</span> <span class='ocrx_word' id='word_1_455' title='bbox 1853 2849 1917 2890; x_wconf 90' lang='lat' dir='ltr'>lb.</span> 
     </span>
     <span class='ocr_line' id='line_1_74' title="bbox 1045 2908 1923 2958; baseline 0.003 -10"><span class='ocrx_word' id='word_1_456' title='bbox 1045 2909 1094 2958; x_wconf 83' lang='lat'>5,</span> <span class='ocrx_word' id='word_1_457' title='bbox 1127 2908 1176 2958; x_wconf 89' lang='grc'>4,</span> <span class='ocrx_word' id='word_1_458' title='bbox 1211 2909 1285 2949; x_wconf 90' lang='grc'>40;</span> <span class='ocrx_word' id='word_1_459' title='bbox 1328 2909 1372 2948; x_wconf 85' lang='lat' dir='ltr'>in</span> <span class='ocrx_word' id='word_1_460' title='bbox 1403 2909 1648 2949; x_wconf 83' lang='lat' dir='ltr'>Triocalino.</span> <span class='ocrx_word' id='word_1_461' title='bbox 1712 2909 1819 2950; x_wconf 87' lang='lat' dir='ltr'>Illud</span> <span class='ocrx_word' id='word_1_462' title='bbox 1856 2914 1923 2951; x_wconf 82' lang='lat' dir='ltr'>ta-</span> 
     </span>
     <span class='ocr_line' id='line_1_75' title="bbox 1047 2971 1918 3023; baseline 0.002 -12"><span class='ocrx_word' id='word_1_463' title='bbox 1047 2982 1151 3011; x_wconf 90' lang='lat' dir='ltr'>men</span> <span class='ocrx_word' id='word_1_464' title='bbox 1182 2972 1242 3021; x_wconf 88' lang='lat' dir='ltr'>(ut</span> <span class='ocrx_word' id='word_1_465' title='bbox 1271 2971 1325 3010; x_wconf 88' lang='lat' dir='ltr'>sit</span> <span class='ocrx_word' id='word_1_466' title='bbox 1353 2981 1433 3022; x_wconf 91' lang='lat' dir='ltr'>pro</span> <span class='ocrx_word' id='word_1_467' title='bbox 1463 2971 1675 3022; x_wconf 83' lang='lat' dir='ltr'>Romanis)</span> <span class='ocrx_word' id='word_1_468' title='bbox 1705 2975 1918 3023; x_wconf 83' lang='lat' dir='ltr'>praestat.</span> 
     </span>
     <span class='ocr_line' id='line_1_76' title="bbox 1047 3031 1916 3084; baseline 0.001 -12"><span class='ocrx_word' id='word_1_469' title='bbox 1047 3035 1142 3073; x_wconf 88' lang='lat' dir='ltr'>Non</span> <span class='ocrx_word' id='word_1_470' title='bbox 1190 3034 1312 3072; x_wconf 88' lang='lat' dir='ltr'>recte</span> <span class='ocrx_word' id='word_1_471' title='bbox 1359 3031 1429 3072; x_wconf 84' lang='lat' dir='ltr'>alii</span> <span class='ocrx_word' id='word_1_472' title='bbox 1476 3031 1642 3072; x_wconf 87' lang='lat' dir='ltr'>habent</span> <span class='ocrx_word' id='word_1_473' title='bbox 1691 3044 1772 3084; x_wconf 88' lang='lat' dir='ltr'>pro</span> <span class='ocrx_word' id='word_1_474' title='bbox 1817 3045 1916 3084; x_wconf 84' lang='lat' dir='ltr'>gen.</span> 
     </span>
     <span class='ocr_line' id='line_1_77' title="bbox 1047 3095 1924 3145; baseline -0.001 -10"><span class='ocrx_word' id='word_1_475' title='bbox 1047 3097 1190 3135; x_wconf 87' lang='lat' dir='ltr'>neutr.</span> <span class='ocrx_word' id='word_1_476' title='bbox 1209 3106 1232 3134; x_wconf 92' lang='lat' dir='ltr'>a</span> <span class='ocrx_word' id='word_1_477' title='bbox 1248 3106 1290 3134; x_wconf 87' lang='lat' dir='ltr'>v.</span> <span class='ocrx_word' id='word_1_478' title='bbox 1309 3095 1553 3134; x_wconf 83' lang='lat' dir='ltr'>Romanum.</span> <span class='ocrx_word' id='word_1_479' title='bbox 1573 3115 1622 3124; x_wconf 92' lang='lat'>—-</span> <span class='ocrx_word' id='word_1_480' title='bbox 1640 3095 1735 3135; x_wconf 81' lang='lat' dir='ltr'>Sive</span> <span class='ocrx_word' id='word_1_481' title='bbox 1751 3096 1859 3145; x_wconf 79' lang='lat' dir='ltr'>quod</span> <span class='ocrx_word' id='word_1_482' title='bbox 1873 3118 1891 3124; x_wconf 98' lang='lat'>-</span> <span class='ocrx_word' id='word_1_483' title='bbox 1905 3117 1924 3124; x_wconf 95' lang='lat'>-</span> 
     </span>
     <span class='ocr_line' id='line_1_78' title="bbox 1046 3155 1921 3207; baseline 0.001 -11"><span class='ocrx_word' id='word_1_484' title='bbox 1046 3157 1194 3198; x_wconf 87' lang='lat' dir='ltr'>bellum</span> <span class='ocrx_word' id='word_1_485' title='bbox 1220 3155 1445 3207; x_wconf 83' lang='lat' dir='ltr'>Incuteret]</span> <span class='ocrx_word' id='word_1_486' title='bbox 1478 3157 1521 3196; x_wconf 92' lang='lat' dir='ltr'>in</span> <span class='ocrx_word' id='word_1_487' title='bbox 1555 3167 1673 3207; x_wconf 90' lang='lat' dir='ltr'>pros.</span> <span class='ocrx_word' id='word_1_488' title='bbox 1706 3167 1771 3196; x_wconf 90' lang='lat' dir='ltr'>or.</span> <span class='ocrx_word' id='word_1_489' title='bbox 1802 3158 1921 3198; x_wconf 80' lang='lat' dir='ltr'>«sive</span> 
     </span>
     <span class='ocr_line' id='line_1_79' title="bbox 1047 3217 1922 3271; baseline -0.002 -11"><span class='ocrx_word' id='word_1_490' title='bbox 1047 3218 1227 3271; x_wconf 86' lang='lat' dir='ltr'>aliquod</span> <span class='ocrx_word' id='word_1_491' title='bbox 1264 3217 1432 3259; x_wconf 89' lang='lat' dir='ltr'>bellum</span> <span class='ocrx_word' id='word_1_492' title='bbox 1474 3218 1708 3267; x_wconf 79' lang='lat' dir='ltr'>inferret;»</span> <span class='ocrx_word' id='word_1_493' title='bbox 1755 3218 1922 3258; x_wconf 89' lang='lat' dir='ltr'>dictum</span> 
     </span>
     <span class='ocr_line' id='line_1_80' title="bbox 1049 3279 1917 3329; baseline -0.003 -7"><span class='ocrx_word' id='word_1_494' title='bbox 1049 3284 1116 3323; x_wconf 86' lang='lat' dir='ltr'>est</span> <span class='ocrx_word' id='word_1_495' title='bbox 1154 3283 1203 3321; x_wconf 87' lang='lat' dir='ltr'>ut</span> <span class='ocrx_word' id='word_1_496' title='bbox 1237 3281 1421 3321; x_wconf 85' lang='lat' dir='ltr'>incutere</span> <span class='ocrx_word' id='word_1_497' title='bbox 1455 3279 1653 3329; x_wconf 80' lang='lat' dir='ltr'>verbera,</span> <span class='ocrx_word' id='word_1_498' title='bbox 1694 3284 1917 3329; x_wconf 86' lang='lat' dir='ltr'>terrorem,</span> 
     </span>
     <span class='ocr_line' id='line_1_81' title="bbox 1045 3341 1915 3384; baseline -0.006 0"><span class='ocrx_word' id='word_1_499' title='bbox 1045 3347 1214 3384; x_wconf 84' lang='lat' dir='ltr'>metum.</span> <span class='ocrx_word' id='word_1_500' title='bbox 1264 3343 1334 3382; x_wconf 89' lang='lat' dir='ltr'>Sic</span> <span class='ocrx_word' id='word_1_501' title='bbox 1378 3343 1561 3382; x_wconf 81' lang='lat' dir='ltr'>incutere</span> <span class='ocrx_word' id='word_1_502' title='bbox 1608 3342 1746 3380; x_wconf 87' lang='lat' dir='ltr'>minas</span> <span class='ocrx_word' id='word_1_503' title='bbox 1792 3341 1915 3380; x_wconf 86' lang='lat' dir='ltr'>Ovid.</span> 
     </span>
     <span class='ocr_line' id='line_1_82' title="bbox 1047 3399 1920 3453; baseline -0.007 -8"><span class='ocrx_word' id='word_1_504' title='bbox 1047 3405 1173 3446; x_wconf 89' lang='lat' dir='ltr'>Trist.</span> <span class='ocrx_word' id='word_1_505' title='bbox 1198 3405 1213 3444; x_wconf 95' lang='grc'>4</span> <span class='ocrx_word' id='word_1_506' title='bbox 1234 3435 1243 3453; x_wconf 87' lang='grc'>,</span> <span class='ocrx_word' id='word_1_507' title='bbox 1266 3405 1310 3444; x_wconf 96' lang='grc'>44</span> <span class='ocrx_word' id='word_1_508' title='bbox 1330 3435 1339 3453; x_wconf 89' lang='grc'>,</span> <span class='ocrx_word' id='word_1_509' title='bbox 1361 3403 1429 3444; x_wconf 74' lang='grc'>42.</span> <span class='ocrx_word' id='word_1_510' title='bbox 1465 3401 1574 3444; x_wconf 87' lang='lat' dir='ltr'>Male</span> <span class='ocrx_word' id='word_1_511' title='bbox 1596 3399 1791 3441; x_wconf 91' lang='lat' dir='ltr'>nonnulli</span> <span class='ocrx_word' id='word_1_512' title='bbox 1811 3401 1920 3451; x_wconf 80' lang='lat' dir='ltr'>quod</span> 
     </span>
     <span class='ocr_line' id='line_1_83' title="bbox 1046 3461 1860 3517; baseline -0.007 -9"><span class='ocrx_word' id='word_1_513' title='bbox 1046 3489 1070 3497; x_wconf 93' lang='lat'>-</span> <span class='ocrx_word' id='word_1_514' title='bbox 1089 3467 1199 3517; x_wconf 81' lang='lat' dir='ltr'>quod</span> <span class='ocrx_word' id='word_1_515' title='bbox 1223 3465 1429 3507; x_wconf 87' lang='lat' dir='ltr'>dixerunt</span> <span class='ocrx_word' id='word_1_516' title='bbox 1457 3475 1556 3505; x_wconf 89' lang='lat' dir='ltr'>esse</span> <span class='ocrx_word' id='word_1_517' title='bbox 1585 3461 1860 3515; x_wconf 85' lang='lat' dir='ltr'>particulam.</span> 
     </span>
    </p>
   </div>
  </div>
 </body>
</html>
