2231 3787
904 256 1002 295 ARS
1035 255 1277 296 POETICA.

1915 256 2005 307 781

255 385 517 439 Traverso
557 385 763 440 calamo
804 386 1043 456 signum,
1086 384 1369 439 ambitiosa
1407 385 1614 442 recidet

253 487 610 550 Ornamenta,
653 505 843 558 parum
887 487 1046 541 claris
1087 487 1263 541 lucem
1301 485 1434 541 dare
1474 497 1656 560 coget,

251 591 452 659 Arguet
490 588 741 659 ambigue
782 589 1009 652 dictum,
1053 587 1309 643 mutanda
1348 588 1576 653 notabit,

251 689 365 743 Fiet
401 689 766 755 Aristarchus3
810 708 913 743 non
955 690 1121 744 dicet:
1167 691 1275 745 Cur
1314 708 1416 762 ego
1456 691 1687 746 amicum
1908 696 2012 747 450

250 790 535 844 Offendam
576 791 627 843 in
667 792 867 862 nugis?
943 794 1054 846 Hae
1095 810 1270 863 nugae
1313 794 1456 847 seria
1494 794 1693 849 ducent

233 935 275 981 S,
308 938 423 985 coyet
452 935 555 973 dare
584 934 716 974 lacem
744 935 790 974 T.
829 958 872 963 —
906 934 1002 975 450.
1036 936 1132 987 non]
1164 947 1238 975 nec
1267 935 1373 985 ch,
1408 937 1618 977 undecim
1641 939 1784 989 Regii,
1818 939 1949 979 LCtF.

235 998 299 1047 (Ut
327 1007 428 1045 nos,
462 996 566 1047 Sdp,
602 1008 682 1036 «ex
712 998 873 1037 nostris
906 1001 1027 1037 certe
1060 997 1220 1037 decem
1247 999 1354 1038 etin
1376 998 1443 1037 his
1466 1009 1622 1041 omnes
1644 1002 1954 1042 vetustiores.»

233 1058 404 1108 BENTL.)
441 1081 485 1087 —
519 1058 613 1099 454.
650 1059 805 1098 ducunt
835 1070 947 1100 unus
979 1060 1226 1111 pragensis.

176 1184 305 1223 Nemo
320 1194 507 1233 unquam
522 1194 653 1233 neque
671 1185 801 1233 poeta
819 1194 950 1234 neque
966 1195 1063 1224 ora-

176 1251 242 1286 tor
281 1246 389 1296 fuit,
443 1247 513 1296 qui
557 1257 808 1296 quemquam
850 1247 1061 1286 meliorem

176 1320 303 1358 quam
322 1320 363 1348 se
384 1308 681 1348 arbitraretur.
714 1309 799 1348 Hoc
818 1309 945 1348 etiam
964 1320 1055 1347 ma-

176 1372 226 1411 lis
255 1372 470 1423 continyit.
505 1373 632 1412 Tusc.
657 1373 697 1419 5,
721 1372 788 1421 ⁶22,
813 1372 886 1411 63:
920 1373 965 1411 In
986 1372 1060 1411 hoc

176 1435 284 1475 enim
312 1445 461 1486 „qenere
488 1435 624 1474 nescio
664 1446 744 1484 quo
771 1438 895 1484 pacto
924 1435 1061 1485 maqis

175 1510 303 1548 quam
333 1499 375 1537 in
406 1498 502 1537 aliis
529 1509 650 1537 suum
670 1498 820 1546 cuique
834 1498 1060 1548 pulchrum

174 1565 231 1601 est
246 1572 260 1609 ,·
291 1561 425 1600 adhuc
453 1561 659 1600 neminem
681 1561 854 1612 coynovi
870 1563 1056 1611 poetam,

175 1624 247 1674 qui
289 1623 363 1663 sibi
405 1635 488 1663 non
529 1623 707 1672 optimus
744 1624 972 1664 videretur.
1011 1646 1048 1652 —-

173 1687 261 1726 sine
288 1686 429 1738 rivali]
480 1686 619 1725 «Sane
651 1686 753 1736 quia
784 1685 925 1725 malos
954 1696 1059 1725 ver—

175 1759 251 1789 sus
283 1749 592 1800 composuisti,
629 1759 761 1788 nemo
788 1747 936 1788 rivalis
958 1750 1058 1788 tuus

175 1822 302 1861 esse,
336 1813 485 1851 tecum
508 1811 782 1850 contendere
804 1809 943 1859 volet,
976 1821 1058 1849 va-

175 1875 242 1914 nis
286 1876 437 1914 autem
482 1873 738 1914 hominibus
777 1872 926 1925 placet
963 1873 1057 1914 sine

174 1935 361 1977 aemulis
393 1947 537 1976 esse.»
578 1935 642 1976 Cf.
678 1937 767 1977 Cic.
800 1936 855 1976 ad
887 1937 935 1985 Q.
969 1936 1059 1976 fra-

175 2001 291 2040 trem
322 1999 366 2049 3,
391 1999 440 2047 8,
465 1998 518 2039 4:
554 1999 585 2037 O
617 1999 699 2049 dii,
733 2011 860 2048 quam
879 2000 1055 2050 ineptus,

176 2074 304 2113 quam
334 2073 373 2102 se
402 2062 488 2112 ipse
518 2072 669 2100 amans
697 2061 783 2101 sine
810 2062 952 2101 rivali.

228 2124 456 2166 445-452.
504 2123 674 2175 inertes]
720 2124 847 2164 «sine
889 2125 981 2164 arte
1014 2127 1058 2164 et

174 2188 386 2239 gravitate
418 2187 602 2227 factos.»
636 2187 777 2227 Comi.
803 2187 933 2233 CRUQ.
968 2188 1057 2226 Im-

172 2250 327 2302 primis
364 2249 581 2300 significat
620 2249 806 2297 otiosos,
852 2248 957 2289 nihil
988 2249 1055 2288 di-

174 2315 351 2362 centes,
399 2312 520 2364 quod
564 2322 836 2363 magnopere
871 2312 927 2351 ad
957 2323 1052 2351 rem

174 2376 324 2424 faeiat,
359 2375 439 2415 die
467 2375 717 2415 Leerheit.
752 2374 878 2414 Voss.
909 2398 953 2402 —
986 2375 1055 2413 in-

171 2437 358 2489 comptis]
381 2437 552 2476 «minus
575 2435 851 2487 elegantibus
873 2439 1056 2489 propter

171 2501 309 2541 verba
340 2499 519 2541 humilia
552 2503 595 2539 et
624 2493 795 2557 ἄκυρα,
828 2500 1053 2540 interdum

172 2562 241 2603 vel
285 2565 469 2615 propter
506 2573 667 2602 sonum
705 2563 969 2613 ingratum.»
1006 2587 1050 2591 ——

171 2626 389 2676 incomptis
418 2625 520 2675 cet]
559 2623 715 2664 «obelo
743 2635 904 2665 versus
933 2625 1054 2664 initio

172 2689 372 2742 apposito
406 2688 462 2739 (id
494 2687 614 2739 quod
645 2689 760 2728 inest
794 2688 837 2727 in
868 2699 910 2726 v.
944 2688 1054 2727 adli-

171 2757 239 2792 net
270 2750 623 2803 anstreichen)
659 2749 923 2801 significabit
950 2762 1054 2790 ver-

172 2825 274 2855 sum
305 2824 404 2854 esse
437 2812 724 2853 delendum.»
770 2813 882 2852 Dicit
903 2815 1052 2853 autem

172 2881 313 2916 atrum
353 2876 507 2916 festiva
540 2875 723 2926 dilogia;
765 2886 870 2914 nam
901 2877 944 2915 et
974 2886 1053 2915 eo-

171 2938 263 2979 lore
295 2943 436 2978 atram
466 2939 561 2977 erat
600 2938 777 2988 signum
812 2940 855 2977 et
884 2939 1053 2989 nigrum

173 2999 302 3042 simul
333 3001 442 3039 theta
474 3000 607 3051 (Pers.
641 2999 690 3047 4,
723 2999 806 3049 43.)
839 3010 1053 3040 versuum

172 3064 514 3114 incomptorum.
557 3084 600 3088 —
649 3061 881 3113 ambitiosa]
929 3073 1054 3112 «ye-

171 3124 533 3177 fallsiichtiqffi
567 3123 729 3174 quibus
754 3124 959 3174 quamvis
982 3134 1054 3163 su-

171 3188 460 3240 pervacaneis
491 3187 535 3225 et
565 3185 779 3226 affectatis
807 3188 852 3225 tu
874 3185 1053 3226 lectoris

173 3249 515 3290 admirationem
553 3252 594 3287 te
634 3251 863 3287 moturum
898 3259 1053 3299 spera-

172 3323 348 3352 veras.»
385 3334 427 3339 —
459 3311 612 3350 recidet
641 3310 917 3362 Ornamenta]
953 3311 1053 3349 «Fi-

175 3384 306 3424 guras
337 3372 598 3413 elocutionis
629 3374 673 3411 et
701 3372 915 3422 imagines
945 3382 1052 3422 pro-

175 3438 273 3487 pter
303 3435 347 3475 id
367 3433 677 3475 tantummodo
700 3434 938 3484 quaesitas,
964 3444 1051 3483 quo

175 3498 367 3537 novitate
400 3499 443 3538 et
473 3496 658 3537 audacia
687 3495 888 3548 placeant
919 3494 1053 3535 lecto-

1125 1183 1269 1233 ribus,
1305 1195 1408 1224 cum
1428 1186 1614 1225 veritate
1637 1189 1830 1237 careant,
1863 1188 2003 1228 recidi

1125 1245 1338 1286 iubebit.»
1378 1247 1486 1299 Epp.
1509 1248 1550 1297 2,
1576 1249 1616 1300 2,
1642 1249 1738 1288 1¹22:
1772 1249 2004 1290 lavarian-

1123 1311 1184 1349 tia
1214 1315 1451 1359 compescet.
1480 1331 1524 1338 —
1559 1311 1715 1362 Aryuet
1745 1313 1846 1364 cet.]
1885 1315 2006 1365 «Ipsa

1123 1373 1475 1423 reprehensione
1521 1372 1637 1413 clare
1685 1374 2009 1415 demonstrabit

1125 1434 1378 1475 huiusmodi
1401 1436 1695 1488 amphibolias
1716 1437 1920 1478 vitandas
1943 1449 2010 1478 es-

1124 1508 1216 1537 se.»
1253 1522 1298 1526 —
1330 1499 1550 1551 mutanda]
1590 1500 1682 1539 Hoc
1721 1499 1912 1539 refertur
1952 1501 2007 1540 ad

1124 1558 1293 1611 singula
1323 1559 1461 1600 verba
1495 1572 1743 1613 eorumque
1776 1562 2004 1611 ordinem,

1125 1621 1180 1661 de
1212 1623 1314 1662 totis
1348 1623 1466 1663 enim
1492 1623 1702 1664 versibus
1733 1625 2008 1676 corrigendis

1124 1685 1229 1725 satis
1261 1685 1432 1725 dixerat
1460 1697 1532 1725 vxi.
1571 1686 1802 1727 445-447.
1843 1711 1888 1715 —
1921 1688 2009 1727 Fiet

1122 1747 1401 1800 Aristarchus]
1437 1749 1650 1789 «Omnino
1683 1751 1765 1789 erit
1785 1749 1895 1790 alter
1915 1751 2008 1790 Ari-

1124 1810 1382 1859 starchus‚»
1425 1811 1549 1850 euius
1589 1813 1637 1850 ut
1675 1812 1839 1851 summi
1869 1812 2005 1851 critici

1123 1883 1289 1912 nomen
1320 1874 1363 1912 in
1385 1873 1671 1924 proverbium
1694 1873 1877 1914 abierat.
1913 1875 2002 1914 Cic.

1123 1935 1178 1975 ad
1209 1938 1295 1976 Att.
1320 1937 1335 1976 ‘t
1360 1968 1367 1985 ,
1399 1935 1472 1985 44,
1504 1936 1550 1976 3:
1586 1948 1769 1986 quarum
1798 1937 2006 1989 (mearum

1123 1999 1379 2050 orationum)
1410 2003 1455 2038 tu
1472 1999 1741 2040 Aristarchus
1762 2012 1816 2041 es.
1850 2002 1894 2041 in
1916 2003 2001 2042 Pis.

1123 2061 1189 2110 30,
1215 2061 1281 2101 73:
1309 2062 1518 2111 Quoniam
1539 2066 1575 2102 te
1594 2074 1678 2102 non
1695 2063 2001 2113 Aristarchum,

1120 2125 1189 2163 sed
1206 2124 1407 2163 Phalarin
1436 2126 1762 2175 yrammaticum
1791 2126 2001 2176 habemus,

1121 2187 1191 2235 qui
1232 2197 1316 2225 non
1352 2191 1496 2226 notam
1533 2198 1724 2237 apponas
1762 2189 1818 2227 ad
1845 2189 2005 2228 malum

1117 2259 1303 2297 versum,
1337 2250 1406 2288 sed
1430 2252 1602 2299 poetam
1623 2251 1755 2290 armis
1769 2261 2003 2301 persequa—

1118 2323 1176 2351 re.
1223 2312 1333 2362 (Vid.
1365 2312 1561 2352 Indicem
1592 2314 1718 2353 Nom.
1751 2314 1919 2365 propr.)
1955 2337 1999 2344 —

1117 2385 1201 2413 non
1231 2374 1348 2425 dicet]
1383 2376 1529 2423 «Hoc,
1563 2375 1599 2414 si
1630 2386 1761 2416 aures
1792 2375 1999 2424 consulis,

1118 2435 1293 2487 plenius
1316 2436 1559 2488 fortiusque
1583 2438 1685 2487 exit,
1713 2438 1818 2488 quin
1841 2440 1885 2477 et
1904 2448 2004 2477 sen-

1121 2499 1283 2538 tentiae
1329 2510 1508 2550 quoque
1554 2499 1766 2550 ponderis
1806 2499 2001 2539 nonnihil

1119 2562 1433 2612 gravitatisque
1478 2562 1641 2601 addit.»
1682 2563 1834 2601 BENTL.
1889 2563 2002 2610 Quin

1120 2625 1252 2664 etiam
1283 2625 1447 2664 rectior
1476 2624 1547 2671 fit3
1594 2635 1695 2664 narn
1737 2625 1778 2664 in
1809 2624 1999 2665 lectione

1116 2698 1190 2726 nec
1233 2687 1337 2726 dicet
1380 2698 1450 2725 vv.
1493 2686 1782 2725 Aristarchum
1819 2687 1914 2738 fieri
1957 2689 2001 2726 et

1115 2761 1199 2788 non
1219 2749 1355 2788 dicere
1376 2750 1421 2786 ut
1441 2747 1644 2788 eiusdem
1665 2749 1840 2800 generis
1861 2750 2000 2790 actio-

1118 2823 1197 2852 nes
1246 2821 1457 2863 perverse
1506 2810 1715 2850 videntur
1776 2812 1996 2863 coniungi.

1119 2875 1280 2915 Contra
1337 2885 1421 2913 non
1468 2873 1572 2912 dicet
1618 2873 1704 2912 hoc
1752 2874 1996 2924 significat:

1119 2937 1357 2987 «quocirca
1386 2935 1458 2975 hie
1489 2937 1581 2975 tam
1612 2946 1797 2976 severus
1819 2937 1998 2976 criticus

1117 3009 1345 3049 nunquam
1376 2997 1575 3049 profecto
1597 2997 1758 3038 dicet.»
1784 3020 1830 3026 —
1861 2998 1904 3037 in
1922 3010 1999 3037 nu-

1115 3061 1191 3112 9is]
1225 3061 1294 3100 «in
1316 3059 1452 3100 rebus
1473 3058 1694 3109 leviculis,
1727 3062 1776 3099 ut
1796 3062 1863 3099 est
1882 3070 1996 3099 unus

1117 3122 1283 3162 alterve
1300 3120 1545 3162 versiculus
1567 3122 1915 3173 reprehensione
1934 3121 1996 3160 di-

1117 3196 1272 3235 gnus.»
1299 3208 1342 3212 —
1367 3185 1455 3224 Hae
1483 3196 1621 3236 nuqae
1652 3184 1754 3235 cet]
1789 3185 1868 3223 «At
1885 3193 1992 3222 vero

1116 3248 1199 3287 hae
1245 3248 1367 3299 ipsae
1409 3258 1551 3298 nugae
1592 3248 1635 3286 in
1675 3257 1807 3286 causa
1848 3248 1991 3295 erunt,

1117 3312 1165 3349 ut
1194 3310 1364 3350 amicus
1394 3310 1436 3348 in
1469 3309 1657 3349 eandem
1691 3309 1995 3360 turpissimam

1116 3372 1279 3412 famam
1309 3370 1493 3419 incidat,
1528 3381 1641 3421 quae
1671 3372 1906 3421 persecuta
1927 3371 1995 3409 est

1117 3434 1252 3474 etiam
1294 3433 1412 3485 apud
1455 3432 1763 3484 posteritatem
1808 3432 1994 3473 Choeri-

1115 3495 1228 3544 lum,
1270 3495 1477 3543 Bavium,
1510 3495 1750 3543 Maevium3
1798 3494 1842 3534 id
1873 3495 1993 3546 quod
