2231 3787
244 288 346 341 646

845 287 1057 327 HORATII
1089 284 1454 325 EPISTULARUM

317 419 568 484 Cuilibet3
610 417 794 489 argilla
833 417 1047 489 quidvis
1088 415 1381 469 imitaberis
1420 412 1554 474 uda,

317 523 456 587 Quin
497 521 656 575 etiam
696 528 851 574 canet
890 519 1191 577 indoctum,
1235 515 1331 569 sed
1372 514 1530 568 dulce
1569 513 1788 568 bibenti.

317 623 478 676 Multa
515 622 678 676 fidem
716 621 981 694 promissa
1020 619 1221 679 levant,
1264 618 1355 671 ubi
1395 616 1606 688 plenius
1646 633 1822 687 aequo

2008 613 2073 665 slO

317 725 523 779 Laudat
560 723 803 784 venaleS‚
846 722 937 793 qui
977 720 1085 774 volt
1123 720 1437 782 extrudere,
1479 735 1705 773 merces

319 830 422 882 Res
461 834 616 897 urget
653 842 738 878 me
778 823 948 887 nulla3
989 840 1110 876 meo
1151 840 1271 875 sum
1303 839 1512 893 pauper
1551 821 1603 873 in
1642 837 1784 874 aere.

360 1033 398 1071 8.
432 1031 593 1080 Quidvis
623 1040 847 1080 superscr.
883 1029 992 1078 quod
1011 1027 1056 1067 b.
1084 1051 1128 1056 —-
1154 1027 1383 1067 imitaberis
1404 1027 1456 1065 Sc
1478 1027 1522 1065 et
1541 1036 1609 1077 pr.
1633 1025 1689 1074 b,
1724 1026 1812 1065 LCt
1833 1027 1877 1064 et
1896 1025 2027 1064 Bent-

307 1093 440 1133 leius:
473 1092 706 1132 imitabitur
726 1092 754 1130 d
777 1094 819 1131 et
837 1102 950 1131 corr.
975 1091 1026 1138 b,
1060 1091 1167 1130 item
1190 1091 1300 1130 FMs.
1329 1112 1373 1117 —
1401 1089 1466 1128 Μ.
1491 1089 1713 1128 excludere
1741 1088 1816 1137 Ec,
1851 1088 2026 1139 septem

243 1211 282 1240 ⁴
308 1156 519 1202 Pottierii‚
554 1157 644 1195 tres
679 1153 905 1194 Schmidii.

256 1345 294 1383 6.
328 1344 479 1383 narrat
509 1341 698 1382 Calvisio
739 1341 924 1390 Sabino,
969 1341 1136 1380 homini

254 1408 404 1457 inepto
437 1406 637 1445 centenis
675 1403 853 1444 milibus
885 1405 1136 1444 constitisse

256 1466 451 1518 singulos
482 1477 635 1507 servos
666 1465 905 1516 litteratos,
947 1477 1137 1517 quorum

257 1530 466 1570 undecim
498 1528 735 1580 pascebat,
767 1541 918 1578 imum,
953 1529 1024 1577 qui
1053 1529 1141 1567 Ho-

256 1605 418 1633 merum
460 1596 639 1641 teneret,
687 1592 867 1630 alterum
897 1592 967 1641 qui
996 1592 1142 1631 Hesio-

259 1657 385 1703 dium·
433 1666 579 1694 novem
611 1658 835 1704 praeterea
863 1655 1025 1703 Lyricis
1053 1655 1142 1693 sin—

258 1720 376 1770 glulos
405 1718 648 1768 assignavit.
676 1741 720 1745 —
744 1717 913 1768 aryilla]
945 1715 1072 1765 «Vel,
1107 1717 1142 1756 si

1203 1351 1276 1389 sa,
1309 1340 1512 1392 patinae,
1545 1338 1722 1388 lances,
1751 1338 1881 1390 longe
1912 1339 2083 1378 minore

1204 1404 1421 1454 apparatu
1453 1403 1495 1441 et
1517 1401 1750 1454 dispendio
1772 1401 1828 1440 ab
1850 1399 2085 1453 opificibus

1205 1468 1247 1504 et
1265 1463 1589 1504 mercatoribus
1603 1463 1882 1509 emebantur;
1902 1464 1943 1503 in
1961 1473 2088 1515 prae-

1205 1528 1288 1568 diis
1331 1528 1485 1578 utique
1527 1527 1584 1566 ad
1623 1526 1786 1566 lateres
1816 1525 2086 1576 tubulosque

1207 1590 1513 1630 conficiendos
1551 1600 1786 1630 servorum
1823 1588 1958 1640 opera
1986 1590 2088 1628 ute-

1206 1653 1393 1700 bantur,
1425 1654 1473 1691 ut
1505 1663 1558 1691 ex
1587 1651 1951 1703 Inscriptionibus
1979 1662 2089 1690 con—

1208 1717 1307 1755 stat.
1357 1717 1449 1755 Nec
1478 1725 1585 1753 vero
1617 1716 1723 1765 puto
1748 1713 1917 1753 habere
1939 1711 2090 1753 solitos

260 1782 424 1829 mavis,
472 1783 546 1820 tuo
583 1779 796 1819 arbitratu
835 1779 1006 1819 destina
1038 1790 1143 1818 eum
1173 1775 1177 1831 1
1209 1790 1309 1819 esse
1332 1775 1709 1832 γυψοπλάστας,
1743 1776 1800 1816 ad
1828 1777 2089 1816 ornamenta

262 1844 343 1883 arti
390 1842 539 1890 alicui3
597 1842 813 1893 quidquid
866 1842 942 1881 tibi
993 1842 1144 1893 place·
1173 1833 1177 1864 '³
1209 1841 1278 1880 illa
1300 1842 1539 1889 atriorum,
1564 1851 1678 1890 quos
1698 1842 1832 1891 typos
1852 1839 2088 1888 vocabant,

262 1906 346 1955 bit,
395 1918 449 1945 ex
493 1916 546 1944 eo
591 1905 724 1944 facies
769 1907 902 1955 atque
941 1915 1045 1943 eum
1086 1905 1144 1942 ita

262 1978 447 2020 prorsus
501 1966 736 2015 formabis,
799 1969 845 2006 ut
889 1966 1047 2017 figulus
1093 1978 1146 2006 ex

263 2029 411 2081 argilla
442 2031 590 2069 omnia
622 2030 824 2079 conficit,
866 2041 979 2081 quae
1012 2029 1144 2069 volt.»

1211 1916 1262 1944 ae
1300 1904 1455 1945 similia
1494 1915 1627 1955 opera
1664 1915 1717 1942 ex
1747 1914 1888 1954 gypso
1918 1902 1988 1943 vel
2019 1914 2092 1942 ar—

1211 1966 1309 2019 gilla
1349 1967 1502 2018 (stucco
1543 1978 1563 2005 e
1596 1970 1712 2005 terra
1745 1966 1872 2016 cotta)
1908 1965 2092 2005 confici-

1212 2030 1350 2070 enda:
1394 2030 1506 2069 haec
1546 2040 1726 2080 quoque
1765 2029 1885 2068 enim
1915 2027 2091 2068 aliunde

264 2092 423 2132 Similis
466 2103 650 2143 prorsus
696 2095 763 2132 est
806 2094 848 2131 in
899 2093 965 2132 his
1016 2103 1145 2131 cerae
1176 2073 1180 2128 l
1213 2091 1437 2132 emebant.
1464 2091 1627 2131 Cic.ad
1647 2092 1731 2130 Atti.
1753 2091 1791 2139 ’1,
1812 2091 1877 2139 40,
1897 2090 1942 2130 3:
1968 2092 2094 2130 Prae-

264 2157 409 2204 imago
442 2154 559 2194 Plato
591 2156 720 2204 Legg.
751 2156 789 2194 ὃ.
824 2166 867 2205 p.
893 2155 987 2194 746.
1012 2157 1083 2194 Aa
1120 2149 1146 2193 ὁ

265 2216 537 2269 νομοθέτης
566 2240 589 2246 -
609 2240 633 2246 -
664 2215 881 2256 πλάττων
926 2213 1147 2274 καθάπερ

265 2278 318 2320 ἐκ
347 2277 499 2336 κηροῦ
532 2275 638 2318 τινὰ
669 2277 807 2319 πόλιν
829 2280 911 2319 καὶ
932 2278 1144 2330 πολίτας.

267 2343 548 2393 (Saepissime
570 2353 677 2381 vero
703 2342 942 2394 particulas
964 2354 1149 2394 compa-

265 2406 445 2445 rationis
476 2404 531 2444 ab
553 2406 731 2445 Horatio
760 2406 899 2445 omitti
928 2417 1148 2456 perquam

268 2472 422 2508 notum
467 2469 549 2507 est.
614 2468 699 2507 Cfr.
753 2468 883 2508 huius
927 2466 1148 2518 Epistolae

267 2543 309 2571 v.
344 2531 437 2578 Ξ8.,
471 2529 546 2569 ubi
577 2529 857 2570 Marklandus
888 2532 982 2570 sine
1015 2542 1148 2571 causa

268 2593 448 2634 volebat
467 2594 678 2633 vehemens
697 2594 819 2642 lupus
837 2597 904 2642 ut,
939 2595 982 2633 et
1001 2604 1044 2633 V.
1069 2594 1145 2633 98:

272 2657 344 2708 (ut)
377 2657 596 2696 Samnites.
646 2656 708 2697 Cf.
733 2657 840 2707 Epp.
865 2657 904 2705 l,
928 2657 967 2704 2,
991 2656 1075 2707 28.)
1102 2679 1146 2683 —

270 2719 509 2770 imitaberis]
551 2718 758 2758 Praesero
789 2719 904 2758 banc
936 2719 1150 2758 Codicum

272 2783 499 2833 antiquiss.
526 2784 568 2821 et·
594 2782 864 2832 optimorum
886 2780 1082 2820 Blandin.
1108 2783 1151 2820 et

271 2856 476 2886 meorum
522 2846 826 2896 Pottieriique,
873 2846 921 2883 ut
960 2844 1148 2893 videtur,

273 2908 473 2947 omnium
521 2907 786 2955 lectionem;
841 2908 1004 2947 etenim
1049 2917 1150 2946 cum

271 2970 437 3010 librarii
467 2969 663 3009 nonnulli
684 2981 836 3009 veram
868 2970 1152 3021 significatio-

273 3044 378 3072 nem
408 3043 449 3071 ν.
483 3032 710 3071 imitaberis
741 3033 959 3083 (asinges,
1004 3033 1152 3084 expri-

274 3094 411 3143 mes»)
434 3105 592 3145 parum
615 3093 929 3144 intelligerent,
964 3095 1020 3134 ad
1046 3105 1154 3146 pue-

274 3168 373 3197 rum
404 3157 721 3197 transferentes
744 3160 971 3197 mutarunt
993 3159 1034 3196 in
1055 3157 1153 3196 imi-

275 3220 454 3268 tabitur,
480 3219 523 3258 id
545 3222 630 3267 est,
657 3219 826 3259 «bonus
849 3221 931 3259 erit
952 3218 1151 3269 figulus.»

275 3282 337 3321 Cf.
362 3284 409 3321 Α.
437 3284 481 3322 Ρ.
505 3281 570 3321 33.
621 3281 706 3320 Sed
739 3281 856 3320 haud
888 3282 1017 3321 nimis
1047 3292 1154 3332 pro-

275 3343 422 3383 babile
446 3345 526 3392 est,
550 3344 754 3383 homines
775 3342 1018 3393 locupletes
1040 3344 1154 3382 inter

275 3405 483 3446 familiam
524 3406 741 3446 urbanam
777 3405 988 3446 habuisse
1021 3407 1150 3445 etiam

276 3467 456 3519 figulos:
505 3479 607 3508 nam
639 3479 752 3519 quae
784 3469 839 3508 ad
880 3479 1010 3508 omne
1043 3479 1153 3519 opus

275 3529 470 3581 figlinum
493 3541 544 3571 ac
565 3530 729 3571 doliare
753 3531 1046 3583 pertinebant,
1082 3541 1154 3569 va-

1212 2160 1326 2195 terea
1356 2160 1474 2204 typos
1494 2155 1564 2194 tibi
1579 2155 1748 2202 mando,
1782 2165 1883 2203 quos
1901 2155 1945 2193 in
1966 2158 2093 2194 tecto-

1212 2221 1276 2258 rio
1308 2219 1450 2257 atrioli
1477 2218 1630 2267 possim
1658 2218 1867 2256 includere
1886 2221 1924 2256 et
1945 2221 2095 2267 putea-

1213 2282 1271 2321 lia
1300 2282 1485 2333 sigillata
1505 2283 1598 2320 cluo.
1648 2281 1731 2320 Pro
1761 2282 1912 2319 nostra
1943 2281 2093 2320 autem

1213 2344 1577 2395 interpretatione
1638 2343 1801 2382 faciunt
1843 2344 1976 2382 etiam
2020 2353 2095 2383 se-

1214 2407 1419 2457 quentia3
1468 2404 1573 2445 nihil
1609 2407 1727 2445 enim
1759 2406 1898 2456 magis
1928 2405 2095 2445 ridicu-

1213 2467 1305 2507 lum
1344 2470 1387 2507 et
1416 2467 1639 2506 Nasidieni
1681 2467 1878 2518 agyasonis
1917 2467 2017 2518 (Sat.
2050 2467 2092 2515 2,

1214 2531 1261 2578 8,
1295 2531 1378 2580 72.)
1412 2529 1597 2570 similius
1629 2540 1766 2580 quam
1794 2530 1839 2568 in
1860 2529 1990 2569 divite
2013 2529 2096 2568 do-

1215 2604 1288 2633 mo
1321 2603 1478 2633 servus
1509 2591 1667 2644 figulus
1699 2592 1911 2643 idemque
1943 2593 2096 2632 cantor

1216 2656 1272 2696 ad
1302 2666 1522 2696 mensam.

1270 2718 1390 2758 9-43.
1439 2722 1559 2757 canet
1586 2717 1809 2768 indoctum]
1856 2715 2011 2766 «quod
2042 2716 2098 2756 sit

1215 2781 1458 2828 indoctum,
1482 2781 1575 2819 sine
1600 2782 1709 2827 arte,
1742 2780 1899 2817 natura
1924 2779 2095 2818 tantum

1216 2844 1346 2892 duce,
1368 2843 1592 2882 kunstlos.»
1618 2839 1826 2881 Consulto
1844 2851 2004 2891 mango
2025 2852 2097 2880 ex-

1213 2906 1367 2946 tenuat
1401 2903 1671 2955 aliquantum
1709 2904 1835 2954 pueri
1870 2903 2093 2955 peritiam;

1216 2978 1320 3007 nam
1351 2967 1386 3006 si
1406 2977 1454 3005 re
1477 2977 1583 3005 vera
1606 2968 1760 3005 cantor
1781 2968 1915 3014 esset,
1949 2965 2096 3005 statim

1216 3032 1369 3072 mirari
1391 3029 1586 3070 debebat
1608 3031 1895 3081 empturiens‚
1919 3040 2095 3069 curnon

1216 3093 1353 3134 multo
1394 3094 1536 3133 maius
1576 3094 1768 3144 pretium
1800 3091 1867 3131 ille
1899 3094 2093 3144 peteret,

1217 3168 1268 3195 ac
1298 3156 1513 3207 suspicari
1535 3154 1685 3195 dolum
1707 3153 1873 3194 malum
1903 3153 2097 3204 aliquem

1218 3218 1420 3259 subesse.
1460 3241 1503 3246 ——
1539 3218 1666 3269 dulce]
1698 3216 1904 3269 Calpurn.
1939 3215 2029 3256 Ecl.
2053 3214 2094 3263 4,

1219 3281 1321 3321 449:
1354 3292 1462 3329 quae
1490 3280 1722 3330 imparibus
1748 3280 1870 3319 modo
1889 3278 2097 3317 concinui-

1217 3345 1288 3383 stis
1309 3344 1474 3392 avenis,
1508 3343 1607 3382 Tam
1627 3342 1850 3392 liquidum,
1875 3345 1962 3379 tam
1981 3339 2098 3380 dulce

1217 3411 1368 3446 sonant
1388 3408 1472 3445 cet.
1501 3429 1544 3434 —
1570 3405 1732 3457 bibenti]
1759 3414 1873 3454 «quo
1894 3405 2094 3454 tempore

1220 3468 1434 3509 faciliores
1475 3479 1629 3508 sumus
1671 3468 1726 3507 ad
1755 3466 1931 3505 veniam
1961 3466 2094 3505 etiam

1219 3530 1405 3572 servulis
1428 3530 1664 3571 dandam.»
1694 3552 1735 3557 —
1759 3529 1911 3578 levant]
1933 3543 1951 3564 «
1964 3527 2096 3568 levio-
