2231 3787
263 271 362 323 674
863 267 1075 307 HoaA‘ru
1107 264 1473 305 EPISTOLARUM

333 404 465 456 Sunt
503 401 596 472 qui
636 416 742 452 non
780 397 1036 459 habeant,
1080 405 1161 449 est
1199 396 1289 466 qui
1332 411 1437 446 non
1477 400 1627 445 curat
1666 391 1884 444 habere.

339 505 445 558 Cur
484 498 624 555 alter
655 500 875 553 fratrum
914 515 1131 552 cessare
1171 506 1224 549 et
1260 494 1449 547 ludere
1490 502 1542 547 et
1578 493 1705 564 ungi

335 604 609 658 Praeferat
646 601 877 656 Herodis
917 598 1162 670 palmetis
1202 595 1519 668 pinguibUS‚
1562 594 1694 648 alter

331 707 494 759 Dives
535 714 588 758 et
625 704 962 773 importunus
1001 699 1071 753 ad
1108 697 1357 751 umbram
1395 696 1529 750 lucis
1569 695 1636 750 ab
1676 705 1795 749 ortu

1986 694 2087 747 2185

374 865 465 904 182.
499 866 614 902 curet
645 871 746 900 cum
777 859 920 899 tribus
954 858 1155 911 (fortasse
1179 857 1359 906 ficticiis)
1393 856 1557 896 Valarti
1578 857 1698 896 Iahn.
1735 857 1911 906 (Omnes
1931 857 2035 895 Pot-

316 925 449 975 tierii,
486 923 697 964 Schmidii
727 924 770 962 et
800 922 959 968 nostri,
994 922 1102 961 item
1131 919 1265 974 βγζκ,
1299 920 1476 959 firmant
1506 919 1822 969 indicativum.)
1859 941 1904 946 —-

1939 919 2031 957 ⁴85.

315 990 445 1028 Diras
474 985 650 1035 Bardili,
677 983 774 1025 coll.
801 985 891 1024 Cic.
918 984 1011 1023 Cat.
1037 984 1139 1022 mai.
1165 983 1231 1028 18,
1257 983 1332 1022 65ῑ
1369 984 1536 1032 Quanta
1565 983 1609 1021 in
1639 982 1771 1021 altero
1801 981 1963 1020 diritas.

262 1140 354 1168 nae.
389 1127 534 1177 (Girba
567 1139 601 1167 s.
625 1126 800 1166 Meninx
830 1123 971 1165 insula
992 1135 1019 1163 α
1041 1125 1146 1163 deae-

262 1197 327 1230 cro
373 1191 509 1239 Syrtis
549 1190 725 1228 ‘minoris
755 1187 1044 1238 promontorio
1083 1188 1142 1226 M.

258 1253 452 1303 passibus
484 1252 558 1290 CC.
592 1252 685 1288 sita.
733 1250 840 1288 Plin.
874 1251 924 1287 H.
947 1251 997 1287 N.
1022 1251 1068 1294 ὃ,
1103 1249 1142 1285 7.

262 1319 416 1365 Pomp.
439 1311 551 1352 Mela
580 1311 620 1359 3,
647 1312 690 1350 11
711 1323 718 1348 ;
751 1311 1021 1361 Martiarum
1043 1310 1148 1348 Gae-

263 1377 526 1424 tutorumque
551 1374 710 1424 passim
738 1373 987 1424 vagientium
1015 1382 1066 1410 ne
1094 1370 1147 1409 li-

263 1444 358 1478 tora
388 1438 552 1487 quidem
581 1437 805 1487 infecunda
832 1439 927 1474 sunt
949 1445 1148 1484 purpura

263 1508 299 1541 ec
314 1512 411 1540 νην]
416 1501 473 1539 tce
491 1498 787 1550 efficacissimis
803 1495 1148 1547 adaugendum.)

265 1564 328 1604 Cf.
353 1564 602 1602 Excursum
633 1561 689 1600 ad
720 1560 798 1600 Od.
825 1561 870 1606 1,
904 1560 976 1606 22,
1004 1560 1142 1656 snl5sq

268 1648 312 1653 —
346 1629 422 1673 est,
465 1624 535 1674 qui
572 1635 655 1662 non
685 1623 826 1674 curat]
876 1622 1107 1673 «sapiens;

265 1687 386 1739 quod
424 1687 526 1737 quia
566 1687 737 1725 certum
779 1687 869 1732 est,
910 1684 1146 1723 indicativo

266 1751 425 1798 utitur,
462 1760 564 1788 cum
594 1747 699 1787 illud
720 1748 847 1796 Sunt,
881 1748 1053 1797 quinon
1072 1747 1147 1786 ha-

266 1813 387 1852 beant
416 1823 440 1850 a
472 1822 579 1851 casu
608 1812 780 1850 tantum
810 1811 1020 1862 pendeat.

322 1873 524 1913 183-186.
573 1873 656 1912 Cur
692 1873 802 1912 alter
827 1874 1014 1923 fratrum
1044 1873 1145 1924 cet]

267 1935 411 1977 «Unde
443 1938 593 1974 autem
625 1935 790 1974 oriatur
813 1938 933 1975 tanta
953 1935 1149 1985 ingeniOae

264 2009 363 2037 rum
394 1998 732 2048 studiorumque
759 1998 990 2038 diversitas
1012 2009 1145 2049 saepe

263 2059 334 2099 vel
365 2061 478 2099 inter
510 2059 689 2106 fratres,
722 2062 769 2099 ut
799 2071 912 2099 unus
934 2059 1146 2111 voluptati

265 2125 398 2172 atque
430 2123 517 2161 otio
549 2123 605 2161 sit
634 2121 835 2170 deditus,
879 2121 990 2161 alter
1018 2121 1146 2161 labo-

264 2184 408 2224 riosus
453 2186 496 2224 et
540 2184 671 2223 nimis
711 2183 768 2223 ad
805 2195 903 2224 rem
934 2186 1142 2232 attentus,

264 2246 475 2296 equidem
506 2246 685 2293 nesci03
721 2247 790 2285 est
819 2247 939 2286 enim
960 2246 1046 2286 hoc
1067 2246 1148 2285 hu-

264 2318 422 2347 manae
454 2309 638 2347 naturae
670 2318 926 2347 arcanum.»
966 2307 1029 2348 Cf.
1055 2309 1142 2347 Sat.

262 2370 308 2417 2,
335 2370 350 2408 1
374 2399 385 2418 ,
409 2370 461 2408 26
483 2380 583 2420 sqq.
610 2390 654 2397 -
689 2369 861 2421 cessare]
905 2370 1063 2409 “otiari
1093 2381 1146 2409 ac

262 2431 453 2470 iucunde
483 2432 678 2471 vivere.»
723 2432 864 2472 Comi.
898 2433 1029 2477 CRUQ.
1078 2431 1142 2472 Cf.

262 2494 372 2545 Epp.
399 2494 437 2542 1,
463 2494 501 2542 7,
526 2494 592 2533 57.
621 2514 665 2521 —
699 2494 854 2545 ludere]
885 2496 1065 2546 praeter
1083 2493 1147 2534 lu-

263 2555 344 2595 dos
383 2556 562 2608 proprie
601 2555 742 2596 dictos
782 2556 974 2608 intellige
1011 2557 1145 2597 etiam

263 2617 319 2657 de
361 2617 498 2659 rebus
527 2619 749 2659 venereis.
798 2619 877 2659 Od.
909 2618 958 2667 4,
996 2619 1068 2668 13,
1100 2618 1141 2661 4.

261 2680 373 2731 Epp.
400 2679 546 2729 1,14,
580 2680 647 2720 36.
689 2703 734 2708 -
774 2681 962 2733 Herodis]
1002 2682 1145 2732 Magni

261 2740 389 2791 illius,
413 2743 577 2782 mortui
598 2753 638 2782 a.
662 2754 705 2783 u.
730 2754 768 2782 c.
793 2743 886 2783 750.
926 2744 1142 2784 Maximus

263 2803 357 2842 eius
387 2804 556 2845 reditus
589 2805 822 2845 constabat
843 2817 897 2845 ex
918 2806 1147 2857 pinquibus

264 2864 505 2916 (fertilibus)
534 2866 739 2918 palmetis
759 2878 897 2919 prope
920 2869 1146 2908 Hiericun-

261 2930 375 2976 tem,
411 2939 497 2978 qua
520 2929 575 2969 de
596 2929 709 2969 urhe
732 2930 890 2970 Strabo
912 2931 978 2971 16.
1004 2930 1043 2982 ἓ.
1065 2930 1140 2971 41.
1133 2942 1140 2949 ·

261 2987 473 3030 ἐνταῦθα
502 2988 539 3028 δ’
573 2989 703 3031 εστὶν
733 2987 760 3031 ὁ
783 2991 1033 3043 φοινικών,
1063 3005 1146 3045 με-

259 3053 555 3106 μιγιιεενην
537 3047 663 3101 έχων
707 3056 790 3094 καὶ
833 3050 985 3108 ἄλλην
1024 3049 1143 3108 ὓλην

261 3109 443 3173 ἥμερον
469 3120 591 3155 καις
572 3111 839 3174 εὔκαρπον,
873 3114 1143 3168 πλεονάζων

261 3176 309 3218 δὲ
339 3177 404 3218 τῶ
435 3180 649 3249 φοίνικι,
683 3180 760 3220 ἐπὶ
789 3180 949 3234 μῆκος
979 3179 1143 3221 σταδί-

262 3254 327 3280 ων
366 3239 561 3290 ἑκατόν,
604 3236 856 3314 ὁιάᾷῥυτος
893 3238 1020 3293 ἅπας
1060 3244 1139 3282 καὶ

260 3300 439 3354 μεστὸς
468 3303 749 3345 κατοικιῶν·
787 3299 891 3345 ἔστι
919 3304 957 3344 δ’
989 3300 1139 3346 αὐτοῦ

260 3365 343 3404 καὶ
383 3364 634 3414 βασίλειον
667 3368 748 3407 καὶ
780 3362 807 3406 ὁ
837 3369 922 3408 τοῦ
952 3365 1140 3416 βαλσά-

259 3438 355 3478 μου
378 3425 682 3484 παράδεισος.
715 3428 821 3470 Plin.
847 3430 897 3469 H.
921 3432 969 3470 N.
995 3432 1033 3480 5,
1059 3430 1135 3471 44:

259 3490 537 3532 Hiericunlem
560 3493 753 3542 palmetis
783 3493 1011 3541 consita-m,
1043 3493 1138 3542 fon—

1210 1123 1316 1163 tibus
1344 1124 1570 1173 iri-tynam.
1614 1122 1747 1161 Tacit.
1771 1121 1880 1161 Hist.
1905 1121 1945 1168 5,
1969 1120 2009 1160 6.
2033 1120 2088 1160 de

1210 1185 1370 1225 Iudaea
1389 1198 1396 1224 :
1430 1186 1623 1224 Palmatis
1641 1184 1876 1234 proceritas
1895 1187 1933 1222 et
1952 1184 2086 1223 decor.

1214 1271 1258 1275 —
1285 1247 1559 1297 importunus]
1595 1257 1802 1297 «semper
1823 1246 2090 1296 irrequietus

1211 1308 1384 1360 sibique
1418 1311 1462 1348 et
1492 1307 1585 1348 aliis
1616 1307 1875 1348 molestus.»
1901 1331 1945 1335 —
1969 1309 2092 1360 sla-m-

1209 1372 1309 1424 mis]
1363 1371 1587 1410 «incensis
1623 1369 1820 1420 virgultis
1864 1372 1909 1409 et
1951 1369 2088 1418 rubis,

1212 1434 1354 1473 caesis
1376 1432 1616 1480 abietibus,
1648 1432 1779 1483 fagis,
1803 1431 2020 1472 ilicibus.»
2042 1455 2086 1460 -—

1209 1496 1381 1547 mitiget]
1430 1495 1661 1536 «culturae
1700 1498 1852 1547 aptum
1887 1494 2090 1534 reddat.»

1213 1558 1274 1599 Cf.
1309 1562 1419 1610 Epp.
1454 1560 1498 1608 1,
1531 1559 1581 1606 2,
1614 1558 1681 1598 45.

1266 1622 1467 1664 187-189.
1515 1621 1680 1672 Genius]
1702 1621 1841 1660 Varro
1869 1620 1987 1671 apud
2006 1621 2092 1659 Au-

1211 1686 1325 1735 gust.
1361 1684 1416 1723 de
1450 1685 1497 1724 C.
1531 1685 1582 1724 D.
1607 1684 1654 1732 7,
1680 1683 1758 1723 13τ
1790 1684 1966 1723 Genium
1994 1683 2093 1722 dicit

1211 1758 1293 1786 esse
1320 1748 1643 1796 uniuscuiusque
1679 1747 1867 1786 animum
1900 1746 2092 1786 rationa—

1211 1811 1313 1859 lem,
1343 1815 1380 1849 et
1399 1811 1489 1850 ideo
1512 1822 1594 1850 esse
1612 1811 1670 1849 sin
1675 1811 1795 1861 gulos
1813 1809 2088 1862 sinyulorum.

1211 1873 1290 1912 Dio
1323 1873 1481 1922 Chrys.
1515 1873 1584 1912 Or.
1615 1873 1682 1911 25.
1715 1884 1758 1923 p.
1793 1872 1988 1912 5119.R.:
2037 1871 2091 1911 Τι’

1210 1936 1418 1986 νομίζεις
1447 1930 1531 1973 τὸν
1552 1932 1761 1986 δαίμονα
1780 1930 1901 1974 εἶναι
1916 1946 1933 1981 ,·
1972 1928 2089 1987 Ἐγώ

1209 1996 1299 2049 μὲν
1330 1993 1384 2036 τὸ
1417 1995 1627 2054 κρατοῦν
1647 1995 1856 2038 ἑκάστου
1878 1998 1960 2037 καὶ
1979 1996 2088 2037 καθ’

1211 2054 1267 2098 ὃν
1297 2057 1350 2116 ζῇ
1382 2056 1476 2098 τῶν
1505 2054 1775 2116 ἀνθρώπων
1796 2054 2092 2111 ἕκαστος--

1211 2120 1366 2162 Τοῦτο
1403 2120 1453 2162 δὲ
1493 2122 1544 2163 ἐν
1573 2117 1702 2177 αὐτῷ
1732 2125 1940 2176 νομίζεις
1969 2119 2092 2164 εἶναι-

1209 2185 1273 2239 τῷ
1319 2180 1580 2241 ἀνθρώπῳ,
1625 2181 1681 2225 τὸ
1726 2183 1944 2258 κρατοῦν
1976 2185 2090 2227 ἑκά-

1210 2260 1352 2296 στου
1395 2243 1422 2287 ὃ
1452 2246 1662 2301 δαίμονα
1691 2247 1876 2299 καλεῖς,
1908 2243 1990 2302 ἢε
1969 2243 2090 2301 ε’ξω-

1209 2310 1293 2350 θεν
1324 2305 1403 2359 όν,
1436 2305 1590 2383 α’ρχον
1620 2323 1670 2351 τε
1699 2312 1784 2384 καὶ3
1787 2309 1977 2383 κύριον
2002 2310 2088 2354 τοῦ

1208 2368 1498 2430 ἀνθρώπου;
1529 2366 1712 2425 31Εξωθε
1700 2387 1743 2414 ν
1771 2369 1934 2429 ε’γωγε.
1980 2377 2089 2416 Pro-

1209 2434 1302 2476 clus
1340 2437 1382 2475 in
1413 2435 1520 2476 Plat.
1552 2436 1766 2477 Alcibiad.
1798 2439 1830 2477 Ι.
1865 2438 2022 2479 Creuz.
2054 2439 2086 2478 I.

1206 2509 1249 2550 p.
1275 2499 1351 2539 78:
1384 2495 1549 2549 Μόνος
1573 2492 1600 2538 ὁ
1631 2497 1817 2551 δαίμων
1841 2496 1998 2540 πάντα
2016 2513 2090 2540 κι-

1207 2566 1298 2611 νεῖ,
1346 2558 1503 2600 πάντα
1532 2559 1764 2619 κυβερνᾷ,
1798 2559 1956 2602 πάντα
1983 2561 2088 2603 δια-

1208 2628 1388 2676 κοσμεῖ
1412 2621 1472 2664 τὰ
1501 2619 1731 2682 ἦμέτερα·
1772 2625 1855 2665 καὶ
1883 2621 1974 2683 γὰρ
2003 2622 2087 2666 τὸν

1207 2685 1353 2741 λόγον
1371 2685 1547 2735 τελεοῖ,
1570 2688 1652 2728 καὶ
1672 2685 1731 2728 τὰ
1753 2685 1887 2741 πάθη
1906 2692 2084 2745 μετρεῖ,

1207 2751 1290 2790 καὶ
1331 2746 1420 2803 τήν
1464 2747 1616 2799 φύσιν
1659 2749 1851 2803 ἐμπλεῖ,
1904 2751 1988 2791 καὶ
2029 2747 2086 2791 τὸ

1208 2811 1352 2866 σῶμα
1381 2813 1595 2862 συνέχει,
1627 2813 1708 2852 καὶ
1728 2809 1788 2852 τὰ
1808 2810 1986 2861 τύχαια
2005 2826 2088 2862 χο-

1207 2878 1346 2932 ρηγεῖ
1361 2874 1458 2914 κτλ.
1491 2876 1694 2915 Hermias
1711 2875 1754 2915 in
1768 2874 1874 2915 Plat.
1894 2876 2083 2916 Phaedr.

1206 2949 1249 2989 p.
1284 2938 1350 2978 87.
1389 2940 1479 2977 Ast.
1515 2939 1649 2977 etiam
1678 2935 1960 2991 ὁαιμονίδας
1987 2949 2086 2979 me-

1207 3002 1353 3039 morat
1385 3000 1575 3050 (Geniam
1603 2999 1728 3052 Apul.
1763 3001 1819 3041 de
1846 3002 1938 3041 Deo
1960 3002 2082 3042 Socr.

1207 3073 1244 3101 c.
1272 3062 1354 3112 15.)
1369 3094 1378 3110 ,
1411 3061 1577 3102 similes
1599 3074 1653 3103 ex
1673 3068 1798 3115 parte
1819 3062 1979 3104 saltem
1998 3065 2086 3104 Ro-

1206 3135 1443 3164 manorum
1462 3125 1699 3165 Iunonibus.
1733 3126 1881 3175 (Inscr.
1905 3136 1965 3166 m.
1989 3126 2081 3165 Lat.

1205 3187 1254 3225 N.
1280 3186 1411 3226 4320:
1453 3187 1657 3226 IVNONI.
1690 3187 1973 3228 DORCADIS.
2005 3187 2085 3226 IV-

1204 3247 1341 3287 LIAE.
1363 3247 1658 3288 AVGVSTAE.
1681 3250 1727 3288 L.
1753 3247 1855 3298 cet.)
1875 3247 2001 3300 Apul.
2026 3247 2083 3288 de

1204 3310 1298 3349 Deo
1329 3310 1451 3350 Socr.
1477 3321 1516 3350 c.
1542 3311 1608 3350 16.
1642 3321 1686 3362 p.
1712 3311 1805 3351 156.
1838 3310 1971 3350 Oud.:
2006 3310 2085 3350 Ge-

1202 3372 1297 3410 nius
1324 3372 1368 3411 in
1386 3371 1508 3412 rebus
1528 3373 1695 3412 incertis
1712 3375 1970 3422 prospector,
2001 3372 2082 3412 du-

1204 3432 1279 3471 biis
1301 3434 1616 3483 praemonitor,
1643 3433 1887 3484 periculosis
1904 3437 2079 3483 tutator,

1203 3496 1338 3545 eyenis
1381 3495 1608 3545 opitulator
1636 3497 1719 3535 cet.
1758 3517 1801 3522 —-
1844 3495 1988 3535 natale
2014 3515 2078 3524 --
