2231 3787
756 317 850 355 LlB.
888 317 935 354 ll.
998 316 1157 356 l-JPIST.
1196 319 1222 355 Ι.

1806 319 1906 367 :5935

157 445 410 497 Aestimat
451 454 526 505 ct,
569 446 666 497 nisi
708 463 847 515 quac
890 446 1045 498 terris
1086 456 1291 499 semota
1333 448 1553 519 suisque

158 545 508 616 Temporibus
549 546 796 599 defuncta
835 545 1000 609 videt,
1045 547 1241 601 fastidit
1278 558 1331 601 et
1368 549 1500 610 odit,

159 647 246 700 Sic
284 647 456 700 fautor
495 657 760 704 veterum,
804 658 861 701 ut
899 648 1106 702 tabulas
1148 666 1376 720 peccare
1416 660 1680 709 vetantes,

159 749 306 812 Quas
344 748 427 801 bis
467 750 707 820 quinque
749 750 845 802 viri
886 761 1197 811 sanxerunt,
1251 751 1470 805 foedera
1509 769 1694 823 regum

161 849 251 902 Vel
292 849 474 902 Gabiis
513 850 597 903 vel
638 867 760 904 cum
801 852 984 922 rigidis
1025 861 1252 923 aequata
1294 853 1527 914 Sabinis,

147 991 210 1030 48.
242 991 317 1030 hoc
347 1002 371 1030 e
404 992 512 1031 Cod.
547 990 653 1032 Coll.
687 993 803 1032 Trin.
837 992 975 1032 Bcntl.

1843 856 1909 906 ‹23¹›

1027 994 1090 1043 (Ut
1129 1004 1230 1042 nos,
1265 1005 1421 1034 omnes
1464 995 1596 1043 Feae,
1640 996 1853 1043 Pottierii,

145 1053 355 1094 Schmidii
387 1056 431 1094 et
460 1055 628 1104 nostri.)
654 1079 693 1082 —
734 1055 798 1094 49.
834 1055 961 1095 Grais
988 1055 1111 1095 bSEc
1142 1057 1185 1094 et
1217 1059 1424 1107 quattuor
1453 1057 1686 1096 Schmidii:
1720 1058 1862 1097 Graiis

147 1116 174 1156 d
206 1118 250 1155 et
279 1127 382 1156 cum
411 1116 635 1168 plerisque
667 1117 776 1157 Edd.
810 1117 1058 1165 Bentleius,
1094 1118 1203 1157 FMs.
1240 1140 1286 1145 —
1321 1119 1388 1158 23.
1420 1120 1598 1158 vetantis
1627 1130 1664 1156 v.

93 1243 529 1282 monumentorum.»
580 1243 640 1281 Ex
670 1243 739 1282 his
766 1245 971 1282 veterum

91 1303 336 1344 fautoribus
358 1307 564 1355 superest
594 1306 848 1344 etiamnunc
869 1317 973 1344 ver-

93 1366 288 1406 sificator
317 1365 386 1406 ille
417 1367 664 1407 rhetoricus
687 1378 711 1406 a
734 1367 974 1414 Quichero-

94 1431 175 1477 tio,
209 1430 400 1481 Sauppio
432 1440 532 1468 meo
564 1432 607 1468 et
638 1429 972 1469 Schneidewino

95 1492 264 1539 editus,
308 1492 381 1542 qui
421 1502 528 1531 sane
575 1492 739 1531 Horatii
776 1490 974 1542 aequalis

95 1555 186 1594 suit.
237 1555 471 1593 Suetonius
506 1555 598 1594 Oct.
623 1554 688 1595 86.
724 1555 839 1593 inter
866 1554 976 1592 anti-

95 1618 273 1669 quarios
319 1617 374 1656 ab
424 1619 621 1668 Augusto
676 1617 975 1667 reprehensos

96 1681 294 1720 nominat
337 1680 579 1720 Veranium
625 1678 852 1728 Flaccum,
901 1679 976 1729 qui

96 1745 207 1783 teste
239 1743 366 1782 Festo
396 1743 440 1781 in
471 1753 510 1781 v.
534 1742 649 1782 Mille
668 1741 836 1781 urbiam
857 1752 977 1780 com-

96 1805 243 1856 posuit
267 1803 452 1851 librum,
479 1814 615 1854 quem
635 1804 859 1855 inscripsit
883 1804 978 1853 pri-

95 1878 264 1906 scarum
291 1877 452 1905 vocum.
507 1866 585 1922 Hic
621 1866 752 1916 igitur
788 1864 980 1905 similes-

98 1940 185 1980 que
213 1929 378 1968 Horatii
398 1927 483 1968 loci
504 1939 775 1979 magnopere
797 1927 977 1979 placere

19 2020 29 2029 .
99 1994 295 2041 Augusto
326 1990 566 2030 debebant.
595 2013 640 2018 —
675 1990 855 2044 tabulas]
886 1991 976 2030 XII.

100 2066 125 2092 a
155 2053 420 2093 decemviris
452 2054 659 2103 quattuor
689 2052 850 2094 seculis
879 2056 979 2093 ante

102 2118 216 2155 hanc
247 2113 479 2166 epistolam
509 2116 809 2166 conscriptam
839 2117 982 2155 sanci—

103 2181 184 2218 tas.
237 2178 328 2218 Cic.
354 2177 408 2216 de
441 2177 512 2216 Or.
538 2178 582 2224 4,
617 2176 692 2225 43,
736 2177 840 2216 493;
881 2178 983 2227 plu-

104 2242 215 2280 rima
243 2244 300 2279 est
340 2240 383 2278 in
420 2239 531 2277 omni
574 2240 666 2278 iure
703 2240 814 2279 civili
859 2244 895 2279 et
940 2241 984 2279 in

100 2303 346 2354 pontificum
375 2300 491 2340 libris
510 2305 546 2341 et
575 2302 617 2339 in
637 2311 715 2341 ΧΠ.
740 2301 891 2341 tabulis
911 2314 986 2341 an-

104 2364 309 2415 tiquitatis
336 2363 513 2415 effiyieS,
561 2365 670 2413 qaod
700 2368 736 2404 et
764 2364 986 2404 verborum

100 2429 244 2479 prisca
271 2431 454 2466 vetustas
482 2427 746 2477 cognoscitur
772 2429 874 2476 cet.,
909 2427 986 2466 ubi

108 2489 370 2530 Ellendtius:
413 2490 627 2540 «Perapte
659 2488 820 2528 dicitur
844 2490 988 2539 prisca

107 2556 310 2600 vetustas,
342 2551 369 2590 i.
402 2562 442 2591 e.
476 2553 697 2600 vetustas,
732 2562 845 2602 quae
879 2551 988 2592 effe-

110 2616 187 2663 cit,
215 2616 265 2653 ut
284 2613 422 2653 verba
444 2625 498 2653 ex
517 2614 735 2653 memoria
756 2614 988 2654 hominum

111 2676 282 2718 sublata
312 2677 356 2715 in
377 2676 722 2716 desuetudinem
741 2677 987 2717 venirent.»

113 2739 176 2780 Cf.
200 2740 369 2778 Seneca
388 2739 524 2790 Epist.
551 2738 650 2787 444,
685 2737 760 2779 43:
793 2740 917 2779 Mulli
938 2751 991 2779 ex

113 2803 248 2841 alieno
286 2801 418 2841 seculo
451 2805 599 2850 petunt
633 2801 788 2840 verba:
835 2802 993 2840 duode-

113 2864 194 2902 cim
217 2863 392 2902 Tabulas
410 2863 650 2912 loquuntur.
681 2862 883 2914 Plerique
906 2866 994 2904 sta-

116 2927 243 2965 tuunt
275 2925 421 2976 ipsum
453 2925 691 2965 duodecim
724 2925 992 2966 Tabularum

119 2985 368 3037 exemplar,
402 2987 521 3036 quod
542 2988 789 3027 Decemviri
812 2989 904 3028 aeri
926 2989 994 3029 in-

120 3046 357 3088 cidendum
389 3050 618 3097 curarant,
650 3050 815 3089 Romae
847 3061 995 3091 serva-

119 3114 216 3151 tum
244 3119 342 3149 esse
373 3119 516 3158 usque
548 3109 604 3148 ad
634 3111 811 3162 tempus
837 3111 996 3152 saltem

122 3171 347 3224 Cypriani,
381 3172 533 3222 utpote
566 3173 639 3221 qui
670 3175 804 3224 Epist.
828 3176 858 3213 Ι.
883 3186 927 3226 p.
953 3176 992 3214 5.

122 3236 257 3276 Paris.
291 3233 413 3273 4666.
438 3233 627 3273 scribat:
658 3235 817 3274 Incisae
845 3237 924 3276 sint
944 3237 998 3275 li—

123 3302 185 3338 cet
213 3297 318 3348 loyes
346 3295 434 3334 XII.
468 3294 618 3334 tabulis
647 3299 684 3334 et
707 3296 870 3345 publice
901 3309 1000 3338 aere

119 3360 316 3411 praefica
344 3359 443 3397 iura
466 3358 732 3407 praescripta
759 3359 861 3407 sint,
893 3359 1001 3398 inter

127 3422 232 3472 leges
273 3421 540 3471 delinquitur.
593 3421 694 3460 Mihi
727 3420 839 3460 haec
873 3420 1000 3460 vide-

130 3485 201 3521 tur
229 3481 490 3522 sententiola
520 3492 644 3522 mere
680 3482 915 3521 rhetorica.
953 3504 996 3509 —

129 3543 298 3593 foedera
325 3544 484 3596 reqam]
528 3542 701 3591 Quintil.
739 3543 784 3590 8,
831 3544 876 3592 ⁵2,
925 3543 999 3581 212:

1039 1242 1277 1282 Obscuritas
1315 1244 1363 1293 fit
1406 1244 1532 1282 eliam
1570 1244 1706 1283 verbis
1745 1244 1796 1281 ab
1840 1255 1917 1282 usa

1036 1305 1226 1353 remotis,
1273 1310 1339 1353 ut,
1390 1307 1424 1344 si
1467 1308 1784 1346 commentarios
1827 1307 1918 1356 quis

1032 1367 1277 1417 pontificum
1305 1371 1343 1406 ec
1370 1369 1646 1407 vetustissima
1673 1368 1844 1418 foedera
1883 1374 1919 1408 et

1038 1428 1457 1469 exoletos-scrutatus
1486 1434 1677 1469 auctores
1712 1431 1755 1469 id
1784 1431 1920 1480 ipsum

1031 1495 1150 1539 petat
1180 1493 1266 1530 cet.
1295 1514 1338 1519 —
1366 1491 1524 1543 Gabiis]
1556 1493 1619 1531 De
1651 1492 1834 1532 foedere
1859 1493 1920 1531 in-

1040 1555 1108 1591 ter
1137 1554 1424 1603 Tarquinium
1456 1553 1710 1605 Superbum
1752 1556 1796 1593 et
1836 1556 1922 1593 Ga—

1041 1614 1169 1653 binos
1202 1615 1285 1654 icto
1306 1627 1347 1654 v.
1371 1616 1461 1655 Liv.
1488 1617 1503 1654 4
1526 1647 1533 1663 ,
1568 1615 1635 1655 54.
1671 1618 1714 1655 et
1736 1617 1917 1666 Dionys.

1042 1677 1175 1717 llalic.
1215 1677 1263 1726 4,
1304 1678 1389 1727 58„
1435 1679 1508 1729 qui
1545 1680 1724 1729 praeter
1760 1689 1918 1730 exspe—

1042 1741 1284 1779 ctationem
1333 1751 1529 1791 aequum
1580 1739 1712 1780 fuisse
1764 1740 1920 1787 tradit,

1042 1803 1154 1842 haec
1210 1802 1507 1852 subiungens:
1571 1799 1764 1842 Τούτων
1822 1801 1925 1842 ἐστὶ

1042 1861 1137 1904 τῶν
1181 1860 1359 1921 ὁρκίων
1401 1867 1643 1916 μνημεῖον
1683 1864 1733 1905 ἐν
1770 1861 1923 1921 Ῥώμῃ

1046 1928 1269 1978 κείμενον
1309 1925 1359 1967 ἐν
1406 1924 1513 1983 ἱερῷ
1545 1923 1658 1976 Διὸς
1693 1926 1921 1974 Πιστίου,

1046 1986 1102 2029 ὃν
1141 1985 1369 2042 Ῥωμαῖοι
1412 1985 1631 2042 Σάγκτον
1665 1987 1923 2038 καλοῦσιν,

1045 2048 1193 2102 ἀσπὶς
1230 2049 1395 2105 ξυλίνη
1433 2050 1592 2109 βύρσῃ
1627 2050 1769 2106 βοείᾳ
1798 2054 1929 2109 περί-

1046 2127 1188 2165 τονος
1217 2112 1302 2154 τοῦ
1326 2115 1718 2168 σφαγιασθέντος
1739 2115 1815 2154 ἐπὶ
1835 2112 1930 2154 τῶν

1048 2173 1224 2234 ὁρκίων
1244 2174 1352 2217 τότε
1381 2174 1518 2227 βοός,
1549 2174 1830 2232 γράμμασιν
1850 2172 1931 2234 ἆρ-

1049 2240 1241 2289 χαϊκοΐς
1270 2238 1654 2296 ἐπιγεγραμμένη
1684 2235 1770 2289 τὰς
1800 2251 1930 2292 γενο-

1049 2304 1198 2356 μένας
1213 2297 1380 2352 αὐτοῖς
1397 2297 1676 2355 ὁμολογίας.
1703 2302 1765 2341 Cs.
1791 2303 1932 2341 omni—

1050 2377 1107 2405 no
1128 2364 1362 2405 Miillerum
1383 2364 1440 2403 ad
1461 2366 1640 2404 Festum
1656 2375 1698 2415 p.
1714 2365 1780 2403 56.
1807 2366 1933 2404 Cete-

1050 2439 1152 2468 rum
1183 2438 1286 2467 cum
1315 2426 1474 2477 reliqui
1504 2427 1771 2478 interpretes
1804 2437 1933 2478 prae-

1052 2502 1149 2542 pos.
1182 2501 1276 2529 cum
1305 2489 1587 2529 retrahentes
1620 2488 1747 2539 (conf.
1774 2489 1830 2528 ad
1851 2489 1930 2529 Od.

1054 2554 1100 2600 3,
1134 2554 1210 2601 25,
1250 2552 1307 2601 2.)
1354 2552 1496 2592 Gabiis
1541 2550 1760 2602 explicent
1805 2562 1934 2591 «cum

1055 2614 1278 2663 Gabinis‚»
1311 2613 1543 2664 singularis
1565 2616 1632 2653 est
1662 2612 1841 2653 Marcilii
1862 2624 1936 2652 ex-

1054 2678 1214 2730 positio
1252 2676 1439 2728 probata
1476 2687 1500 2715 a
1531 2675 1756 2715 Schmidio
1794 2677 1837 2714 et
1876 2674 1933 2713 ab

1055 2739 1226 2780 Handio
1247 2740 1371 2778 Turs.
1397 2739 1446 2777 Il.
1472 2749 1514 2788 p.
1541 2737 1659 2777 468.;
1695 2738 1816 2776 «Non
1838 2736 1935 2787 qui-

1058 2803 1163 2842 dem
1195 2811 1325 2841 «cum
1356 2798 1552 2848 Gabiis,»
1584 2801 1632 2838 ut
1670 2800 1934 2849 interpretes

1057 2864 1147 2911 alii;
1195 2862 1276 2903 sed
1321 2861 1503 2901 «foedus
1549 2861 1685 2900 ictum
1731 2859 1878 2900 Gabiis
1909 2872 1934 2898 a

1058 2924 1293 2976 Tarquinio
1331 2922 1576 2974 Superbo.»
1629 2923 1776 2973 Captis
1817 2923 1936 2961 enim

1059 2987 1207 3028 Gabiis
1251 2987 1294 3025 in
1332 2985 1444 3024 urbe
1489 2986 1583 3035 ipsa
1624 2995 1727 3023 cum
1765 2983 1935 3023 civibus

1058 3049 1185 3090 victis
1206 3047 1467 3098 Tarquinius
1487 3045 1644 3086 foedus
1664 3045 1791 3084 feriit.
1825 3047 1937 3084 Nar—

1059 3113 1127 3150 rat
1162 3120 1260 3149 rem
1292 3109 1472 3160 copiose
1508 3107 1745 3156 Dionysius
1776 3107 1821 3145 L.
1864 3107 1933 3144 IV.

1061 3172 1102 3224 (l.
1124 3171 1197 3222 l.)»
1235 3172 1403 3211 Verum
1424 3171 1468 3209 in
1490 3170 1669 3220 poetam
1690 3169 1803 3207 mira
1822 3168 1934 3206 haec

1062 3234 1282 3274 accuratio
1337 3231 1566 3272 inferenda
1619 3241 1704 3269 non
1753 3231 1832 3268 est.
1888 3251 1932 3255 —

1060 3295 1221 3347 rigidis]
1267 3294 1416 3334 Sabini
1457 3304 1592 3343 saepe
1631 3292 1845 3330 vocantur
1879 3289 1940 3327 ri-

1064 3359 1173 3410 gidi,
1206 3358 1324 3406 duri,
1372 3356 1515 3396 tetrici
1554 3353 1610 3393 ob
1651 3361 1828 3391 morum
1865 3360 1939 3389 se·-

1063 3420 1311 3459 veritatem.
1356 3419 1512 3457 Cicero
1539 3415 1582 3453 in
1603 3414 1743 3452 Vatin.
1770 3412 1842 3459 45,
1868 3411 1935 3450 37.

1065 3480 1250 3520 Sabinos
1280 3479 1550 3519 severissimos
1577 3475 1759 3514 homines
1792 3476 1935 3512 vocat.

1067 3543 1224 3581 Fronto
1265 3551 1308 3590 p.
1346 3540 1440 3579 226.
1484 3537 1556 3581 ed.
1602 3537 1725 3577 Rom.
1772 3534 1938 3586 (4846),·
