2231 3787
154 249 257 301 488

766 251 979 291 HORATll
1009 251 1377 295 EPISTULARUM

229 381 416 451 Frigus
457 379 694 451 collegit,
736 381 920 435 furnos
959 391 1012 436 et
1048 382 1243 436 balnea
1278 381 1461 435 laudat

226 483 292 556 Ut
329 482 650 536 fortunatam
687 482 846 554 plene
886 484 1211 554 praestantia
1250 483 1428 542 vitam.

224 585 354 646 Nec,
398 584 442 637 si
488 592 539 638 te
578 583 788 638 validus
828 585 1104 639 iactaverit
1139 587 1334 638 Auster
1371 585 1425 637 in
1463 584 1593 650 alto,

226 685 435 741 Idcirco
476 703 670 740 navem
708 694 853 739 trans
891 687 1168 757 Aegaeum
1205 703 1355 740 mare
1394 686 1616 741 vendas

228 787 486 842 Incolumi
524 786 742 841 Rhodos
783 796 836 841 et
872 787 1126 861 Mytilene
1165 787 1391 859 pulchra
1430 788 1576 852 facit,
1626 790 1775 862 quod

228 889 462 943 Paenula
504 888 754 952 solstiti0‚
798 898 1101 961 campestre
1141 890 1408 944 nivalibus
1447 892 1615 954 auriS‚

269 1010 336 1050 45.
370 1010 502 1049 altum
531 1009 574 1049 d.
611 1033 656 1037 —
693 1010 759 1049 46.
791 1010 936 1049 navim
965 1009 1111 1061 bcdp,
1146 1010 1192 1049 O.
1220 991 1270 1038 —.
1302 1011 1368 1050 47.
1392 1012 1556 1051 Rhodus
1589 1022 1812 1064 supersc-r.
1836 1023 1859 1052 ο
1881 1013 1931 1058 S,
2012 1009 2016 1011 ’

211 1071 375 1111 Rhodus
394 1082 431 1110 c.
467 1072 529 1121 (Ut
559 1082 662 1120 nos,
686 1071 784 1122 bE.)
820 1092 865 1100 -
893 1073 958 1113 48.
981 1073 1140 1113 Penula
1161 1084 1196 1113 5.
1225 1095 1269 1101 -
1294 1074 1407 1113 horis
1436 1074 1465 1113 d
1495 1076 1539 1114 et
1567 1086 1792 1126 superscr.
1818 1077 1938 1115 auris

215 1135 256 1172 S.
284 1134 347 1184 (Ut
367 1144 463 1182 nos,
486 1133 610 1184 bEc.)
638 1157 682 1162 —
707 1135 773 1174 ΞΟ.
799 1134 862 1186 ac]
895 1139 933 1174 el
961 1135 1107 1185 Sd,Ct.
1136 1156 1180 1163 —
1208 1137 1273 1175 24.
1299 1137 1502 1176 laudatur
1530 1148 1597 1189 pr.
1623 1137 1664 1176 d.
1693 1161 1737 1165 —
1764 1138 1840 1178 Vv.
1865 1139 1932 1178 22.

160 1245 213 1274 ex
244 1234 403 1285 rebus,
452 1237 500 1275 ut
530 1236 598 1286 fit,
646 1236 721 1276 ubi
752 1238 817 1276 tot
846 1238 1042 1277 iumenta

160 1300 357 1350 quotidie
403 1303 654 1351 transeunt,
702 1300 914 1353 paulatim
950 1304 1045 1341 orto

160 1363 306 1402 viator
354 1364 529 1415 aspergi
578 1366 780 1415 poterat,
834 1364 878 1402 id
927 1364 1045 1415 quod

161 1425 383 1465 immerito
423 1437 447 1465 a
483 1425 702 1467 nonnullis
737 1426 1047 1466 addubitatum

165 1488 246 1526 est.
307 1489 371 1527 De
406 1499 456 1528 ea
490 1489 561 1528 via
593 1488 670 1528 cfr.
705 1489 874 1528 Becker
905 1490 1050 1529 Gallus

165 1548 247 1597 ged.
283 1549 371 1600 alt.)
418 1552 449 1590 Ι.
496 1563 538 1603 p.
574 1552 624 1591 67
665 1562 763 1603 sqq.
835 1552 1048 1592 Ceterum

162 1612 274 1651 mira
321 1613 494 1652 accidat
534 1624 721 1654 necesse
754 1616 823 1654 est
852 1614 963 1654 haec
995 1615 1051 1654 si-

163 1673 364 1715 militudo
397 1677 460 1726 ei,
495 1678 570 1727 qui
600 1678 773 1728 ignorat
802 1678 917 1718 hanc
943 1688 1050 1728 quo-

165 1749 251 1788 que
293 1739 337 1778 in
368 1740 617 1779 Stoicorum
648 1739 811 1780 scholis
841 1742 1048 1781 usitatam

162 1801 283 1841 haud
332 1801 603 1842 dissimiliter
653 1802 804 1843 fuisse.
874 1803 1045 1842 Arrian.

165 1863 305 1914 Epict.
340 1865 388 1912 ³2,
421 1863 494 1912 ⁴023,
530 1864 610 1903 36:
659 1865 714 1904 Τί
744 1856 831 1904 οὖν
861 1863 964 1904 ἐστὶ
992 1861 1048 1904 τὸ

166 1922 450 1977 ywduevom
483 1920 597 1964 Οἷον
628 1923 676 1965 εἴ
697 1938 768 1976 τις
799 1922 954 1966 ἀπιών
985 1927 1052 1976 εἰς

166 1984 255 2040 τὴν
285 1985 487 2044 πατρίδα
517 1984 604 2039 τὴν
636 1986 812 2028 ἑαυτοῦ
839 1989 920 2028 καὶ.
950 1987 1052 2029 ὄιο-

167 2046 318 2089 ὂεύων
363 2047 650 2089 πανδοκεῖον
704 2047 879 2100 καλόν,
939 2047 1051 2109 ἀρέ-

169 2124 345 2162 σαντος
367 2107 496 2166 (Liuii
518 2110 605 2152 τοῦ
631 2110 941 2163 πανδοκείου,
970 2127 1052 2153 κα-

168 2176 368 2228 ταμένοι
398 2174 448 2215 ἐν
477 2173 541 2228 τῷ
574 2173 856 2230 πανδοκείῳ.
917 2176 1053 2217 Aliter

168 2240 318 2277 tamen
355 2238 594 2288 imaginem
638 2238 932 2278 conformavit
961 2241 1053 2279 Ho-

167 2301 304 2340 ratius
347 2300 434 2339 hoc
479 2300 760 2351 significans:
811 2303 933 2342 «Iam
971 2303 1054 2343 etsi

168 2373 328 2402 rerum
360 2364 446 2412 est,
482 2374 608 2410 eum,
643 2365 718 2414 qui
749 2363 865 2404 nulla
888 2365 1055 2417 cupidi-

170 2429 259 2466 tate
281 2429 564 2467 transversus
587 2430 754 2478 agatur,
779 2430 934 2480 quovis
955 2429 1052 2470 loco

169 2488 404 2539 tranquille
433 2490 572 2530 vitam
593 2490 756 2542 degere
787 2504 946 2544 posse,
979 2505 1055 2533 ne—

173 2562 247 2591 mo
292 2555 443 2592 tamen
489 2552 602 2593 adeo
648 2554 808 2595 stultus
854 2557 959 2605 erit,
1007 2558 1056 2596 ut

170 2615 354 2665 propter
382 2613 480 2655 leve
513 2615 692 2667 aliquod
717 2618 1054 2659 incommodum

171 2675 241 2715 vel
271 2677 422 2716 nescio
454 2689 541 2728 quo
571 2679 718 2720 taedio
752 2680 956 2732 fatigatus
987 2693 1056 2722 se-

174 2738 303 2778 cedat
334 2739 376 2778 in
415 2738 566 2780 locum
594 2740 788 2791 aliquem
833 2745 1054 2795 ingratum

172 2800 322 2850 ibique
353 2804 572 2853 perpetuo
616 2802 797 2844 latitet.»
830 2808 1056 2856 Cauponae

175 2864 294 2902 enim
351 2864 469 2914 apud
525 2867 731 2916 antiquos
788 2866 1053 2918 plerumque

175 2927 301 2964 erant
322 2927 413 2965 tam
430 2927 740 2968 incommodae
759 2940 811 2969 ac
829 2930 1052 2979 sordidae,

174 2988 223 3025 ut
252 2987 293 3025 in
326 2987 375 3027 iis
397 2987 471 3026 diu
493 2992 667 3040 tempus
687 2992 834 3031 terere
859 2993 1055 3043 pessima

177 3051 296 3089 esset
327 3049 541 3089 condicio.
590 3052 666 3101 (Cf.
700 3053 908 3105 Dezobry
931 3055 1056 3094 Rome

176 3123 234 3152 au
276 3111 406 3152 Sie'clc
443 3114 664 3165 d‘AugJusle
702 3118 732 3155 Ι.
780 3128 823 3168 p.
857 3116 937 3156 ⁶243
969 3116 1052 3167 sq.)

179 3175 413 3213 «Summae
436 3175 612 3224 igitur,»
640 3177 794 3228 inquit,
821 3177 1053 3218 «stultitiae

178 3237 316 3284 esset,
364 3237 400 3276 si
431 3237 528 3287 quis
568 3237 611 3277 in
641 3239 710 3277 via
741 3240 880 3290 Appia
911 3239 1054 3279 imbre

175 3298 535 3350 permadefactus
576 3312 664 3340 non
705 3302 786 3341 iter
824 3305 1052 3353 pergeret,

177 3360 257 3401 sed
288 3363 329 3401 in
353 3373 600 3414 cauponam
622 3374 721 3404 sese
743 3364 951 3414 abderet,
986 3365 1056 3405 vel

175 3423 336 3474 frigore
368 3423 554 3464 hiberno
587 3429 818 3478 correptus
841 3430 883 3466 et
910 3428 1056 3478 rigens

178 3496 264 3525 non
296 3485 395 3526 ideo
426 3488 596 3528 tantum
627 3490 670 3529 in
701 3488 895 3542 aliquem
925 3490 1059 3541 pisto—

1108 1238 1169 1278 ris
1198 1237 1378 1278 furnum
1398 1237 1468 1278 vel
1498 1239 1541 1278 in
1567 1239 1764 1279 thermas
1791 1240 1991 1288 intraret,

1109 1303 1155 1340 ut
1187 1311 1234 1340 se
1267 1300 1524 1351 calfaceret,
1558 1301 1664 1342 sed»
1697 1303 1782 1342 cet.
1818 1325 1864 1330 —
1894 1302 1993 1342 Fri-

1108 1374 1210 1414 9us,
1242 1364 1352 1403 sitim
1383 1363 1522 1415 (Ovid.
1555 1365 1657 1404 Met.
1682 1365 1732 1414 5,
1765 1363 1878 1415 446.)
1910 1365 1994 1405 col-

1110 1425 1236 1476 ligere
1266 1427 1336 1465 est
1364 1437 1431 1477 pr.
1483 1441 1501 1461 «
1516 1426 1561 1465 in
1596 1426 1802 1466 intimum
1832 1437 1994 1479 corpus

1110 1489 1360 1538 recipere.»
1419 1489 1483 1527 De
1525 1488 1685 1539 frigore
1730 1499 1766 1529 s.
1806 1489 1993 1530 horrore

1112 1549 1256 1590 febrili
1287 1551 1387 1601 (Sat.
1420 1551 1463 1599 4,
1498 1551 1544 1600 t,
1569 1551 1651 1601 80.)
1683 1551 1756 1591 hic
1785 1550 1996 1603 explicari

1111 1613 1286 1664 nequit,
1332 1624 1435 1652 cum
1478 1612 1782 1654 febricitantes
1825 1615 1996 1654 nonin

1112 1677 1263 1716 furnos
1307 1687 1359 1715 ac
1401 1675 1562 1716 balnea
1606 1676 1899 1717 deducantur.
1947 1700 1993 1705 —

1110 1740 1270 1778 Idcirco
1312 1750 1463 1779 navem
1493 1740 1595 1789 cet]
1648 1741 1773 1779 «Nec
1811 1739 2018 1793 propter-

1112 1813 1249 1841 unam
1285 1801 1530 1853 procellam
1572 1802 1675 1841 navi
1703 1801 1905 1851 vendita,
1953 1803 1999 1842 et

1114 1864 1298 1915 quidem
1343 1868 1462 1903 trans
1503 1863 1718 1916 Aeqaeum
1758 1875 1902 1914 mare,
1949 1867 1999 1904 ut

1115 1928 1190 1978 qui
1219 1938 1449 1978 nunquam
1479 1928 1524 1967 in
1554 1927 1743 1979 patriam
1772 1927 1996 1968 rediturus

1115 1994 1193 2043 sit,
1242 1992 1478 2033 nauclerus
1508 1993 1552 2032 in
1585 1994 1856 2044 perpetuum
1885 1993 1999 2032 mari

1113 2055 1426 2095 renuntiabit.»
1485 2056 1640 2096 Utrum
1673 2054 1860 2095 fortasse
1893 2054 2000 2095 Bul-

1113 2118 1242 2158 latius
1272 2119 1455 2169 propter
1484 2116 1663 2168 aliquod
1689 2116 1889 2157 taedium
1909 2117 2000 2157 ani-

1116 2182 1176 2220 mi
1205 2182 1391 2220 Romam
1422 2191 1652 2230 nunquam
1674 2179 1821 2219 redire
1844 2179 2000 2220 decre-

1114 2243 1242 2291 verit,
1268 2253 1461 2293 eumque
1483 2241 1557 2281 tali
1578 2252 1601 2280 a
1625 2240 1807 2282 consilio
1828 2241 1999 2282 amicus

1117 2305 1342 2345 dehortari
1364 2303 1570 2353 voluerit,
1596 2315 1652 2344 an
1673 2305 1728 2344 sit
1743 2303 2000 2355 exemplum

1115 2379 1197 2420 per
1241 2379 1289 2407 se
1337 2367 1533 2419 positum
1580 2378 1729 2418 neque
1778 2366 1835 2406 ad
1877 2365 2000 2407 illum

1117 2430 1363 2482 quidquam
1394 2431 1608 2479 attinens,
1643 2440 1724 2470 nos
1745 2440 1852 2470 5300
1873 2430 2000 2480 igno-

1116 2504 1283 2534 ramus.
1329 2494 1465 2533 Recte
1496 2494 1717 2532 Diintzer:
1771 2493 1883 2532 «Die
1911 2493 2000 2533 drei

1115 2557 1313 2606 Beispielc
1339 2557 1482 2607 zelqen
1513 2555 1617 2604 alle,
1656 2556 1752 2594 dass
1777 2565 1880 2594 man
1908 2555 1998 2604 daS,

1115 2631 1207 2659 icas
1247 2630 1349 2658 man
1386 2630 1468 2658 zur
1502 2618 1587 2657 Zeit
1623 2617 1788 2668 bedarf,
1831 2617 1900 2665 als
1933 2618 2000 2657 ein

1119 2683 1202 2723 Gul
1231 2682 1465 2722 betrachten
1493 2680 1626 2729 kann,
1659 2680 1762 2719 ohne
1786 2680 1882 2718 dass
1898 2690 2001 2718 man

1117 2745 1202 2784 sich
1231 2745 1358 2784 dieses
1378 2743 1441 2782 als
1460 2743 1640 2781 hochstes
1661 2742 1744 2782 (ἤιε
1761 2741 1834 2791 fur
1853 2741 2002 2781 immer

1119 2807 1331 2848 erwdhlen
1358 2805 1540 2844 werde.»

1176 2869 1322 2908 47-24.
1367 2865 1581 2917 Incolumi]
1616 2866 1834 2916 «integro,
1863 2876 1999 2906 sanae

1118 2931 1279 2970 mentis
1300 2930 1482 2978 homini,
1508 2929 1725 2968 constanti
1747 2930 1791 2968 et
1804 2929 1997 2980 quieto.»

1119 2993 1270 3032 SCHOL.
1317 2993 1387 3030 Sic
1417 2993 1504 3030 Sat.
1530 2992 1554 3030 2
1573 3023 1581 3040 ,
1603 2991 1653 3041 3,
1678 2990 1771 3030 432.
1804 2991 2001 3031 incolumi

1118 3054 1254 3104 capite
1281 3064 1364 3093 esse
1393 3054 1633 3105 opponitur
1661 3053 1874 3093 insaniae.
1919 3052 2000 3093 Alii

1119 3117 1266 3156 minus
1304 3118 1427 3156 recte
1459 3116 1514 3155 de
1545 3115 1663 3155 bona
1693 3115 1892 3166 corporis
1921 3125 2002 3153 va—

1118 3177 1314 3219 letudine
1344 3179 1712 3229 interpretantur:
1750 3188 1898 3228 neque
1927 3187 2003 3216 au-

1120 3242 1335 3282 diendum
1357 3252 1520 3281 censeo
1541 3240 1731 3281 Hofman
1753 3237 2003 3280 Peerlkam-

1119 3305 1264 3355 pium,
1299 3304 1374 3354 qui
1405 3304 1448 3343 in
1478 3301 1587 3342 Bibl.
1620 3303 1713 3342 crit.
1748 3311 1860 3341 nova
1882 3299 1920 3340 4.
1954 3311 1997 3352 p.

1121 3366 1214 3406 491.
1265 3365 1435 3406 confert
1480 3365 1569 3404 Liv.
1613 3365 1685 3412 22,
1730 3363 1809 3403 60:
1866 3362 2003 3403 Liberi

1121 3432 1245 3478 atque
1288 3427 1617 3467 incolumes
1656 3425 1882 3465 desiderate
1915 3435 2002 3474 pa—

1121 3491 1270 3546 Ινίαῃις
1325 3489 1399 3530 ubi
1451 3490 1669 3529 incolumes
1718 3488 2002 3539 opponuntur
