2231 3787
724 270 899 311 RERUM
932 270 997 310 Er
1028 271 1325 311 vrtnssonrm.
1845 270 1946 320 897

138 406 273 442 turres
304 404 340 450 t,
364 402 431 442 37.
453 402 546 443 965.
1041 407 1043 415 ’
1072 402 1231 451 iniquia
1259 413 1339 454 pro
1369 413 1484 453 equo
1521 405 1552 449 4,
1578 404 1670 445 796.
1704 405 1743 452 9,
1768 406 1834 446 99.

139 464 266 504 tutela
288 464 608 515 «praesidium-2
635 465 671 511 9,
694 463 788 504 389.
816 486 855 491 m
884 463 1010 503 tutela
1073 465 1190 503 unico
1220 465 1257 508 4,
1283 463 1375 504 445.

195 527 337 566 active
361 528 399 573 4,
423 527 517 565 649.
544 547 587 555 -
613 526 741 565 tutela
771 527 946 577 passive
969 526 1007 569 4,
1071 537 1179 564 unus
1208 526 1526 578 «praecipuus»
1558 528 1598 575 9,
1631 528 1723 567 390.
1765 552 1803 555 --
1838 541 1945 569 unus

192 588 285 627 568.
315 609 357 614 -—
383 588 511 627 tutela
538 586 858 639 astrologorum
880 598 1012 627 voca-
1128 590 1331 640 «praeter
1361 590 1560 628 ceteros„
1588 589 1629 637 9,
1653 590 1746 630 694.
1774 614 1815 620 -
1840 604 1946 631 unus

193 648 346 690 bulum
379 651 417 696 4,
441 649 534 690 309.
1127 660 1230 689 cum
1260 650 1560 700 comparativo
1588 651 1626 697 4,
1650 651 1743 691 740.
1768 673 1815 681 -
1839 665 1945 693 unus

138 715 248 750 tutus
277 713 483 750 -cautusn
516 711 555 756 9,
583 709 677 749 693.
1039 715 1043 790 Ι
1126 712 1315 761 solusque
1343 712 1382 757 9,
1406 710 1500 752 433.

136 777 377 823 tympanum
404 773 554 822 pellere
582 774 621 819 ·,4
647 771 738 812 433.
853 827 870 844 .
1033 795 1046 852 ,
1071 774 1299 813 iar-banus
1277 774 1314 820 9,
1338 774 1432 813 549.
1457 774 1550 814 575.
1581 796 1620 802 ——
1647 775 1811 816 urbana
1829 779 1946 827 frons

1128 836 1150 861 ,

138 895 264 936 ubera
293 901 404 936 tenta
436 897 474 943 4,
498 896 590 936 739.
620 919 660 924 -
685 894 813 937 ubera
835 896 1011 935 distenta
1038 865 1043 959 f
1072 834 1286 944 υνισαζῖὲ,
1310 898 1402 937 694.

198 960 232 1006 1
257 958 350 999 657
1071 970 1193 998 mete
1219 959 1405 1008 funibus,
1438 961 1560 1005 loris,
1587 962 1822 1013 11α9ε11ἱ34,
1846 965 1941 1006 666.

136 1022 205 1060 ubi
236 1020 480 1072 «siquidem
511 1018 595 1060 ibi»
627 1021 666 1067 4,
694 1020 788 1060 986.
1127 1021 1166 1068 9,
1196 1021 1289 1059 533.
1325 1043 1367 1049 —
1400 1026 1563 1061 urentes
1591 1034 1748 1063 arenae
1778 1027 1816 1075 4,
1847 1026 1940 1067 364.

136 1084 221 1123 uda
249 1083 396 1122 humus
424 1084 462 1129 4,
496 1081 590 1123 345.
627 1104 671 1110 -
709 1083 838 1121 udum
867 1082 1010 1132 apium
1134 1104 1174 1109 —-
1198 1093 1321 1122 urere
1338 1083 1393 1122 de
1415 1083 1565 1124 calceo
1586 1087 1624 1133 9,
1646 1085 1738 1126 489.
1764 1110 1804 1115 —-
1824 1100 1946 1129 urere

194 1146 233 1193 4,
262 1146 357 1184 954.
396 1166 439 1173 -
471 1145 600 1183 udum
637 1144 733 1183 litus
763 1145 801 1190 4,
832 1145 925 1183 475.
962 1166 1005 1171 -
1127 1145 1183 1184 de
1204 1155 1339 1184 onere
1366 1145 1550 1186 molesto
1572 1149 1611 1192 9,
1636 1150 1730 1189 504.
1758 1171 1802 1178 -
1826 1163 1948 1192 urere

190 1208 319 1246 udum
352 1206 474 1246 Tibur
503 1207 541 1253 4,
564 1207 659 1245 505.

136 1270 366 1309 ulcerosum
396 1270 509 1308 iecur
539 1269 578 1314 4,
603 1267 694 1308 449.

140 1333 239 1372 utoni
267 1332 308 1379 9,
332 1329 424 1371 464.
452 1352 497 1358 -
529 1330 664 1370 ulmus
692 1331 847 1370 amicta
864 1330 1012 1371 vitibus

1126 1207 1181 1247 de
1203 1208 1336 1247 animi
1359 1209 1765 1259 perturbationibus
1784 1214 1824 1261 9,
1849 1214 1942 1254 397.

1130 1292 1172 1298 -
1206 1281 1330 1309 urere
1362 1273 1680 1312 «excruciare»
1724 1275 1762 1323 4,
1795 1276 1861 1315 86.
1899 1299 1939 1304 --

1126 1342 1250 1371 urere
1268 1332 1524 1382 §upum-iss
1545 1336 1751 1384 puellis-⁴,
1776 1337 1869 1377 705.
1897 1360 1940 1366 —

1128 1395 1196 1432 uri
1226 1395 1266 1441 9,
1290 1394 1384 1434 337.
1412 1415 1455 1422 —
1480 1396 1550 1435 uri
1581 1398 1761 1446 (imore)
1791 1400 1824 1443 4,
1849 1400 1940 1438 749

191 1394 232 1441 9,
256 1394 350 1434 595.

137 1457 327 1497 ultimum
363 1460 521 1505 tempus
550 1457 587 1500 4,
627 1454 723 1496 946.
756 1478 799 1484 -
842 1456 1012 1497 ultimae
1039 1460 1043 1520 Ι
1072 1466 1221 1507 ualere
1252 1457 1290 1501 4
1314 1457 1407 1496 958.
1442 1457 1481 1506 9,
1511 1458 1604 1498 639.
1630 1480 1676 1487 -
1708 1472 1857 1510 urgere
1887 1462 1948 1499 al-

193 1529 346 1558 causae
376 1519 414 1563 4,
440 1517 533 1556 406.
1040 1557 1042 1562 ,
1126 1522 1214 1557 tum
1244 1517 1394 1566 (mare)
1420 1519 1458 1566 4,
1482 1519 1576 1560 96.3
1603 1542 1647 1549 —
1672 1533 1822 1572 uryere
1841 1534 1947 1562 ιιι-ια

138 1582 248 1620 ullor·
276 1581 316 1628 9,
338 1580 388 1621 57
394 1581 433 1619 9.
1041 1598 1043 1644 Ι
1127 1579 1167 1626 9,
1203 1579 1297 1618 540.
1342 1601 1385 1606 —
1428 1592 1578 1631 urgere
1610 1584 1868 1632 propositum
1904 1585 1944 1629 9,

136 1642 303 1685 almare
331 1644 372 1693 9,
398 1643 490 1684 449.
1127 1640 1222 1680 399.
1259 1661 1302 1668 -
1336 1652 1487 1692 uryere
1519 1643 1682 1683 catallis
1710 1645 1750 1693 9,
1781 1646 1874 1685 778.
1901 1668 1945 1674 -

137 1705 379 1746 umbilicus.
426 1706 482 1745 ad
530 1705 768 1745 umbilicum
807 1693 1045 1760 adducere!
1128 1713 1279 1752 uryere
1314 1714 1415 1743 cum
1455 1704 1664 1745 infinitivo
1702 1707 1741 1754 4,
1770 1707 1863 1746 345.
1902 1730 1944 1735 —

191 1767 351 1807 iambos
380 1768 419 1815 4,
441 1767 535 1807 748
1130 1774 1278 1814 urqere
1307 1764 1362 1804 de
1393 1764 1600 1817 amplexu
1631 1769 1670 1816 4,
1702 1767 1768 1808 40.
1796 1790 1840 1796 -
1871 1780 1949 1808 w·-

137 1830 290 1870 umbra
318 1831 358 1878 4,
384 1829 475 1870 474.
504 1853 547 1858 -
570 1829 720 1869 wnbra
739 1834 775 1870 el
799 1830 938 1880 pulvis
955 1830 1010 1869 de
1127 1837 1224 1878 aare
1254 1827 1310 1867 de
1340 1839 1497 1868 somno
1530 1831 1567 1876 4,
1603 1798 1695 1871 436.
1733 1854 1776 1860 -
1808 1835 1950 1884 ω·9ονι“

194 1893 440 1939 moi-misi,
462 1891 556 1932 573.
584 1914 622 1921 -
655 1891 807 1931 umbra
834 1892 1015 1942 hospita-
1042 1888 1046 1936 ὶ
1127 1894 1264 1939 nocte,
1295 1892 1509 1940 εομονε4,
1532 1892 1626 1932 590.

193 1955 310 2003 usi,
333 1954 428 1994 999.
456 1971 500 1982 -—
524 1954 755 2003 ωηὸναε9,
779 1954 857 1995 353
878 1965 946 2009 sq.
969 1955 1010 2003 9,
1042 1939 1187 2018 'ur-na
1219 1954 1258 2000 4,
1282 1953 1375 1993 335.
1408 1955 1449 2002 9,
1474 1955 1540 1994 49.

194 2014 288 2055 430.
315 2038 360 2045 -
391 2016 562 2056 umbras
589 2020 754 2056 nimai-e
779 2016 835 2056 de
856 2015 947 2057 sole
972 2017 1011 2064 4,
1002 2036 1046 2075 ,ἱ
1074 2026 1198 2054 ursus
1230 2015 1283 2063 (in
1315 2016 1462 2065 scena)
1494 2017 1534 2065 9,
1558 2017 1651 2057 698.

195 2078 291 2118 390.
1043 2078 1047 2151 Ἰ
1077 2079 1215 2117 urtica
1244 2078 1283 2126 9,
1307 2077 1400 2118 494.

41 2149 57 2154 ”
140 2145 286 2182 unctus
303 2141 510 2188 cruor-ed.
529 2140 625 2181 943.
648 2163 690 2168 -
714 2145 902 2181 unctus«
883 2152 1016 2193 «opu-
1044 2151 1272 2225 iusque,
1232 2140 1272 2189 9,
1306 2139 1372 2179 35.
1409 2161 1452 2167 -
1489 2151 1618 2190 usque
1647 2151 1878 2195 asemper„
1911 2145 1949 2191 4,

6 2202 16 2211 ‘
194 2202 365 2244 lentus»
400 2203 440 2249 9,
471 2171 565 2243 549.
599 2225 642 2230 -
674 2207 801 2242 uncta
828 2214 944 2254 aqua
970 2204 1012 2252 9,
1134 2202 1227 2242 408.

193 2264 290 2306 948.
325 2284 372 2294 --
413 2270 541 2304 uncta
574 2266 736 2317 popina
763 2266 803 2314 9,
835 2265 930 2306 509.
967 2287 1010 2292 -
1044 2265 1217 2313 ξῦευω
1248 2263 1372 2304 solita
1402 2264 1442 2312 9,
1465 2264 1534 2304 96.

194 2331 364 2367 unctum
406 2327 567 2367 corium
600 2328 641 2376 9,
679 2327 772 2368 304.
814 2350 859 2356 -
903 2327 1017 2367 uncti
1045 2338 1047 2359 ι
1076 2336 1173 2365 usus
1208 2327 1248 2374 9,
1287 2325 1381 2366 493.
1425 2349 1468 2354 -
1505 2337 1604 2367 usus
1643 2325 1878 2379 (loquendi)
1909 2330 1949 2377 9,

195 2390 337 2429 Achivi
376 2390 417 2438 9,
453 2389 547 2429 597.
588 2413 632 2418 -
680 2394 829 2429 unctae
865 2400 1016 2429 ”ianus
1045 2368 1048 2457 J
1133 2387 1226 2427 665.
1251 2387 1329 2427 703
1351 2398 1418 2439 sq.

196 2452 236 2496 9,
267 2452 361 2491 990.
398 2451 492 2491 599.
520 2473 563 2479 -
596 2456 766 2491 unctum
789 2462 944 2502 ponere
971 2452 1011 2500 9,
1046 2466 1048 2494 ι
1077 2454 1121 2489 ut
1148 2449 1306 2489 «dum»
1329 2450 1369 2498 9,
1394 2449 1460 2490 88.
1489 2473 1529 2479 —
1556 2453 1601 2490 ut
1625 2461 1703 2490 «ex
1724 2461 1812 2502 quo
1836 2454 1951 2493 tem-

197 2513 291 2552 776.
317 2536 362 2542 -
393 2513 558 2553 unctius
584 2514 744 2563 aliquid
771 2515 811 2559 2,
836 2514 929 2554 522.
1045 2498 1048 2535 ¹
1134 2522 1267 2563 pore»
1300 2512 1338 2561 4,
1362 2511 1456 2552 549.
1481 2512 1575 2553 689.
1607 2514 1647 2562 2,
1670 2514 1764 2553 227.
1789 2515 1884 2554 57⁴.
1905 2537 1947 2543 -

142 2576 257 2614 unda
284 2575 495 2614 resorbens
522 2577 562 2624 4,
583 2576 679 2616 950.
706 2597 750 2604 -
772 2575 895 2615 undis
913 2575 1015 2615 civi-
1132 2578 1177 2613 ut
1200 2574 1453 2625 «quamvis»
1476 2574 1517 2622 9,
1541 2573 1636 2615 494.
1658 2598 1703 2603 -
1725 2579 1772 2614 ut
1792 2586 1955 2626 aquan-

197 2638 302 2678 tibus
328 2639 507 2678 mer-sari
534 2639 574 2686 9,
598 2638 691 2678 374.
1134 2638 1313 2687 topere»
1344 2635 1385 2683 9,
1409 2635 1503 2675 948.
1531 2658 1575 2664 -
1612 2636 1660 2675 Ut
1689 2637 1732 2676 in
1763 2638 1954 2678 interro—

142 2701 251 2741 unde
281 2711 331 2740 «a
361 2711 471 2751 quo,
512 2711 565 2740 ex
595 2711 707 2752 quon
739 2700 795 2741 de
825 2711 1014 2752 persona
1134 2697 1307 2747 gatione
1338 2696 1504 2737 directa
1536 2698 1576 2746 9,
1604 2697 1697 2738 349.
1721 2697 1815 2739 443.
1842 2721 1887 2727 -
1909 2705 1956 2740 αι

200 2764 239 2812 4,
271 2761 338 2802 74.
372 2762 464 2802 458.
497 2761 590 2803 449.
630 2763 672 2811 9,
706 2763 798 2802 407.
834 2784 878 2790 -
910 2763 1019 2802 unde
1137 2757 1371 2799 «simulac»
1403 2760 1443 2807 9,
1469 2759 1560 2798 440.
1587 2781 1632 2788 -
1663 2764 1709 2799 ut
1741 2771 1956 2812 «quomo-

201 2835 252 2864 «a
274 2823 460 2875 quibus»
492 2825 531 2873 4,
553 2824 649 2864 975.
675 2846 720 2852 —
742 2825 850 2864 unde
869 2824 1018 2864 domo?
1137 2821 1218 2861 don
1255 2832 1358 2861 cum
1398 2821 1678 2861 coniunctivo
1709 2825 1753 2862 et
1787 2823 1955 2864 indica-

198 2886 240 2934 9,
264 2884 358 2925 460.
384 2886 570 2926 -Ἠηάε
595 2887 697 2926 milii
724 2890 812 2927 tam
837 2887 1052 2937 fortem?
1049 2892 1052 2908 ¹
1136 2885 1224 2923 tivo
1256 2884 1294 2929 4,
1317 2883 1383 2923 89.
1414 2905 1454 2910 -
1478 2887 1523 2923 αι
1552 2894 1655 2924 cum
1676 2886 1955 2927 coniunctivo

198 2949 240 2996 9,
263 2946 357 2987 308.
390 2968 435 2974 -
471 2947 583 2988 Unde
607 2948 709 2988 mihi
735 2948 946 2998 lapidem?
973 2949 1014 2998 9,
1137 2957 1218 2998 pro
1255 2945 1507 2985 accusativo
1541 2956 1643 2986 cum
1673 2947 1884 2989 infinitivo
1912 2950 1952 2997 9,

199 3009 294 3050 345.
320 3031 364 3037 -—
395 3010 504 3049 unde
531 3021 613 3059 quo
639 3010 761 3050 veni?
791 3012 829 3060 4,
852 3009 946 3052 495.
969 3033 1014 3040 -
1050 3041 1051 3045 ,
1136 3008 1188 3047 90
1218 3018 1285 3058 sq.
1315 3028 1359 3034 —-
1392 3010 1438 3047 ut
1466 3016 1570 3047 cum
1600 3009 1880 3049 coniunctivo
1912 3010 1953 3050 in

199 3073 308 3112 unde
335 3076 371 3111 et
401 3070 519 3121 quo?
546 3072 587 3119 9,
611 3071 705 3112 459.
729 3072 823 3111 977.
843 3093 889 3100 -
911 3051 1053 3141 unde}
1138 3069 1479 3121 interrogatione
1517 3070 1574 3110 ad
1612 3070 1954 3121 indignationem

200 3134 311 3174 unde
336 3134 378 3181 9,
401 3132 467 3172 58.
1049 3146 1053 3193 5
1139 3130 1474 3183 exprimendam
1497 3131 1538 3180 4,
1560 3130 1654 3171 743.
1686 3133 1726 3179 9,
1749 3133 1816 3172 94.
1844 3155 1888 3161 -
1911 3138 1957 3173 uc

145 3195 374 3244 undique«
355 3193 436 3234 «ab
466 3193 698 3234 omnibus»
729 3194 770 3242 9,
792 3193 872 3235 946
893 3205 960 3246 sq.
1049 3199 1053 3242 f
1137 3205 1218 3233 non
1248 3202 1351 3233 cum
1380 3194 1660 3233 coniunctivo
1694 3194 1736 3233 in
1768 3194 1955 3234 interro—

146 3260 402 3308 unytaentum
429 3266 618 3295 crassum
644 3256 684 3304 9,
707 3256 800 3295 769.
1050 3258 1052 3313 J
1137 3255 1309 3306 gatione
1327 3254 1383 3295 ad
1406 3255 1746 3306 indignationem
1763 3255 1956 3296 indican-

147 3318 278 3370 tmyui
307 3321 430 3357 acuto
456 3318 591 3357 secari
612 3318 653 3366 9,
676 3317 770 3357 584.
798 3340 841 3344 -
864 3328 1020 3369 unques
1049 3316 1052 3362 ἓ
1136 3317 1238 3357 dam
1268 3317 1309 3363 9,
1335 3318 1430 3356 555.
1457 3339 1501 3344 -
1529 3317 1629 3356 Utne
1647 3327 1749 3358 cum
1770 3320 1955 3358 coniun-

201 3380 349 3419 rodere
376 3379 416 3427 9,
449 3379 542 3419 480.
576 3402 620 3407 -
653 3380 710 3418 ad
735 3389 917 3430 unquam
948 3379 1018 3429 sa-
1048 3388 1052 3405 ¹
1137 3379 1252 3418 ctivo
1287 3379 1329 3417 in
1365 3378 1705 3428 interrogatione
1747 3379 1804 3418 ad
1841 3379 1956 3419 indi-

204 3445 294 3481 ctus
310 3441 350 3486 9,
373 3440 440 3480 90.
467 3462 511 3467 -—
534 3441 591 3479 ad
614 3451 795 3491 unguem
811 3441 1022 3491 castigare
1049 3444 1052 3492 1
1138 3441 1389 3492 gnationem
1423 3440 1755 3491 significandam
1785 3442 1826 3490 9,
1854 3441 1949 3482 996.

207 3504 247 3552 9,
269 3503 362 3543 755.
389 3523 434 3531 -
467 3503 517 3543 de
543 3507 683 3543 tenero
711 3503 840 3554 ungui
862 3503 900 3548 4,
923 3502 1013 3542 388.
1143 3524 1186 3530 -
1220 3505 1264 3540 ut
1292 3503 1392 3551 post
1420 3511 1489 3540 vv,
1522 3513 1656 3551 sec-us,
1689 3514 1842 3553 aeque,
1868 3515 1952 3554 pa-

295 3579 446 3615 HORAT.
473 3588 563 3616 vot..
591 3579 635 3614 11.
687 3588 751 3614 ει).
779 3589 862 3615 un.
892 3578 952 3614 111.
1602 3580 1646 3615 57
