2231 3787
243 247 252 298 l
269 249 335 299 110

868 250 1077 289 ΗΟΒΑΤΙΙ
1109 250 1406 291 SATIRARUM

309 379 404 431 llic
441 377 622 431 dabat:
666 378 906 432 Heredes
946 387 1346 431 monumentum
1385 395 1451 430 ne
1492 385 1825 447 sequeretur.

306 482 454 532 Nunc
494 478 615 533 licet
655 479 903 550 Esquiliis
943 479 1182 533 habitare
1222 477 1526 532 salubribus
1566 485 1726 548 atque

305 585 509 651 Aggere
552 581 599 631 in
640 581 823 651 aprico
863 580 1104 650 spatiari,
1146 596 1254 650 quo
1293 578 1453 631 modo
1494 578 1672 631 tristes

1977 576 2042 630 15

303 681 447 735 Albis
489 681 763 734 informem
803 680 1115 751 spectabant
1152 679 1366 733 ossibus
1406 696 1617 749 agrum,

307 783 437 836 Cum
477 782 601 834 mihi
643 800 746 835 non
787 791 986 834 tantum
1026 781 1280 851 furesque
1319 779 1576 851 seraeque
1615 786 1801 834 suetae

346 956 407 995 43.
441 958 708 1004 sequerentur
728 953 828 1004 cdp,
853 955 959 993 item
980 953 1025 1002 b,
1059 953 1138 993 sed
1160 954 1387 992 correctus
1409 954 1477 992 est
1507 963 1644 992 error.
1672 975 1716 980 —
1741 951 1806 993 44.
1831 953 1993 1003 Exqui-

288 1018 352 1056 liis
383 1018 422 1056 F.
460 1019 522 1066 (rt
553 1027 653 1061 nos,
689 1015 805 1064 bSc.)
843 1038 886 1043 -—
924 1016 985 1054 45.
1020 1026 1104 1063 qua
1132 1013 1354 1054 Bentleius
1387 1015 1555 1055 «invitis
1586 1013 1688 1054 licet
1717 1014 1988 1056 codicibus.»

292 1101 334 1106 —
375 1080 434 1118 16.
468 1079 689 1128 deformem
719 1089 830 1118 unus
863 1078 986 1117 Feae.

234 1227 422 1266 editione
453 1237 553 1266 sua:
590 1225 861 1266 «salsissime
892 1226 1023 1277 po‘eta
1045 1225 1107 1264 di-

233 1291 287 1328 cit
328 1290 507 1339 cippum
550 1287 811 1328 latissimum
851 1286 1105 1339 sepulcrum

235 1351 391 1391 talibus
435 1350 689 1390 hominibus
733 1349 956 1397 tribuere,
1005 1361 1106 1389 cum

233 1411 530 1453 Puticulorum
552 1411 673 1451 locus
696 1412 746 1452 iis
767 1411 1013 1451 destinatus
1035 1412 1104 1458 sit,

233 1477 274 1514 in
319 1473 478 1525 quibus
521 1485 568 1513 re
612 1484 715 1512 'vera
762 1472 905 1513 nullus
949 1474 1110 1513 exstitit

233 1539 408 1588 cippus,
442 1535 581 1586 qualis
604 1538 697 1575 erat
718 1536 760 1574 in
783 1534 997 1586 sepulcris
1017 1536 1109 1587 pri-

231 1600 383 1638 vatis.»
423 1621 465 1625 —
500 1597 644 1648 dabat]
691 1596 1012 1647 «assignabat»
1061 1619 1104 1626 ——-

231 1662 404 1700 Heredes
433 1659 534 1711 cet]
567 1658 698 1699 Solita
728 1660 811 1699 hac
844 1658 1029 1699 formula
1055 1661 1106 1699 H.

231 1725 289 1763 M.
322 1724 370 1762 H.
403 1725 455 1762 N.
491 1723 533 1762 S.
568 1722 692 1772 (HOC
717 1723 1113 1762 MONJ‹⁷.1[ENT1·'M

230 1786 502 1826 HEREDEM
528 1785 646 1824 NON
671 1785 931 1835 SEQI'ITVR
964 1785 1110 1824 omni-

232 1847 317 1888 bus
347 1847 501 1887 litteris
523 1848 658 1887 Inscr.
692 1848 741 1886 N.
766 1846 887 1886 4379.
941 1847 1028 1887 Cfr.
1056 1849 1106 1886 N.

233 1911 354 1951 62807.
415 1911 463 1948 In
511 1910 708 1960 inscript.
749 1909 853 1948 Ann.
897 1910 993 1948 Inst.
1035 1921 1112 1948 ar—

236 1972 360 2012 cheol.
388 1971 505 2011 4838.
540 1982 583 2022 p.
618 1971 710 2010 307.
743 1971 855 2010 haec
885 1973 952 2011 est
980 1974 1107 2011 nota:

233 2032 533 2083 HMHNONS.)
584 2032 824 2082 cavebant,
876 2045 956 2081 ne,
1009 2045 1110 2073 cum

234 2097 325 2136 DIS
352 2096 594 2136 MAMBVS
622 2096 792 2135 LOCVS
820 2096 1114 2136 CONSECRA-

239 2159 332 2197 Ti's
360 2156 426 2196 vel
457 2158 631 2197 DATVS
660 2158 1011 2208 LEGATVSQVE
1039 2169 1111 2198 es—

235 2223 302 2260 set
336 2221 482 2259 ‘Inscr.
515 2221 564 2259 N.
598 2219 718 2259 435¹.
752 2219 908 2269 4352),
949 2221 1110 2260 transi-

234 2285 299 2321 ret
344 2281 399 2320 ad
441 2281 633 2321 heredes
678 2292 790 2320 neve
827 2281 882 2320 ab
927 2282 993 2322 his
1032 2281 1111 2321 ali-

234 2344 412 2395 quando
440 2342 573 2382 vendi
605 2345 768 2394 posset.
830 2344 997 2383 Eadem
1020 2344 1111 2384 for-

234 2405 351 2446 mula
375 2408 539 2445 Graece
570 2405 727 2456 legitur
756 2407 798 2445 in
822 2407 1109 2458 inscriptione

235 2471 479 2519 Smyrnaea
516 2468 693 2507 Boeckh
726 2469 855 2519 Corp.
890 2470 1023 2508 Inscr.
1055 2471 1106 2508 N.

234 2532 366 2571 3270:
416 2530 553 2570 ΤΟΙΣ
581 2529 652 2570 ΔΕ
681 2530 1110 2571 ΚΛΗΡΟΝΟΜΟΙΣ

233 2595 354 2634 Mor
419 2593 534 2633 ΟΓΚ
597 2592 1114 2634 ΕΠΑΚΟΛΟΤΘΗΣΕΙ

236 2655 420 2696 ΤΟΥΤΟ
452 2656 525 2695 ΤΟ
555 2655 895 2695 MNJIJIEION.

292 2718 462 2758 44-20.
527 2718 776 2769 salubribus]
821 2719 928 2758 Hinc
958 2720 1109 2769 Augu-

236 2784 328 2822 stus
366 2792 490 2832 aeger
518 2782 559 2819 in
590 2782 708 2819 domo
744 2782 1000 2820 Maecenatis
1033 2793 1109 2821 ca-

235 2844 372 2882 babat.
433 2844 608 2882 Sueton.
644 2843 734 2882 Oct.
769 2844 834 2881 72.
872 2865 919 2870 —
951 2844 1110 2894 Aqyem

242 2908 281 2945 in
315 2905 472 2956 aprico]
512 2905 646 2944 Servii
687 2903 808 2944 Tullii
842 2906 943 2954 &Lim
969 2907 1007 2954 4,
1040 2906 1106 2946 4-4.

235 2966 375 3007 Strab.
401 2968 439 3006 5.
465 2977 505 3017 p.
532 2966 638 3014 234.)
673 2966 765 3005 six-e
793 2967 1011 3018 Tarquinii
1033 2969 1111 3006 Su-

234 3029 360 3080 perbi
408 3028 527 3074 (Plin.
573 3029 622 3067 11.
656 3030 704 3067 N.
738 3028 785 3077 3,
833 3029 882 3076 9,
931 3030 1037 3079 67.),
1085 3041 1108 3068 a

236 3093 361 3143 porta
393 3089 612 3140 Esquilina
634 3101 774 3140 usquc
801 3090 854 3128 ad
879 3089 1105 3139 Collinam,

235 3153 353 3192 unde
385 3153 649 3203 prospectus
682 3152 721 3190 in
754 3151 966 3202 Esquilias
987 3154 1111 3203 pate-

236 3215 324 3254 bat.
385 3215 629 3253 Ventosum
662 3214 857 3253 nominat
889 3215 1038 3253 luven.
1067 3215 1106 3262 8,

237 3276 321 3322 43„
355 3275 430 3315 uhi
461 3275 537 3314 cfr.
573 3276 871 3315 Heinrichium
903 3277 947 3314 T.
983 3278 1031 3315 II.
1065 3287 1106 3327 p.

238 3338 328 3377 320.
383 3338 471 3378 Cic.
505 3336 560 3377 de
601 3339 707 3388 Rep.
743 3338 790 3385 Ξ,
834 3340 880 3376 6;
928 3343 971 3377 ut
1005 3349 1111 3377 unus

237 3401 386 3447 (alitus,
411 3402 480 3449 qui
500 3403 599 3440 esset
620 3400 725 3439 inter
739 3400 997 3448 Esquilinum
1015 3401 1112 3450 Qui-

238 3462 493 3512 rinalemque
523 3465 699 3502 montem
736 3462 921 3501 marimo
960 3473 1111 3514 ayqere

1170 1224 1322 1264 obiecto
1363 1225 1474 1276 fossa
1517 1226 1752 1276 einyeretur
1793 1226 2043 1266 vastissima.

1173 1309 1218 1315 —
1253 1288 1346 1337 quo]
1390 1288 1457 1327 «in
1498 1298 1609 1338 qu0,
1657 1299 1710 1327 ex
1750 1299 1837 1339 quo
1869 1299 2046 1340 agere,»

1172 1359 1258 1387 non
1289 1350 1475 1400 repetita
1506 1359 1659 1401 praep.
1691 1350 1735 1389 in
1773 1351 1874 1402 post
1901 1362 1973 1391 vv.
2004 1351 2049 1390 in

1171 1411 1330 1459 aprico.
1390 1410 1574 1450 Bentleii
1603 1412 1715 1452 coni.
1741 1423 1827 1462 qua
1847 1411 1907 1464 (in
1927 1413 2049 1453 wel-

1170 1473 1291 1512 eher
1332 1473 1610 1526 Richtuny)
1655 1474 1801 1515 minus
1847 1476 2049 1527 apposita

1170 1534 1359 1574 videtur.
1388 1558 1432 1563 —
1457 1536 1591 1574 tristes
1609 1558 1633 1565 -
1652 1558 1677 1565 -
1694 1537 1953 1587 spectabant]
1975 1538 2051 1579 «Ut

1178 1595 1283 1635 olim
1312 1597 1434 1636 inviti
1457 1608 1535 1648 per
1555 1608 1764 1648 aggerem
1786 1597 1906 1639 illum
1927 1600 2051 1639 ince-

1174 1657 1358 1707 debant,
1384 1669 1496 1709 quos
1518 1660 1762 1701 necessitas
1783 1659 1927 1712 aliqua
1949 1672 2050 1702 eam

1172 1721 1216 1760 in
1246 1721 1474 1771 regionem
1506 1721 1779 1772 deducebat,
1822 1724 1886 1764 sic
1923 1734 2051 1764 mae-

1175 1784 1242 1822 sto
1287 1783 1456 1823 ossium
1501 1786 1684 1835 aspectu
1724 1796 1842 1826 nunc
1878 1788 2051 1827 remoto

1173 1843 1364 1884 libenter
1407 1844 1467 1884 ibi
1512 1846 1800 1888 deambulant
1846 1849 2051 1890 homines

1174 1907 1344 1947 otiosi.»
1394 1909 1504 1947 Nota
1535 1908 1758 1960 spondeos
1795 1911 1838 1950 in
1878 1908 2051 1961 lugubri

1174 1969 1259 2009 hoc
1302 1980 1437 2009 versu
1474 1970 1585 2010 Albis
1625 1973 1708 2011 cet.
1746 1993 1790 2000 —
1826 1972 1940 2024 Cum]
1977 1984 2052 2013 re-

1175 2031 1367 2082 spondet
1407 2043 1448 2070 V.
1487 2044 1597 2072 nunc
1637 2044 1681 2072 v.
1724 2034 1789 2074 44.
1853 2035 2052 2075 «Etiam-

1175 2105 1318 2133 nunc»
1378 2094 1543 2144 inquit,
1605 2098 1869 2147 «postquam
1927 2097 2050 2137 triste

1175 2155 1279 2195 illud
1300 2155 1601 2207 sepulcretum
1621 2158 1665 2197 in
1686 2169 1913 2208 amoenos,
1938 2169 2050 2210 quos

1175 2217 1403 2267 custodiO,
1464 2219 1617 2260 hortos
1675 2222 1894 2260 mutatum
1952 2223 2049 2270 est,

1174 2291 1304 2331 sagae
1353 2279 1683 2322 consceleratae
1733 2281 1935 2323 molestia
1976 2294 2050 2323 me

1173 2343 1412 2383 afficiunt.»
1464 2343 1589 2394 (Dum
1618 2345 1712 2384 sine
1744 2355 1876 2385 causa
1909 2344 2051 2385 male-

1172 2405 1249 2446 bat
1287 2405 1509 2456 Doering.)
1545 2428 1589 2434 —
1619 2407 1827 2459 feraeque]
1868 2406 2047 2459 volpes,

1171 2470 1299 2520 puta,
1349 2469 1393 2507 et
1433 2468 1676 2517 Esquilinae
1719 2469 1838 2509 alites
1882 2468 2048 2520 (Epod.

1172 2532 1218 2580 5,
1262 2530 1390 2581 400.),
1432 2529 1642 2571 voltures.
1679 2554 1724 2559 —
1765 2532 1927 2584 suetae]
1969 2531 2051 2570 tri-

1173 2591 1395 2644 syllabum
1437 2594 1486 2631 ut
1528 2604 1597 2643 ap.
1639 2594 1813 2633 Lucret.
1855 2594 1904 2643 2,
1953 2593 2047 2633 903.

1174 2653 1296 2694 Conf.
1331 2652 1407 2693 Od.
1442 2654 1487 2702 4,
1519 2654 1593 2703 23,
1641 2653 1680 2694 4.
1715 2657 1759 2694 et
1797 2655 1936 2706 Epod.
1971 2654 2047 2704 43,

1174 2717 1226 2755 2:
1259 2716 1404 2755 siluae.
1454 2716 1560 2767 Epp.
1587 2717 1632 2764 4,
1668 2717 1742 2766 46,
1776 2718 1848 2757 54ε
1879 2717 2046 2757 miluus.

1173 2777 1311 2828 Epod.
1338 2778 1410 2826 46,
1435 2777 1509 2817 32:
1541 2779 1684 2818 miluo.
1712 2802 1756 2807 —
1780 2778 2048 2830 carminibus]

1173 2836 1391 2892 ἐπῳδαῖς.
1453 2841 1650 2890 Propert.
1675 2839 1722 2889 4,
1755 2840 1802 2890 4,
1834 2842 1907 2881 54:
1952 2852 2049 2881 ma-

1171 2901 1288 2952 gicae
1307 2923 1326 2930 -
1343 2902 1589 2941 cantamina
1615 2903 1776 2942 Musae.
1799 2926 1844 2932 —
1866 2903 2047 2956 versant]

1176 2963 1288 3002 «huc
1313 2962 1410 3003 illuc
1427 2962 1660 3015 impellunt
1674 2965 1828 3017 sicque
1845 2967 2048 3006 vexant.»

1177 3027 1337 3065 Vexent
1380 3028 1554 3075 tamen,
1600 3028 1649 3067 ut
1687 3039 1741 3067 ex
1783 3028 1943 3068 horum
1977 3039 2046 3068 vv.

1173 3090 1386 3138 perpetua
1419 3088 1674 3129 confusione
1706 3089 1874 3130 habent
1905 3089 2044 3131 Codd.

1173 3148 1337 3200 aliquot
1368 3151 1499 3197 Feae,
1534 3151 1604 3190 hic
1634 3151 1908 3192 intolerabile
1931 3154 2051 3193 esset

1174 3214 1355 3263 propter
1384 3224 1423 3251 v.
1448 3223 1604 3253 vexare
1633 3214 1675 3253 in
1705 3223 1838 3253 versu
1866 3224 2049 3264 praece-

1175 3275 1323 3315 dente.
1369 3297 1412 3303 —
1449 3276 1644 3328 perdere]
1686 3275 1932 3328 hyperbole
1966 3287 2047 3328 pro

1177 3339 1301 3378 «hinc
1378 3339 1727 3378 exterminare.»
1815 3336 2048 3379 Infeliciter

1176 3400 1379 3440 Heinrich
1412 3401 1598 3440 coniecit
1627 3403 1825 3449 avertere.

1229 3463 1292 3502 2¹.
1328 3464 1393 3503 22.
1441 3474 1552 3515 vassa
1582 3461 1695 3513 lema]
1727 3462 1841 3513 Virg.
1870 3463 1976 3504 Aen.
2003 3463 2041 3510 4,
