2231 3787
265 227 356 279 100

890 229 1105 268 HORATII
1137 228 1434 270 SATIRARUM

317 359 417 422 Qui
459 357 607 411 locus
648 376 677 409 a
719 358 834 409 sorti
874 358 1135 412 Diomede
1178 367 1258 411 est
1295 358 1539 411 conditus
1580 357 1722 410 olim.

322 458 591 511 Flentibus
632 458 751 512 liinc
790 460 978 512 Varius
1017 459 1249 513 discedit
1285 469 1521 513 maestus
1562 459 1763 512 amicis.

318 559 445 613 lude
486 560 666 613 Rubos
706 560 828 613 sessi
871 562 1240 631 pervenimus,
1283 570 1467 631 utpote
1508 560 1723 630 longum

318 662 611 732 Carpentes
655 662 753 714 iter
791 671 841 715 et
882 663 1073 715 suctum
1113 663 1419 733 corruptius
1460 661 1630 713 imbri.

313 764 534 815 Postera
572 772 863 833 tempestas
903 762 1117 825 melior,
1162 763 1247 816 via
1285 763 1438 832 peior
1476 762 1541 815 ad
1583 780 1758 834 usque

351 913 416 951 92.
445 911 535 962 Oui]
557 912 632 950 Hic
653 921 690 949 c.
719 911 856 961 (Hunc
879 923 919 949 v.
946 910 1125 951 seclusit
1148 910 1401 961 Bentleius.)
1424 934 1463 940 —
1485 912 1550 951 93.
1577 913 1669 952 hinc
1691 912 2004 965 bScdp‚LCtF:

293 975 356 1013 hic
387 986 409 1013 e
444 973 583 1013 Codd.
618 971 780 1023 aliquot
828 974 890 1023 (κ,
939 973 1114 1014 duobus
1160 973 1253 1013 aliis
1298 977 1411 1023 suis,
1460 975 1635 1015 duobus
1675 977 1935 1017 Bersmanni
1967 979 2011 1017 et

294 1037 506 1074 Torrentii
552 1034 641 1083 sex)

294 1108 392 1143 gnon
425 1096 574 1148 bcdpL

236 1226 386 1262 autem
421 1222 477 1261 ad
520 1223 762 1262 Canusium
801 1223 1114 1273 pervenirent,

236 1285 354 1336 apud
385 1285 665 1324 mansionem
707 1284 839 1324 hodie
872 1286 1112 1336 Cei-imola,

695 1033 919 1075 Bentleius
965 1038 1007 1075 et
1052 1037 1106 1075 M.
1158 1058 1202 1064 —
1250 1037 1385 1075 I'arns
1428 1047 1540 1076 corr.
1589 1037 1630 1077 d.
1676 1060 1722 1066 —
1767 1039 1946 1079 discessit
1983 1040 2011 1078 S

1180 1224 1272 1263 hinc
1306 1224 1472 1265 facilius
1509 1225 1573 1264 hic
1611 1225 1776 1265 factum
1807 1236 1907 1266 csse
1937 1225 2065 1265 vide-

1180 1289 1253 1325 tur
1281 1298 1416 1337 quam
1448 1289 1614 1326 contra.
1676 1287 1745 1326 Sic
1780 1286 1917 1327 Plaut.
1952 1288 2061 1327 Cist.

237 1349 307 1387 cui
350 1348 445 1387 Itin.
495 1346 713 1387 Hierosol.
759 1347 911 1386 tribuit
954 1359 1116 1388 nomen
1182 1349 1283 1396 1¹,2‚
1309 1348 1380 1387 113:
1414 1349 1508 1387 hinc
1526 1351 1628 1400 flens
1659 1349 1774 1388 abiit.
1803 1369 1848 1376 —
1884 1349 2061 1389 Canusii

235 1411 297 1449 Ad
330 1411 594 1449 undecimwn
627 1409 883 1459 <miliarium
914 1422 938 1450 a
970 1412 1119 1450 Canu-

237 1473 333 1520 sio),
364 1473 567 1511 Horatius
599 1474 642 1511 et
673 1474 857 1512 comites
888 1484 1042 1513 rursus
1074 1475 1116 1513 in

235 1534 351 1572 viam
366 1534 550 1584 Appiam
574 1534 760 1583 ingressi
781 1537 896 1573 sunt.
917 1558 960 1562 —
981 1547 1118 1585 aquae

235 1596 337 1646 cet.]
379 1597 623 1635 Construe:
677 1597 748 1645 qui
796 1597 909 1635 locus
949 1597 1118 1647 (Canu-

236 1658 363 1707 sium)
397 1669 478 1696 ηοη
512 1657 625 1707 (una)
667 1662 780 1697 urna
823 1670 960 1708 aquae
993 1660 1118 1699 ditior

235 1722 383 1770 (quam
426 1719 687 1771 oppidulum
731 1732 771 1759 V.
819 1721 902 1767 87.)
949 1733 978 1760 a
1017 1723 1119 1773 forti

233 1783 431 1822 Diomede
481 1785 538 1820 est
592 1783 806 1827 οοηάἰίαες
866 1786 915 1822 ut
962 1786 1112 1833 recte,

234 1842 449 1894 exemplis
491 1843 671 1891 additis,
717 1844 857 1884 verba
898 1846 1118 1886 ordinavit

235 1907 323 1945 iam
343 1905 599 1945 Lambinus.
645 1906 802 1945 Strabo
824 1907 863 1955 6,
887 1907 925 1955 3,
951 1908 998 1946 9:
1031 1907 1118 1949 Λέ-

235 1980 402 2021 γονται
430 1965 468 2006 δ’
491 1963 765 2024 ἀμφότεραι
789 1965 856 2018 (τό
879 1981 927 2008 τε
957 1968 1116 2012 Κανύ-

236 2042 344 2070 σιον
364 2030 444 2069 καὶ
470 2025 501 2083 ἦ
520 2025 806 2087 Ἄργυρίππα
826 2054 848 2059 -
868 2056 892 2062 -
918 2028 1115 2091 νῦνῡᾉρ-

239 2092 334 2141 ποι)
368 2089 646 2144 Διομήδους
666 2094 907 2145 κτίσματα
927 2093 1044 2145 κτλ,
1068 2099 1117 2136 ut

238 2156 371 2196 etiam
382 2155 530 2206 Equus
547 2157 729 2196 tuticus.
744 2158 867 2196 Serv.
882 2157 937 2196 ad
953 2160 1061 2198 Aen.
1075 2160 1114 2208 8,

237 2219 275 2257 9.
306 2242 348 2245 —
374 2217 523 2269 aquae]
558 2229 645 2268 qua
668 2219 803 2258 etiam
825 2219 956 2259 hodie
979 2223 1114 2261 caret.

239 2278 438 2330 (Walck.)
462 2300 506 2307 ——
535 2281 613 2329 Qui
634 2281 746 2319 locus
767 2281 869 2332 cet.]
894 2281 1117 2322 Bentleius

237 2342 321 2381 hoc
350 2352 485 2381 versu
515 2342 608 2381 sine
632 2341 717 2381 ulla
748 2343 861 2383 iusta
883 2354 1016 2384 causa
1036 2344 1118 2383 de-

235 2402 324 2443 leto
368 2404 430 2442 sic
471 2403 777 2444 construebat:
830 2416 968 2455 aquae
1005 2417 1119 2444 urna

240 2466 463 2516 (nominat.
510 2477 591 2517 pro
637 2467 831 2518 «copianl
873 2479 955 2507 non
994 2468 1119 2507 ditior

239 2526 446 2579 (uberior)
480 2530 548 2568 est
579 2529 755 2569 Canusii
798 2540 932 2580 quam
963 2530 1006 2569 in
1037 2541 1119 2581 op—

236 2588 429 2641 pidulo.»
491 2590 569 2628 Hic
615 2600 793 2640 quoque
836 2602 994 2630 versus
1037 2602 1119 2641 pa—

236 2651 389 2690 rodiae
438 2651 661 2689 Ennianae
719 2650 855 2691 habet
905 2651 1115 2691 colorem.

238 2711 381 2752 Facile
427 2716 578 2751 autem
624 2713 799 2753 Canusii
844 2715 1119 2754 mentionem

238 2774 384 2815 facere
407 2775 548 2825 potuit
569 2775 755 2824 Ennius,
785 2777 995 2826 quoniam
1018 2775 1118 2815 illuc

237 2839 339 2889 post
379 2835 551 2875 cladem
592 2837 875 2877 Cannensem
913 2838 1118 2889 fugerunt

238 2899 436 2938 Romani.
463 2899 551 2937 Liv.
575 2899 649 2947 ⁶22,
673 2899 724 2937 50
748 2901 791 2938 et
811 2900 876 2938 52.
905 2923 948 2928 —
974 2912 1000 2938 a
1019 2901 1119 2950 forti

237 2959 449 3011 Diomede]
497 2961 545 2999 ln
589 2958 953 3000 ΚΑΝΤΣΙΝΩΝ
986 2973 1118 3001 num—

239 3022 324 3062 mis
353 3022 578 3062 Diomedis
610 3023 776 3074 effigies
802 3034 1012 3075 expressa
1035 3026 1114 3063 est.

238 3081 457 3134 Millingen
504 3085 835 3135 Numssmatique
879 3087 926 3124 dc
974 3085 1118 3124 l'anti-

239 3157 318 3196 que
359 3146 479 3185 Italic
518 3157 560 3197 p.
596 3148 688 3187 452.
733 3171 777 3175 ——
817 3147 1025 3199 conditus]
1070 3149 1118 3187 ut

240 3208 396 3248 Graeci
419 3208 587 3257 κτίζειν
607 3205 791 3265 χώραν,
824 3207 996 3261 νῆσον,
1024 3211 1119 3249 κτί-

240 3282 358 3322 στης
393 3266 565 3308 τόπων.
611 3294 654 3298 -
688 3271 794 3322 hinc]
834 3283 858 3310 a
899 3272 1114 3321 Canusio,

240 3343 356 3381 non,
403 3335 451 3372 ut
481 3331 551 3371 alii
581 3330 752 3381 volunt,
805 3332 860 3372 ab
907 3333 1115 3385 oppidulo

239 3387 442 3451 ἀμέτρῳ.
491 3394 674 3446 Optimis
695 3395 807 3434 meis
831 3394 969 3435 Codd.
996 3396 1118 3446 equi-

241 3455 344 3496 dem
375 3456 704 3508 obtemperavi,
752 3457 884 3497 etiam
919 3457 1021 3509 quia
1063 3469 1116 3498 ex

1181 1413 1330 1449 autem
1369 1411 1621 1459 Horatium,
1674 1411 1754 1450 etsi
1798 1405 2060 1468 ὁιαρῥήδην

1180 1483 1268 1511 non
1307 1471 1432 1520 dicit,
1479 1474 1770 1524 pernoctasse
1807 1473 1909 1513 ideo
1951 1485 2061 1513 con-

1180 1535 1444 1573 sentaneum
1476 1536 1557 1582 est,
1592 1535 1712 1585 quod
1734 1547 1758 1574 a
1778 1535 1936 1584 Rubis,
1974 1536 2059 1575 ho-

1181 1596 1252 1635 die
1298 1598 1436 1645 Ruvo,
1485 1596 1679 1636 distabat
1720 1598 1775 1638 M.
1823 1599 1866 1637 P.
1910 1598 2056 1639 XXIV.

1182 1659 1289 1709 (ltin.
1313 1659 1489 1709 Anton.)
1522 1658 1592 1698 vel
1613 1659 1738 1698 XXX.
1775 1660 1884 1709 (ltin.
1908 1661 2061 1700 Hiero-

1182 1720 1295 1772 sol.),
1338 1721 1383 1760 id
1413 1721 1533 1772 quod
1561 1721 1710 1761 verius
1743 1723 1822 1761 est.
1859 1720 2059 1773 (Walck.)

1184 1806 1228 1811 —
1264 1783 1498 1834 Car-pentes]
1533 1784 1778 1831 «emensi»;
1827 1784 1929 1835 quia
1963 1785 2061 1824 viae

1181 1844 1377 1895 singulae
1420 1847 1574 1896 partes
1605 1856 1690 1884 una
1735 1848 1835 1896 post
1875 1844 2062 1886 alteram

1180 1906 1369 1957 pedibus
1399 1905 1535 1946 veluti
1565 1910 1819 1956 carpuntur,
1864 1909 1913 1946 ut
1941 1907 1990 1947 fit
2018 1909 2063 1948 in

1180 1968 1279 2008 lana
1311 1971 1355 2007 et
1383 1967 1471 2007 lino
1503 1968 1666 2008 nendo.
1721 1969 1784 2009 Cf.
1810 1969 1889 2009 Od.
1914 1970 1954 2019 2,
1991 1971 2057 2019 47,

1182 2032 1248 2070 42.
1308 2030 1415 2070 Inde
1454 2033 1605 2070 autem
1642 2042 1666 2070 a
1709 2031 1899 2071 Canusio
1938 2034 2060 2071 certe

1180 2104 1262 2144 per
1290 2094 1410 2132 viam
1439 2093 1668 2142 Egnatiam
1698 2093 1782 2131 iter
1816 2092 2059 2134 habehant.

1235 2154 1381 2194 96-99.
1429 2155 1484 2193 ad
1520 2154 1662 2205 usque]
1703 2154 1766 2194 Cf.
1800 2154 1858 2194 ad
1889 2156 1976 2194 Sat.
2012 2157 2060 2206 ’1,

1182 2218 1225 2265 4,
1269 2216 1334 2255 97.
1396 2217 1464 2255 Sic
1505 2217 1638 2256 etiam
1679 2218 1783 2256 Stat.
1828 2217 1967 2258 Theb.
2010 2219 2058 2267 4,

1184 2279 1276 2318 1185.
1314 2299 1358 2306 ——
1392 2280 1497 2318 Bari
1517 2279 1721 2331 -piscosij
1754 2280 1953 2329 Barium,
1987 2280 2066 2319 ho-

1181 2341 1250 2380 die
1280 2342 1409 2390 Bari,
1443 2341 1656 2392 oppidum
1675 2341 1857 2393 Apuliae
1888 2344 2063 2382 Peuce-

1181 2405 1292 2453 tiae,
1326 2404 1382 2444 ad
1412 2414 1536 2443 mare
1567 2405 1722 2453 situm,
1770 2415 1794 2443 a
1826 2403 1962 2445 Rubis
1993 2405 2062 2444 di-

1181 2465 1327 2506 stabat
1346 2467 1471 2505 XXII.
1496 2467 1551 2506 M.
1571 2469 1617 2506 P.
1651 2468 1913 2507 Etiamnunc
1933 2468 2062 2507 huius

1181 2528 1332 2579 oppidi
1372 2525 1541 2567 incolae
1582 2527 1782 2579 plerique
1816 2530 2062 2580 piscatores

1182 2592 1297 2630 sunt.
1343 2588 1542 2640 (Walck.)
1580 2613 1623 2618 —-
1669 2590 1774 2641 deiri]
1807 2591 1871 2630 De
1907 2590 2062 2630 confu-

1181 2652 1304 2691 sione
1343 2652 1473 2693 buius
1508 2663 1550 2690 v.
1593 2663 1695 2691 cum
1735 2663 1776 2691 V.
1811 2653 1954 2692 dehinc
1993 2654 2062 2693 in-

1181 2714 1301 2765 spice
1346 2713 1473 2753 Hand
1517 2714 1640 2752 Turs.
1688 2714 1738 2752 11.
1782 2725 1826 2764 p.
1870 2715 1964 2755 234.
2013 2736 2057 2743 -—

1182 2775 1352 2826 Gnatia]
1385 2775 1527 2815 forma
1554 2774 1781 2826 popularis
1811 2788 1892 2827 pro
1912 2778 2062 2829 Equa—

1181 2838 1261 2886 tia,
1309 2848 1333 2875 a
1374 2838 1501 2876 Bario
1548 2837 1716 2877 distans
1759 2838 1962 2878 XXXVII.
2000 2841 2056 2881 M.

1180 2901 1246 2948 Ρ.,
1278 2899 1409 2938 hodie
1439 2899 1672 2948 Μοηοροὶὶ,
1721 2900 1770 2939 ut
1799 2900 1859 2939 ait
1897 2902 2062 2942 Roma-

1181 2959 1359 3010 nellius,
1405 2962 1453 2999 ut
1494 2960 1809 3011 VValckenaer,
1860 2963 1986 3004 Terre
2019 2965 2057 3004 d'

1177 3024 1363 3064 Anazzo.
1405 3023 1660 3063 Secundum
1689 3023 1796 3064 alios
1825 3024 1958 3065 hodie
1979 3037 2061 3078 ap-

1179 3084 1367 3137 pellatur
1385 3087 1565 3126 Fasano.
1605 3086 1702 3126 Vid.
1721 3087 1828 3126 Ball.
1848 3088 1964 3128 arch.
1987 3089 2056 3128 IV.

1178 3159 1222 3199 p.
1261 3148 1329 3187 87.
1391 3149 1601 3189 Ceterum
1641 3148 1835 3188 GNATIA
1873 3151 2060 3189 vocatur

1180 3211 1314 3250 etiam
1344 3211 1387 3250 in
1418 3213 1579 3252 Inscrr.
1622 3211 1683 3251 ibi
1729 3211 1915 3252 effossis.
1967 3212 2055 3253 Cfr.

1178 3271 1375 3313 Avellino
1395 3274 1503 3314 Bull.
1528 3275 1705 3314 archeol.
1748 3273 1911 3314 octobre
1933 3273 2055 3316 4845.

1178 3335 1296 3374 Inter
1339 3335 1421 3375 alia
1464 3339 1670 3389 repertus
1715 3338 1783 3377 est
1824 3335 1883 3376 ibi
1918 3336 2058 3377 cadu-

1179 3407 1286 3437 ceus
1346 3409 1449 3438 cum
1513 3400 1652 3440 Inscr.
1704 3396 2052 3447 ΓΝΑΘΙΝΩΝ,

1179 3458 1296 3499 unde
1319 3458 1397 3500 suit
1417 3460 1493 3511 qui
1513 3459 1803 3502 contenderet
1830 3461 1874 3500 h.
1898 3459 1925 3500 l.
1950 3461 2057 3501 scri-
