2231 3787
847 247 943 287 ΗΒ.
979 248 1007 286 1.
1071 248 1181 287 SAT.
1217 248 1283 287 ιιι.
1918 242 1983 292 ,tii

142 378 232 432 Ille
276 377 529 449 Tigellius
571 378 698 432 hoc:
744 379 970 441 Caesar,
1015 379 1106 449 qui
1149 394 1345 449 cogere
1385 386 1596 448 posset,

142 481 195 534 Si
235 489 449 552 peteret
489 499 586 553 per
625 480 914 534 amicitiam
953 480 1120 551 patris
1161 488 1324 551 atque
1364 497 1542 540 suam,
1587 495 1692 531 non

143 583 457 655 Quidquam
495 583 812 655 proficeret;
855 583 897 636 si
938 582 1303 644 collibuisset,
1349 581 1415 635 ab
1455 599 1558 635 ovo

141 685 326 756 Usque
368 685 437 739 ad
476 685 618 739 mala
657 685 871 747 citaret,
916 686 971 738 Io
1009 684 1251 739 Bacche!
1293 683 1456 737 modo
1497 702 1708 737 summa

141 789 309 851 Voce,
352 787 516 842 modo
557 788 681 851 hac,
725 796 944 842 resonat
982 804 1124 858 quae
1166 785 1385 841 chordis
1425 794 1679 857 quattuor
1719 787 1838 840 ima.

252 973 291 1011 ὃ.
327 971 538 1011 amicitias
567 983 610 1023 p.
640 992 682 999 —
719 972 758 1010 7.
795 972 966 1010 iteraret
995 968 1220 1010 Bentleius
1253 970 1364 1009 coni.
1404 992 1448 998 —
1473 969 1661 1009 Bacchae
1691 969 1923 1010 Pulmanni

197 1033 387 1074 Codices
419 1035 626 1085 quattuor
656 1034 1008 1084 Bersmannique
1040 1044 1172 1073 unus.
1210 1056 1254 1061 -
1288 1033 1328 1072 8.
1362 1033 1526 1072 chordis
1557 1044 1663 1083 quae
1694 1035 1737 1073 L.

136 1192 215 1233 Alii
246 1192 394 1233 minus
426 1192 626 1243 apposite
660 1189 906 1242 explicant:
956 1190 1024 1229 «Si

137 1257 346 1309 petisset,
371 1279 395 1285 -
416 1279 440 1285 -
461 1253 566 1294 nihil
597 1254 906 1306 profecisset.»
956 1253 1020 1294 Cf.

138 1319 281 1369 Reisig
312 1319 402 1358 Lat.
439 1318 727 1370 Sprachwiss.
760 1328 804 1370 p.
841 1318 937 1357 522.
976 1338 1019 1344 —

136 1381 393 1432 collibuisset]
433 1382 524 1421 Nec
555 1381 714 1420 collibet
749 1391 898 1432 neque
938 1380 1026 1419 col-

135 1443 290 1483 libescit
333 1444 481 1483 adhuc
524 1445 757 1495 repertum
798 1444 866 1483 est
905 1442 1023 1494 apud

136 1506 379 1558 scriptores
437 1507 639 1554 Latinos3
702 1506 784 1546 sed
842 1506 1026 1545 collibuit

139 1569 261 1621 apud
282 1570 554 1619 Terentium,
579 1569 806 1609 collibitum
826 1573 883 1609 est
904 1569 1024 1621 apud

134 1631 337 1672 Plautum
379 1634 423 1672 et
465 1633 746 1673 Ciceronem.
786 1654 830 1659 —-
865 1632 917 1671 ab
948 1644 1024 1672 ovo

139 1695 270 1745 Usque
300 1696 356 1734 ad
384 1695 514 1746 mala]
549 1696 692 1735 Ovum
722 1695 894 1734 initium
918 1706 1025 1735 coe-

136 1768 219 1797 nae
251 1759 369 1807 erat,
418 1759 583 1810 quippe
626 1758 747 1809 quod
786 1759 828 1798 in
871 1759 1024 1809 gusta-

136 1821 253 1860 tione
286 1821 435 1861 statim
465 1833 488 1860 a
520 1820 693 1861 balneis
725 1820 1020 1870 offerebatur;

134 1894 269 1935 poma
300 1895 409 1924 vero
431 1895 536 1924 cum
566 1883 761 1924 bellariis
794 1885 836 1923 in
859 1894 1025 1924 secun-

136 1946 203 1986 dis
243 1947 413 1987 mensis
456 1949 595 1987 erant.
660 1946 722 1987 Cf.
757 1945 883 1998 Apul.
917 1947 1020 1987 Met.

137 2008 182 2058 9,
217 2008 282 2049 33.
327 2009 551 2061 Lamprid.
593 2009 716 2050 Alex.
751 2010 850 2048 Sev.
876 2009 943 2049 37.
976 2032 1020 2037 —-

135 2071 297 2123 citaret]
339 2071 486 2112 «clara
522 2083 634 2112 voce
677 2072 930 2121 cantaret‚»
977 2072 1025 2110 ut

137 2135 227 2175 Cic.
261 2134 316 2174 de
348 2135 466 2174 Orat.
503 2135 550 2183 ll,
585 2135 659 2185 59,
693 2135 788 2174 0254.
816 2145 1026 2184 paeanem

135 2197 288 2245 citare;
320 2208 388 2249 pr.
425 2208 585 2238 «sonos
617 2198 759 2246 ciere,
792 2208 1021 2237 movere.»

136 2258 275 2299 Plaut.
309 2260 470 2300 Pseud.
507 2261 552 2309 4,
588 2261 633 2309 4,
668 2260 713 2300 34
741 2271 748 2298 :
783 2264 829 2299 ta
856 2260 951 2299 hinc
972 2271 1026 2299 eoe

137 2333 236 2362 cera
256 2323 364 2371 eila,
392 2324 578 2371 «recita,
612 2321 752 2373 lege».
782 2346 827 2351 —
850 2324 894 2362 Io
913 2323 1025 2361 Bac-

137 2384 220 2435 che]
243 2395 329 2423 non
350 2385 442 2424 tam
465 2385 638 2424 initium
657 2385 767 2424 certi
791 2384 1024 2424 cuiusdam

138 2447 318 2496 cantici,
363 2447 486 2498 quod
526 2445 596 2486 ille
629 2447 840 2486 cantitare
872 2445 1024 2486 solitus

138 2510 216 2559 sit,
260 2520 397 2561 quam
438 2508 761 2560 qualiscunque
807 2508 1025 2548 cantilena

138 2571 402 2621 convivalis,
452 2583 646 2624 quarum
686 2583 826 2623 genus
869 2573 1025 2612 Graeci

138 2635 361 2676 vocabant
392 2632 676 2686 ἴοβάκχους.
728 2634 879 2675 Pollux
900 2635 947 2685 4,
982 2636 1021 2684 7,

138 2699 212 2739 53:
265 2700 512 2756 παροίνια,
564 2697 821 2748 ῐόβακχοι·
869 2697 1024 2750 quales

137 2760 406 2801 Archilocho
427 2761 755 2810 tribuebantur,
780 2761 1021 2812 Hephaest.

138 2835 180 2875 p.
205 2823 272 2864 94.
309 2824 442 2864 Gaisf.
477 2824 660 2864 Proclus
695 2824 948 2864 Chrestom.
977 2835 1020 2875 p.

139 2885 243 2925 345:
275 2880 418 2943 ᾔδετο
449 2885 499 2927 δὲ
522 2882 549 2926 ὁ
575 2883 816 2937 ῖόβακχος
845 2885 896 2926 ἐν
917 2884 1025 2943 ἑορ-

139 2951 243 2998 ταῖς
272 2949 354 2988 καὶ
383 2948 578 3000 θυσίαις
601 2946 843 2990 Διονύσου
872 2946 1025 2998 βεβα-

141 3011 401 3063 πτισμένος
431 3010 590 3066 πολλῷ
621 3008 917 3069 φρυάγματι.
962 3012 1025 3050 Ia-

142 3073 251 3114 cobs
295 3074 432 3113 Lectt.
475 3075 586 3115 Ven.
629 3086 672 3126 p.
707 3075 800 3115 386.
836 3072 1026 3127 explicat

143 3136 199 3176 de
231 3136 545 3176 exercitatione
583 3138 728 3186 vocis,
773 3147 887 3188 «qua
924 3147 1025 3176 eam

143 3200 245 3238 ante
276 3199 501 3238 actionem
530 3196 600 3238 vel
638 3200 819 3239 cantum
855 3198 1025 3238 sensim

143 3259 416 3310 excitabant,
465 3261 528 3308 et,
571 3271 676 3300 cum
720 3262 924 3311 egerant,
968 3259 1024 3299 ab

143 3322 399 3362 acutissimo
431 3332 542 3362 sono
572 3332 716 3373 usque
737 3322 794 3361 ad
824 3322 1029 3373 gravissi-

144 3394 270 3424 mum
300 3383 620 3436 recipiebant.»
663 3383 1026 3436 (solseqyiren.)

145 3445 313 3486 Verum
342 3446 439 3495 hic,
487 3457 590 3486 cum
621 3446 762 3496 dicat,
810 3445 918 3496 quid
945 3457 1028 3498 per

147 3507 289 3547 totum
320 3507 573 3549 convivium
603 3506 808 3560 Tigellius
846 3507 1024 3557 fecerit,

1093 1189 1148 1230 de
1195 1190 1290 1241 ipso
1338 1190 1485 1241 potius
1528 1191 1660 1229 cantu
1707 1189 1763 1229 ad
1808 1189 1976 1240 lyram,

1094 1263 1231 1303 quam
1254 1251 1309 1292 de
1330 1252 1454 1292 vocis
1474 1253 1817 1304 praeparatione
1842 1254 1980 1293 inter—

1091 1315 1365 1367 pretandum
1395 1314 1586 1354 videtur.
1639 1316 1864 1355 Posterior
1894 1315 1982 1367 syl-

1091 1377 1193 1418 laba
1234 1379 1277 1418 in
1306 1389 1349 1418 v,
1382 1378 1542 1417 Bacche
1578 1376 1845 1429 producitur
1872 1390 1980 1430 pro-

1090 1443 1191 1493 pter
1231 1442 1351 1481 arsin
1388 1441 1431 1480 iu
1467 1450 1671 1480 caesura.
1734 1440 1815 1488 Qui
1844 1452 1980 1492 prae-

1090 1504 1238 1544 ferunt
1258 1502 1359 1544 lect.
1384 1504 1595 1551 Bacchae,
1631 1503 1866 1543 conferunt
1897 1505 1982 1544 Eu-

1087 1567 1170 1619 rip.
1196 1567 1358 1607 Bacch.
1382 1578 1423 1606 v.
1448 1566 1549 1606 576:
1569 1559 1658 1614 Ἰώ,
1683 1562 1838 1607 κλύετ’
1860 1565 1981 1619 ἐμᾶς

1089 1626 1242 1669 κλύετ’
1275 1623 1442 1678 αὐδᾶς,
1475 1619 1513 1666 ὦ
1542 1624 1744 1677 βάκχαι,
1781 1622 1833 1668 cc.)
1860 1626 1979 1677 βάκ-

1090 1706 1189 1741 χαι.
1239 1715 1283 1721 —
1329 1693 1452 1731 modo
1495 1691 1683 1743 samma]
1733 1691 1975 1743 «Tigellius

1092 1755 1229 1796 modo
1251 1754 1463 1795 utebatur
1484 1765 1536 1794 ea
1556 1765 1694 1803 voce,
1722 1766 1837 1806 quae
1861 1766 1981 1795 sum-

1091 1820 1165 1860 ma
1193 1818 1361 1858 chorda
1392 1817 1692 1858 tetrachordi»
1720 1817 1821 1869 (quo
1843 1829 1979 1858 sonos

1091 1880 1459 1930 modulabantur,
1492 1882 1541 1920 ut
1570 1880 1619 1919 fit
1648 1880 1692 1920 in
1713 1882 1865 1920 nostro
1886 1881 1979 1920 vio-

1091 1943 1192 1996 lino)
1228 1940 1308 2000 «τῇ
1352 1938 1512 2000 ὑπάτῃ
1551 1944 1752 1991 resonat,
1801 1942 1845 1982 id
1886 1944 1976 1991 est,

1091 2006 1380 2057 gravissima,
1427 2006 1485 2062 τῇ
1524 2001 1795 2062 βαρυτάτῃ,
1842 2004 1979 2044 modo

1092 2081 1163 2118 ea,
1211 2080 1327 2120 quae
1365 2068 1453 2109 ima
1493 2068 1680 2118 chorda,
1726 2065 1784 2125 τῇ
1830 2063 1975 2125 νήτῃ,

1092 2131 1345 2183 eademque
1367 2132 1639 2180 acutissima,
1670 2128 1727 2188 τῇ
1751 2125 1976 2189 ὀξυτάτῃ,

1088 2198 1314 2236 resonat.»
1357 2196 1536 2234 Gasima.
1579 2194 1700 2234 Haec
1732 2194 1851 2234 enim
1871 2205 1979 2234 vera

1092 2260 1160 2299 est
1191 2258 1525 2309 interpretatio;
1560 2268 1664 2297 nam
1695 2268 1879 2298 sensum
1900 2257 1981 2297 ob-

1093 2321 1289 2361 scuravit
1340 2321 1514 2360 Comm.
1565 2321 1726 2370 Cruq.:
1781 2331 1981 2359 «samma

1089 2383 1199 2434 voce]
1233 2383 1491 2422 acutissima
1524 2382 1715 2430 chorda,
1750 2393 1865 2433 quae
1898 2393 1976 2422 su—

1091 2456 1248 2497 prema
1291 2446 1359 2485 est
1395 2445 1439 2484 et
1475 2441 1597 2497 νήτη
1630 2444 1804 2484 dicitur.
1855 2446 1978 2485 modo

1091 2510 1169 2548 hac
1213 2507 1334 2559 voce]
1380 2507 1422 2547 id
1471 2509 1560 2556 est,
1616 2506 1807 2556 chorda,
1863 2518 1977 2558 quae

1093 2581 1243 2610 crassa
1266 2571 1335 2609 est
1365 2570 1410 2609 et
1439 2570 1548 2619 ima,
1583 2579 1698 2620 quae
1722 2563 1880 2622 ὑπάτη
1903 2581 1980 2609 no-

1092 2634 1300 2674 minatur.
1366 2633 1531 2672 chordis
1565 2632 1780 2682 quattuor]
1821 2631 1977 2684 supple

1093 2697 1204 2745 «in»,
1237 2697 1286 2735 ut
1316 2696 1384 2745 sit,
1419 2706 1534 2747 quae
1567 2696 1635 2735 est
1665 2694 1814 2735 infima
1845 2695 1888 2734 in
1910 2696 1978 2734 te-

1090 2757 1375 2799 trachordo.»
1412 2781 1456 2785 —
1490 2759 1744 2797 Pronomen
1774 2758 1853 2797 hac
1880 2768 1979 2797 rem

1091 2821 1231 2872 magis
1283 2819 1421 2860 oculis
1474 2820 1600 2871 quasi
1650 2821 1979 2872 appropinquat

1092 2895 1228 2936 quam
1259 2894 1333 2933 ea,
1366 2894 1391 2922 a
1422 2893 1510 2934 quo
1541 2883 1804 2934 pronomine
1834 2894 1977 2935 prope

1092 2945 1293 2986 enclitico
1340 2946 1558 2996 quantum
1597 2946 1746 2996 potest
1785 2944 1980 2985 abstinet

1092 3008 1228 3049 etiam
1258 3008 1345 3047 hoc
1375 3008 1614 3047 satirarum
1643 3017 1798 3058 genus.
1847 3007 1980 3047 Diffe-

1089 3071 1281 3111 rentiam
1311 3071 1478 3111 senties
1510 3081 1564 3109 ex
1587 3070 1678 3110 Cic.
1713 3069 1769 3109 de
1799 3070 1895 3109 Nat.
1922 3071 1972 3109 D.

1090 3134 1136 3183 2,
1171 3132 1247 3183 34,
1282 3133 1359 3173 88:
1403 3133 1557 3183 Quodsi
1584 3132 1630 3171 in
1659 3131 1874 3180 Scythiam
1902 3154 1926 3160 -
1955 3154 1978 3160 -

1088 3196 1314 3246 sphaeram
1341 3195 1495 3245 aliquis
1523 3194 1664 3234 tulerit
1691 3194 1815 3244 hanc,
1849 3205 1978 3244 quam

1089 3269 1224 3309 nuper
1251 3280 1275 3286 -
1304 3279 1327 3286 -
1357 3257 1489 3308 effecit
1524 3257 1779 3297 Posidonius.
1826 3277 1871 3284 -
1904 3267 1976 3296 re-

1091 3325 1212 3361 sonat
1239 3343 1264 3350 -
1293 3318 1471 3371 chordis]
1506 3330 1555 3359 «e
1588 3317 1767 3358 chordis
1802 3317 1970 3368 prodit,

1092 3394 1176 3435 per
1206 3382 1399 3423 chordas
1425 3382 1595 3430 sonat»,
1630 3379 1762 3419 ablat.
1786 3378 1975 3419 causalis

1092 3444 1163 3486 vel
1195 3442 1561 3486 instrumentalis.
1604 3440 1732 3481 Hand
1753 3442 1877 3481 Turs.
1903 3443 1971 3481 ΠΙ.

1092 3519 1135 3559 p.
1176 3508 1270 3548 353.
1342 3505 1421 3546 Alii
1463 3516 1544 3557 pro
1590 3503 1736 3544 dativo
1780 3503 1971 3553 habent,
