2231 3787
234 303 334 354 4-94
828 301 1043 341 HORATII
1072 300 1441 342 EPISTOLARUM

306 433 447 487 Vivis
488 442 539 487 et
577 432 768 495 urtica,
812 432 889 486 sic
927 431 1076 485 vives
1115 431 1384 502 protinUS,
1425 437 1483 481 ut
1522 437 1572 482 te

307 535 597 590 Confestim
636 533 872 606 liquidus
913 535 1177 587 Fortunae
1216 532 1363 585 rivus
1402 531 1636 589 inauret,

312 637 402 691 Vel
444 638 570 709 quia
608 645 854 690 naturam
892 642 1100 687 mutare
1139 632 1371 704 pecunia
1408 632 1607 691 nescit,
1996 633 2058 685 <10

306 739 397 792 Vel
436 740 563 811 quia
602 745 793 792 cuncta
829 744 986 808 putas
1024 753 1132 789 una
1174 735 1368 788 virtute
1406 734 1630 788 minora.

343 875 381 913 8.
409 873 604 922 protinus
633 870 810 910 bSch:
839 874 1042 920 protenus
1071 881 1174 909 cum
1203 867 1430 921 plerisque
1461 868 1571 909 Edd.
1605 870 1659 910 M.

235 978 281 1021 8,
315 976 360 1014 3:
402 975 510 1013 inter
537 973 679 1023 epulas
709 972 976 1020 abstemium,
1007 972 1116 1011 inter
1183 992 1227 1000 —-
1265 974 1469 1010 naturam
1505 974 1672 1010 mutare
1703 972 1886 1022 pecunia
1921 973 2060 1025 nescit]

229 1041 488 1088 purpuratos
517 1036 748 1075 linteatum.
785 1057 833 1063 —-
864 1034 1017 1086 urtica]
1039 1036 1116 1074 Est

235 1101 413 1140 omnino
442 1097 589 1150 planta
620 1098 750 1137 huius
781 1098 990 1145 nominis,
1028 1108 1116 1147 qua

232 1161 323 1202 itali
357 1162 611 1201 etiamnunc
642 1170 771 1208 vere,
815 1159 924 1199 dum
962 1160 1115 1199 tenera

235 1227 323 1274 est,
369 1224 493 1264 vesci
532 1222 757 1262 interdum
794 1221 957 1271 solent3
1005 1221 1112 1262 Plin.

234 1289 283 1327 H.
308 1288 357 1327 N.
382 1287 426 1326 21
450 1318 457 1333 ‚
493 1285 566 1332 45,
598 1285 673 1323 55:
719 1284 922 1334 Incipiens
951 1285 1117 1333 quidem

233 1351 325 1399 ipsa
348 1348 512 1399 (urtica)
535 1348 651 1386 nasci
670 1357 786 1395 vere,
817 1358 901 1386 non
928 1347 1114 1398 inyrato,

232 1413 372 1452 multis
400 1411 527 1450 etiam
554 1409 746 1460 reliqioso
776 1409 821 1447 in
850 1408 938 1448 cibo
968 1412 1026 1448 est
1061 1409 1118 1448 ad

229 1474 438 1525 pellendos
467 1473 591 1512 totius
619 1472 722 1511 anni
749 1470 941 1510 morbos:
971 1471 1118 1510 neuti-

235 1547 371 1588 quam
400 1536 540 1575 urtica
569 1534 764 1582 marina,
797 1533 1008 1574 Medusae
1038 1544 1117 1583 ge-

234 1610 341 1648 nus,
376 1609 489 1650 quae
520 1598 565 1637 in
595 1597 777 1648 opipare
808 1596 974 1647 paratis
1013 1606 1120 1646 pon-

234 1661 400 1701 tificum
448 1660 598 1699 coenis
643 1658 967 1710 apponebatur.
1023 1659 1119 1698 Ma-

236 1722 360 1763 crob.
385 1724 558 1762 Saturn.
584 1721 633 1768 2,
668 1721 707 1760 9.
758 1721 936 1760 Dictum
966 1721 1118 1760 autem

237 1788 304 1827 est
332 1785 466 1825 herbis
483 1807 507 1813 -
527 1788 565 1824 et
593 1783 753 1831 urtica,
786 1784 836 1821 ut
865 1782 987 1822 Ovid.
1012 1783 1115 1822 Met.

238 1849 313 1896 40,
346 1848 447 1886 ⁵264:
486 1850 524 1885 et
549 1848 674 1896 flores
701 1844 811 1884 mille
841 1844 1027 1884 colorum
1046 1845 1120 1883 Li-

237 1912 389 1960 ltaque.
444 1908 508 1949 Cf.
547 1906 673 1946 Hand
704 1907 829 1946 Turs.
862 1907 912 1946 II.
944 1918 988 1957 p.
1022 1906 1116 1946 477.

240 1996 285 2002 —
328 1970 543 2022 protinus]
590 1970 712 2008 Hanc
756 1968 1023 2019 scripturam
1067 1980 1120 2008 ex

239 2034 379 2076 Codd.
414 2033 527 2072 Med.
564 2034 607 2071 et
635 2033 759 2071 Rom.
785 2031 1046 2070 auctoritate
1077 2031 1121 2070 in

237 2095 414 2147 Virgilio
446 2105 627 2145 semper
655 2094 808 2133 ascivit
833 2094 1027 2143 Wagner
1047 2094 1123 2133 Or-

238 2161 381 2210 thogr.
404 2156 564 2208 Vergil.
596 2167 639 2207 p.
664 2155 759 2196 466.
797 2180 841 2183 —
874 2157 934 2206 ut]
967 2155 1119 2206 «licet,

240 2221 493 2274 quamvis3»
517 2230 605 2258 non
627 2216 718 2257 ἵνα.
745 2218 807 2258 Cf.
828 2218 966 2270 Epod.
989 2220 1026 2267 4,
1050 2220 1120 2258 24.

244 2307 288 2312 —
328 2282 547 2333 Confestim
577 2281 757 2331 liquidus
787 2282 891 2334 cet]
915 2281 1124 2321 «Videtur

241 2345 438 2386 alludere
461 2344 517 2384 ad
538 2344 679 2385 Midae
703 2342 918 2393 fabulam,
953 2344 1043 2394 qui,
1075 2345 1125 2384 ut

241 2408 411 2449 elueret
458 2418 642 2447 auream
692 2407 883 2455 famem,
940 2406 1122 2447 consilio

241 2469 448 2523 Apollinis
478 2470 692 2510 immerso
723 2470 866 2521 capite
897 2468 1125 2509 Pactolum

241 2534 305 2574 sic
324 2532 559 2581 inauravit,
592 2533 642 2571 ut
661 2542 820 2572 arenas
844 2543 1004 2572 aureas
1026 2544 1127 2584 per-

241 2598 376 2647 petuo
406 2594 595 2634 trahat.»
647 2595 779 2640 CRUQ.
829 2596 884 2634 At
902 2595 1042 2634 rivum
1064 2595 1127 2634 di-

243 2658 320 2705 cit,
368 2668 456 2696 non
496 2667 700 2705 amnem,
747 2667 831 2696 nec
860 2657 981 2697 rivus
1012 2657 1055 2696 h.
1093 2655 1121 2697 l.

241 2720 491 2767 inauratur,
544 2718 625 2758 sed
669 2719 869 2766 inaurat;
920 2719 1034 2758 adeo
1077 2720 1127 2758 ut

243 2781 445 2832 suspicer
465 2780 689 2831 proverbii
710 2780 858 2821 locum
879 2780 1124 2820 obtinuisse

244 2843 460 2881 Fortunae
492 2853 679 2883 aureum
721 2843 888 2892 rivum,
937 2843 1012 2893 qui
1048 2842 1127 2881 ubi

244 2904 410 2942 homini
455 2903 642 2953 affluxit,
689 2904 760 2944 hic
803 2905 1034 2955 confestim,
1080 2903 1126 2942 id

246 2968 334 3012 est,
369 2967 575 3016 repente,
610 2966 733 3006 dives
762 2966 823 3005 fit.
878 2965 965 3006 Cfr.
989 2964 1128 3005 Lucil-

244 3026 352 3066 lium
382 3027 424 3065 in
454 3027 583 3066 Anth.
599 3027 703 3067 Pal
733 3030 783 3068 II.
807 3039 849 3080 p.
875 3028 974 3068 345.
1021 3022 1126 3067 Κᾶν

245 3086 465 3139 ποταμὸς
496 3087 680 3144 χουσοῦ
711 3086 905 3141 νάματά
925 3101 1006 3128 σοι
1035 3101 1126 3128 πα-

246 3163 379 3209 ρεχῃ.
431 3151 536 3190 Mire
570 3153 792 3191 Gesnerus
813 3152 1025 3202 confestim
1055 3162 1127 3191 ex-

246 3214 423 3266 plicavit
461 3213 740 3261 «confertim,
788 3213 977 3262 dense;»
1024 3224 1127 3253 cum

248 3277 437 3316 ducatur
458 3286 482 3314 a
498 3286 538 3313 v.
561 3275 721 3325 festino.
765 3275 827 3314 Cf.
852 3275 978 3315 Hand
999 3277 1122 3315 Turs.

248 3341 299 3378 II.
331 3350 375 3390 p.
402 3338 494 3377 403.
546 3336 611 3377 Ad
641 3334 821 3394 τρόπον
851 3338 894 3376 in
924 3349 966 3376 v.
1000 3339 1127 3377 inau-

249 3411 349 3440 rare
369 3399 422 3439 cf.
444 3400 534 3439 Cic.
554 3399 611 3439 ad
632 3400 750 3439 Fam.
770 3399 815 3448 7,
841 3398 890 3438 43
909 3411 915 3437 z
943 3401 1124 3450 Moriar,

248 3463 308 3512 ni,
340 3472 448 3510 quae
467 3465 541 3501 tua
559 3461 699 3512 gloria
718 3465 798 3510 est,
827 3465 928 3511 puto
949 3465 985 3501 te
1003 3463 1129 3502 malle

1182 1033 1288 1081 «Qui
1327 1032 1484 1072 natura
1519 1032 1591 1073 vel
1636 1033 1730 1073 sine
1773 1033 2062 1086 philosopho-

1180 1107 1280 1134 rum
1337 1096 1587 1147 praeceptis
1645 1097 1903 1148 temperans
1962 1100 2059 1146 est,

1181 1159 1315 1198 etiam
1345 1158 1470 1199 dives
1502 1158 1662 1207 factus,
1696 1159 1819 1210 prius
1848 1159 1964 1199 vitae
1985 1171 2064 1210 ge-

1180 1232 1284 1268 nus,
1313 1220 1459 1260 bonae
1481 1219 1720 1261 valetudini
1739 1222 1868 1261 unice
1891 1223 2060 1273 aptum,

1179 1285 1370 1323 servat.»
1420 1283 1558 1335 Epod.
1589 1283 1639 1333 4,
1673 1284 1719 1324 6:
1765 1285 1955 1324 Fortuna
1981 1296 2066 1325 non

1178 1349 1315 1384 mutat
1356 1357 1499 1396 genus,
1552 1345 1662 1387 Male
1709 1345 1778 1385 alii
1820 1345 2060 1398 explicant:

1182 1408 1396 1459 «pecunIa
1437 1410 1642 1448 naturam
1673 1419 1802 1449 suam
1837 1411 2065 1462 propriam

1180 1471 1353 1510 mutare
1385 1472 1569 1511 nescit.»
1619 1472 1762 1511 Immo
1793 1471 1946 1512 scholii
1967 1471 2064 1513 loco

1183 1534 1278 1573 esto
1322 1532 1428 1573 illud
1473 1532 1662 1574 Cornelii
1705 1535 1816 1586 Nep.
1856 1535 1943 1575 Att.
1980 1534 2062 1576 44:

1184 1595 1286 1635 Cum
1316 1600 1437 1636 tanta
1468 1597 1676 1647 pecuniae
1713 1597 1832 1648 facta
1861 1602 1962 1638 esset
1990 1609 2067 1638 ac-

1181 1659 1330 1708 cessio,
1362 1659 1466 1698 nihil
1495 1660 1543 1699 de
1574 1659 1816 1709 quotidiano
1836 1660 2069 1700 cultumu-

1183 1721 1336 1771 tavit,
1386 1721 1489 1761 nihil
1530 1722 1579 1761 de
1619 1722 1730 1760 vitae
1772 1723 2068 1763 consuetudine

1183 1788 1384 1834 tantaque
1412 1795 1512 1823 usus
1540 1787 1598 1824 est
1623 1784 1910 1825 moderatione
1936 1788 1984 1824 ut
2001 1806 2025 1814 -
2044 1807 2069 1814 -

1177 1848 1281 1897 pari
1307 1847 1476 1899 fastiyio
1505 1847 1661 1886 steterit
1689 1847 1734 1886 in
1760 1851 1940 1897 utraque
1977 1847 2070 1898 fcr-

1184 1914 1302 1949 tuna.
1356 1909 1586 1949 Contraria
1616 1908 1770 1959 utique
1794 1911 1862 1949 est
1889 1911 2071 1951 Menan—

1187 1971 1252 2010 dri
1283 1971 1502 2010 sententia
1532 1970 1611 2009 Ed.
1645 1971 1774 2011 Mein.
1803 1982 1846 2023 p.
1871 1973 1975 2011 247:
2018 1966 2069 2011 “O

1185 2045 1235 2073 τε
1265 2030 1472 2082 πλοῦτος
1513 2028 1657 2102 ξξώκ
1646 2031 1733 2073 ιλε
1769 2028 1855 2072 τὸν
1897 2045 2070 2108 mentiz—

1184 2096 1333 2149 μένον
1373 2090 1511 2144 Εἰς“
1500 2087 1660 2151 ἐτεοον
1706 2087 1852 2147 ἦθος,
1899 2091 1989 2137 οὐκ
2019 2095 2070 2138 ἐν

1186 2158 1222 2197 ὠ
1255 2154 1311 2198 τὸ
1342 2153 1556 2215 πρόσθεν
1586 2149 1660 2209 ἦν.
1693 2181 1738 2185 -
1769 2162 1922 2198 cuncta
1942 2163 2073 2210 putas

1187 2221 1291 2273 cet]
1324 2232 1377 2260 ex
1408 2220 1656 2260 Stoicorum
1688 2219 1902 2262 doctrina.

1243 2282 1389 2323 42-44.
1421 2283 1636 2323 Miramur
1656 2283 1758 2335 cet.]
1793 2284 1975 2324 «Virtuti
1995 2295 2072 2324 au-

1186 2348 1281 2386 tem
1313 2348 1353 2386 te
1382 2344 1453 2385 vel
1483 2346 1677 2385 maxime
1707 2346 1889 2386 studere
1909 2348 1954 2387 et
1976 2347 2072 2399 phi-

1186 2408 1416 2460 losophiae
1467 2407 1668 2447 deditum
1717 2419 1817 2448 esse
1865 2409 2068 2460 gaudeo;

1189 2471 1353 2511 etenim
1397 2471 1434 2510 si
1480 2470 1716 2520 miramur,
1766 2471 2071 2512 Democritum

1188 2531 1311 2572 illum
1337 2543 1435 2572 rem
1464 2530 1726 2571 familiarem
1743 2531 1805 2590 *ob
1827 2533 2070 2585 sapientiae

1189 2594 1333 2635 studia
1376 2605 1561 2646 prorsus
1609 2593 1880 2646 neglexisse,
1931 2595 2071 2636 multo

1188 2657 1329 2708 magis
1366 2656 1568 2708 profecto
1606 2659 1649 2697 te
1686 2657 1962 2698 admiremur
1990 2669 2072 2698 ne-

1190 2730 1316 2760 cesse
1349 2721 1437 2768 est,
1480 2720 1554 2771 qui
1584 2720 1699 2758 inter
1728 2718 1864 2759 multa
1895 2721 2072 2771 negotia

1189 2781 1444 2822 necessaria
1475 2781 1683 2831 quidem,
1721 2780 1801 2820 sed
1846 2781 2072 2824 interdum

1190 2842 1457 2891 sordidiora,
1504 2843 1552 2881 ut
1593 2843 1663 2882 est
1699 2841 1953 2884 tabularum
1993 2856 2073 2885 ex-

1188 2905 1315 2956 pensi
1357 2905 1621 2955 acceptique
1666 2904 1908 2955 confectio,
1956 2906 2073 2946 inter

1189 2967 1393 3006 homines
1417 2968 1628 3017 quaestus
1649 2978 1701 3007 ac
1722 2966 2068 3020 lucrilcupidos,

1190 3027 1459 3080 quibuscum
1504 3039 1640 3080 saepe
1682 3029 1852 3070 versari
1901 3029 2069 3080 debes,

1190 3089 1473 3131 nihilominus
1503 3090 1810 3143 philosophiae
1842 3093 1885 3132 et
1915 3093 2072 3144 physi-

1191 3153 1251 3192 cis
1283 3152 1438 3193 studiis
1459 3163 1635 3193 vacas.»
1658 3177 1702 3182 —
1724 3155 1965 3206 Democriti]
1985 3154 2072 3194 Ab-

1191 3215 1384 3263 deritae,
1430 3214 1681 3267 philosophi
1724 3215 1916 3255 Eleatici.
1976 3217 2067 3257 Cic.

1191 3277 1247 3316 de
1278 3277 1398 3316 Finn.
1423 3278 1470 3325 5,
1504 3277 1576 3325 29,
1609 3278 1682 3317 87:
1716 3278 1800 3318 Cur
1819 3279 1904 3328 ipse
1922 3279 2072 3328 Pytha-

1190 3350 1320 3392 goras
1338 3363 1362 3369 —
1383 3363 1407 3369 -
1429 3344 1486 3379 tot
1513 3341 1657 3379 maria
1691 3340 1949 3380 transmisit?
1995 3352 2073 3381 cur

1190 3402 1292 3441 haec
1330 3402 1474 3441 eadem
1512 3401 1804 3441 Democritus?
1846 3403 1918 3451 qui
1960 3402 2072 3454 (vere

1189 3463 1367 3514 falsane,
1413 3475 1497 3503 non
1537 3463 1800 3516 quaeremus)
1841 3465 1995 3504 dicitur
2030 3475 2073 3506 se

251 3535 277 3562 a
308 3523 484 3562 Caesare
512 3523 668 3562 consuli
697 3533 823 3572 quam
863 3523 1123 3563 inaurari.
1160 3564 1162 3573 ὲ
1192 3525 1319 3563 oculis
1345 3526 1557 3575 privasse:
1597 3530 1724 3574 certe„
1757 3529 1802 3564 ut
1832 3537 1958 3576 quam
1986 3527 2070 3566 mi-
