2231 3787
858 246 955 285 LlB.
992 246 1019 284 1.
1083 246 1247 284 EPIST.
1283 246 1311 284 1.

1902 246 2002 297 373

248 376 492 447 Pupillis.
537 394 674 448 quos
715 376 850 430 dura
889 376 1084 447 premit
1123 375 1370 429 custodia
1411 384 1662 429 matrum:

247 479 335 532 Sic
374 478 501 531 mihi
542 479 693 532 tarda
731 478 901 532 ssuunt
939 479 1254 550 ingrataque
1297 486 1566 550 tempora,
1613 496 1753 549 quac
1783 498 1937 551 spem

251 580 656 653 Consiliumque
697 590 973 635 morantur
1012 581 1205 652 agendi
1247 581 1453 634 naviter
1492 580 1571 644 id,
1624 581 1770 653 quod

246 684 431 755 Aeque
479 683 812 755 pauperibus
852 683 1099 756 prodest,
1143 682 1504 755 locupletibus
1544 701 1743 755 aeque,
1935 686 2002 737 25

246 787 432 856 Aeque
475 785 775 856 neglectum
815 788 998 857 pueris
1039 786 1371 858 senibusque
1412 786 1654 841 nocebit:

283 928 350 969 ⁶24.
384 930 547 969 nui-iter
575 928 743 978 bS,LC:
777 930 972 981 quai-iter
1001 929 1207 982 dp,tFMO
1239 932 1283 970 et
1312 928 1551 971 Bentleius.
1580 954 1623 958 —
1649 931 1716 971 25.
1740 932 1955 983 locupleli-

230 991 302 1032 bus
331 997 456 1042 atque
487 992 626 1033 Codd.
662 992 828 1044 aliquot
858 992 1017 1033 nullius
1047 993 1317 1033 auctoritatis
1349 993 1468 1045 apud
1507 992 1750 1035 Obbarium
1773 996 1817 1034 et
1838 994 1947 1034 Edd.

231 1054 469 1095 nonnullae
501 1058 693 1096 vet-eres.

174 1173 418 1221 eiusmodi,
467 1175 513 1213 ut
553 1184 605 1213 ex
637 1185 713 1221 ea,
763 1174 845 1214 etsi
877 1174 1056 1213 diverso

173 1235 331 1284 modo,
366 1237 498 1275 etiam
519 1237 729 1287 Aristippi
761 1235 963 1288 discipuli
989 1237 1057 1275 vi-

174 1303 262 1340 tam
295 1299 518 1339 moderari
540 1299 779 1350 potuerint.
819 1300 952 1339 Recte
975 1300 1056 1350 igi—

172 1366 244 1402 tur
259 1363 346 1402 iam
365 1362 701 1402 Commentator
718 1362 924 1412 Cruquii:
952 1363 1058 1402 «Re-

170 1425 255 1466 bus
286 1427 387 1465 utor
417 1425 498 1472 ita,
531 1425 579 1463 ut
602 1425 664 1464 eis
687 1425 933 1476 imperem,
967 1436 1055 1465 non

172 1490 346 1536 autem,
380 1489 428 1527 ut
459 1488 522 1527 eis
546 1487 739 1527 serviam
771 1489 819 1527 ut
849 1499 1053 1528 avarus.»

171 1550 278 1590 Tota
299 1551 449 1589 autem
472 1549 540 1589 illa
562 1550 868 1601 interpretatio
891 1551 1052 1600 Stoica,

172 1613 241 1652 cui
272 1624 390 1653 nunc
421 1611 621 1664 plerique
654 1612 824 1661 favent,
872 1613 1053 1653 fluxisse

168 1675 345 1716 videtur
381 1687 435 1716 ex
472 1676 617 1716 Vossii
658 1677 1050 1727 interpretatione:

174 1739 364 1779 Tracht'
397 1739 471 1778 ich
499 1739 596 1778 mir
625 1739 787 1779 selber
807 1739 883 1778 die
907 1740 1051 1789 Well,

173 1802 319 1842 nicht
349 1803 440 1841 der
471 1802 602 1842 lVell
632 1802 766 1841 mich
802 1806 1055 1842 unterzu-

172 1865 362 1917 bieqeu.

226 1991 369 2031 6ΞΟ-Ξὸ.
402 2003 490 2031 noa:
510 1991 636 2044 lonqa
655 2013 704 2020 --
724 1992 890 2042 diesque
908 1993 1055 2043 Longa

169 2055 346 2104 videtur]
379 2054 590 2095 Eiusdem
610 2054 817 2094 vocabuli
847 2055 1053 2107 repetitio

170 2117 492 2168 impatientiam
509 2119 552 2156 et
567 2118 794 2167 amatoris,
815 2119 885 2157 cui
907 2116 1054 2169 puella

170 2180 440 2231 promissam
476 2180 654 2219 noctem
698 2191 787 2220 non
830 2182 1050 2231 praestat,

171 2243 215 2281 et
245 2241 435 2292 operarii
466 2240 594 2292 longe
626 2240 784 2282 melius
823 2243 1050 2294 exprimit,

171 2314 306 2355 quam
336 2303 490 2355 putida
531 2302 600 2342 illa
637 2304 823 2343 variatio
855 2305 1054 2356 lonast--

169 2367 313 2406 Lenta.
365 2368 415 2405 A.
440 2368 485 2405 P.
510 2366 611 2405 292:
646 2377 816 2405 carmen
837 2367 1055 2416 reprehen-

171 2430 272 2479 dite,
317 2430 426 2478 quod
466 2441 548 2468 non
575 2430 713 2469 Multa
742 2430 826 2469 (lies
855 2434 893 2469 el
920 2430 1054 2469 inulta

170 2492 301 2531 litura
340 2493 537 2531 coercuit.
586 2515 630 2520 ——
664 2503 767 2543 opus
805 2492 1051 2544 debentibus]

168 2555 434 2606 praesertim
457 2553 647 2604 ancillis,
678 2554 840 2606 quibus
862 2566 1053 2606 pensum

171 2616 381 2656 diurnum
403 2617 677 2667 assignatum
700 2620 781 2668 est,
810 2618 916 2657 item
937 2628 1053 2657 mer-

170 2680 358 2720 cenariis
380 2680 422 2719 in
444 2691 565 2730 opere
585 2680 767 2720 rustico
796 2703 840 2708 —
864 2681 1053 2720 custodia

169 2743 379 2792 matrum]
424 2742 566 2782 Probe
607 2744 720 2783 haec
751 2742 952 2783 custodia
983 2743 1051 2783 di-

170 2804 432 2855 stinguenda
465 2817 489 2844 a
520 2805 676 2854 tutela,
711 2817 826 2857 quae
848 2817 872 2845 a
903 2807 1053 2846 matri-

169 2865 253 2906 bus
284 2865 426 2906 aliena
457 2869 564 2907 erat.
627 2869 792 2908 Seneca
827 2868 883 2908 ad
913 2870 1046 2909 Marc.

162 2927 249 2982 ’ΞΜ
282 2929 467 2978 Pupillus
493 2930 660 2970 relictus
681 2930 808 2982 (filius
839 2932 955 2982 tuus)
978 2932 1050 2971 sub

170 2994 355 3030 tutorum
369 3003 475 3031 cura
488 3004 616 3043 usque
632 2995 688 3033 ad
704 2995 907 3035 decimum
923 3007 1052 3045 quar-

170 3057 258 3093 tum
288 3065 446 3093 annum
463 3055 544 3105 fuit
563 3087 570 3104 ,
602 3057 675 3095 sub
694 3058 844 3097 matris
862 3059 1050 3098 custodia

169 3127 348 3167 sempe1·‚·
390 3128 484 3156 cum
520 3117 687 3159 haberet
721 3131 815 3160 suos
849 3125 1046 3172 penates,

168 3179 402 3230 relinquere
421 3183 512 3219 tuos
531 3180 678 3220 uoluit.
738 3183 892 3233 Itaque
915 3184 1048 3224 etiam

171 3253 274 3283 cum
313 3243 368 3282 ad
403 3253 526 3282 suam
564 3243 737 3282 tutelam
768 3246 1051 3294 pervenisse-nl

172 3305 275 3355 (Cic.
309 3304 363 3344 de
396 3305 466 3344 Or.
494 3305 538 3353 «l,
573 3304 648 3353 39,
684 3306 793 3356 480.)
827 3307 919 3347 sive
949 3319 1050 3348 suae

171 3367 321 3408 tutelae
348 3368 449 3419 facli
480 3371 607 3407 essent
640 3368 752 3418 (Sen.
783 3369 918 3420 Epist.
944 3369 1046 3422 33.)‚

170 3431 462 3471 remanebant
491 3430 574 3471 sub
606 3433 799 3471 matrum
830 3432 1046 3483 custodia,

173 3503 327 3544 saepe,
361 3496 408 3534 ut
438 3495 613 3546 opinor,
649 3494 792 3535 donec
824 3494 879 3534 ab
912 3495 961 3535 iis
992 3508 1050 3537 se-

1120 1173 1369 1225 migrarent.
1408 1174 1510 1224 (Cic.
1536 1185 1617 1226 pro
1650 1174 1797 1214 Caelio
1829 1176 1878 1224 7,
1924 1176 2004 1225 48.)

1119 1237 1358 1275 Praeterea
1391 1247 1492 1275 cum
1524 1247 1626 1275 raro
1659 1236 1808 1285 fieret,
1848 1239 1895 1276 ut
1936 1239 2006 1276 tu-

1120 1299 1242 1337 tores
1294 1299 1377 1349 ipsi
1430 1297 1701 1350 pupillorum
1754 1300 2006 1339 educationi

1120 1372 1171 1401 ac
1204 1360 1460 1413 disciplinae
1493 1361 1769 1402 domesticae
1806 1362 2007 1413 invigila-

1118 1425 1239 1474 rent,
1266 1423 1650 1475 quemadmodum
1672 1425 1875 1465 fecerunt
1898 1427 2005 1465 Cato

1120 1488 1163 1526 et
1186 1487 1361 1536 Cicero,
1397 1485 1563 1526 Luculli
1594 1489 1719 1538 pueri
1742 1489 1911 1529 tutores
1935 1489 2004 1539 (de

1120 1551 1239 1590 Finn.
1265 1550 1314 1600 3,
1349 1550 1424 1600 2.),
1459 1561 1511 1589 ea
1544 1561 1650 1590 cura
1681 1552 1922 1603 praecipue
1949 1552 2006 1591 ad

1120 1615 1287 1653 matres
1336 1611 1605 1665 pertinebat.
1682 1614 1792 1654 Cod.
1832 1613 1926 1654 Lib.
1964 1616 2004 1654 5.

1118 1676 1196 1715 Tit.
1222 1675 1297 1724 49,
1324 1675 1338 1714 Ἰ
1362 1687 1368 1713 ;
1402 1675 1610 1714 Educatio
1636 1676 1896 1725 pupillorum
1919 1680 2007 1715 tuo-

1119 1749 1214 1777 rum
1243 1737 1346 1776 nulli
1375 1738 1511 1789 mayis
1533 1749 1660 1788 quam
1688 1739 1819 1777 matri
1841 1749 2000 1787 eorum,

1116 1802 1151 1840 si
1179 1813 1264 1840 non
1290 1801 1487 1840 vitricum
1516 1802 1573 1841 eis
1608 1801 1844 1852 inclutreril,
1891 1813 2006 1841 com-

1116 1864 1318 1903 mittenda
1358 1867 1428 1903 esl.
1504 1864 1580 1904 Est
1624 1864 1779 1915 igitur:
1828 1865 2006 1905 «Omnis

1118 1938 1259 1967 annus
1294 1927 1395 1978 (non
1427 1925 1596 1976 solum,
1639 1928 1687 1966 ut
1728 1926 1798 1966 alii
1827 1926 2002 1975 volunt,

1116 1987 1355 2041 pupillatus
1399 1988 1593 2040 ultimus)
1640 1988 2002 2030 adolescentibus

1116 2051 1291 2092 lascivis
1323 2051 1436 2092 solet
1464 2052 1605 2092 videri
1635 2051 1814 2103 longus,
1859 2053 2004 2093 donec

1117 2126 1304 2156 severae
1359 2116 1514 2155 matris
1566 2114 1796 2156 custodiae
1847 2115 1906 2167 (A
1922 2117 2005 2167 uf-

1117 2177 1274 2229 sicht)
1315 2178 1499 2218 tandem
1529 2189 1577 2218 se
1609 2177 1917 2219 subtrahant.»
1955 2202 1998 2207 —

1113 2240 1263 2293 fluunt]
1295 2241 1339 2280 h.
1362 2239 1390 2281 l.
1421 2241 1477 2280 de
1508 2239 1628 2281 lento
1658 2243 1802 2291 motu,
1844 2243 1893 2281 ut
1931 2243 2004 2280 Iu·-

1115 2313 1217 2342 ven.
1257 2303 1306 2351 7,
1354 2303 1430 2343 32:
1483 2304 1625 2355 defluit
1667 2308 1796 2343 aetas.
1844 2327 1889 2332 —
1932 2304 2000 2353 icl,

1117 2366 1226 2414 quod
1267 2366 1370 2415 cet]
1413 2377 1580 2406 «verae
1621 2367 1865 2417 sapientiae
1905 2368 2003 2406 stu-

1118 2426 1261 2475 dium,
1296 2427 1416 2478 quod
1447 2430 1567 2467 omni
1599 2428 1741 2468 ordini
1773 2431 1907 2479 atque
1931 2439 2004 2467 ae—

1116 2490 1192 2528 tati
1234 2500 1377 2540 aeque
1419 2490 1606 2541 prodest
1650 2493 1763 2531 cet.»
1816 2492 2002 2542 Propter

1114 2553 1206 2593 vim
1236 2554 1508 2603 sententiae,
1557 2565 1672 2605 quae
1713 2552 1878 2593 nullam
1920 2554 2002 2593 ad-

1114 2616 1246 2656 mittit
1276 2617 1612 2668 exceptionem,
1659 2618 1727 2657 ter
1764 2628 1896 2666 aeque
1924 2628 2001 2656 re-

1113 2679 1290 2730 petitur.
1367 2680 1574 2720 Similiter
1613 2680 1834 2731 Diogenes
1875 2680 1993 2731 apud

1113 2743 1236 2794 Diog.
1271 2744 1414 2782 La'ert.
1441 2743 1488 2793 6,
1522 2743 1598 2783 68:
1648 2740 1746 2795 Τὴν
1778 2740 1996 2783 παιδείαν

1113 2800 1215 2845 εἷπε
1262 2805 1502 2856 (Diogenes
1549 2806 1713 2858 Sinop.)
1758 2810 1861 2856 τοῖς
1905 2805 1995 2858 μὲν

1112 2868 1239 2918 νέοις
1270 2865 1623 2926 σωφροσύνην,
1665 2873 1767 2920 τοῖς
1802 2867 1853 2909 δὲ
1887 2880 1998 2926 πρε-

1113 2929 1367 2989 σβυτέροις
1389 2932 1718 2989 παραμυθίαν,
1736 2935 1839 2983 τοῖς
1854 2930 1905 2972 δὲ
1922 2933 1998 2972 πέ-

1111 3006 1225 3048 νησι
1254 2992 1463 3035 πλοῦτον
1482 3026 1492 3045 ,
1533 2999 1635 3046 τοῖς
1664 2994 1714 3036 δὲ
1745 2994 1998 3045 πλουσίοις

1112 3055 1303 3111 κόσμον
1324 3054 1460 3099 εἶναι.
1509 3059 1597 3099 Cfr.
1616 3059 1793 3111 Epicuri
1812 3070 1998 3111 praece-

1112 3122 1239 3173 ptum
1269 3121 1375 3163 ibid.
1409 3122 1480 3171 40,
1516 3122 1609 3162 422.
1648 3146 1691 3150 —
1732 3122 1999 3172 locupletibus

1113 3183 1263 3235 aeque]
1313 3183 1408 3224 Noli
1457 3183 1663 3227 dubitare
1709 3183 1764 3224 de
1810 3185 1996 3224 veritate

1113 3247 1243 3287 huius
1292 3246 1516 3297 lectionis,
1569 3258 1706 3298 quam
1756 3248 1874 3287 tecte
1915 3258 1997 3286 ne-

1112 3310 1205 3350 scio
1228 3309 1454 3360 quomodo
1477 3309 1749 3349 infirmatum
1771 3309 1847 3347 ivit
1867 3309 1995 3348 Hand

1113 3374 1237 3413 Turs.
1262 3374 1293 3412 I.
1317 3384 1361 3424 p.
1397 3372 1490 3413 494.
1539 3371 1648 3412 Nihil
1680 3374 1801 3411 certe
1833 3371 1904 3410 hic
1926 3371 1994 3411 in-

1111 3434 1259 3476 utilius
1304 3447 1357 3476 ac
1402 3434 1590 3475 debilius
1635 3444 1770 3485 quam
1813 3434 1995 3485 locuple-

1113 3498 1219 3538 tibus
1240 3502 1388 3548 atque,
1421 3498 1556 3548 Aeque
1577 3499 1661 3537 cet.
1707 3496 1830 3537 Conf.
1856 3498 1989 3538 Tacit.
