<?xml version="1.0" encoding="UTF-8"?>
<!DOCTYPE html PUBLIC "-//W3C//DTD XHTML 1.0 Transitional//EN"
    "http://www.w3.org/TR/xhtml1/DTD/xhtml1-transitional.dtd">
<html xmlns="http://www.w3.org/1999/xhtml" xml:lang="en" lang="en">
 <head>
  <title>
</title>
<meta http-equiv="Content-Type" content="text/html;charset=utf-8" />
  <meta name='ocr-system' content='tesseract 3.04.00' />
  <meta name='ocr-capabilities' content='ocr_page ocr_carea ocr_par ocr_line ocrx_word'/>
</head>
<body>
  <div class='ocr_page' id='page_1' title='image "./qhoratiusflaccus02horauoft_0024.png"; bbox 0 0 2231 3787; ppageno 0'>
   <div class='ocr_carea' id='block_1_1' title="bbox 212 177 1385 237">
    <p class='ocr_par' dir='ltr' id='par_1_1' title="bbox 212 177 1385 237">
     <span class='ocr_line' id='line_1_1' title="bbox 212 177 1385 237; baseline -0.018 0"><span class='ocrx_word' id='word_1_1' title='bbox 212 186 268 237; x_wconf 79' lang='grc'>11)</span> <span class='ocrx_word' id='word_1_2' title='bbox 842 179 1055 222; x_wconf 66' lang='lat' dir='ltr'>nonATn</span> <span class='ocrx_word' id='word_1_3' title='bbox 1086 177 1385 219; x_wconf 73' lang='lat' dir='ltr'>sATfflARuM</span> 
     </span>
    </p>
   </div>
   <div class='ocr_carea' id='block_1_2' title="bbox 272 305 1931 382">
    <p class='ocr_par' dir='ltr' id='par_1_2' title="bbox 272 305 1931 382">
     <span class='ocr_line' id='line_1_2' title="bbox 272 305 1931 382; baseline -0.01 -12"><span class='ocrx_word' id='word_1_4' title='bbox 272 320 568 371; x_wconf 86' lang='lat' dir='ltr'>Demoveat</span> <span class='ocrx_word' id='word_1_5' title='bbox 608 314 783 374; x_wconf 80' lang='lat' dir='ltr'>lucro,</span> <span class='ocrx_word' id='word_1_6' title='bbox 829 329 1005 382; x_wconf 84' lang='lat' dir='ltr'>neque</span> <span class='ocrx_word' id='word_1_7' title='bbox 1045 311 1241 371; x_wconf 63' lang='grc'><strong>11161113,</strong></span> <span class='ocrx_word' id='word_1_8' title='bbox 1288 307 1445 378; x_wconf 79' lang='lat' dir='ltr'>ignis,</span> <span class='ocrx_word' id='word_1_9' title='bbox 1490 322 1661 363; x_wconf 74' lang='lat' dir='ltr'>marc,</span> <span class='ocrx_word' id='word_1_10' title='bbox 1706 305 1931 356; x_wconf 78' lang='lat' dir='ltr'>serrum.</span> 
     </span>
    </p>
   </div>
   <div class='ocr_carea' id='block_1_3' title="bbox 272 408 1581 477">
    <p class='ocr_par' dir='ltr' id='par_1_3' title="bbox 272 408 1581 477">
     <span class='ocr_line' id='line_1_3' title="bbox 272 408 1581 477; baseline -0.01 -5"><span class='ocrx_word' id='word_1_11' title='bbox 272 419 351 472; x_wconf 83' lang='lat' dir='ltr'>Nil</span> <span class='ocrx_word' id='word_1_12' title='bbox 392 417 569 472; x_wconf 86' lang='lat' dir='ltr'>obstet</span> <span class='ocrx_word' id='word_1_13' title='bbox 606 415 723 477; x_wconf 83' lang='lat' dir='ltr'>tibi,</span> <span class='ocrx_word' id='word_1_14' title='bbox 766 415 895 467; x_wconf 89' lang='lat' dir='ltr'>dum</span> <span class='ocrx_word' id='word_1_15' title='bbox 933 430 1000 466; x_wconf 93' lang='lat' dir='ltr'>ne</span> <span class='ocrx_word' id='word_1_16' title='bbox 1041 412 1108 465; x_wconf 85' lang='lat' dir='ltr'>sit</span> <span class='ocrx_word' id='word_1_17' title='bbox 1144 420 1196 464; x_wconf 88' lang='lat' dir='ltr'>te</span> <span class='ocrx_word' id='word_1_18' title='bbox 1236 410 1395 463; x_wconf 88' lang='lat' dir='ltr'>ditior</span> <span class='ocrx_word' id='word_1_19' title='bbox 1434 408 1581 461; x_wconf 90' lang='lat' dir='ltr'>alter.</span> 
     </span>
    </p>
   </div>
   <div class='ocr_carea' id='block_1_4' title="bbox 1960 405 2027 458">
    <p class='ocr_par' dir='ltr' id='par_1_4' title="bbox 1960 405 2027 458">
     <span class='ocr_line' id='line_1_4' title="bbox 1960 405 2027 458; baseline -0.015 0"><span class='ocrx_word' id='word_1_20' title='bbox 1960 405 2027 458; x_wconf 75' lang='lat'>40</span> 
     </span>
    </p>
   </div>
   <div class='ocr_carea' id='block_1_5' title="bbox 274 509 1796 585">
    <p class='ocr_par' dir='ltr' id='par_1_5' title="bbox 274 509 1796 585">
     <span class='ocr_line' id='line_1_5' title="bbox 274 509 1796 585; baseline -0.009 -11"><span class='ocrx_word' id='word_1_21' title='bbox 274 520 415 585; x_wconf 83' lang='lat' dir='ltr'>Quid</span> <span class='ocrx_word' id='word_1_22' title='bbox 457 520 600 572; x_wconf 78' lang='lat' dir='ltr'>iuvat</span> <span class='ocrx_word' id='word_1_23' title='bbox 638 519 959 570; x_wconf 87' lang='lat' dir='ltr'>immensum</span> <span class='ocrx_word' id='word_1_24' title='bbox 1000 523 1051 568; x_wconf 88' lang='lat' dir='ltr'>te</span> <span class='ocrx_word' id='word_1_25' title='bbox 1091 514 1297 583; x_wconf 77' lang='lat' dir='ltr'>argenti</span> <span class='ocrx_word' id='word_1_26' title='bbox 1336 510 1550 582; x_wconf 86' lang='lat' dir='ltr'>pondus</span> <span class='ocrx_word' id='word_1_27' title='bbox 1591 518 1643 563; x_wconf 90' lang='lat' dir='ltr'>et</span> <span class='ocrx_word' id='word_1_28' title='bbox 1682 509 1796 561; x_wconf 86' lang='lat' dir='ltr'>auri</span> 
     </span>
    </p>
   </div>
   <div class='ocr_carea' id='block_1_6' title="bbox 274 612 1556 686">
    <p class='ocr_par' dir='ltr' id='par_1_6' title="bbox 274 612 1556 686">
     <span class='ocr_line' id='line_1_6' title="bbox 274 612 1556 686; baseline -0.008 -12"><span class='ocrx_word' id='word_1_29' title='bbox 274 621 473 675; x_wconf 87' lang='lat' dir='ltr'>Furtim</span> <span class='ocrx_word' id='word_1_30' title='bbox 514 620 735 673; x_wconf 88' lang='lat' dir='ltr'>defossa</span> <span class='ocrx_word' id='word_1_31' title='bbox 772 617 1016 671; x_wconf 86' lang='lat' dir='ltr'>timidum</span> <span class='ocrx_word' id='word_1_32' title='bbox 1056 615 1334 686; x_wconf 73' lang='lat' dir='ltr'>deponere</span> <span class='ocrx_word' id='word_1_33' title='bbox 1374 612 1556 667; x_wconf 86' lang='lat' dir='ltr'>terra?</span> 
     </span>
    </p>
   </div>
   <div class='ocr_carea' id='block_1_7' title="bbox 274 714 1776 788">
    <p class='ocr_par' dir='ltr' id='par_1_7' title="bbox 274 714 1776 788">
     <span class='ocr_line' id='line_1_7' title="bbox 274 714 1776 788; baseline -0.007 -12"><span class='ocrx_word' id='word_1_34' title='bbox 274 723 433 788; x_wconf 87' lang='lat' dir='ltr'>Quod</span> <span class='ocrx_word' id='word_1_35' title='bbox 473 723 517 775; x_wconf 87' lang='lat' dir='ltr'>si</span> <span class='ocrx_word' id='word_1_36' title='bbox 556 721 916 778; x_wconf 84' lang='lat' dir='ltr'>comminuas,</span> <span class='ocrx_word' id='word_1_37' title='bbox 958 717 1118 771; x_wconf 79' lang='lat' dir='ltr'>vilem</span> <span class='ocrx_word' id='word_1_38' title='bbox 1158 716 1434 786; x_wconf 76' lang='lat' dir='ltr'>redigatur</span> <span class='ocrx_word' id='word_1_39' title='bbox 1473 714 1541 767; x_wconf 85' lang='lat' dir='ltr'>ad</span> <span class='ocrx_word' id='word_1_40' title='bbox 1581 730 1776 767; x_wconf 87' lang='lat' dir='ltr'>assem.</span> 
     </span>
    </p>
   </div>
   <div class='ocr_carea' id='block_1_8' title="bbox 273 817 1984 892">
    <p class='ocr_par' dir='ltr' id='par_1_8' title="bbox 273 817 1984 892">
     <span class='ocr_line' id='line_1_8' title="bbox 273 817 1984 892; baseline -0.006 -14"><span class='ocrx_word' id='word_1_41' title='bbox 273 827 359 888; x_wconf 81' lang='lat' dir='ltr'>At,</span> <span class='ocrx_word' id='word_1_42' title='bbox 402 825 452 876; x_wconf 92' lang='lat' dir='ltr'>ni</span> <span class='ocrx_word' id='word_1_43' title='bbox 494 823 547 876; x_wconf 87' lang='lat' dir='ltr'>id</span> <span class='ocrx_word' id='word_1_44' title='bbox 584 823 664 884; x_wconf 87' lang='lat' dir='ltr'>fit,</span> <span class='ocrx_word' id='word_1_45' title='bbox 707 821 839 892; x_wconf 82' lang='lat' dir='ltr'>quid</span> <span class='ocrx_word' id='word_1_46' title='bbox 886 820 1049 874; x_wconf 86' lang='lat' dir='ltr'>habet</span> <span class='ocrx_word' id='word_1_47' title='bbox 1085 817 1294 889; x_wconf 80' lang='lat' dir='ltr'>pulchri</span> <span class='ocrx_word' id='word_1_48' title='bbox 1336 824 1675 871; x_wconf 86' lang='lat' dir='ltr'>constructus</span> <span class='ocrx_word' id='word_1_49' title='bbox 1715 817 1984 870; x_wconf 76' lang='lat' dir='ltr'>acervus?</span> 
     </span>
    </p>
   </div>
   <div class='ocr_carea' id='block_1_9' title="bbox 275 922 1529 979">
    <p class='ocr_par' dir='ltr' id='par_1_9' title="bbox 275 922 1529 979">
     <span class='ocr_line' id='line_1_9' title="bbox 275 922 1529 979; baseline -0.007 0"><span class='ocrx_word' id='word_1_50' title='bbox 275 927 415 979; x_wconf 84' lang='lat' dir='ltr'>Milia</span> <span class='ocrx_word' id='word_1_51' title='bbox 454 925 701 978; x_wconf 82' lang='lat' dir='ltr'>frumenti</span> <span class='ocrx_word' id='word_1_52' title='bbox 743 932 831 976; x_wconf 90' lang='lat' dir='ltr'>tua</span> <span class='ocrx_word' id='word_1_53' title='bbox 871 922 1076 975; x_wconf 83' lang='lat' dir='ltr'>triverit</span> <span class='ocrx_word' id='word_1_54' title='bbox 1115 937 1243 973; x_wconf 87' lang='lat' dir='ltr'>area</span> <span class='ocrx_word' id='word_1_55' title='bbox 1282 927 1529 979; x_wconf 83' lang='lat' dir='ltr'>centum,</span> 
     </span>
    </p>
   </div>
   <div class='ocr_carea' id='block_1_10' title="bbox 1967 919 2033 970">
    <p class='ocr_par' dir='ltr' id='par_1_10' title="bbox 1967 919 2033 970">
     <span class='ocr_line' id='line_1_10' title="bbox 1967 919 2033 970; baseline -0.015 0"><span class='ocrx_word' id='word_1_56' title='bbox 1967 919 2033 970; x_wconf 72' lang='lat'>43</span> 
     </span>
    </p>
   </div>
   <div class='ocr_carea' id='block_1_11' title="bbox 274 1021 1783 1096">
    <p class='ocr_par' dir='ltr' id='par_1_11' title="bbox 274 1021 1783 1096">
     <span class='ocr_line' id='line_1_11' title="bbox 274 1021 1783 1096; baseline -0.005 -14"><span class='ocrx_word' id='word_1_57' title='bbox 274 1031 387 1082; x_wconf 90' lang='lat' dir='ltr'>Non</span> <span class='ocrx_word' id='word_1_58' title='bbox 428 1037 551 1080; x_wconf 86' lang='lat' dir='ltr'>tuus</span> <span class='ocrx_word' id='word_1_59' title='bbox 578 1026 681 1079; x_wconf 90' lang='lat' dir='ltr'>hoc</span> <span class='ocrx_word' id='word_1_60' title='bbox 720 1024 897 1096; x_wconf 86' lang='lat' dir='ltr'>capiet</span> <span class='ocrx_word' id='word_1_61' title='bbox 935 1032 1122 1077; x_wconf 88' lang='lat' dir='ltr'>venter</span> <span class='ocrx_word' id='word_1_62' title='bbox 1159 1021 1280 1093; x_wconf 90' lang='lat' dir='ltr'>plus</span> <span class='ocrx_word' id='word_1_63' title='bbox 1321 1039 1382 1075; x_wconf 90' lang='lat' dir='ltr'>ac</span> <span class='ocrx_word' id='word_1_64' title='bbox 1422 1038 1603 1085; x_wconf 72' lang='lat' dir='ltr'>meus,</span> <span class='ocrx_word' id='word_1_65' title='bbox 1646 1030 1702 1074; x_wconf 91' lang='lat' dir='ltr'>ut</span> <span class='ocrx_word' id='word_1_66' title='bbox 1740 1021 1783 1074; x_wconf 87' lang='lat' dir='ltr'>si</span> 
     </span>
    </p>
   </div>
   <div class='ocr_carea' id='block_1_12' title="bbox 258 1156 1980 1336">
    <p class='ocr_par' dir='ltr' id='par_1_12' title="bbox 258 1156 1980 1336">
     <span class='ocr_line' id='line_1_12' title="bbox 314 1156 1980 1211; baseline -0.005 -8"><span class='ocrx_word' id='word_1_67' title='bbox 314 1164 378 1203; x_wconf 79' lang='lat'>39.</span> <span class='ocrx_word' id='word_1_68' title='bbox 427 1163 649 1202; x_wconf 75' lang='lat' dir='ltr'>Dtmoveal</span> <span class='ocrx_word' id='word_1_69' title='bbox 685 1160 743 1200; x_wconf 87' lang='lat' dir='ltr'>Sd</span> <span class='ocrx_word' id='word_1_70' title='bbox 775 1161 877 1211; x_wconf 87' lang='lat' dir='ltr'>(non</span> <span class='ocrx_word' id='word_1_71' title='bbox 913 1159 1067 1211; x_wconf 84' lang='lat' dir='ltr'>Bbcp).</span> <span class='ocrx_word' id='word_1_72' title='bbox 1104 1181 1150 1188; x_wconf 93' lang='lat'>—</span> <span class='ocrx_word' id='word_1_73' title='bbox 1183 1170 1257 1198; x_wconf 71' lang='lat' dir='ltr'>nec</span> <span class='ocrx_word' id='word_1_74' title='bbox 1296 1159 1423 1198; x_wconf 73' lang='lat' dir='ltr'>hiems</span> <span class='ocrx_word' id='word_1_75' title='bbox 1464 1157 1603 1197; x_wconf 87' lang='lat' dir='ltr'>Bentl.</span> <span class='ocrx_word' id='word_1_76' title='bbox 1641 1180 1685 1185; x_wconf 89' lang='lat'>—-</span> <span class='ocrx_word' id='word_1_77' title='bbox 1719 1156 1785 1198; x_wconf 80' lang='lat'>40.</span> <span class='ocrx_word' id='word_1_78' title='bbox 1819 1158 1871 1196; x_wconf 75' lang='lat' dir='ltr'>sil</span> <span class='ocrx_word' id='word_1_79' title='bbox 1909 1157 1980 1196; x_wconf 72' lang='lat' dir='ltr'>tibi</span> 
     </span>
     <span class='ocr_line' id='line_1_13' title="bbox 258 1220 1975 1279; baseline -0.004 -14"><span class='ocrx_word' id='word_1_80' title='bbox 258 1240 322 1279; x_wconf 87' lang='lat' dir='ltr'>pr.</span> <span class='ocrx_word' id='word_1_81' title='bbox 359 1228 399 1265; x_wconf 86' lang='lat' dir='ltr'>S.</span> <span class='ocrx_word' id='word_1_82' title='bbox 438 1248 482 1253; x_wconf 84' lang='lat'><em>-</em></span> <span class='ocrx_word' id='word_1_83' title='bbox 517 1224 582 1264; x_wconf 74' lang='lat'>43.</span> <span class='ocrx_word' id='word_1_84' title='bbox 619 1224 772 1274; x_wconf 71' lang='lat' dir='ltr'>Quodsi</span> <span class='ocrx_word' id='word_1_85' title='bbox 802 1223 924 1262; x_wconf 79' lang='lat' dir='ltr'>latin.</span> <span class='ocrx_word' id='word_1_86' title='bbox 963 1247 1007 1250; x_wconf 97' lang='lat'><strong>—</strong></span> <span class='ocrx_word' id='word_1_87' title='bbox 1041 1221 1108 1262; x_wconf 79' lang='lat'>46.</span> <span class='ocrx_word' id='word_1_88' title='bbox 1132 1221 1195 1273; x_wconf 83' lang='lat' dir='ltr'>ac]</span> <span class='ocrx_word' id='word_1_89' title='bbox 1230 1234 1356 1271; x_wconf 78' lang='lat' dir='ltr'>quam</span> <span class='ocrx_word' id='word_1_90' title='bbox 1388 1222 1567 1270; x_wconf 78' lang='lat' dir='ltr'>hc,LCt.</span> <span class='ocrx_word' id='word_1_91' title='bbox 1604 1223 1667 1272; x_wconf 82' lang='lat' dir='ltr'>(Ut</span> <span class='ocrx_word' id='word_1_92' title='bbox 1698 1232 1800 1268; x_wconf 87' lang='lat' dir='ltr'>nos,</span> <span class='ocrx_word' id='word_1_93' title='bbox 1834 1220 1975 1272; x_wconf 86' lang='lat' dir='ltr'>BSdp,</span> 
     </span>
     <span class='ocr_line' id='line_1_14' title="bbox 259 1284 1443 1336; baseline -0.004 -7"><span class='ocrx_word' id='word_1_94' title='bbox 259 1290 347 1329; x_wconf 88' lang='lat' dir='ltr'>duo</span> <span class='ocrx_word' id='word_1_95' title='bbox 384 1287 667 1335; x_wconf 86' lang='lat' dir='ltr'>Bersmanni,</span> <span class='ocrx_word' id='word_1_96' title='bbox 713 1284 776 1334; x_wconf 69' lang='grc' dir='ltr'>βκ</span> <span class='ocrx_word' id='word_1_97' title='bbox 808 1286 880 1325; x_wconf 84' lang='lat' dir='ltr'>«et</span> <span class='ocrx_word' id='word_1_98' title='bbox 915 1286 1016 1324; x_wconf 89' lang='lat' dir='ltr'>octo</span> <span class='ocrx_word' id='word_1_99' title='bbox 1047 1288 1282 1336; x_wconf 86' lang='lat' dir='ltr'>praeterea</span> <span class='ocrx_word' id='word_1_100' title='bbox 1314 1284 1443 1335; x_wconf 54' lang='lat' dir='ltr'>alit»)</span> 
     </span>
    </p>
   </div>
   <div class='ocr_carea' id='block_1_13' title="bbox 209 1400 2038 1458">
    <p class='ocr_par' dir='ltr' id='par_1_13' title="bbox 209 1400 2038 1458">
     <span class='ocr_line' id='line_1_15' title="bbox 209 1400 2038 1458; baseline -0.003 -13"><span class='ocrx_word' id='word_1_101' title='bbox 209 1430 251 1435; x_wconf 78' lang='lat'>—</span> <span class='ocrx_word' id='word_1_102' title='bbox 285 1407 415 1458; x_wconf 70' lang='grc'><strong>191113,</strong></span> <span class='ocrx_word' id='word_1_103' title='bbox 460 1416 601 1454; x_wconf 54' lang='lat' dir='ltr'>qnare,</span> <span class='ocrx_word' id='word_1_104' title='bbox 647 1403 821 1455; x_wconf 78' lang='lat' dir='ltr'>ferrum]</span> <span class='ocrx_word' id='word_1_105' title='bbox 856 1404 931 1442; x_wconf 86' lang='lat' dir='ltr'>Est</span> <span class='ocrx_word' id='word_1_106' title='bbox 971 1405 1087 1442; x_wconf 88' lang='lat' dir='ltr'>tam-</span> <span class='ocrx_word' id='word_1_107' title='bbox 1153 1404 1200 1452; x_wconf 82' lang='lat'>8,</span> <span class='ocrx_word' id='word_1_108' title='bbox 1236 1403 1309 1444; x_wconf 72' lang='lat'>42:</span> <span class='ocrx_word' id='word_1_109' title='bbox 1354 1405 1482 1453; x_wconf 74' lang='lat' dir='ltr'>thue</span> <span class='ocrx_word' id='word_1_110' title='bbox 1511 1403 1598 1453; x_wconf 68' lang='lat' dir='ltr'>lupi</span> <span class='ocrx_word' id='word_1_111' title='bbox 1628 1400 2038 1441; x_wconf 63' lang='lat' dir='ltr'>barbani--Abdl-</span> 
     </span>
    </p>
   </div>
   <div class='ocr_carea' id='block_1_14' title="bbox 204 1464 1099 3473">
    <p class='ocr_par' dir='ltr' id='par_1_14' title="bbox 204 1464 1094 2280">
     <span class='ocr_line' id='line_1_16' title="bbox 205 1464 1083 1520; baseline -0.005 -12"><span class='ocrx_word' id='word_1_112' title='bbox 205 1479 342 1520; x_wconf 87' lang='lat' dir='ltr'>quam</span> <span class='ocrx_word' id='word_1_113' title='bbox 372 1467 688 1520; x_wconf 79' lang='lat' dir='ltr'>proverqum,</span> <span class='ocrx_word' id='word_1_114' title='bbox 735 1469 784 1506; x_wconf 89' lang='lat' dir='ltr'>ut</span> <span class='ocrx_word' id='word_1_115' title='bbox 823 1468 910 1505; x_wconf 80' lang='lat' dir='ltr'>Sat.</span> <span class='ocrx_word' id='word_1_116' title='bbox 946 1467 991 1515; x_wconf 97' lang='grc'>4,</span> <span class='ocrx_word' id='word_1_117' title='bbox 1039 1464 1083 1514; x_wconf 77' lang='grc'>4,</span> 
     </span>
     <span class='ocr_line' id='line_1_17' title="bbox 204 1528 1084 1583; baseline -0.006 -11"><span class='ocrx_word' id='word_1_118' title='bbox 204 1534 271 1573; x_wconf 69' lang='grc'>29.</span> <span class='ocrx_word' id='word_1_119' title='bbox 295 1533 405 1583; x_wconf 84' lang='lat' dir='ltr'>Epp.</span> <span class='ocrx_word' id='word_1_120' title='bbox 432 1532 477 1579; x_wconf 84' lang='grc'>4,</span> <span class='ocrx_word' id='word_1_121' title='bbox 513 1532 558 1579; x_wconf 93' lang='grc'>4,</span> <span class='ocrx_word' id='word_1_122' title='bbox 592 1529 658 1570; x_wconf 84' lang='grc'>4-6.</span> <span class='ocrx_word' id='word_1_123' title='bbox 722 1528 800 1569; x_wconf 90' lang='lat' dir='ltr'>Od.</span> <span class='ocrx_word' id='word_1_124' title='bbox 826 1529 875 1577; x_wconf 87' lang='lat'>3,</span> <span class='ocrx_word' id='word_1_125' title='bbox 908 1528 983 1577; x_wconf 72' lang='lat'>⁶24,</span> <span class='ocrx_word' id='word_1_126' title='bbox 1018 1528 1084 1567; x_wconf 82' lang='lat'>36.</span> 
     </span>
     <span class='ocr_line' id='line_1_18' title="bbox 206 1595 1090 1646; baseline -0.006 -9"><span class='ocrx_word' id='word_1_127' title='bbox 206 1597 328 1638; x_wconf 62' lang='lat' dir='ltr'>Ox‘id.</span> <span class='ocrx_word' id='word_1_128' title='bbox 353 1598 454 1636; x_wconf 86' lang='lat' dir='ltr'>Met.</span> <span class='ocrx_word' id='word_1_129' title='bbox 479 1597 528 1643; x_wconf 84' lang='lat'>8,</span> <span class='ocrx_word' id='word_1_130' title='bbox 562 1595 639 1634; x_wconf 78' lang='lat'>76:</span> <span class='ocrx_word' id='word_1_131' title='bbox 671 1595 734 1635; x_wconf 75' lang='lat' dir='ltr'>ire</span> <span class='ocrx_word' id='word_1_132' title='bbox 759 1605 836 1644; x_wconf 79' lang='lat' dir='ltr'>per</span> <span class='ocrx_word' id='word_1_133' title='bbox 857 1595 990 1646; x_wconf 64' lang='lat' dir='ltr'>ignes,</span> <span class='ocrx_word' id='word_1_134' title='bbox 1013 1595 1090 1633; x_wconf 83' lang='lat' dir='ltr'>Per</span> 
     </span>
     <span class='ocr_line' id='line_1_19' title="bbox 205 1655 1085 1711; baseline -0.005 -13"><span class='ocrx_word' id='word_1_135' title='bbox 205 1659 367 1711; x_wconf 67' lang='lat' dir='ltr'>yladlos</span> <span class='ocrx_word' id='word_1_136' title='bbox 396 1658 547 1697; x_wconf 75' lang='lat' dir='ltr'>ausim.</span> <span class='ocrx_word' id='word_1_137' title='bbox 608 1655 786 1708; x_wconf 86' lang='lat' dir='ltr'>Eupolis</span> <span class='ocrx_word' id='word_1_138' title='bbox 808 1667 877 1707; x_wconf 88' lang='lat' dir='ltr'>ap.</span> <span class='ocrx_word' id='word_1_139' title='bbox 898 1656 1085 1696; x_wconf 85' lang='lat' dir='ltr'>Meinek.</span> 
     </span>
     <span class='ocr_line' id='line_1_20' title="bbox 207 1718 1085 1771; baseline -0.005 -9"><span class='ocrx_word' id='word_1_140' title='bbox 207 1724 273 1762; x_wconf 84' lang='lat' dir='ltr'>Fr.</span> <span class='ocrx_word' id='word_1_141' title='bbox 310 1722 435 1761; x_wconf 89' lang='lat' dir='ltr'>Com.</span> <span class='ocrx_word' id='word_1_142' title='bbox 470 1721 520 1759; x_wconf 89' lang='lat'>11.</span> <span class='ocrx_word' id='word_1_143' title='bbox 555 1731 597 1771; x_wconf 92' lang='lat' dir='ltr'>p.</span> <span class='ocrx_word' id='word_1_144' title='bbox 631 1718 725 1759; x_wconf 71' lang='lat'>487.</span> <span class='ocrx_word' id='word_1_145' title='bbox 785 1719 877 1770; x_wconf 88' lang='lat' dir='ltr'>(Ed.</span> <span class='ocrx_word' id='word_1_146' title='bbox 902 1720 1007 1758; x_wconf 86' lang='lat' dir='ltr'>min.</span> <span class='ocrx_word' id='word_1_147' title='bbox 1042 1730 1085 1770; x_wconf 88' lang='lat' dir='ltr'>p.</span> 
     </span>
     <span class='ocr_line' id='line_1_21' title="bbox 209 1782 1090 1844; baseline -0.003 -15"><span class='ocrx_word' id='word_1_148' title='bbox 209 1788 318 1838; x_wconf 83' lang='grc'>485.)</span> <span class='ocrx_word' id='word_1_149' title='bbox 352 1788 408 1828; x_wconf 89' lang='lat' dir='ltr'>de</span> <span class='ocrx_word' id='word_1_150' title='bbox 443 1786 694 1827; x_wconf 80' lang='lat' dir='ltr'>adulatore:</span> <span class='ocrx_word' id='word_1_151' title='bbox 739 1782 805 1827; x_wconf 82' lang='grc' dir='ltr'>Οὐ</span> <span class='ocrx_word' id='word_1_152' title='bbox 837 1783 945 1844; x_wconf 71' lang='grc' dir='ltr'>πῦρ,</span> <span class='ocrx_word' id='word_1_153' title='bbox 979 1782 1090 1827; x_wconf 80' lang='grc' dir='ltr'><em>οὐδὲ</em></span> 
     </span>
     <span class='ocr_line' id='line_1_22' title="bbox 209 1846 1089 1908; baseline -0.005 -17"><span class='ocrx_word' id='word_1_154' title='bbox 209 1849 421 1908; x_wconf 73' lang='grc' dir='ltr'>σίδηρος,</span> <span class='ocrx_word' id='word_1_155' title='bbox 451 1846 562 1891; x_wconf 77' lang='grc' dir='ltr'><em>οὐδὲ</em></span> <span class='ocrx_word' id='word_1_156' title='bbox 582 1846 764 1900; x_wconf 74' lang='grc' dir='ltr'><em>χαλκὸς</em></span> <span class='ocrx_word' id='word_1_157' title='bbox 785 1846 998 1908; x_wconf 71' lang='grc' dir='ltr'>ἀπείργει</span> <span class='ocrx_word' id='word_1_158' title='bbox 1019 1846 1089 1902; x_wconf 72' lang='grc' dir='ltr'>μὴ</span> 
     </span>
     <span class='ocr_line' id='line_1_23' title="bbox 207 1909 1088 1968; baseline 0.001 -17"><span class='ocrx_word' id='word_1_159' title='bbox 207 1909 387 1968; x_wconf 74' lang='grc' dir='ltr'><em>φοιτᾷν</em></span> <span class='ocrx_word' id='word_1_160' title='bbox 407 1912 484 1953; x_wconf 61' lang='grc' dir='ltr'>ἐπεὶ</span> <span class='ocrx_word' id='word_1_161' title='bbox 505 1912 713 1952; x_wconf 69' lang='grc' dir='ltr'>δεῖπνον.</span> <span class='ocrx_word' id='word_1_162' title='bbox 748 1915 896 1966; x_wconf 88' lang='lat' dir='ltr'>Eurip.</span> <span class='ocrx_word' id='word_1_163' title='bbox 923 1915 1088 1954; x_wconf 87' lang='lat' dir='ltr'>Phoen.</span> 
     </span>
     <span class='ocr_line' id='line_1_24' title="bbox 207 1972 1090 2033; baseline -0.005 -15"><span class='ocrx_word' id='word_1_164' title='bbox 207 1979 281 2018; x_wconf 72' lang='lat'>524</span> <span class='ocrx_word' id='word_1_165' title='bbox 305 1990 311 2016; x_wconf 82' lang='lat' dir='ltr'>z</span> <span class='ocrx_word' id='word_1_166' title='bbox 345 1973 478 2033; x_wconf 75' lang='grc' dir='ltr'><strong><em>Πρὸς</em></strong></span> <span class='ocrx_word' id='word_1_167' title='bbox 509 1972 635 2016; x_wconf 80' lang='grc' dir='ltr'><em>ταῦτ’</em></span> <span class='ocrx_word' id='word_1_168' title='bbox 655 1973 737 2015; x_wconf 73' lang='grc' dir='ltr'>ἴτω</span> <span class='ocrx_word' id='word_1_169' title='bbox 763 1975 853 2029; x_wconf 76' lang='grc' dir='ltr'>μὲν</span> <span class='ocrx_word' id='word_1_170' title='bbox 875 1974 983 2032; x_wconf 70' lang='grc' dir='ltr'>πῦρ,</span> <span class='ocrx_word' id='word_1_171' title='bbox 1008 1974 1090 2016; x_wconf 73' lang='grc' dir='ltr'>ἰ”τω</span> 
     </span>
     <span class='ocr_line' id='line_1_25' title="bbox 208 2037 1092 2093; baseline -0.001 -14"><span class='ocrx_word' id='word_1_172' title='bbox 208 2039 258 2080; x_wconf 76' lang='grc' dir='ltr'>δὲ</span> <span class='ocrx_word' id='word_1_173' title='bbox 302 2037 548 2093; x_wconf 72' lang='grc' dir='ltr'>φάσγανα.</span> <span class='ocrx_word' id='word_1_174' title='bbox 594 2061 638 2067; x_wconf 97' lang='grc'><strong>-</strong></span> <span class='ocrx_word' id='word_1_175' title='bbox 679 2039 800 2091; x_wconf 75' lang='lat' dir='ltr'>aller]</span> <span class='ocrx_word' id='word_1_176' title='bbox 846 2042 894 2079; x_wconf 89' lang='lat' dir='ltr'>ut</span> <span class='ocrx_word' id='word_1_177' title='bbox 937 2040 1092 2080; x_wconf 81' lang='lat' dir='ltr'>Graeci</span> 
     </span>
     <span class='ocr_line' id='line_1_26' title="bbox 210 2099 1094 2156; baseline -0.001 -12"><span class='ocrx_word' id='word_1_178' title='bbox 210 2099 236 2144; x_wconf 83' lang='grc' dir='ltr'><em>ὁ</em></span> <span class='ocrx_word' id='word_1_179' title='bbox 259 2103 488 2156; x_wconf 72' lang='grc' dir='ltr'>πλησίον,</span> <span class='ocrx_word' id='word_1_180' title='bbox 524 2104 806 2155; x_wconf 77' lang='lat' dir='ltr'>«quicunque</span> <span class='ocrx_word' id='word_1_181' title='bbox 839 2104 915 2144; x_wconf 84' lang='lat' dir='ltr'>tibi</span> <span class='ocrx_word' id='word_1_182' title='bbox 946 2105 1094 2156; x_wconf 72' lang='lat' dir='ltr'>proxi-</span> 
     </span>
     <span class='ocr_line' id='line_1_27' title="bbox 209 2169 1090 2218; baseline 0 -12"><span class='ocrx_word' id='word_1_183' title='bbox 209 2178 310 2207; x_wconf 87' lang='lat' dir='ltr'>mus</span> <span class='ocrx_word' id='word_1_184' title='bbox 341 2169 409 2207; x_wconf 87' lang='lat' dir='ltr'>est</span> <span class='ocrx_word' id='word_1_185' title='bbox 439 2170 484 2206; x_wconf 91' lang='lat' dir='ltr'>et</span> <span class='ocrx_word' id='word_1_186' title='bbox 513 2178 709 2217; x_wconf 87' lang='lat' dir='ltr'>quocum</span> <span class='ocrx_word' id='word_1_187' title='bbox 741 2170 782 2206; x_wconf 84' lang='lat' dir='ltr'>te</span> <span class='ocrx_word' id='word_1_188' title='bbox 811 2179 1090 2218; x_wconf 77' lang='lat' dir='ltr'>comparas.»</span> 
     </span>
     <span class='ocr_line' id='line_1_28' title="bbox 211 2229 818 2280; baseline -0.002 -10"><span class='ocrx_word' id='word_1_189' title='bbox 211 2230 335 2270; x_wconf 88' lang='lat' dir='ltr'>Conf.</span> <span class='ocrx_word' id='word_1_190' title='bbox 370 2229 427 2269; x_wconf 89' lang='lat' dir='ltr'>ad</span> <span class='ocrx_word' id='word_1_191' title='bbox 458 2231 566 2280; x_wconf 84' lang='lat' dir='ltr'>Epp.</span> <span class='ocrx_word' id='word_1_192' title='bbox 592 2231 638 2278; x_wconf 90' lang='grc'>4,</span> <span class='ocrx_word' id='word_1_193' title='bbox 673 2231 717 2276; x_wconf 84' lang='grc'>6,</span> <span class='ocrx_word' id='word_1_194' title='bbox 752 2230 818 2269; x_wconf 76' lang='lat'>32.</span> 
     </span>
    </p>

    <p class='ocr_par' dir='ltr' id='par_1_15' title="bbox 211 2290 1099 3473">
     <span class='ocr_line' id='line_1_29' title="bbox 265 2290 1092 2342; baseline -0.002 -10"><span class='ocrx_word' id='word_1_195' title='bbox 265 2292 332 2332; x_wconf 83' lang='grc'>44.</span> <span class='ocrx_word' id='word_1_196' title='bbox 367 2292 434 2332; x_wconf 72' lang='grc'>4-2.</span> <span class='ocrx_word' id='word_1_197' title='bbox 485 2293 592 2342; x_wconf 73' lang='lat' dir='ltr'>Quid</span> <span class='ocrx_word' id='word_1_198' title='bbox 627 2293 745 2331; x_wconf 74' lang='lat' dir='ltr'>iurat</span> <span class='ocrx_word' id='word_1_199' title='bbox 774 2291 877 2342; x_wconf 68' lang='lat' dir='ltr'>cet]</span> <span class='ocrx_word' id='word_1_200' title='bbox 909 2293 989 2331; x_wconf 78' lang='lat' dir='ltr'>«At</span> <span class='ocrx_word' id='word_1_201' title='bbox 1023 2290 1092 2331; x_wconf 88' lang='lat' dir='ltr'>illa</span> 
     </span>
     <span class='ocr_line' id='line_1_30' title="bbox 211 2354 1095 2406; baseline -0.001 -12"><span class='ocrx_word' id='word_1_202' title='bbox 211 2355 405 2406; x_wconf 81' lang='lat' dir='ltr'>sapiens,</span> <span class='ocrx_word' id='word_1_203' title='bbox 439 2356 486 2394; x_wconf 85' lang='lat' dir='ltr'>ut</span> <span class='ocrx_word' id='word_1_204' title='bbox 516 2356 598 2403; x_wconf 89' lang='lat' dir='ltr'>est,</span> <span class='ocrx_word' id='word_1_205' title='bbox 631 2365 712 2393; x_wconf 86' lang='lat' dir='ltr'>suo</span> <span class='ocrx_word' id='word_1_206' title='bbox 734 2356 939 2405; x_wconf 85' lang='lat' dir='ltr'>tempore</span> <span class='ocrx_word' id='word_1_207' title='bbox 958 2354 1095 2393; x_wconf 84' lang='lat' dir='ltr'>utitur</span> 
     </span>
     <span class='ocr_line' id='line_1_31' title="bbox 211 2417 1097 2468; baseline -0.002 -11"><span class='ocrx_word' id='word_1_208' title='bbox 211 2420 312 2457; x_wconf 87' lang='lat' dir='ltr'>ante</span> <span class='ocrx_word' id='word_1_209' title='bbox 358 2417 592 2468; x_wconf 78' lang='lat' dir='ltr'>quaesitis,</span> <span class='ocrx_word' id='word_1_210' title='bbox 647 2428 749 2456; x_wconf 90' lang='lat' dir='ltr'>cum</span> <span class='ocrx_word' id='word_1_211' title='bbox 795 2419 840 2456; x_wconf 85' lang='lat' dir='ltr'>tu</span> <span class='ocrx_word' id='word_1_212' title='bbox 887 2428 995 2463; x_wconf 89' lang='lat' dir='ltr'>non,</span> <span class='ocrx_word' id='word_1_213' title='bbox 1049 2419 1097 2456; x_wconf 91' lang='lat' dir='ltr'>ut</span> 
     </span>
     <span class='ocr_line' id='line_1_32' title="bbox 211 2480 1096 2531; baseline -0.003 -10"><span class='ocrx_word' id='word_1_214' title='bbox 211 2492 355 2531; x_wconf 74' lang='lat' dir='ltr'>aeque</span> <span class='ocrx_word' id='word_1_215' title='bbox 369 2481 594 2531; x_wconf 78' lang='lat' dir='ltr'>sapienter</span> <span class='ocrx_word' id='word_1_216' title='bbox 611 2480 748 2530; x_wconf 87' lang='lat' dir='ltr'>partis</span> <span class='ocrx_word' id='word_1_217' title='bbox 765 2480 940 2526; x_wconf 74' lang='lat' dir='ltr'>fruaris,</span> <span class='ocrx_word' id='word_1_218' title='bbox 960 2490 1096 2529; x_wconf 88' lang='lat' dir='ltr'>quae-</span> 
     </span>
     <span class='ocr_line' id='line_1_33' title="bbox 212 2540 1094 2594; baseline -0.003 -11"><span class='ocrx_word' id='word_1_219' title='bbox 212 2545 297 2584; x_wconf 80' lang='lat' dir='ltr'>stui</span> <span class='ocrx_word' id='word_1_220' title='bbox 319 2554 505 2594; x_wconf 86' lang='lat' dir='ltr'>operam</span> <span class='ocrx_word' id='word_1_221' title='bbox 525 2542 630 2589; x_wconf 86' lang='lat' dir='ltr'>des,</span> <span class='ocrx_word' id='word_1_222' title='bbox 664 2542 745 2581; x_wconf 90' lang='lat' dir='ltr'>sed</span> <span class='ocrx_word' id='word_1_223' title='bbox 766 2540 1094 2589; x_wconf 86' lang='lat' dir='ltr'>tantummodo,</span> 
     </span>
     <span class='ocr_line' id='line_1_34' title="bbox 215 2603 1093 2656; baseline -0.006 -10"><span class='ocrx_word' id='word_1_224' title='bbox 215 2608 262 2646; x_wconf 93' lang='lat' dir='ltr'>ut</span> <span class='ocrx_word' id='word_1_225' title='bbox 289 2604 388 2656; x_wconf 89' lang='lat' dir='ltr'>plus</span> <span class='ocrx_word' id='word_1_226' title='bbox 409 2605 580 2644; x_wconf 83' lang='lat' dir='ltr'>habeas</span> <span class='ocrx_word' id='word_1_227' title='bbox 603 2615 740 2654; x_wconf 84' lang='lat' dir='ltr'>quam</span> <span class='ocrx_word' id='word_1_228' title='bbox 762 2603 898 2642; x_wconf 85' lang='lat' dir='ltr'>ceteri</span> <span class='ocrx_word' id='word_1_229' title='bbox 921 2613 1093 2642; x_wconf 87' lang='lat' dir='ltr'>omnes.</span> 
     </span>
     <span class='ocr_line' id='line_1_35' title="bbox 216 2666 1092 2718; baseline -0.01 -10"><span class='ocrx_word' id='word_1_230' title='bbox 216 2670 402 2715; x_wconf 83' lang='lat' dir='ltr'>Verum,</span> <span class='ocrx_word' id='word_1_231' title='bbox 437 2678 622 2718; x_wconf 80' lang='lat' dir='ltr'>quaeso,</span> <span class='ocrx_word' id='word_1_232' title='bbox 647 2666 753 2717; x_wconf 89' lang='lat' dir='ltr'>quid</span> <span class='ocrx_word' id='word_1_233' title='bbox 775 2668 816 2705; x_wconf 87' lang='lat' dir='ltr'>te</span> <span class='ocrx_word' id='word_1_234' title='bbox 839 2666 957 2704; x_wconf 56' lang='lat' dir='ltr'>iux&#39;at</span> <span class='ocrx_word' id='word_1_235' title='bbox 978 2666 1092 2704; x_wconf 81' lang='lat' dir='ltr'>eet.»</span> 
     </span>
     <span class='ocr_line' id='line_1_36' title="bbox 215 2727 1094 2781; baseline -0.005 -11"><span class='ocrx_word' id='word_1_236' title='bbox 215 2753 261 2760; x_wconf 95' lang='grc'>-</span> <span class='ocrx_word' id='word_1_237' title='bbox 295 2731 458 2770; x_wconf 74' lang='lat' dir='ltr'>Furtim</span> <span class='ocrx_word' id='word_1_238' title='bbox 497 2730 671 2781; x_wconf 77' lang='lat' dir='ltr'>defossa]</span> <span class='ocrx_word' id='word_1_239' title='bbox 713 2730 781 2768; x_wconf 86' lang='lat' dir='ltr'>«in</span> <span class='ocrx_word' id='word_1_240' title='bbox 817 2727 1094 2768; x_wconf 82' lang='lat' dir='ltr'>altitudinem</span> 
     </span>
     <span class='ocr_line' id='line_1_37' title="bbox 214 2792 1091 2842; baseline -0.001 -11"><span class='ocrx_word' id='word_1_241' title='bbox 214 2794 328 2834; x_wconf 81' lang='lat' dir='ltr'>clam</span> <span class='ocrx_word' id='word_1_242' title='bbox 355 2794 531 2842; x_wconf 78' lang='lat' dir='ltr'>effossa,</span> <span class='ocrx_word' id='word_1_243' title='bbox 557 2795 812 2833; x_wconf 71' lang='lat' dir='ltr'>excavata.»</span> <span class='ocrx_word' id='word_1_244' title='bbox 871 2792 988 2841; x_wconf 76' lang='lat' dir='ltr'>virg.</span> <span class='ocrx_word' id='word_1_245' title='bbox 1016 2793 1091 2830; x_wconf 89' lang='lat' dir='ltr'>Ge.</span> 
     </span>
     <span class='ocr_line' id='line_1_38' title="bbox 215 2854 1095 2907; baseline -0.006 -10"><span class='ocrx_word' id='word_1_246' title='bbox 215 2858 260 2907; x_wconf 77' lang='lat'>3,</span> <span class='ocrx_word' id='word_1_247' title='bbox 293 2857 399 2896; x_wconf 77' lang='lat'>376:</span> <span class='ocrx_word' id='word_1_248' title='bbox 432 2857 514 2906; x_wconf 75' lang='lat' dir='ltr'>Ipsi</span> <span class='ocrx_word' id='word_1_249' title='bbox 543 2858 587 2895; x_wconf 78' lang='lat' dir='ltr'>in</span> <span class='ocrx_word' id='word_1_250' title='bbox 616 2856 783 2906; x_wconf 73' lang='lat' dir='ltr'>defossis</span> <span class='ocrx_word' id='word_1_251' title='bbox 811 2854 1011 2905; x_wconf 75' lang='lat' dir='ltr'>specubus</span> <span class='ocrx_word' id='word_1_252' title='bbox 1030 2865 1095 2893; x_wconf 79' lang='lat' dir='ltr'>se—</span> 
     </span>
     <span class='ocr_line' id='line_1_39' title="bbox 214 2915 1091 2969; baseline -0.006 -10"><span class='ocrx_word' id='word_1_253' title='bbox 214 2931 319 2959; x_wconf 79' lang='lat' dir='ltr'>cura</span> <span class='ocrx_word' id='word_1_254' title='bbox 340 2919 414 2957; x_wconf 78' lang='lat' dir='ltr'>sub</span> <span class='ocrx_word' id='word_1_255' title='bbox 435 2919 525 2957; x_wconf 85' lang='lat' dir='ltr'>alta</span> <span class='ocrx_word' id='word_1_256' title='bbox 545 2919 640 2957; x_wconf 74' lang='lat' dir='ltr'>Otia</span> <span class='ocrx_word' id='word_1_257' title='bbox 661 2922 792 2969; x_wconf 69' lang='lat' dir='ltr'>ayunt</span> <span class='ocrx_word' id='word_1_258' title='bbox 812 2921 941 2957; x_wconf 78' lang='lat' dir='ltr'>terra.</span> <span class='ocrx_word' id='word_1_259' title='bbox 984 2915 1091 2956; x_wconf 88' lang='lat' dir='ltr'>Plin.</span> 
     </span>
     <span class='ocr_line' id='line_1_40' title="bbox 215 2978 1095 3033; baseline -0.007 -11"><span class='ocrx_word' id='word_1_260' title='bbox 215 2983 322 3033; x_wconf 86' lang='lat' dir='ltr'>Epp.</span> <span class='ocrx_word' id='word_1_261' title='bbox 359 2982 430 3029; x_wconf 89' lang='grc'>40,</span> <span class='ocrx_word' id='word_1_262' title='bbox 464 2981 537 3021; x_wconf 77' lang='lat'><strong>4-8:</strong></span> <span class='ocrx_word' id='word_1_263' title='bbox 580 2979 970 3029; x_wconf 63' lang='lat' dir='ltr'>Claudiopolitani·</span> <span class='ocrx_word' id='word_1_264' title='bbox 990 2978 1095 3017; x_wconf 79' lang='lat' dir='ltr'><strong><em>—in-</em></strong></span> 
     </span>
     <span class='ocr_line' id='line_1_41' title="bbox 214 3043 1097 3097; baseline -0.006 -13"><span class='ocrx_word' id='word_1_265' title='bbox 214 3057 313 3097; x_wconf 52' lang='lat' dir='ltr'>,qens</span> <span class='ocrx_word' id='word_1_266' title='bbox 333 3045 541 3084; x_wconf 73' lang='lat' dir='ltr'>balineum</span> <span class='ocrx_word' id='word_1_267' title='bbox 562 3044 772 3094; x_wconf 71' lang='lat' dir='ltr'>defodiunt</span> <span class='ocrx_word' id='word_1_268' title='bbox 791 3043 944 3093; x_wconf 59' lang='lat' dir='ltr'>magis,</span> <span class='ocrx_word' id='word_1_269' title='bbox 967 3052 1097 3089; x_wconf 79' lang='lat' dir='ltr'>quam</span> 
     </span>
     <span class='ocr_line' id='line_1_42' title="bbox 216 3104 1098 3159; baseline -0.007 -12"><span class='ocrx_word' id='word_1_270' title='bbox 216 3108 452 3159; x_wconf 69' lang='lat' dir='ltr'>aedificant.</span> <span class='ocrx_word' id='word_1_271' title='bbox 493 3105 588 3145; x_wconf 90' lang='lat' dir='ltr'>Noli</span> <span class='ocrx_word' id='word_1_272' title='bbox 621 3107 824 3156; x_wconf 78' lang='lat' dir='ltr'>iungere:</span> <span class='ocrx_word' id='word_1_273' title='bbox 858 3104 1005 3155; x_wconf 69' lang='lat' dir='ltr'>furtim</span> <span class='ocrx_word' id='word_1_274' title='bbox 1032 3105 1098 3142; x_wconf 79' lang='lat' dir='ltr'>‹le—</span> 
     </span>
     <span class='ocr_line' id='line_1_43' title="bbox 214 3168 1098 3221; baseline -0.007 -11"><span class='ocrx_word' id='word_1_275' title='bbox 214 3182 386 3221; x_wconf 79' lang='lat' dir='ltr'>ponere,</span> <span class='ocrx_word' id='word_1_276' title='bbox 435 3169 478 3208; x_wconf 91' lang='lat' dir='ltr'>id</span> <span class='ocrx_word' id='word_1_277' title='bbox 517 3169 638 3220; x_wconf 85' lang='lat' dir='ltr'>quod</span> <span class='ocrx_word' id='word_1_278' title='bbox 669 3170 789 3207; x_wconf 70' lang='lat' dir='ltr'>vetat</span> <span class='ocrx_word' id='word_1_279' title='bbox 828 3168 961 3207; x_wconf 86' lang='lat' dir='ltr'>etiam</span> <span class='ocrx_word' id='word_1_280' title='bbox 1000 3177 1098 3205; x_wconf 67' lang='lat' dir='ltr'>x&#39;cr-</span> 
     </span>
     <span class='ocr_line' id='line_1_44' title="bbox 218 3229 1098 3281; baseline -0.008 -7"><span class='ocrx_word' id='word_1_281' title='bbox 218 3246 292 3274; x_wconf 84' lang='lat' dir='ltr'>sus</span> <span class='ocrx_word' id='word_1_282' title='bbox 324 3243 532 3279; x_wconf 74' lang='lat' dir='ltr'>caesura,</span> <span class='ocrx_word' id='word_1_283' title='bbox 572 3231 720 3281; x_wconf 78' lang='lat' dir='ltr'>furtim</span> <span class='ocrx_word' id='word_1_284' title='bbox 749 3231 899 3270; x_wconf 83' lang='lat' dir='ltr'>autem</span> <span class='ocrx_word' id='word_1_285' title='bbox 930 3229 1098 3279; x_wconf 77' lang='lat' dir='ltr'>signiti—</span> 
     </span>
     <span class='ocr_line' id='line_1_45' title="bbox 221 3293 1098 3344; baseline -0.006 -8"><span class='ocrx_word' id='word_1_286' title='bbox 221 3299 309 3337; x_wconf 81' lang='lat' dir='ltr'>cat:</span> <span class='ocrx_word' id='word_1_287' title='bbox 355 3296 631 3343; x_wconf 69' lang='lat' dir='ltr'>«ementem,</span> <span class='ocrx_word' id='word_1_288' title='bbox 664 3305 718 3333; x_wconf 89' lang='lat' dir='ltr'>ne</span> <span class='ocrx_word' id='word_1_289' title='bbox 750 3294 848 3344; x_wconf 83' lang='lat' dir='ltr'>quis</span> <span class='ocrx_word' id='word_1_290' title='bbox 880 3293 989 3332; x_wconf 87' lang='lat' dir='ltr'>sorte</span> <span class='ocrx_word' id='word_1_291' title='bbox 1021 3303 1098 3331; x_wconf 89' lang='lat' dir='ltr'>su-</span> 
     </span>
     <span class='ocr_line' id='line_1_46' title="bbox 221 3354 1099 3412; baseline -0.009 -13"><span class='ocrx_word' id='word_1_292' title='bbox 221 3359 486 3412; x_wconf 77' lang='lat' dir='ltr'>perveniens</span> <span class='ocrx_word' id='word_1_293' title='bbox 504 3359 562 3406; x_wconf 88' lang='lat' dir='ltr'>te,</span> <span class='ocrx_word' id='word_1_294' title='bbox 587 3356 694 3396; x_wconf 87' lang='lat' dir='ltr'>dum</span> <span class='ocrx_word' id='word_1_295' title='bbox 716 3354 903 3403; x_wconf 75' lang='lat' dir='ltr'>defodis,</span> <span class='ocrx_word' id='word_1_296' title='bbox 927 3354 1099 3405; x_wconf 78' lang='lat' dir='ltr'>conspi-</span> 
     </span>
     <span class='ocr_line' id='line_1_47' title="bbox 220 3418 1094 3473; baseline 0 -14"><span class='ocrx_word' id='word_1_297' title='bbox 220 3423 345 3461; x_wconf 71' lang='lat' dir='ltr'>‹·iat»;</span> <span class='ocrx_word' id='word_1_298' title='bbox 391 3421 517 3473; x_wconf 84' lang='lat' dir='ltr'>plane</span> <span class='ocrx_word' id='word_1_299' title='bbox 551 3423 596 3461; x_wconf 85' lang='lat' dir='ltr'>ut</span> <span class='ocrx_word' id='word_1_300' title='bbox 635 3431 765 3471; x_wconf 77' lang='lat' dir='ltr'>sagae</span> <span class='ocrx_word' id='word_1_301' title='bbox 797 3418 893 3459; x_wconf 81' lang='lat' dir='ltr'>illac</span> <span class='ocrx_word' id='word_1_302' title='bbox 926 3420 1011 3458; x_wconf 86' lang='lat' dir='ltr'>Sat.</span> <span class='ocrx_word' id='word_1_303' title='bbox 1049 3419 1062 3458; x_wconf 92' lang='grc'>4</span> <span class='ocrx_word' id='word_1_304' title='bbox 1090 3450 1094 3459; x_wconf 66' lang='grc'>,</span> 
     </span>
    </p>
   </div>
   <div class='ocr_carea' id='block_1_15' title="bbox 1153 1464 2045 3468">
    <p class='ocr_par' dir='ltr' id='par_1_16' title="bbox 1153 1464 2038 1633">
     <span class='ocr_line' id='line_1_48' title="bbox 1153 1464 2036 1517; baseline -0.005 -11"><span class='ocrx_word' id='word_1_305' title='bbox 1153 1469 1289 1506; x_wconf 72' lang='lat' dir='ltr'>derint</span> <span class='ocrx_word' id='word_1_306' title='bbox 1306 1467 1455 1517; x_wconf 68' lang='lat' dir='ltr'>furtim</span> <span class='ocrx_word' id='word_1_307' title='bbox 1476 1467 1621 1513; x_wconf 69' lang='lat' dir='ltr'>terris,</span> <span class='ocrx_word' id='word_1_308' title='bbox 1647 1465 1809 1505; x_wconf 85' lang='lat' dir='ltr'>eadem</span> <span class='ocrx_word' id='word_1_309' title='bbox 1831 1464 2036 1504; x_wconf 83' lang='lat' dir='ltr'>cautione</span> 
     </span>
     <span class='ocr_line' id='line_1_49' title="bbox 1153 1528 2038 1578; baseline -0.002 -8"><span class='ocrx_word' id='word_1_310' title='bbox 1153 1532 1343 1570; x_wconf 85' lang='lat' dir='ltr'>utentes.</span> <span class='ocrx_word' id='word_1_311' title='bbox 1409 1531 1457 1568; x_wconf 69' lang='grc' dir='ltr'>Υ.</span> <span class='ocrx_word' id='word_1_312' title='bbox 1492 1531 1644 1568; x_wconf 86' lang='lat' dir='ltr'>autem</span> <span class='ocrx_word' id='word_1_313' title='bbox 1688 1530 1889 1578; x_wconf 79' lang='lat' dir='ltr'>deponere</span> <span class='ocrx_word' id='word_1_314' title='bbox 1932 1528 2038 1568; x_wconf 85' lang='lat' dir='ltr'>satis</span> 
     </span>
     <span class='ocr_line' id='line_1_50' title="bbox 1154 1592 1852 1633; baseline -0.004 0"><span class='ocrx_word' id='word_1_315' title='bbox 1154 1594 1363 1633; x_wconf 85' lang='lat' dir='ltr'>definitur</span> <span class='ocrx_word' id='word_1_316' title='bbox 1397 1593 1615 1632; x_wconf 66' lang='lat' dir='ltr'>adiectivo</span> <span class='ocrx_word' id='word_1_317' title='bbox 1647 1592 1852 1631; x_wconf 79' lang='lat' dir='ltr'>timidum.</span> 
     </span>
    </p>

    <p class='ocr_par' dir='ltr' id='par_1_17' title="bbox 1154 1654 2045 3468">
     <span class='ocr_line' id='line_1_51' title="bbox 1209 1654 2039 1707; baseline -0.005 -10"><span class='ocrx_word' id='word_1_318' title='bbox 1209 1656 1357 1697; x_wconf 68' lang='lat'>43-48.</span> <span class='ocrx_word' id='word_1_319' title='bbox 1393 1656 1512 1705; x_wconf 79' lang='lat' dir='ltr'>Quod</span> <span class='ocrx_word' id='word_1_320' title='bbox 1540 1656 1574 1694; x_wconf 77' lang='lat' dir='ltr'>sl</span> <span class='ocrx_word' id='word_1_321' title='bbox 1596 1655 1698 1707; x_wconf 85' lang='lat' dir='ltr'>cet.]</span> <span class='ocrx_word' id='word_1_322' title='bbox 1722 1657 1801 1694; x_wconf 77' lang='lat' dir='ltr'>«At</span> <span class='ocrx_word' id='word_1_323' title='bbox 1822 1655 1858 1694; x_wconf 88' lang='lat' dir='ltr'>si</span> <span class='ocrx_word' id='word_1_324' title='bbox 1880 1654 1924 1694; x_wconf 89' lang='lat' dir='ltr'>id</span> <span class='ocrx_word' id='word_1_325' title='bbox 1945 1655 2039 1694; x_wconf 88' lang='lat' dir='ltr'>auri</span> 
     </span>
     <span class='ocr_line' id='line_1_52' title="bbox 1154 1717 2040 1771; baseline -0.002 -13"><span class='ocrx_word' id='word_1_326' title='bbox 1154 1719 1345 1771; x_wconf 86' lang='lat' dir='ltr'>pondus,</span> <span class='ocrx_word' id='word_1_327' title='bbox 1379 1719 1519 1769; x_wconf 86' lang='lat' dir='ltr'>inquit</span> <span class='ocrx_word' id='word_1_328' title='bbox 1541 1728 1717 1766; x_wconf 79' lang='lat' dir='ltr'>avarus,</span> <span class='ocrx_word' id='word_1_329' title='bbox 1742 1717 2040 1769; x_wconf 73' lang='lat' dir='ltr'>expendendo</span> 
     </span>
     <span class='ocr_line' id='line_1_53' title="bbox 1155 1780 2040 1833; baseline -0.002 -11"><span class='ocrx_word' id='word_1_330' title='bbox 1155 1784 1368 1829; x_wconf 83' lang='lat' dir='ltr'>minuam,</span> <span class='ocrx_word' id='word_1_331' title='bbox 1403 1781 1615 1833; x_wconf 87' lang='lat' dir='ltr'>paulatim</span> <span class='ocrx_word' id='word_1_332' title='bbox 1645 1792 1788 1831; x_wconf 90' lang='lat' dir='ltr'>usque</span> <span class='ocrx_word' id='word_1_333' title='bbox 1812 1780 1867 1820; x_wconf 87' lang='lat' dir='ltr'>ad</span> <span class='ocrx_word' id='word_1_334' title='bbox 1889 1791 2040 1821; x_wconf 85' lang='lat' dir='ltr'>assem</span> 
     </span>
     <span class='ocr_line' id='line_1_54' title="bbox 1157 1844 2038 1895; baseline -0.003 -10"><span class='ocrx_word' id='word_1_335' title='bbox 1157 1847 1447 1885; x_wconf 86' lang='lat' dir='ltr'>consumetur</span> <span class='ocrx_word' id='word_1_336' title='bbox 1477 1844 1682 1895; x_wconf 88' lang='lat' dir='ltr'>adeoque</span> <span class='ocrx_word' id='word_1_337' title='bbox 1715 1854 1883 1894; x_wconf 82' lang='lat' dir='ltr'>egenus</span> <span class='ocrx_word' id='word_1_338' title='bbox 1905 1845 2038 1894; x_wconf 86' lang='lat' dir='ltr'>atque</span> 
     </span>
     <span class='ocr_line' id='line_1_55' title="bbox 1156 1906 2035 1959; baseline -0.003 -12"><span class='ocrx_word' id='word_1_339' title='bbox 1156 1909 1283 1959; x_wconf 90' lang='lat' dir='ltr'>inops</span> <span class='ocrx_word' id='word_1_340' title='bbox 1334 1908 1453 1947; x_wconf 84' lang='lat' dir='ltr'>fiam.</span> <span class='ocrx_word' id='word_1_341' title='bbox 1474 1923 1491 1942; x_wconf 91' lang='lat'>»</span> <span class='ocrx_word' id='word_1_342' title='bbox 1571 1906 1829 1958; x_wconf 87' lang='lat' dir='ltr'>Respondet</span> <span class='ocrx_word' id='word_1_343' title='bbox 1876 1908 2035 1957; x_wconf 82' lang='lat' dir='ltr'>poeta:</span> 
     </span>
     <span class='ocr_line' id='line_1_56' title="bbox 1158 1969 2041 2010; baseline 0.001 -1"><span class='ocrx_word' id='word_1_344' title='bbox 1158 1972 1351 2010; x_wconf 76' lang='lat' dir='ltr'>«Verum</span> <span class='ocrx_word' id='word_1_345' title='bbox 1397 1970 1477 2009; x_wconf 85' lang='lat' dir='ltr'>nisi</span> <span class='ocrx_word' id='word_1_346' title='bbox 1522 1971 1565 2009; x_wconf 90' lang='lat' dir='ltr'>in</span> <span class='ocrx_word' id='word_1_347' title='bbox 1610 1969 1891 2009; x_wconf 86' lang='lat' dir='ltr'>necessarios</span> <span class='ocrx_word' id='word_1_348' title='bbox 1933 1980 2041 2010; x_wconf 84' lang='lat' dir='ltr'>usus</span> 
     </span>
     <span class='ocr_line' id='line_1_57' title="bbox 1157 2031 2040 2086; baseline -0.003 -13"><span class='ocrx_word' id='word_1_349' title='bbox 1157 2034 1278 2086; x_wconf 88' lang='lat' dir='ltr'>quod</span> <span class='ocrx_word' id='word_1_350' title='bbox 1309 2044 1421 2084; x_wconf 86' lang='lat' dir='ltr'>opus</span> <span class='ocrx_word' id='word_1_351' title='bbox 1453 2034 1521 2072; x_wconf 88' lang='lat' dir='ltr'>est</span> <span class='ocrx_word' id='word_1_352' title='bbox 1556 2042 1734 2082; x_wconf 82' lang='lat' dir='ltr'>erogas,</span> <span class='ocrx_word' id='word_1_353' title='bbox 1778 2031 1884 2082; x_wconf 89' lang='lat' dir='ltr'>quid</span> <span class='ocrx_word' id='word_1_354' title='bbox 1926 2033 2040 2071; x_wconf 86' lang='lat' dir='ltr'>cet.»</span> 
     </span>
     <span class='ocr_line' id='line_1_58' title="bbox 1157 2095 2040 2146; baseline -0.005 -8"><span class='ocrx_word' id='word_1_355' title='bbox 1157 2097 1267 2139; x_wconf 86' lang='lat' dir='ltr'>Male</span> <span class='ocrx_word' id='word_1_356' title='bbox 1290 2097 1358 2137; x_wconf 89' lang='lat' dir='ltr'>alii</span> <span class='ocrx_word' id='word_1_357' title='bbox 1383 2096 1550 2146; x_wconf 75' lang='lat' dir='ltr'>Quodsi,</span> <span class='ocrx_word' id='word_1_358' title='bbox 1575 2095 1682 2135; x_wconf 87' lang='lat' dir='ltr'>Cod.</span> <span class='ocrx_word' id='word_1_359' title='bbox 1707 2096 1962 2135; x_wconf 79' lang='lat' dir='ltr'>Hannover.</span> <span class='ocrx_word' id='word_1_360' title='bbox 1988 2106 2040 2134; x_wconf 89' lang='lat' dir='ltr'>ex</span> 
     </span>
     <span class='ocr_line' id='line_1_59' title="bbox 1157 2158 2043 2211; baseline -0.006 -11"><span class='ocrx_word' id='word_1_361' title='bbox 1157 2159 1497 2211; x_wconf 85' lang='lat' dir='ltr'>interpolatione</span> <span class='ocrx_word' id='word_1_362' title='bbox 1523 2159 1635 2198; x_wconf 83' lang='lat' dir='ltr'>Nam</span> <span class='ocrx_word' id='word_1_363' title='bbox 1664 2159 1712 2197; x_wconf 74' lang='grc' dir='ltr'>εἰ.</span> <span class='ocrx_word' id='word_1_364' title='bbox 1741 2179 1785 2185; x_wconf 93' lang='grc'><strong>-</strong></span> <span class='ocrx_word' id='word_1_365' title='bbox 1809 2158 1932 2198; x_wconf 76' lang='lat' dir='ltr'>Milia</span> <span class='ocrx_word' id='word_1_366' title='bbox 1951 2169 2043 2198; x_wconf 79' lang='lat' dir='ltr'>een-</span> 
     </span>
     <span class='ocr_line' id='line_1_60' title="bbox 1156 2221 2038 2275; baseline -0.006 -11"><span class='ocrx_word' id='word_1_367' title='bbox 1156 2224 1257 2275; x_wconf 82' lang='lat' dir='ltr'>tum]</span> <span class='ocrx_word' id='word_1_368' title='bbox 1290 2222 1506 2263; x_wconf 80' lang='lat' dir='ltr'>modium.</span> <span class='ocrx_word' id='word_1_369' title='bbox 1534 2242 1578 2249; x_wconf 86' lang='lat'><em>-</em></span> <span class='ocrx_word' id='word_1_370' title='bbox 1609 2221 1787 2272; x_wconf 74' lang='lat' dir='ltr'>triverit]</span> <span class='ocrx_word' id='word_1_371' title='bbox 1821 2221 1936 2271; x_wconf 80' lang='lat' dir='ltr'>Virg.</span> <span class='ocrx_word' id='word_1_372' title='bbox 1963 2222 2038 2260; x_wconf 86' lang='lat' dir='ltr'>Ge.</span> 
     </span>
     <span class='ocr_line' id='line_1_61' title="bbox 1161 2283 2045 2336; baseline -0.005 -10"><span class='ocrx_word' id='word_1_373' title='bbox 1161 2289 1203 2336; x_wconf 90' lang='grc'>4,</span> <span class='ocrx_word' id='word_1_374' title='bbox 1237 2286 1338 2325; x_wconf 68' lang='grc' dir='ltr'>’298ῑ</span> <span class='ocrx_word' id='word_1_375' title='bbox 1385 2286 1437 2324; x_wconf 81' lang='lat' dir='ltr'>El</span> <span class='ocrx_word' id='word_1_376' title='bbox 1469 2285 1602 2323; x_wconf 70' lang='lat' dir='ltr'>medio</span> <span class='ocrx_word' id='word_1_377' title='bbox 1640 2288 1769 2323; x_wconf 75' lang='lat' dir='ltr'>tostas</span> <span class='ocrx_word' id='word_1_378' title='bbox 1804 2287 1921 2323; x_wconf 84' lang='lat' dir='ltr'>aeslu</span> <span class='ocrx_word' id='word_1_379' title='bbox 1950 2283 2045 2322; x_wconf 76' lang='lat' dir='ltr'>{erit</span> 
     </span>
     <span class='ocr_line' id='line_1_62' title="bbox 1159 2347 2043 2400; baseline -0.003 -10"><span class='ocrx_word' id='word_1_380' title='bbox 1159 2362 1265 2390; x_wconf 78' lang='lat' dir='ltr'>area</span> <span class='ocrx_word' id='word_1_381' title='bbox 1282 2351 1438 2400; x_wconf 58' lang='lat' dir='ltr'>sruye&amp;</span> <span class='ocrx_word' id='word_1_382' title='bbox 1491 2347 1647 2387; x_wconf 84' lang='lat' dir='ltr'>Tibull.</span> <span class='ocrx_word' id='word_1_383' title='bbox 1674 2349 1718 2397; x_wconf 83' lang='grc'>4,</span> <span class='ocrx_word' id='word_1_384' title='bbox 1743 2349 1789 2395; x_wconf 91' lang='lat'>5,</span> <span class='ocrx_word' id='word_1_385' title='bbox 1823 2348 1900 2387; x_wconf 72' lang='lat'>22:</span> <span class='ocrx_word' id='word_1_386' title='bbox 1932 2348 2043 2387; x_wconf 82' lang='lat' dir='ltr'>Area</span> 
     </span>
     <span class='ocr_line' id='line_1_63' title="bbox 1158 2412 2042 2453; baseline -0.003 -1"><span class='ocrx_word' id='word_1_387' title='bbox 1158 2416 1259 2453; x_wconf 79' lang='lat' dir='ltr'>(lum</span> <span class='ocrx_word' id='word_1_388' title='bbox 1287 2423 1434 2452; x_wconf 81' lang='lat' dir='ltr'>messes</span> <span class='ocrx_word' id='word_1_389' title='bbox 1462 2412 1545 2451; x_wconf 84' lang='lat' dir='ltr'>sole</span> <span class='ocrx_word' id='word_1_390' title='bbox 1573 2412 1732 2450; x_wconf 77' lang='lat' dir='ltr'>calente</span> <span class='ocrx_word' id='word_1_391' title='bbox 1766 2415 1881 2450; x_wconf 75' lang='lat' dir='ltr'>teret.</span> <span class='ocrx_word' id='word_1_392' title='bbox 1934 2413 2042 2450; x_wconf 91' lang='lat' dir='ltr'>Pro-</span> 
     </span>
     <span class='ocr_line' id='line_1_64' title="bbox 1160 2471 2042 2527; baseline -0.002 -12"><span class='ocrx_word' id='word_1_393' title='bbox 1160 2477 1254 2527; x_wconf 90' lang='lat' dir='ltr'>prie</span> <span class='ocrx_word' id='word_1_394' title='bbox 1286 2476 1435 2525; x_wconf 79' lang='lat' dir='ltr'>fruges</span> <span class='ocrx_word' id='word_1_395' title='bbox 1467 2475 1672 2513; x_wconf 86' lang='lat' dir='ltr'>terunt-ur</span> <span class='ocrx_word' id='word_1_396' title='bbox 1701 2473 1744 2512; x_wconf 91' lang='lat' dir='ltr'>in</span> <span class='ocrx_word' id='word_1_397' title='bbox 1765 2484 1870 2512; x_wconf 86' lang='lat' dir='ltr'>area</span> <span class='ocrx_word' id='word_1_398' title='bbox 1894 2471 2042 2513; x_wconf 83' lang='lat' dir='ltr'>bobus</span> 
     </span>
     <span class='ocr_line' id='line_1_65' title="bbox 1158 2534 2043 2587; baseline -0.002 -10"><span class='ocrx_word' id='word_1_399' title='bbox 1158 2537 1229 2577; x_wconf 70' lang='lat' dir='ltr'>vel</span> <span class='ocrx_word' id='word_1_400' title='bbox 1252 2538 1379 2587; x_wconf 87' lang='lat' dir='ltr'>equis</span> <span class='ocrx_word' id='word_1_401' title='bbox 1396 2536 1451 2575; x_wconf 89' lang='lat' dir='ltr'>ad</span> <span class='ocrx_word' id='word_1_402' title='bbox 1471 2534 1680 2574; x_wconf 84' lang='lat' dir='ltr'>tribulam</span> <span class='ocrx_word' id='word_1_403' title='bbox 1702 2535 1932 2574; x_wconf 78' lang='lat' dir='ltr'>traliamve</span> <span class='ocrx_word' id='word_1_404' title='bbox 1951 2536 2043 2575; x_wconf 86' lang='lat' dir='ltr'>iun-</span> 
     </span>
     <span class='ocr_line' id='line_1_66' title="bbox 1160 2597 2041 2646; baseline -0.001 -8"><span class='ocrx_word' id='word_1_405' title='bbox 1160 2600 1255 2639; x_wconf 86' lang='lat' dir='ltr'>ctis.</span> <span class='ocrx_word' id='word_1_406' title='bbox 1278 2599 1364 2638; x_wconf 87' lang='lat' dir='ltr'>Cfr.</span> <span class='ocrx_word' id='word_1_407' title='bbox 1386 2599 1525 2637; x_wconf 79' lang='lat' dir='ltr'>Varro</span> <span class='ocrx_word' id='word_1_408' title='bbox 1547 2599 1629 2637; x_wconf 88' lang='lat' dir='ltr'>RR.</span> <span class='ocrx_word' id='word_1_409' title='bbox 1652 2599 1690 2646; x_wconf 89' lang='grc'>4,</span> <span class='ocrx_word' id='word_1_410' title='bbox 1712 2597 1778 2645; x_wconf 86' lang='grc'>43,</span> <span class='ocrx_word' id='word_1_411' title='bbox 1797 2599 1837 2637; x_wconf 88' lang='lat'>5.</span> <span class='ocrx_word' id='word_1_412' title='bbox 1872 2598 2041 2637; x_wconf 80' lang='lat' dir='ltr'>Seneca</span> 
     </span>
     <span class='ocr_line' id='line_1_67' title="bbox 1160 2659 2041 2709; baseline -0.001 -8"><span class='ocrx_word' id='word_1_413' title='bbox 1160 2663 1255 2701; x_wconf 88' lang='lat' dir='ltr'>Nat.</span> <span class='ocrx_word' id='word_1_414' title='bbox 1274 2662 1472 2709; x_wconf 84' lang='lat' dir='ltr'>Quaestt.</span> <span class='ocrx_word' id='word_1_415' title='bbox 1489 2661 1503 2699; x_wconf 94' lang='grc'>4</span> <span class='ocrx_word' id='word_1_416' title='bbox 1519 2661 1579 2709; x_wconf 57' lang='lat' dir='ltr'>,Q</span> <span class='ocrx_word' id='word_1_417' title='bbox 1595 2660 1634 2699; x_wconf 86' lang='lat'>3.</span> <span class='ocrx_word' id='word_1_418' title='bbox 1647 2661 1911 2700; x_wconf 88' lang='lat' dir='ltr'>—Ceterum</span> <span class='ocrx_word' id='word_1_419' title='bbox 1927 2659 2041 2700; x_wconf 85' lang='lat' dir='ltr'>male</span> 
     </span>
     <span class='ocr_line' id='line_1_68' title="bbox 1159 2722 2042 2774; baseline -0.001 -11"><span class='ocrx_word' id='word_1_420' title='bbox 1159 2724 1264 2764; x_wconf 86' lang='lat' dir='ltr'>olim</span> <span class='ocrx_word' id='word_1_421' title='bbox 1294 2722 1404 2763; x_wconf 87' lang='lat' dir='ltr'>tales</span> <span class='ocrx_word' id='word_1_422' title='bbox 1434 2723 1773 2769; x_wconf 82' lang='lat' dir='ltr'>enuntiationes,</span> <span class='ocrx_word' id='word_1_423' title='bbox 1807 2723 1849 2762; x_wconf 93' lang='lat' dir='ltr'>in</span> <span class='ocrx_word' id='word_1_424' title='bbox 1880 2723 2042 2774; x_wconf 77' lang='lat' dir='ltr'>quihus</span> 
     </span>
     <span class='ocr_line' id='line_1_69' title="bbox 1160 2786 2039 2836; baseline -0.002 -9"><span class='ocrx_word' id='word_1_425' title='bbox 1160 2788 1314 2828; x_wconf 84' lang='lat' dir='ltr'>Graeci</span> <span class='ocrx_word' id='word_1_426' title='bbox 1335 2788 1520 2826; x_wconf 87' lang='lat' dir='ltr'>utuntur</span> <span class='ocrx_word' id='word_1_427' title='bbox 1541 2786 1775 2826; x_wconf 74' lang='lat' dir='ltr'>indicativo</span> <span class='ocrx_word' id='word_1_428' title='bbox 1796 2787 2039 2836; x_wconf 85' lang='lat' dir='ltr'>(Demosth.</span> 
     </span>
     <span class='ocr_line' id='line_1_70' title="bbox 1159 2843 2040 2902; baseline 0 -12"><span class='ocrx_word' id='word_1_429' title='bbox 1159 2849 1334 2901; x_wconf 79' lang='lat' dir='ltr'>Olynth.</span> <span class='ocrx_word' id='word_1_430' title='bbox 1369 2849 1416 2898; x_wconf 89' lang='lat'>3,</span> <span class='ocrx_word' id='word_1_431' title='bbox 1453 2850 1528 2889; x_wconf 76' lang='lat'>48:</span> <span class='ocrx_word' id='word_1_432' title='bbox 1574 2848 1657 2889; x_wconf 78' lang='grc' dir='ltr'>καὶ</span> <span class='ocrx_word' id='word_1_433' title='bbox 1699 2845 1784 2888; x_wconf 74' lang='grc' dir='ltr'>νῦν</span> <span class='ocrx_word' id='word_1_434' title='bbox 1822 2843 1880 2890; x_wconf 82' lang='grc' dir='ltr'>οὗ</span> <span class='ocrx_word' id='word_1_435' title='bbox 1919 2847 2040 2902; x_wconf 71' lang='grc' dir='ltr'><em>λέγει</em></span> 
     </span>
     <span class='ocr_line' id='line_1_71' title="bbox 1160 2906 2042 2964; baseline -0.001 -11"><span class='ocrx_word' id='word_1_436' title='bbox 1160 2925 1230 2964; x_wconf 80' lang='grc' dir='ltr'>τις</span> <span class='ocrx_word' id='word_1_437' title='bbox 1258 2908 1319 2952; x_wconf 83' lang='grc' dir='ltr'>τὰ</span> <span class='ocrx_word' id='word_1_438' title='bbox 1347 2910 1597 2961; x_wconf 75' lang='grc' dir='ltr'><em>βέλτιστα·</em></span> <span class='ocrx_word' id='word_1_439' title='bbox 1642 2907 1860 2962; x_wconf 71' lang='grc' dir='ltr'><em>ἀναστὰς</em></span> <span class='ocrx_word' id='word_1_440' title='bbox 1895 2906 2042 2963; x_wconf 74' lang='grc' dir='ltr'><em>ἄλλος</em></span> 
     </span>
     <span class='ocr_line' id='line_1_72' title="bbox 1160 2972 2044 3027; baseline 0.001 -10"><span class='ocrx_word' id='word_1_441' title='bbox 1160 2972 1336 3017; x_wconf 75' lang='grc' dir='ltr'><em>εἰπάτω</em></span> <span class='ocrx_word' id='word_1_442' title='bbox 1358 2973 1493 3026; x_wconf 57' lang='grc' dir='ltr'>κτλ),</span> <span class='ocrx_word' id='word_1_443' title='bbox 1519 2987 1598 3026; x_wconf 88' lang='lat' dir='ltr'>pro</span> <span class='ocrx_word' id='word_1_444' title='bbox 1626 2977 2044 3027; x_wconf 76' lang='lat' dir='ltr'>interrogationibus</span> 
     </span>
     <span class='ocr_line' id='line_1_73' title="bbox 1161 3039 2039 3080; baseline -0.001 -1"><span class='ocrx_word' id='word_1_445' title='bbox 1161 3039 1403 3079; x_wconf 83' lang='lat' dir='ltr'>habebant.</span> <span class='ocrx_word' id='word_1_446' title='bbox 1463 3039 1549 3078; x_wconf 75' lang='lat' dir='ltr'>Cl&#39;r.</span> <span class='ocrx_word' id='word_1_447' title='bbox 1584 3039 1811 3079; x_wconf 81' lang='lat' dir='ltr'>Heindorf.</span> <span class='ocrx_word' id='word_1_448' title='bbox 1846 3039 1903 3079; x_wconf 90' lang='lat' dir='ltr'>ad</span> <span class='ocrx_word' id='word_1_449' title='bbox 1934 3040 1978 3080; x_wconf 92' lang='grc'>11.</span> <span class='ocrx_word' id='word_1_450' title='bbox 2012 3039 2039 3080; x_wconf 89' lang='lat' dir='ltr'>l.</span> 
     </span>
     <span class='ocr_line' id='line_1_74' title="bbox 1163 3101 2039 3153; baseline 0 -11"><span class='ocrx_word' id='word_1_451' title='bbox 1163 3105 1207 3142; x_wconf 87' lang='lat' dir='ltr'>et</span> <span class='ocrx_word' id='word_1_452' title='bbox 1246 3102 1468 3142; x_wconf 79' lang='lat' dir='ltr'>Fritzschc</span> <span class='ocrx_word' id='word_1_453' title='bbox 1510 3101 1566 3140; x_wconf 89' lang='lat' dir='ltr'>ad</span> <span class='ocrx_word' id='word_1_454' title='bbox 1605 3102 1828 3153; x_wconf 80' lang='lat' dir='ltr'>Aristoph.</span> <span class='ocrx_word' id='word_1_455' title='bbox 1863 3103 2039 3142; x_wconf 86' lang='lat' dir='ltr'>Thesm.</span> 
     </span>
     <span class='ocr_line' id='line_1_75' title="bbox 1162 3163 2040 3216; baseline -0.001 -13"><span class='ocrx_word' id='word_1_456' title='bbox 1162 3177 1204 3216; x_wconf 89' lang='lat' dir='ltr'>p.</span> <span class='ocrx_word' id='word_1_457' title='bbox 1230 3165 1296 3205; x_wconf 81' lang='lat'>49.</span> <span class='ocrx_word' id='word_1_458' title='bbox 1330 3165 1450 3204; x_wconf 90' lang='lat' dir='ltr'>hunc</span> <span class='ocrx_word' id='word_1_459' title='bbox 1481 3164 1627 3215; x_wconf 85' lang='lat' dir='ltr'>ipsum</span> <span class='ocrx_word' id='word_1_460' title='bbox 1656 3163 1804 3204; x_wconf 85' lang='lat' dir='ltr'>locum</span> <span class='ocrx_word' id='word_1_461' title='bbox 1827 3164 2040 3204; x_wconf 85' lang='lat' dir='ltr'>ass&#39;erens:</span> 
     </span>
     <span class='ocr_line' id='line_1_76' title="bbox 1165 3226 2039 3276; baseline -0.002 -10"><span class='ocrx_word' id='word_1_462' title='bbox 1165 3226 1361 3267; x_wconf 85' lang='lat' dir='ltr'>«Clarius</span> <span class='ocrx_word' id='word_1_463' title='bbox 1394 3227 1507 3265; x_wconf 77' lang='lat' dir='ltr'>lianc</span> <span class='ocrx_word' id='word_1_464' title='bbox 1538 3237 1659 3274; x_wconf 88' lang='lat' dir='ltr'>rem,</span> <span class='ocrx_word' id='word_1_465' title='bbox 1694 3236 1829 3276; x_wconf 87' lang='lat' dir='ltr'>quam</span> <span class='ocrx_word' id='word_1_466' title='bbox 1862 3226 2039 3273; x_wconf 69' lang='lat' dir='ltr'>Graeci,</span> 
     </span>
     <span class='ocr_line' id='line_1_77' title="bbox 1164 3287 2044 3339; baseline -0.003 -10"><span class='ocrx_word' id='word_1_467' title='bbox 1164 3290 1301 3329; x_wconf 87' lang='lat' dir='ltr'>Latini</span> <span class='ocrx_word' id='word_1_468' title='bbox 1323 3289 1550 3329; x_wconf 75' lang='lat' dir='ltr'>docebunt</span> <span class='ocrx_word' id='word_1_469' title='bbox 1571 3289 1834 3339; x_wconf 76' lang='lat' dir='ltr'>scriptores,</span> <span class='ocrx_word' id='word_1_470' title='bbox 1859 3287 1903 3326; x_wconf 90' lang='lat' dir='ltr'>hi</span> <span class='ocrx_word' id='word_1_471' title='bbox 1924 3287 2044 3327; x_wconf 89' lang='lat' dir='ltr'>enim</span> 
     </span>
     <span class='ocr_line' id='line_1_78' title="bbox 1164 3350 2040 3404; baseline -0.006 -12"><span class='ocrx_word' id='word_1_472' title='bbox 1164 3351 1413 3404; x_wconf 83' lang='lat' dir='ltr'>simplicem</span> <span class='ocrx_word' id='word_1_473' title='bbox 1461 3354 1631 3403; x_wconf 89' lang='lat' dir='ltr'>ponunt</span> <span class='ocrx_word' id='word_1_474' title='bbox 1685 3350 2040 3393; x_wconf 74' lang='lat' dir='ltr'>coniunctivum,</span> 
     </span>
     <span class='ocr_line' id='line_1_79' title="bbox 1164 3411 2042 3468; baseline -0.005 -12"><span class='ocrx_word' id='word_1_475' title='bbox 1164 3417 1380 3468; x_wconf 73' lang='lat' dir='ltr'>opinionis</span> <span class='ocrx_word' id='word_1_476' title='bbox 1421 3416 1636 3463; x_wconf 78' lang='lat' dir='ltr'>indicem,</span> <span class='ocrx_word' id='word_1_477' title='bbox 1679 3424 1767 3453; x_wconf 86' lang='lat' dir='ltr'>non</span> <span class='ocrx_word' id='word_1_478' title='bbox 1801 3411 2042 3453; x_wconf 61' lang='lat' dir='ltr'>xeritatis.»</span> 
     </span>
    </p>
   </div>
  </div>
 </body>
</html>
