2231 3787
281 345 378 395 2²4·ss
920 340 1127 379 llOltA'l'll
1159 338 1455 378 sA't‘tttAttUM

348 477 401 526 ln
443 472 619 525 media
661 471 812 523 iussit.
856 469 1044 540 Libya.
1087 468 1212 537 quia
1253 465 1454 518 tardius
1496 465 1628 516 irent

347 578 569 645 Propter
606 589 742 625 onus
781 587 988 638 segnes.
1066 569 1191 622 Uter
1229 575 1310 619 est
1349 564 1582 618 insanior
1619 562 1846 615 horum?

346 676 421 729 Nil
465 675 569 743 agit
609 670 935 741 exemplum.
978 668 1121 720 litem
1160 666 1306 737 quod
1345 665 1433 718 lite
1473 663 1703 717 resolvit.

346 779 397 830 Si
439 777 559 846 quis
599 782 738 827 emat
776 770 1029 830 citharas,
1075 777 1280 838 emptas
1321 773 1620 837 comportet
1659 765 1708 816 in
1750 781 1937 820 unum,

345 880 452 931 Nec
493 875 668 928 studio
707 872 940 926 citharae
981 888 1078 924 nec
1119 871 1300 921 Musae
1342 867 1555 921 deditus
1595 865 1712 918 ulli:
1986 862 2084 914 1105

348 981 399 1032 Si
442 977 651 1047 scalpra
690 983 741 1027 et
781 974 977 1026 formas
1018 989 1119 1023 non
1161 979 1330 1028 sutor,
1374 968 1585 1021 nautica
1624 966 1742 1020 vela

349 1083 579 1132 Arei-sus
618 1074 959 1129 mercaturis:
1002 1071 1203 1125 delirus
1243 1080 1295 1124 et
1332 1087 1515 1123 amens

348 1179 593 1249 Undique
633 1177 840 1231 dicatur
878 1175 1083 1228 merito.
1160 1174 1261 1236 Qui
1300 1170 1570 1241 discrepat
1607 1170 1744 1228 istis,

347 1282 446 1345 Qui
490 1297 736 1332 nummos
776 1293 1075 1347 aurumque
1116 1272 1378 1333 recondit,
1420 1271 1634 1324 nescius
1673 1271 1744 1322 uti

347 1381 665 1452 Compositis
704 1389 1058 1447 metuensque
1097 1374 1243 1427 velut
1280 1374 1588 1443 contingere
1628 1388 1841 1424 sacrum
1857 1371 1882 1421 ἶ)
1989 1368 2090 1422 ΜΟ

348 1485 398 1537 Si
441 1483 560 1554 quis
600 1481 665 1534 ad
707 1483 973 1551 ingentem
1013 1475 1260 1529 frumenti
1300 1491 1516 1545 semper
1555 1490 1810 1526 acervum

349 1588 631 1637 porrectus
670 1580 850 1652 vigilet
889 1598 1011 1633 cum
1050 1577 1208 1648 longo
1249 1576 1413 1630 suste.
1455 1591 1632 1644 neque
1674 1573 1814 1627 illinc

349 1685 552 1738 Audeat
593 1683 840 1738 esuriens
881 1680 1130 1734 dominus
1169 1678 1478 1747 contingere
1518 1693 1766 1745 granum,

392 1836 482 1874 ›t08.
518 1834 624 1883 (mid
647 1833 733 1872 duo
756 1831 971 1878 Pottierii,
1006 1830 1105 1870 LCt.
1134 1853 1177 1857 —
1203 1830 1402 1876 discrepet
1423 1836 1458 1864 c.
1488 1846 1531 1852 —
1566 1825 1656 1863 ⁴4⁶2.
1680 1824 1888 1863 Proiectus
1906 1823 2040 1863 Bent-

335 1898 444 1937 leius
473 1898 584 1936 coni.
621 1894 927 1945 «quantumvis
949 1890 1292 1932 reclamantibus
1319 1888 1550 1928 librariis.»

283 1993 402 2038 ὅσον
429 1995 628 2037 &cluam
660 1993 882 2045 βάσταςε.
911 2017 954 2022 ——
978 1994 1048 2032 Nil
1067 1993 1156 2043 α9ὶι
1181 1994 1186 2011 ’
1217 1990 1384 2030 Arrian.
1426 1989 1566 2040 Epict.
1609 1987 1653 2036 l,
1705 1988 1750 2035 8,
1799 1988 1876 2027 46:
1929 1981 2096 2037 Οὐδεὶς

281 2061 388 2112 cct.]
428 2063 524 2112 Ipse
563 2061 650 2098 iam
689 2058 918 2097 Stertinius
949 2066 1048 2097 sese
1080 2065 1155 2093 re-
1217 2051 1341 2109 ἐρεῖ,
1393 2045 1508 2103 Ἐγώ
1566 2047 1806 2102 μουσικός
1854 2050 1973 2100 εἰμι,
2031 2043 2095 2088 ἄν

280 2127 406 2163 vocat
436 2122 491 2161 ab
525 2123 696 2172 incepta
728 2119 1056 2170 comparatione
1088 2118 1155 2155 in-
1217 2111 1456 2169 πλῆκτρον
1493 2112 1569 2152 καὶ
1610 2109 1816 2169 κιθάραν
1854 2105 2091 2169 ἀγοράσῃ.

282 2190 348 2225 ter
374 2184 648 2230 Staberium,
682 2181 887 2220 avaritiae
909 2179 1152 2230 specimen,
1219 2175 1305 2215 Csr.
1330 2176 1409 2214 Dio
1441 2175 1598 2224 Chrys.
1633 2175 1704 2214 Or.
1740 2173 1804 2213 ⁴0.
1836 2184 1880 2224 p.
1914 2173 2008 2213 30⁴2.
2045 2174 2092 2212 R.

283 2252 323 2288 et
373 2247 661 2297 Aristippum,
713 2243 897 2282 nimium
940 2241 1154 2293 pecuniae
1183 2252 1186 2295 1
1219 2237 1429 2277 Ceterum
1473 2237 1561 2275 tota
1605 2235 1716 2274 haec
1754 2233 1991 2275 similitudo
2022 2245 2095 2274 me

283 2310 665 2359 contemptorem,
714 2315 887 2344 memor
929 2303 1156 2355 praecepti
1219 2300 1430 2339 admonet
1459 2297 1682 2350 proverbii
1704 2296 1822 2348 apud
1850 2297 2095 2336 Varronem

284 2371 409 2422 logici
465 2381 489 2407 a
538 2368 692 2407 Stoicis
749 2366 918 2412 traditi,
992 2363 1157 2404 nullam
1220 2363 1266 2401 R.
1290 2363 1336 2400 R.
1362 2362 1407 2409 ⁶2,
1442 2361 1487 2409 4,
1520 2359 1563 2399 3:
1613 2371 1695 2399 non
1725 2370 1884 2408 omnes,
1917 2358 1989 2407 qui
2015 2357 2099 2397 ha-

283 2432 631 2474 controversiam
671 2430 901 2470 contrariis
943 2426 1187 2479 exemplis!
1220 2424 1311 2463 benc
1353 2423 1584 2472 citharam,
1634 2426 1728 2461 sunt
1771 2421 2011 2461 citharoedi.
2049 2444 2092 2449 —

285 2495 448 2541 dirimi,
483 2492 563 2533 sed
594 2491 691 2532 talia
723 2490 997 2542 anquirenda
1033 2500 1154 2538 esse,
1185 2526 1187 2531 ,
1220 2486 1391 2535 emptas]
1437 2487 1531 2524 Non
1563 2486 1629 2524 est
1673 2483 1930 2535 simpliciter
1969 2493 2098 2523 «eas-

286 2568 400 2608 quae
433 2557 514 2596 etsi
554 2555 696 2606 primo
735 2555 917 2605 aspectu
955 2552 1153 2600 diversa,
1221 2559 1359 2599 que,»
1391 2547 1498 2587 sed:
1534 2547 1732 2596 «statim,
1763 2549 2003 2598 postquam
2023 2556 2099 2586 eas

286 2624 433 2659 tamen
465 2630 511 2657 re
543 2617 790 2657 accuratius
822 2616 1033 2666 pensitata
1062 2625 1157 2653 ma·-
1222 2611 1434 2657 emerit3»
1466 2611 1618 2660 sicque
1638 2610 1755 2659 Virg.
1779 2611 1886 2648 Aen.
1913 2608 1959 2656 6,
1992 2606 2094 2648 420:

286 2683 442 2721 nil'csto
476 2681 587 2718 inter
618 2690 665 2719 se
697 2679 930 2717 concinant
956 2679 999 2716 et
1025 2674 1158 2715 veluti
1186 2688 1188 2710 t
1221 2674 1349 2722 offam
1380 2671 1552 2718 Obiicit,·
1598 2672 1664 2710 ille
1684 2694 1706 2700 -
1726 2693 1744 2700 —
1764 2671 1947 2720 Corripit
1986 2669 2103 2710 obie—

284 2754 364 2795 per
412 2741 711 2781 inductionem
754 2750 911 2779 verum
956 2739 996 2777 in
1043 2735 1158 2776 clara
1219 2739 1342 2774 clam.
1405 2735 1677 2783 Frequenter
1714 2733 1826 2773 hanc
1867 2731 2098 2783 epiplocen

286 2804 383 2843 luce
416 2802 644 2843 collocent.
705 2801 819 2841 Talia
852 2802 979 2851 igitur
1010 2801 1050 2838 in
1086 2810 1188 2843 se-,
1221 2797 1447 2847 usurpavit
1479 2794 1670 2835 Ovidius.
1720 2796 1897 2835 Metam.
1934 2793 1982 2843 9,
2015 2793 2066 2834 74
2080 2805 2094 2838 v:

285 2865 523 2917 (luentibus
563 2865 787 2916 proponit,
829 2865 870 2902 in
912 2861 1072 2913 quibus
1104 2861 1157 2900 de
1186 2897 1188 2915 ἶ
1225 2858 1448 2908 (Hydram)
1475 2858 1614 2897 domui
1634 2857 1912 2907 domitamque
1934 2857 2093 2908 pereyi.

286 2927 462 2968 stultitia
514 2927 739 2965 hominum
785 2926 869 2971 sic,
924 2927 967 2964 ut
1017 2920 1330 2969 dicet,·1bid.
1370 2919 1476 2959 495:
1523 2919 1746 2969 praesepia
1787 2920 1873 2959 vidi
1922 2919 2097 2969 Visaque

288 2990 508 3039 agentium
560 2999 740 3039 prorsus
785 2998 915 3026 nemo
955 2985 1158 3024 dubitare
1187 2981 1189 3006 ²
1223 2983 1360 3023 deieci.
1413 2983 1524 3022 Fast.
1551 2982 1594 3030 3,
1619 2983 1693 3021 24:
1728 2984 1845 3022 Mars
1862 2982 1973 3022 videt
1991 2982 2099 3021 hanc

288 3054 433 3102 queat.
488 3049 789 3100 (uSimpliciter
836 3050 897 3088 sic
942 3046 1155 3099 explices:
1187 3046 1433 3106 :visamque
1486 3045 1598 3094 cupit
1648 3045 1890 3094 potiturque
1939 3043 2096 3094 cupita.

286 3123 406 3158 rem,
441 3112 494 3150 dc
518 3110 673 3161 qualis
696 3114 776 3158 est,
810 3112 955 3160 itaque
978 3108 1160 3148 dubiam
1223 3108 1363 3147 Etiam
1395 3108 1435 3146 in
1466 3117 1597 3158 prosa
1628 3118 1691 3146 or.
1725 3107 1813 3146 Liv.
1848 3107 1894 3156 11,
1936 3107 1981 3146 5:
2031 3105 2099 3145 la-

287 3185 373 3214 non
404 3173 502 3213 licet
541 3185 591 3212 ex
632 3172 874 3222 logicorum
912 3171 1160 3223 praeceptis
1187 3183 1190 3232 j
1222 3174 1358 3209 trenes
1387 3192 1409 3197 -
1439 3191 1460 3197 —
1499 3171 1671 3209 Remum
1712 3169 1885 3220 cepisse,
1931 3172 2101 3218 capcwm

286 3235 366 3276 alia
413 3247 459 3275 rc
499 3237 603 3274 item
644 3234 774 3272 dubia
819 3233 1012 3280 solvere,
1060 3233 1158 3283 quia
1187 3263 1190 3282 ,
1223 3233 1311 3283 regi
1348 3231 1531 3272 Aemulio
1569 3231 1801 3271 tradidisse.
1839 3254 1881 3258 —
1915 3229 2098 3282 scalpra]

287 3297 418 3337 dubia
464 3297 594 3336 certis
636 3298 803 3335 tantum
845 3295 1156 3334 dirimuntur.»
1223 3294 1461 3345 Kneifen,
1518 3293 1857 3333 Schuhahlen.
1912 3313 1959 3321 —
2007 3292 2100 3343 for-

287 3361 564 3408 tricenus-sn,-
1224 3355 1326 3407 mas]
1371 3357 1589 3395 Leisten.
1628 3378 1670 3383 —
1703 3366 1786 3394 non
1827 3353 1955 3405 sutor]
1998 3354 2100 3404 «qui

347 3420 546 3460 lot-124.
593 3420 636 3458 Si
659 3419 748 3468 quis
768 3425 874 3459 emat
896 3419 998 3470 cet]
1023 3420 1160 3458 Etiam
1226 3430 1312 3458 non
1343 3420 1466 3458 sutor
1496 3420 1604 3458 est.»
1640 3440 1683 3445 —
1715 3415 1975 3467 mercaturis]
2017 3415 2099 3456 da-

288 3482 369 3521 hoc
392 3482 552 3521 mirum
575 3491 680 3520 sane
704 3479 954 3532 exemplum
977 3492 1028 3520 cx
1057 3481 1164 3520 Stoi·
1188 3457 1192 3510 Ῑ
1226 3482 1352 3530 tirus,
1386 3483 1433 3520 ut
1453 3479 1532 3520 od.
1557 3481 1605 3529 2,
1629 3478 1675 3527 4,
1711 3479 1788 3518 49:
1827 3479 1943 3518 lucro
1973 3488 2100 3518 aver-

290 3553 442 3583 corum
456 3543 627 3584 officina
643 3542 817 3583 ridetur
830 3543 1158 3595 depromptum.
1188 3524 1192 3575 i
1225 3553 1328 3583 sam.
1367 3566 1408 3569 —
1447 3540 1642 3593 Undique]
1683 3541 1725 3580 in
1755 3550 1887 3593 prosa
1917 3550 1980 3580 or.
2015 3537 2099 3580 «ab
