2231 3787
792 270 887 309 LlB.
923 271 951 308 l.

214 400 345 452 Cum
387 399 558 451 servis
601 399 804 451 urbana
844 399 1013 452 diaria
1055 401 1248 454 rodere
1290 403 1486 455 mavis:

216 502 418 554 Horum
459 510 511 552 tu
554 501 603 552 in
646 519 928 554 numerum
968 511 1090 554 voto
1132 504 1258 555 ruis.

1018 270 1176 310 EPIST.
1226 273 1329 311 MV.

1875 273 1930 324 51
1947 276 1976 324 3

1907 408 1973 457 40

1339 504 1544 558 Invidet
1582 524 1737 558 usuin

214 602 504 673 Lignorum
543 613 594 655 et
634 605 846 673 pecoris
889 594 977 656 tibi
1020 603 1137 657 calo
1178 614 1398 675 argutus
1440 616 1490 660 ct
1529 606 1683 660 horti.

215 705 377 774 Optat
416 703 671 774 ephippia
710 704 837 765 bos,
882 706 1034 775 piger
1072 716 1218 777 optat
1257 725 1410 761 arare
1450 708 1716 773 caballus3

213 806 387 869 Quam
427 805 527 858 scit
565 814 824 876 uterque,
869 806 1064 870 libem,

1108 808 1370 869 censebo,
1414 822 1666 865 exerceat
1702 822 1885 866 arteni.

253 978 320 1020 40.
354 979 483 1018 servis
511 983 557 1018 tu
586 978 750 1018 urbana
782 979 1005 1020 Bentleius
1037 983 1305 1022 coniectura.
1334 1004 1378 1011 —
1414 983 1479 1024 40.
1516 984 1581 1025 41.
1617 986 1717 1026 Cum
1737 1010 1759 1016 -
1780 1011 1801 1016 -
1822 1002 1917 1028 ma-

196 1041 291 1081 ris?
320 1043 479 1082 Horum
499 1064 521 1070 -
542 1064 565 1070 -
584 1041 705 1081 ruis?
738 1043 943 1094 Doering.
978 1064 1021 1072 —
1049 1043 1113 1084 453.
1139 1044 1228 1093 bos,
1258 1047 1381 1097 125907·
1400 1052 1515 1096 optat
1537 1048 1757 1089 Bentleius
1781 1054 1820 1090 et
1854 1053 1913 1092 M:

197 1102 266 1144 bos
289 1105 436 1157 piger,
468 1108 588 1155 optat
616 1105 785 1145 LCtFO.

142 1275 224 1316 per
254 1263 449 1316 singulos
480 1263 575 1304 dles
608 1265 748 1305 servis
770 1264 1025 1316 admetitur,

142 1329 302 1370 additis
324 1329 607 1382 plerumque,
640 1334 685 1370 ut
707 1332 878 1383 opinor,
904 1342 1030 1372 men-

142 1403 218 1432 sae
258 1391 407 1432 herilis
447 1391 658 1443 reliquiis.
713 1392 915 1443 (Martial.
958 1396 1023 1443 Ἠ,

146 1454 242 1494 «108ε
270 1455 585 1504 pueri-diaria
606 1457 818 1508 poscunt.)
850 1458 1027 1508 Ingrata

142 1518 290 1556 autem
331 1519 397 1558 est
444 1516 698 1557 Bentleiana
752 1517 819 1558 illa
868 1512 1027 1570 ἔμφα-

142 1591 219 1628 σις
239 1579 340 1619 Cum
370 1581 498 1619 serris
528 1585 573 1619 tu
602 1581 793 1630 urbana,
829 1592 1027 1632 sequen-

141 1640 259 1681 tibus
290 1653 358 1682 w.
383 1643 542 1682 Horum
562 1647 604 1682 [ιι
629 1645 670 1682 in
692 1655 917 1684 numerum
939 1647 1023 1684 cet.

146 1727 190 1731 —
221 1703 382 1756 rodere]
426 1705 480 1745 de
513 1705 649 1755 duro,
699 1708 843 1757 tenui,
891 1719 1026 1760 parco

142 1777 375 1807 servorum
397 1768 672 1809 urbanorum
694 1770 825 1810 victu.
852 1770 915 1810 Cf.
937 1772 1024 1810 Sat.

145 1830 182 1877 ⁴,
208 1830 248 1878 5,
275 1830 341 1870 68.
367 1853 410 1859 —-
432 1835 526 1870 voto
547 1832 647 1883 ruis]
683 1833 803 1872 «Hoc
834 1835 881 1872 tu
903 1843 1027 1872 sum-

143 1901 325 1942 mopere
366 1894 516 1943 optas,
564 1896 610 1932 ut
651 1904 806 1934 rursus
837 1893 1026 1934 familiae

143 1952 340 1994 urbanae
387 1957 669 2006 aggregeris:
729 1959 882 1997 contra
933 1956 1027 1996 calo

144 2016 315 2065 (servus
347 2028 399 2056 ex
431 2017 592 2057 familia
623 2017 817 2067 urbana,
864 2017 1029 2058 viliori-

143 2076 228 2117 bus
261 2078 605 2131 durioribusque
632 2082 886 2121 ministeriis
908 2093 932 2121 a
955 2093 1026 2122 me

145 2139 432 2191 destinat-us),
466 2142 600 2181 homo
631 2153 738 2183 sane
771 2143 954 2185 callidus
976 2156 1028 2185 ac

143 2201 267 2241 vafer
313 2205 373 2252 (ut
410 2202 494 2243 sibi
535 2206 654 2243 certe
687 2205 882 2255 videtur,
923 2218 1028 2247 cum

143 2275 216 2305 me
247 2265 406 2305 herum
438 2265 662 2306 interdum
693 2267 857 2318 decipit
886 2272 930 2308 et
954 2269 1030 2308 de-

143 2327 356 2377 fraudat),
393 2325 584 2368 liberum
616 2328 693 2368 tibi
722 2339 854 2368 usum
875 2341 1027 2370 rerum

143 2389 200 2429 ad
232 2390 397 2429 victum
428 2392 786 2431 necessariarum
818 2392 1026 2432 invidet.»

145 2473 192 2481 —-
225 2452 382 2491 Invidet
413 2452 516 2503 cet.]
567 2454 700 2502 Nam,
734 2457 782 2494 ut
812 2456 871 2494 ait
903 2457 1030 2495 Pom-

143 2515 301 2566 ponius
345 2515 388 2554 in
426 2514 655 2566 Ergastulo
687 2517 807 2569 apud
838 2519 947 2557 Non.
982 2530 1024 2570 p.

146 2575 252 2617 ⁴64:
300 2578 438 2629 Lonye
477 2577 528 2618 ab
574 2578 676 2619 urbe
709 2581 898 2630 vilicari,
947 2593 1028 2631 quo

143 2649 239 2679 erus
282 2644 477 2680 rarenter
510 2639 644 2691 benit,
690 2643 784 2682 ,Non
827 2644 1024 2693 viliam-i,

142 2702 212 2741 sed
241 2702 452 2742 dominari
482 2708 539 2744 est
568 2715 663 2744 mea
692 2707 907 2745 sententia.
943 2707 1029 2747 Ca-

143 2762 232 2804 loni
262 2775 366 2807 vero
397 2766 544 2806 omnia
580 2766 820 2807 admetitur
850 2768 1029 2821 dispen-

145 2827 265 2865 sator
284 2829 328 2866 et
349 2838 491 2879 usque
513 2828 569 2869 ad
590 2830 768 2870 unciam
787 2830 1023 2882 ponderat.

149 2909 194 2914 —
233 2890 410 2939 pecoris]
463 2889 582 2940 «lac,
635 2903 842 2943 caseum,
892 2895 1024 2935 etiam

147 2958 329 2989 carnem
358 2952 568 3001 agninam
596 2955 640 2993 et
667 2954 908 2995 haedinam
939 2959 1022 2996 cet.

147 3009 224 3050 tibi
252 3012 566 3062 praebentis;»
611 3015 667 3055 ad
697 3027 945 3068 summam,
978 3021 1027 3058 ut

146 3074 214 3113 est
260 3073 304 3112 in
352 3075 613 3126 proverbio,
640 3070 645 3074 ’
675 3079 800 3129 Optat
847 3082 931 3121 cet.
977 3104 1022 3109 —

144 3135 351 3189 ephippia]
373 3134 604 3186 ἐφίππιον
619 3139 820 3197 στρῶμα
833 3173 843 3192 ,
874 3143 905 3183 S
915 3144 969 3183 ch
980 3155 1028 3183 α-

145 3197 356 3244 bracae,-
390 3200 610 3250 «tegimen
631 3203 734 3253 equi
764 3204 821 3243 ad
842 3204 1024 3246 mollem

142 3262 373 3300 vecturam
391 3261 638 3312 paratum.»
658 3265 831 3305 Nomos.
857 3289 900 3294 —-
923 3269 1025 3307 Am-

136 3319 320 3375 figunt,
367 3325 518 3362 utrum
562 3323 924 3376 distinguendum
968 3329 1042 3368 sit'

121 3393 257 3434 ‘eum
292 3383 510 3434 Bentleio,
559 3396 694 3437 quem
732 3399 814 3429 nos
844 3400 1022 3440 quoque

57 3447 85 3477 -“
138 3447 286 3490 ¹secuti
315 3457 492 3496 sumus,
526 3460 582 3488 an
603 3450 695 3489 sic:
731 3450 856 3500 Optat
885 3451 1023 3502 ephip-

140 3507 231 3558 pia·
243 3507 314 3548 bos
335 3510 483 3561 piqer,
516 3515 632 3561 optat
660 3523 790 3552 arare
818 3512 1019 3564 caballus,

287 3585 438 3623 Honar.
467 3597 555 3624 vor.
584 3590 630 3625 ll.
671 3585 746 3624 ει).
777 3599 860 3625 ΜΗ.
888 3589 947 3625 111.

1093 1265 1149 1306 ad
1173 1266 1293 1318 quod
1315 1267 1549 1309 conferunt
1573 1271 1695 1311 Ovid.
1719 1276 1815 1314 Am.
1843 1276 1881 1324 4,
1908 1276 1972 1318 113.

1095 1329 1170 1368 46:
1227 1331 1373 1370 Prima
1412 1344 1538 1372 vocas
1579 1337 1722 1375 tardos
1758 1337 1830 1376 sub
1875 1339 1976 1390 izaeqa

1086 1393 1236 1442 panda
1279 1393 1409 1434 boves.
1474 1396 1673 1437 «Omnes
1706 1399 1902 1439 nituntur
1934 1401 1974 1440 in

1093 1456 1300 1504 vetitum,
1346 1459 1522 1508 optant,
1557 1469 1671 1510 quae
1702 1460 1786 1501 sibi
1817 1466 1976 1514 negata

1092 1520 1207 1557 sunt.
1249 1519 1318 1557 Sic
1348 1517 1431 1558 bos
1462 1531 1640 1571 quoque
1673 1525 1869 1564 aratrum
1892 1526 1978 1565 mi-

1092 1590 1192 1619 sere
1226 1581 1410 1621 trahens
1432 1581 1506 1621 ubi
1529 1583 1749 1625 caballum
1773 1585 1978 1629 celeriter

1093 1644 1136 1681 et
1181 1644 1386 1693 expedite
1432 1651 1687 1687 currentem
1729 1653 1974 1701 conspexit,

1093 1706 1303 1755 quoniam
1351 1707 1472 1758 quod
1504 1720 1551 1748 se
1584 1711 1750 1750 cruciat
1779 1715 1975 1754 aratrum

1092 1768 1246 1815 sentit,
1282 1768 1466 1809 calcaria
1489 1771 1651 1822 quibus
1679 1772 1747 1813 ille
1770 1777 1977 1827 pungitur

1092 1841 1178 1869 non
1223 1831 1369 1880 ridet,
1433 1844 1549 1884 equo
1596 1834 1799 1877 felicioris
1846 1840 1976 1880 sortis

1093 1893 1292 1943 speciem
1325 1895 1504 1935 invidet.
1568 1898 1729 1938 Contra
1755 1899 1974 1949 caballus,

1093 1956 1167 2006 qui
1199 1955 1446 1998 calcaribus
1479 1959 1717 2001 crudeliter
1758 1961 1978 2004 laceratus

1094 2019 1136 2056 et
1167 2019 1330 2060 invitus
1362 2031 1498 2073 saepe
1531 2034 1713 2063 cursum
1746 2029 1974 2078 properat,

1093 2090 1196 2120 cum
1239 2080 1404 2121 bovem
1449 2081 1567 2124 lente
1614 2088 1657 2125 et
1696 2089 1844 2137 quiete
1876 2100 1979 2128 ara-

1093 2144 1211 2182 trum
1233 2143 1485 2186 trahentem
1506 2146 1627 2197 vidit‚
1657 2148 1787 2190 huius
1809 2153 1977 2192 sortem

1093 2214 1228 2244 unam
1260 2216 1359 2246 esse
1382 2206 1584 2256 beatam,
1614 2221 1742 2249 suam
1766 2212 1978 2254 miseram

1092 2266 1315 2314 queritur3
1360 2278 1415 2306 ne
1454 2267 1523 2308 ille
1556 2269 1736 2311 stultitia
1768 2284 1979 2316 occaeca-

1092 2328 1163 2366 tus
1195 2338 1282 2366 non
1312 2328 1420 2368 vidit
1448 2329 1660 2372 baculum
1689 2337 1874 2376 aratoris
1905 2349 1979 2377 ne-

1093 2399 1180 2439 que
1230 2391 1369 2430 sensit
1427 2394 1688 2442 gravitatem
1744 2395 1978 2447 glebarum

1091 2454 1166 2492 aut
1197 2453 1456 2505 impeditam
1479 2456 1521 2495 in
1542 2455 1675 2497 sulcis
1697 2459 1828 2499 viam.
1874 2462 1977 2502 Uter

1092 2513 1221 2565 igitur
1268 2517 1392 2568 piger
1437 2520 1531 2568 est,
1582 2519 1665 2560 bos
1707 2532 1763 2561 an
1795 2533 1937 2573 equus
1954 2526 1975 2562 ἱ)

1092 2578 1180 2618 Nisi
1238 2578 1363 2619 fallor
1410 2583 1614 2633 uterque.
1695 2585 1976 2637 Quapropter

1093 2652 1196 2680 cum
1225 2640 1340 2681 bove
1371 2641 1477 2682 illud
1500 2645 1727 2695 epitheton
1751 2647 1978 2689 coniunxit

1092 2705 1298 2745 Horatius
1330 2706 1552 2747 vicinitate
1583 2706 1689 2756 loci,
1725 2721 1827 2749 cum
1859 2722 1976 2763 equo

1092 2769 1136 2807 et
1167 2769 1432 2808 necessitate
1467 2771 1714 2810 sententiae
1738 2774 1781 2811 et
1801 2772 1975 2814 vinculo

1092 2841 1336 2879 caesurae,
1398 2843 1513 2883 quae
1573 2834 1753 2874 tertium
1809 2836 1975 2887 pedem

1092 2892 1295 2932 dividit.»
1359 2895 1680 2935 Danaam-nem
1729 2897 1771 2936 in
1820 2899 1971 2949 Progr.

1090 2956 1292 3007 Aquisgr.
1338 2955 1457 2996 4842.
1503 2968 1548 3009 p.
1584 2959 1649 2998 45.
1700 2959 1762 3000 Cf.
1809 2960 1975 3001 Herbst

1088 3019 1214 3058 Lectt.
1256 3019 1398 3058 Venus
1423 3019 1454 3058 1.
1478 3030 1522 3071 p.
1550 3021 1614 3060 42.
1651 3045 1696 3049 —
1732 3023 1869 3071 Quam
1898 3025 1974 3064 scit

1090 3080 1194 3132 cet.]
1225 3081 1273 3120 In
1302 3081 1591 3132 proverbium
1624 3085 1857 3126 transierat
1878 3088 1972 3127 Ari-

1088 3143 1317 3194 stophanis
1358 3143 1490 3196 Vesp.
1521 3144 1653 3186 4434:
1694 3141 1855 3204 Ἔρὸοι
1899 3161 1969 3198 τις

1088 3199 1148 3257 ἢν
1193 3199 1398 3256 ἕκαστος
1443 3205 1587 3260 εἰδείη
1634 3210 1820 3262 τέχνην.
1875 3210 1965 3249 Cic.

1087 3268 1214 3308 Tusc.
1240 3270 1278 3317 ⁴,
1304 3269 1370 3318 ⁴8,
1394 3269 1439 3310 4⁴
1461 3282 1469 3308 ε
1501 3271 1611 3310 Bene
1638 3273 1746 3311 enim
1776 3272 1845 3310 illo
1867 3282 1971 3321 pro-

1084 3329 1224 3369 verbio
1246 3330 1505 3371 Graecorum
1519 3334 1800 3383 praecipitur:
1833 3334 1970 3383 Quam

1085 3392 1257 3442 quisque
1284 3394 1398 3433 norit
1426 3400 1581 3444 artem,
1614 3396 1658 3436 in
1683 3395 1762 3433 hae
1780 3406 1823 3435 se
1841 3406 1967 3435 exer-

1083 3458 1242 3494 ceat.—
1276 3455 1454 3508 censebo]
1487 3457 1658 3496 Domini
1692 3458 1760 3496 est
1789 3460 1967 3498 senten-

1085 3517 1161 3565 tia,
1197 3528 1310 3568 quae
1342 3517 1501 3557 eadem
1524 3529 1704 3569 semper
1725 3521 1806 3559 erit
1831 3520 1963 3570 (unde

1638 3595 1682 3630 33
