2231 3787
829 306 927 346 ΜΒ.
962 307 992 344 1.
1054 305 1217 345 EPIST.
1251 307 1319 345 Vl.
1894 306 1995 357 447

171 450 336 490 saeque
368 437 548 479 deliciis.
592 439 640 478 V.
666 438 842 479 56—64.
891 439 964 478 Sin
994 439 1133 489 magis
1164 437 1381 489 placuerit
1411 436 1527 478 aliud
1558 448 1785 479 summum
1806 439 1991 487 honuni,

172 509 291 560 quod
322 511 389 550 est
419 509 460 548 in
493 520 659 558 amore,
693 508 796 548 huic
828 510 969 548 totum
1000 510 1042 548 te
1065 508 1204 547 trade.
1239 509 1290 548 V.
1317 509 1381 548 65.
1407 509 1473 548 66.
1507 509 1626 548 Haec
1647 508 1828 559 quidem
1849 509 1994 549 habeo

171 589 418 630 exponere:
466 580 512 618 tu
543 580 578 619 si
609 580 782 619 saniora
813 578 1086 630 melioraque
1117 579 1256 628 scies,
1289 589 1362 618 me
1394 578 1526 627 doce3
1560 580 1626 619 sin
1656 580 1827 628 minus,
1869 582 1994 619 utere

170 649 294 688 meis.
328 649 378 687 V.
403 649 468 688 67.
495 649 591 688 68.»
625 649 949 700 «Despicientia
979 659 1132 689 rerum
1155 650 1441 689 externarum
1462 650 1532 688 via
1553 649 1610 689 ad
1631 649 1748 689 bene
1770 649 1994 702 beateque

169 718 410 759 vivendum
441 721 531 767 est,
566 719 704 759 x·irtus
735 718 826 760 sola
857 719 975 759 bona
1008 719 1371 771 expetendaque,
1404 718 1487 759 alia
1518 720 1686 769 omnia,
1724 732 1837 772 quae
1864 719 1995 771 volgo

170 790 315 841 expeti
360 787 522 837 solent,
571 789 739 828 caduca
784 800 836 829 ao
882 789 1039 830 saltem
1084 800 1187 829 cum
1229 790 1317 829 vita
1358 790 1601 830 amittenda
1631 801 1777 842 neque
1810 802 1856 831 re
1888 803 1995 831 vera

170 858 362 900 salubria
394 861 537 899 sunt.»
570 860 795 899 Bnffifflzn.
855 861 999 900 Animi
1037 871 1171 900 causa
1201 860 1494 900 memoranda
1522 860 1700 900 videtur
1735 872 1849 900 vana
1878 863 1997 902 Bou-

170 930 296 969 hierii
326 930 496 981 opinio,
529 930 588 969 ita
619 930 848 970 Horatium
879 932 1025 982 ipsum
1045 942 1202 971 versus
1224 930 1476 971 ordinasse:
1512 930 1670 980 4-44,
1704 930 1891 980 28-48‚
1927 933 1992 980 47,

173 1001 241 1049 48,
273 1000 459 1047 20—23‚
494 999 674 1049 49—55‚
722 1000 793 1049 49,
835 1000 1022 1050 24—027,
1066 1002 1248 1049 56-66,
1295 1002 1369 1050 45,
1415 1001 1488 1050 46,
1530 1002 1604 1051 67,
1648 1001 1714 1042 68.
1777 1002 1996 1053 scriptam

170 1071 285 1110 hanc
314 1069 554 1122 EpiStolam
585 1070 823 1111 arbitratur
854 1071 1020 1111 Franke
1052 1082 1090 1111 a.
1124 1082 1166 1110 u.
1202 1082 1238 1110 c.
1273 1071 1366 1112 729.
1406 1073 1590 1124 propter
1632 1082 1673 1111 v.
1707 1072 1802 1120 26,
1845 1072 1995 1111 Obba-

170 1141 259 1181 rius
290 1152 328 1180 a.
362 1141 455 1181 734.
