2231 3787
165 256 259 309 150

790 253 1003 293 HORATII
1035 252 1336 292 SATIRARUM

228 387 484 442 Felicem!
527 385 737 440 aiebam
776 384 989 448 tacitus,
1027 400 1150 437 cum
1187 380 1451 453 quidlibet
1487 379 1574 432 ille

239 489 501 544 Garriret.
542 488 713 549 vicos,
755 486 946 540 urbem
983 484 1240 538 laudaret.

1315 483 1380 537 Ut
1418 480 1488 533 illi

229 591 308 644 Nil
349 589 772 661 respondebam:
820 588 1014 641 Misere
1053 585 1233 657 cupiS,
1274 583 1467 655 inquit,
1509 581 1685 645 abire3

232 691 552 747 Iamdudum
590 690 778 754 video,
820 689 917 743 sed
955 688 1027 741 nil
1066 688 1204 759 agis,
1247 701 1426 756 usque
1465 682 1688 747 teneb03

1913 681 1979 734 115

233 797 540 865 Persequar
576 792 723 854 hinc,
765 808 873 862 quo
911 807 1054 843 nunc
1092 789 1194 842 iter
1219 785 1433 841 esttibi.
1473 784 1554 839 Nil
1581 802 1718 856 opus
1742 791 1825 838 est
1849 791 1902 838 te

275 967 337 1007 43.
381 968 480 1018 ficos
508 966 611 1017 bcp.
657 988 701 993 —
749 965 814 1003 45.
860 964 951 1002 Iam
978 963 1096 1002 video
1126 962 1282 1001 dudum
1318 961 1359 1000 S.
1410 983 1454 988 —
1499 969 1629 1010 usque
1656 969 1730 1010 eqo
1757 969 1859 998 nam
1891 961 1928 998 te

217 1031 448 1078 Petwsequaz
491 1040 542 1068 ex
587 1028 694 1067 mira
741 1024 1077 1078 interpolatione
1117 1023 1224 1064 Cod.
1272 1024 1460 1064 Tonsan.
1503 1045 1549 1051 —
1601 1022 1668 1062 46.
1697 1023 1930 1070 Per-sequar

217 1091 334 1142 bscp
359 1093 401 1130 et
421 1090 614 1130 Pottieiu
634 1088 858 1141 plerique
882 1086 979 1127 Ald.
1005 1087 1144 1136 4549,
1166 1088 1276 1136 LCt,
1300 1087 1354 1126 F:
1384 1087 1622 1134 Prosequar
1641 1084 1729 1124 duo
1750 1082 1924 1133 Bland.,

216 1149 379 1207 γκιιξω
425 1164 554 1192 «cum
594 1151 687 1192 aliis
732 1150 949 1200 duobus„
940 1164 960 1185 »
1007 1160 1086 1190 sex
1128 1148 1345 1197 Pottierii,
1393 1146 1530 1188 Aldus
1574 1146 1722 1196 4509„
1761 1144 1924 1195 Bentl„

161 1299 295 1351 βάλλ’
327 1299 377 1352 ἐς
406 1297 640 1358 κόρακας,
689 1299 762 1339 abi
801 1300 846 1339 in
874 1297 1040 1339 malam

162 1367 279 1406 rem!
313 1364 424 1405 Male
453 1365 572 1404 enim
593 1363 871 1415 accepissem
890 1361 1040 1402 verbis

162 1431 295 1479 atque
327 1427 551 1478 fugassem
589 1426 861 1466 hominem.»
909 1424 1043 1474 (Con-

161 1495 228 1532 tra
273 1489 643 1531 consuetudinem
687 1489 885 1528 Latinam
929 1487 1043 1527 Cru-

163 1555 291 1606 quius
322 1554 637 1603 interpretatur
667 1551 722 1591 de
752 1551 932 1590 homine
962 1560 1046 1601 pa-

162 1618 298 1656 tiente
339 1618 472 1667 atque
518 1614 575 1654 ad
618 1615 731 1653 iram
775 1612 934 1663 tardo.)
985 1611 1040 1651 M.

162 1677 399 1726 Bolanum,
450 1679 652 1717 veterem
702 1676 918 1723 amicum,
971 1674 1045 1714 Ci-

165 1752 269 1782 cero
302 1739 590 1780 commendat
618 1737 807 1791 Sulpicio
839 1737 896 1777 ad
922 1738 1040 1777 Fam.

166 1803 237 1851 43,
285 1803 351 1842 77.
416 1804 499 1841 Pro
544 1802 723 1841 nomine
773 1800 875 1840 ficto
922 1801 1044 1839 certe

165 1865 324 1906 haberi
353 1876 442 1904 non
473 1864 634 1914 debet,
668 1863 749 1904 sed
778 1862 828 1903 ἐν
850 1860 1045 1920 παρόδῳ

166 1926 384 1967 Luciliano
427 1937 553 1966 more
599 1927 770 1977 stringit
818 1926 1047 1965 hominem

165 1988 417 2030 ridiculum.
479 1990 690 2029 Ceterum
712 1990 781 2029 est
799 1988 1048 2028 Vettiorum

168 2062 418 2103 cognomen
448 2062 473 2090 a
503 2050 630 2100 Bola‚
675 2053 934 2102 Aequorum
966 2061 1048 2102 op-

166 2115 287 2167 pido.
324 2136 369 2143 —
396 2114 554 2154 cerebri
582 2114 769 2166 Felicem]
800 2115 1047 2170 μακαρίζω

170 2189 226 2217 σε
265 2174 350 2228 τῆς
391 2171 679 2234 παῤῥησίας.
731 2178 847 2228 Virg.
888 2178 961 2216 Ge.
999 2177 1046 2226 4,

168 2239 278 2279 277:
327 2239 463 2289 felices
505 2251 679 2289 operum
724 2239 881 2291 (dies).
939 2237 1048 2279 Plin.

169 2302 331 2351 Paneg.
367 2301 441 2348 58,
483 2302 531 2340 5:
582 2302 756 2341 Miseros
798 2301 1047 2341 ambitionis.

172 2361 397 2403 Claudian.
431 2361 593 2402 Stilich.
630 2365 676 2413 4,
711 2364 790 2404 89:
823 2364 944 2403 Felix
976 2374 1053 2402 ar-

170 2426 284 2466 bitrii
321 2425 529 2474 princeps.
591 2426 724 2475 Quid,
768 2426 888 2477 quod
924 2425 1051 2467 Silius

172 2498 307 2528 ausus
338 2489 406 2527 est
435 2487 584 2527 dicere
614 2487 664 2536 4,
696 2488 800 2528 259:
849 2488 1052 2529 laudabat

172 2551 240 2590 leti
267 2551 457 2590 iuvenem
479 2551 558 2589 ——‘?
596 2549 716 2590 Plato
746 2551 972 2591 Phaedon.
1005 2562 1049 2602 p.

172 2613 239 2652 58.
272 2612 339 2652 E.:
371 2606 611 2664 εὐδαίμων
631 2636 655 2642 -
676 2635 697 2642 -
719 2614 801 2652 καὶ
831 2610 916 2654 τοῦ
949 2610 1055 2670 τρό-

175 2686 268 2715 που
315 2675 399 2713 καὶ
439 2672 534 2713 τῶν
577 2671 746 2728 λόγων.
807 2675 1050 2715 Philoclem.

176 2736 232 2777 de
271 2736 436 2776 Musica
465 2734 560 2776 Vol.
593 2738 722 2776 Herc.
755 2738 788 2776 Ι.
821 2749 864 2789 p.
897 2737 975 2778 43:
1022 2729 1056 2790 ἦ

175 2795 414 2855 μακάριος
462 2790 522 2850 ἦν
570 2796 656 2850 τῆς
703 2801 956 2849 συνέσεως.
1007 2822 1052 2827 -

175 2861 412 2911 quidlibet-
432 2861 643 2912 Gari-iret]
675 2863 764 2902 Cic.
790 2862 845 2902 ad
873 2864 956 2902 Att.
986 2863 1051 2911 42,

178 2925 195 2964 4
216 2956 224 2973 ,
246 2924 291 2963 ⁶2:
322 2923 559 2974 garritum,
593 2925 795 2973 quidquid
821 2925 864 2964 in
885 2925 1057 2964 buccam

182 2986 344 3036 (venit).
380 3009 424 3014 —
464 2987 586 3036 vicos]
619 2987 834 3027 domuum
878 2987 1056 3027 ordines

181 3060 236 3089 ex
263 3051 453 3099 utraque
482 3049 579 3089 viae
610 3052 750 3101 parte.
811 3051 881 3090 Sic
911 3051 1057 3089 Theo-

179 3111 349 3163 phrasti
379 3105 646 3161 ἀδόλεσχος
673 3112 802 3152 Char.
827 3111 866 3152 3.
891 3114 1054 3161 narrat,

182 3169 330 3213 πόσοι
359 3173 453 3212 εἰσὶ
481 3175 638 3224 κίονες
667 3170 751 3214 τοῦ
779 3169 999 3215 Ὠιδείου.

236 3235 383 3276 44-21.
432 3236 584 3275 Misere
618 3237 734 3284 cupis
772 3237 875 3289 cet]
917 3238 1058 3278 Minus

180 3299 379 3351 apposite
417 3309 640 3338 nonnemo
678 3300 798 3339 ratus
837 3301 906 3339 est
948 3300 1059 3339 haec

180 3361 403 3402 submissa
423 3372 534 3401 voce
558 3362 601 3400 et
622 3363 797 3401 secreto
819 3361 936 3401 dicta
959 3373 1057 3402 esse

183 3423 238 3463 ab
261 3424 439 3464 homine
459 3422 673 3472 molesto;
706 3425 842 3464 immo
866 3424 1060 3464 urbanus

182 3484 271 3526 volt
300 3485 454 3534 videri,
477 3484 678 3527 libertate
701 3487 878 3537 antiqua
900 3488 1062 3527 Roma-

1105 1309 1161 1338 na
1181 1307 1305 1338 usus.
1356 1297 1420 1336 De
1452 1295 1553 1335 adv.
1585 1295 1733 1335 misere
1750 1293 1840 1335 vid.
1865 1293 1922 1334 ad
1941 1304 1984 1333 v.

1105 1361 1144 1401 8.
1179 1382 1228 1389 -
1267 1361 1502 1408 Persequar
1532 1357 1636 1409 cet.]
1675 1358 1984 1409 Importunus,

1107 1424 1215 1463 dum
1243 1422 1412 1462 facetus
1435 1432 1534 1462 esse
1557 1421 1720 1461 frustra
1741 1421 1886 1472 cupit,
1917 1431 1991 1459 ru-

1107 1485 1257 1525 sticius
1287 1483 1496 1534 loquitur.
1554 1484 1786 1532 Persequar
1807 1482 1875 1522 est
1902 1481 1990 1521 mi-

1107 1557 1265 1587 narum
1308 1545 1677 1597 praecedentium
1720 1555 1898 1585 summa
1937 1553 1990 1583 ac

1105 1610 1518 1664 perseverationem
1557 1609 1819 1650 assectantis
1861 1619 1992 1660 egre-

1108 1675 1176 1726 gie
1208 1673 1435 1725 exprimit:
1471 1671 1746 1713 «comitabor
1774 1673 1817 1712 te
1842 1681 1989 1723 usque

1109 1748 1185 1785 eo,
1230 1747 1317 1787 quo
1347 1735 1427 1775 tibi
1461 1736 1526 1775 ire
1556 1734 1837 1787 propositum
1867 1735 1936 1774 est
1949 1745 1987 1781 »3

1101 1810 1341 1850 prosequar
1357 1800 1498 1838 esset:
1525 1797 1682 1838 «officii
1703 1807 1839 1838 causa
1858 1806 1993 1849 porro

1110 1872 1317 1913 sequar.»
1375 1863 1519 1912 Atque
1543 1862 1588 1900 et
1616 1860 1812 1912 potiores
1835 1861 1880 1900 et
1898 1858 1996 1912 plu-

1110 1936 1184 1965 res
1216 1924 1356 1965 Codd.
1390 1925 1569 1963 tuentur
1604 1923 1707 1964 lect.
1740 1933 1989 1974 persequar.

1110 1992 1265 2040 Neque
1293 1999 1401 2028 vero
1440 1988 1653 2028 Codicem
1692 1987 1845 2028 Bland.
1879 1987 1996 2028 anti-

1113 2052 1398 2104 quissimum,
1431 2052 1481 2090 ut
1509 2050 1611 2090 alibi
1641 2049 1775 2100 solet,
1811 2061 1894 2102 pro
1927 2048 1996 2090 al-

1112 2117 1208 2155 tera
1237 2112 1428 2165 appellat
1459 2113 1693 2164 Cruquius.
1751 2115 1888 2164 Iunge
1911 2123 1997 2153 au-

1113 2180 1206 2217 tem
1247 2179 1481 2225 Persequar
1528 2176 1621 2215 hine
1667 2176 1814 2228 potius
1859 2186 1996 2226 quam

1112 2241 1206 2280 hine
1227 2251 1328 2290 quo,
1360 2238 1433 2278 vel
1461 2240 1510 2278 ut
1530 2238 1633 2279 fecit
1654 2239 1828 2279 Comm.
1853 2239 1988 2289 Cruq.

1115 2307 1159 2344 et
1181 2303 1250 2344 alii
1270 2316 1277 2343 :
1326 2305 1570 2353 Persequar.
1602 2303 1708 2342 Hinc
1728 2326 1753 2334 -
1772 2325 1797 2332 -
1815 2302 1888 2342 tibi
1903 2301 1925 2342 ἶ)
1953 2301 1997 2341 in

1116 2377 1203 2418 qua
1233 2365 1576 2416 interrogatione
1606 2365 1701 2405 hine
1730 2374 1999 2417 supervaca-¹

1115 2440 1253 2469 neum
1293 2430 1376 2468 est.
1413 2450 1458 2456 —
1492 2427 1745 2479 Circumaqi]
1785 2427 1899 2467 «huc
1929 2428 1999 2468 at-

1118 2503 1204 2543 que
1226 2490 1326 2530 illuc
1350 2490 1389 2541 (a
1409 2489 1495 2539 me)
1522 2490 1841 2530 circumduci.»
1891 2490 1995 2530 Aen.

1119 2576 1166 2582 —
1188 2565 1272 2593 non
1292 2553 1364 2592 tibi
1391 2553 1548 2604 notum]
1584 2554 1884 2604 «quapropter
1903 2563 1998 2593 me·-

1119 2627 1223 2655 cum
1264 2616 1410 2654 visere
1457 2626 1561 2655 eum
1605 2626 1694 2654 non
1737 2616 1910 2666 potes.»
1949 2638 1996 2643 ——

1117 2676 1253 2728 cubat]
1305 2678 1539 2727 «aegrotus
1586 2675 1799 2716 lectulum
1848 2678 1999 2718 servat

1119 2739 1240 2779 domi
1270 2749 1422 2778 suae.»
1480 2737 1650 2790 Prolog.
1684 2739 1819 2790 antiq.
1857 2738 1996 2779 Plaut.

1120 2803 1220 2842 Cas.
1244 2801 1319 2840 37:
1353 2812 1518 2850 servus,
1543 2802 1614 2851 qui
1634 2802 1678 2840 in
1697 2802 1841 2842 morbo
1860 2801 2000 2849 cubat,-

1117 2865 1246 2902 Immo
1275 2863 1408 2902 hercle
1434 2874 1533 2903 vero
1570 2864 1614 2903 in
1653 2864 1777 2914 lecto,
1821 2876 1872 2904 ne
1903 2865 2002 2915 quid

1118 2926 1312 2965 mentiar.
1367 2924 1478 2966 Cels.
1505 2925 1554 2975 3,
1578 2925 1624 2967 4:
1657 2927 1918 2977 Asclepiades
1935 2949 1959 2956 -
1978 2949 2002 2956 -

1119 2987 1307 3027 cubantis
1346 2988 1471 3027 etiam
1514 2988 1702 3029 luxuriet·
1745 2989 1997 3040 subscripsit.

1123 3049 1245 3089 Conf.
1280 3050 1366 3088 sat.
1399 3051 1445 3099 2,
1486 3050 1534 3100 3,
1575 3051 1669 3091 289.
1722 3052 1831 3104 Epp.
1863 3052 1914 3101 2,
1951 3053 1997 3100 2,

1122 3111 1188 3151 68.
1224 3111 1346 3150 Ovid.
1371 3112 1473 3151 Her.
1498 3113 1572 3162 ΞΟ,
1608 3113 1709 3153 466;
1741 3114 1842 3153 haee
1861 3113 1999 3162 cubat,

1121 3173 1188 3212 ille
1215 3173 1338 3213 valet.
1401 3173 1607 3214 Similiter
1637 3176 1793 3215 Graeci
1829 3175 1885 3215 de
1922 3187 2000 3216 ae-

1123 3237 1258 3286 grotis
1283 3237 1618 3277 κατακεῖσθαι.
1660 3238 1839 3277 Lucian.
1863 3239 1999 3280 Merc.

1125 3298 1263 3338 Cond.
1289 3299 1355 3338 34.
1383 3300 1568 3350 (Reisigii
1589 3299 2003 3351 interpretationem

1127 3361 1235 3400 «sein
1263 3362 1381 3400 Haus
1408 3362 1529 3413 lieqt»
1551 3361 1606 3400 ab
1637 3361 1732 3412 ipso
1759 3363 1915 3412 postea
1935 3372 2004 3402 re-

1126 3425 1194 3463 cte
1240 3423 1538 3475 improbatam
1582 3434 1735 3463 rursus
1772 3423 2002 3476 amplexus

1127 3488 1192 3526 est
1221 3487 1501 3537 Diintzerus.)
1536 3510 1578 3514 —
1620 3486 1811 3527 Caesaris
1846 3486 1999 3538 hortos]
