2231 3787
247 279 350 328 308

885 275 1096 315 llORATlI
1129 275 1427 316 SATIRARUM

317 407 584 469 AudieriS,
627 407 811 461 heres:
856 407 992 477 Ergo
1033 424 1171 459 nune
1210 407 1377 457 Dama
1415 402 1614 456 sodalis

316 512 587 579 Nusquam
626 508 746 561 est?
786 506 933 561 Unde
973 506 1098 559 mihi
1140 516 1243 558 tum
1271 505 1460 558 sortem
1488 513 1702 574 tamque
1730 502 1984 556 fidelem?

318 612 519 681 Sparge
563 608 789 662 subinde
832 617 905 664 et,
949 608 990 659 si
1031 606 1248 678 paulum
1287 615 1462 677 poteS,
1505 605 1849 668 illacrimare;
1902 612 1984 657 est

317 710 520 766 Gaudia
558 710 872 780 prodentem
917 707 1115 761 voltum
1156 706 1348 761 celare.

311 812 637 866 Permissum
678 809 893 862 arbitrio
934 808 1047 861 sine
1087 807 1338 861 sordibus
1379 815 1620 871 exstrue3
1660 807 1817 860 funus

1425 705 1741 777 Sepulcrum

1947 806 2051 859 4Οὸ

352 963 441 1000 404.
488 960 651 1008 Dama]
697 959 833 997 clama
863 957 906 996 h.
945 980 987 985 —
1023 957 1114 997 403.
1151 956 1241 997 404.
1275 961 1331 996 est
1360 968 1383 995 a
1415 967 1504 997 see.
1538 967 1595 995 m.
1643 954 1837 995 deletum
1877 957 1921 996 et
1952 967 1993 995 v.

293 1023 428 1062 celare
457 1031 678 1072 superser.
713 1021 842 1059 celato
873 1020 916 1066 S,
948 1024 984 1058 et
1013 1020 1088 1058 sic
1113 1020 1306 1069 paullum
1334 1025 1450 1070 potes
1478 1020 1748 1058 inlacrimare
1783 1018 1992 1069 (infinitiv.

295 1086 456 1130 aetivf,

503 1088 546 1122 et
591 1084 756 1122 Gaudia
797 1083 1037 1131 prodentem
1073 1083 1228 1121 voltum
1270 1080 1452 1121 Bentleii
1482 1081 1701 1132 suspicio,
1748 1082 1817 1120 cui
1847 1082 1996 1120 tamen

293 1147 405 1185 hane
437 1145 657 1197 praefert:
691 1149 727 1184 et
756 1147 826 1184 sic
849 1145 1040 1194 paullum
1063 1149 1179 1194 potes
1207 1145 1478 1184 inlacrimare
1507 1149 1551 1184 et
1581 1144 1749 1184 Gaudia
1771 1145 1996 1194 pruden-

236 1271 502 1321 comprobata
521 1282 532 1308 .·
575 1270 731 1309 Titium
762 1269 978 1308 heredem
1009 1280 1108 1309 esse

236 1332 348 1372 xolo.
411 1333 490 1372 Sed
527 1336 563 1372 et
604 1332 698 1370 illae
727 1343 754 1370 a
787 1332 996 1381 plerisque
1030 1332 1111 1370 im-

231 1395 433 1444 probatae
471 1397 586 1433 sunt:
637 1393 858 1433 Heredem
908 1394 1106 1441 instituo,

231 1459 326 1496 item
359 1456 580 1496 Heredem
625 1455 780 1495 facio.»
831 1456 899 1495 Sic
935 1455 977 1494 in
1023 1456 1110 1494 Da-

233 1520 361 1559 sumii
411 1520 676 1559 testamento
725 1517 842 1569 apud
889 1515 1107 1557 Cardinali

232 1582 416 1631 Diplomi
445 1581 621 1620 militari
651 1592 692 1631 p.
719 1580 797 1619 247
823 1591 830 1618 ;
875 1579 1040 1618 Amicus
1075 1579 1108 1617 si

229 1655 270 1683 se
301 1655 445 1683 nomen
475 1654 611 1683 meum.
640 1643 827 1681 laturum
851 1641 1104 1691 promiserit,

230 1716 419 1744 mearum
445 1705 715 1755 fortunarum
745 1715 799 1743 ex
827 1703 954 1742 uncia
992 1704 1106 1742 heres

229 1771 331 1806 esto
352 1768 588 1815 cernitoque
607 1767 649 1805 in
671 1765 810 1805 diebus
829 1769 991 1804 centum
1005 1776 1107 1814 pro-

228 1830 356 1868 mimis
385 1828 530 1878 quibus
558 1828 695 1867 scierit
730 1826 1002 1878 poteritque.)
1052 1828 1105 1866 At

231 1889 414 1930 formula
439 1891 542 1929 iuris
564 1892 714 1928 eontra
733 1889 1003 1939 optimorum
1026 1889 1106 1928 Co—

229 1952 379 1992 dicum
408 1953 716 1991 auetoritatem
756 1952 913 2002 poetae
951 1949 1106 1989 obtru-

229 2014 374 2053 denda
397 2025 484 2053 non
504 2013 698 2059 videtur,
734 2013 808 2063 qui
830 2012 864 2052 si
887 2013 1104 2062 integram

229 2074 463 2115 formulam
494 2076 659 2115 referre
690 2073 926 2122 voluisset,
971 2075 1103 2114 etiam

228 2148 309 2189 pro
340 2142 518 2187 quartae
540 2138 678 2187 partis
709 2136 889 2176 dixisset
918 2147 971 2175 ea:
996 2147 1105 2185 qua—

227 2201 374 2239 drante
417 2200 613 2248 (Sueten.
653 2199 778 2238 Caes.
812 2197 899 2247 83.)
942 2196 1012 2237 vel
1052 2209 1105 2236 ea}

227 2262 424 2300 eet-uncio.
452 2262 554 2311 (Cic.
575 2259 631 2299 ad
651 2262 735 2299 Ait.
757 2260 795 2307 7,
820 2260 859 2307 2,
883 2258 939 2308 3.)
960 2282 1004 2287 —
1022 2260 1104 2298 Au-

227 2323 365 2374 dieris]
397 2322 490 2362 «vel
515 2323 606 2374 ipsa
622 2322 706 2362 alta
728 2333 839 2361 voce
861 2320 1011 2372 legens
1029 2321 1099 2361 vel

227 2387 493 2424 testamento
512 2395 592 2435 per
607 2394 796 2435 puerum
811 2394 835 2422 a
848 2394 982 2423 manu
993 2384 1104 2423 reci-

226 2450 357 2487 tato.»
369 2470 411 2475 -
426 2447 580 2496 Dama]
606 2446 674 2487 Cf.
690 2446 804 2486 v.118.
824 2469 867 2474 —
883 2447 1103 2496 Nusquam

225 2509 294 2561 est]
319 2504 474 2550 οὐκέτ’
497 2503 642 2548 ἔστιν.
676 2508 801 2548 Hand
817 2509 941 2548 Turs.
965 2508 1034 2547 IV.
1054 2519 1097 2559 p.

224 2571 318 2612 349.
347 2594 391 2599 —
420 2572 528 2610 L’nde
557 2571 655 2610 mihi
685 2574 771 2609 tam
798 2569 960 2620 fortem]
995 2580 1101 2620 «pe-

223 2637 335 2681 tam,
378 2632 607 2685 parabo‘?»
667 2633 754 2671 Sat.
795 2633 841 2680 2,
889 2632 934 2678 7,
986 2632 1095 2670 446;

227 2696 337 2735 Unde
366 2695 463 2734 mihi
493 2693 701 2744 lapidem?
735 2716 778 2721 —
811 2694 976 2744 Sparge
1002 2693 1100 2731 sub-

222 2756 329 2807 inde]
353 2757 652 2807 «Frequenter
674 2755 849 2794 dicito.»
881 2757 982 2795 Aen.
1020 2758 1101 2794 Ac-

224 2820 416 2859 curatius
476 2817 687 2870 explices:
754 2818 945 2869 «passim
1002 2817 1101 2856 inii—

224 2881 330 2928 cito,
365 2881 491 2931 quasi
532 2881 732 2920 sincerus
770 2878 895 2918 dolor
935 2880 976 2917 te
1016 2879 1100 2917 hoc

223 2943 369 2982 facere
401 2941 592 2981 iubeat.»
620 2964 663 2968 -
687 2939 964 2991 illacrimare]
987 2940 1098 2979 Sane

224 3006 292 3044 est
322 3003 609 3055 imperativus
630 3014 670 3041 ν.
695 3002 978 3053 deponentis,
1013 3012 1098 3053 qua

223 3066 363 3106 forma
395 3076 501 3105 usus
534 3066 601 3104 est
625 3065 758 3103 etiam
780 3064 870 3103 Cic.
896 3063 951 3102 de
973 3064 1022 3102 N.
1046 3064 1096 3102 D.

224 3128 269 3177 3,
303 3127 375 3175 33,
409 3127 476 3166 82.
531 3127 611 3174 Qui
648 3136 728 3176 pro
767 3125 978 3164 infinitivo
1011 3124 1100 3163 sor-

224 3201 324 3230 mae
363 3189 530 3229 activae
569 3187 756 3234 habent,
804 3186 1096 3236 distinguunt:

224 3257 285 3301 et,
318 3253 352 3291 si
377 3251 552 3302 paulum
575 3254 691 3300 poles
724 3249 1000 3297 illacrimare,
1044 3251 1100 3287 est

226 3314 392 3353 Gaudia
412 3314 494 3352 cet.
519 3312 603 3351 hoc
631 3321 787 3351 sensu:
822 3311 888 3349 «Si
918 3308 1098 3361 paulum

225 3378 351 3427 potes
373 3373 622 3421 lacrimare,
645 3373 812 3424 poteris
827 3371 1097 3411 lacrimando

226 3435 433 3485 gaudium
465 3434 653 3475 celare.»
720 3433 782 3473 Cf.
817 3431 955 3472 Publii
997 3444 1098 3472 ver-

227 3508 323 3537 sum
356 3507 423 3549 ap.
462 3494 566 3536 Geli.
604 3496 675 3541 47,
720 3494 790 3543 44,
833 3494 879 3534 4:
931 3495 1098 3534 Heredis

1172 1271 1290 1320 fletus
1318 1268 1390 1308 sub
1429 1279 1610 1318 persona
1645 1269 1755 1307 risus
1793 1272 1862 1309 est.
1900 1292 1945 1296 —
1977 1269 2047 1320 est]

1175 1326 1350 1379 «ἔστιν,
1396 1325 1489 1379 ἔνι,
1535 1325 1714 1381 ἔξεστι,
1760 1330 1904 1370 licet.»
1982 1330 2045 1371 Cf.

1173 1393 1309 1444 Epod.
1337 1394 1410 1441 47,
1443 1394 1510 1433 25.
1545 1394 1630 1432 Sat.
1658 1395 1701 1441 4,
1736 1394 1783 1443 2,
1817 1393 1911 1432 404.
1947 1393 2048 1433 «Fa—

1172 1454 1252 1494 cile
1276 1457 1343 1495 est
1373 1467 1454 1494 nee
1480 1454 1663 1494 multam
1684 1458 1827 1495 artem
1845 1455 2045 1506 requirit,

1171 1519 1275 1556 tune
1306 1517 1472 1567 ipsum,
1508 1528 1609 1556 cum
1641 1516 1745 1556 inibi
1767 1518 1858 1565 est,
1891 1518 1939 1556 ut
1958 1515 2050 1556 vol-

1171 1579 1240 1617 tus
1271 1579 1480 1629 gaudium
1519 1579 1698 1631 prodat,
1742 1589 1900 1619 verum
1937 1578 2048 1618 affe-

1171 1642 1291 1679 ctum
1325 1639 1514 1680 celare.»

1225 1703 1425 1742 405-440.
1468 1703 1657 1755 arbitrio]
1697 1703 1926 1754 Inscriptio
1957 1703 2047 1742 No-

1169 1764 1267 1804 lana
1285 1765 1401 1816 apud
1422 1764 1694 1805 Moreellium
1710 1765 1817 1816 Opp.
1834 1766 1865 1804 l.
1884 1775 1927 1816 p.
1943 1763 2042 1805 347:

1170 1826 1211 1866 C.
1237 1827 1443 1867 Cranno.
1478 1828 1522 1867 L.
1548 1829 1591 1866 F.
1613 1837 1800 1866 FLAMJM.
1823 1837 1928 1867 mm.
1957 1826 2043 1866 Ar-

1169 1899 1300 1928 arsrl.
1319 1900 1620 1929 --ARBJTRATK
1670 1890 1917 1928 HYACJNTHI.
1959 1898 2039 1928 ιιΒ.

1172 1972 1216 1977 -
1255 1952 1340 1989 sine
1368 1951 1572 2000 sordibus]
1613 1951 1750 1990 immo
1792 1949 2041 2001 eleganter,

1169 2023 1221 2051 ex
1264 2022 1511 2061 marmore,
1559 2024 1661 2052 eum
1703 2010 1962 2063 anaglyphis
2001 2014 2046 2051 et

1168 2074 1409 2114 honorifico
1455 2073 1592 2114 titulo.
1630 2098 1674 2102 —
1715 2073 1874 2125 laudet]
1922 2073 2040 2114 «Nic.

1168 2137 1371 2176 Heinsius
1394 2137 1434 2176 in
1457 2137 1653 2186 margine
1675 2137 1742 2176 sui
1763 2135 1882 2185 libri,
1913 2137 2039 2187 Leqe,

1167 2199 1249 2247 ait,
1291 2198 1471 2237 laudent.
1539 2200 1708 2249 Nempe
1749 2198 1849 2249 quia
1887 2197 2044 2237 vicinia

1167 2263 1236 2299 est
1269 2271 1435 2300 nomen
1472 2259 1774 2309 collectivum,
1821 2259 1920 2300 ideo
1958 2270 2043 2299 nu-

1166 2333 1290 2361 mero
1313 2321 1521 2373 singulari
1551 2321 1742 2362 verbum
1773 2322 1844 2361 hic
1872 2319 2041 2373 plurale

1166 2384 1369 2435 subiungi
1399 2383 1549 2425 voluit.
1610 2386 1666 2424 At
1702 2386 1861 2425 Noster
1890 2384 2042 2434 singu-

1165 2444 1304 2484 larem
1326 2457 1564 2486 numerum
1585 2445 1813 2498 praetulit,
1842 2447 1932 2485 tam
1951 2445 2038 2493 hic,

1165 2517 1299 2558 quam
1331 2506 1445 2546 alibi.
1508 2509 1616 2559 Epp.
1642 2508 1687 2556 4,
1722 2508 1794 2556 47,
1829 2507 1904 2547 62:
1935 2507 2042 2547 vici-

1164 2571 1236 2608 m'a
1276 2581 1410 2609 rauca
1448 2571 1662 2609 reclamat.
1731 2569 1838 2620 Epp.
1871 2568 1915 2617 4,
1959 2568 2036 2617 46,

1163 2631 1238 2671 44:
1281 2632 1360 2670 Sed
1386 2632 1495 2671 videt
1530 2632 1637 2670 hunc
1671 2630 1803 2669 omnis
1831 2630 1975 2668 domus
2002 2633 2040 2669 et

1160 2693 1316 2732 vicinia
1359 2697 1487 2732 tota.»
1537 2693 1688 2732 Bam.
1725 2714 1769 2720 —-
1809 2691 1855 2730 Si
1898 2692 1989 2740 quis
2016 2713 2039 2720 -

1162 2754 1402 2794 coheredum
1434 2753 1537 2805 cet.]
1569 2753 1775 2793 Nondum
1806 2753 1923 2792 enim
1944 2753 2038 2804 pri-

1163 2827 1236 2855 ma
1282 2814 1349 2854 illa
1394 2815 1639 2855 hereditate
1684 2813 1867 2855 feliciter
1910 2816 2037 2866 capta

1164 2875 1334 2927 expleta
1368 2879 1435 2916 est
1470 2876 1758 2928 heredipetae
1795 2875 2035 2927 cupiditas,

1163 2937 1243 2978 sed
1273 2937 1378 2978 alias
1408 2949 1562 2978 rursus
1593 2939 1741 2978 statim
1775 2939 2033 2990 aucupatur.

1167 3022 1211 3028 —
1244 3001 1295 3039 sit
1335 2999 1532 3051 Empcor]
1580 3011 1668 3053 «fex
1712 3001 1867 3051 quarta
1910 3001 2036 3051 parte

1164 3061 1239 3101 tibi
1284 3060 1425 3112 legata
1456 3063 1491 3102 si
1533 3061 1640 3113 quid
1679 3072 1830 3102 emere
1861 3061 2033 3113 cupiat,

1162 3122 1352 3163 libenter
1381 3127 1422 3163 te
1448 3125 1485 3163 ei
1514 3123 1832 3164 donaturum.»
1854 3147 1899 3152 —
1917 3134 2038 3162 neme-

1160 3196 1228 3225 mo
1257 3186 1466 3238 addicere]
1501 3185 1735 3225 «donare.»
1783 3184 2034 3225 Recordare

1161 3248 1232 3287 hic
1263 3247 1498 3298 emptionis
1535 3257 1779 3294 summam,
1820 3257 1907 3297 qua
1934 3248 2035 3286 ute—

1161 3309 1324 3349 bantur
1354 3319 1505 3348 coram
1545 3307 1756 3357 testibus,
1802 3306 1878 3347 ubi
1920 3308 2035 3348 inter

1159 3372 1283 3411 vivos
1313 3369 1476 3422 aliquid
1497 3369 1743 3418 donabant,
1777 3379 1865 3419 quo
1886 3370 2033 3410 minus

1162 3444 1213 3472 ea
1258 3443 1310 3472 ex
1363 3432 1596 3471 donatione
1649 3429 1746 3470 lites
1796 3431 2028 3470 orirentur.

1163 3495 1251 3534 Cic.
1276 3504 1355 3546 pro
1386 3492 1491 3532 Bab.
1517 3493 1631 3532 Post.
1657 3492 1730 3541 47,
1762 3491 1834 3532 45;
1877 3491 2030 3540 Ecquis
