2231 3787
879 240 976 279 LlB.
1011 240 1060 278 11.
1121 241 1232 280 SAT.
1269 240 1335 278 Vl.

287 371 494 436 Quidx‘e
535 370 602 424 ad
644 370 929 431 amicitiaS,
972 387 1103 423 usus
1143 379 1446 432 rectumne,
1488 371 1659 424 trahat
1697 390 1821 435 nos,

1930 240 2031 291 3⁶23

1964 374 1993 388 „-

1974 395 1986 424 l

1999 374 2028 422 5

287 474 346 526 Et
385 491 526 544 quae
567 474 634 527 sit
672 482 860 526 natura
897 472 1023 526 boni
1064 490 1446 544 summumque
1486 472 1615 543 quid
1656 474 1787 526 eius.

285 574 508 628 Cervius
547 575 682 628 haec
722 575 858 629 inter
896 574 1104 628 vicinus
1143 575 1308 645 garrit
1346 574 1513 628 aniles

286 677 358 728 Ex
399 694 457 729 re
496 676 731 730 fabellas.

809 677 863 730 Si
902 677 1024 748 quis
1065 694 1188 730 nam
1227 676 1409 730 laudat
1446 676 1604 730 Arelli

285 777 547 832 Sollicitas
587 779 804 849 ignarus
845 796 1003 850 opeS,
1047 779 1124 833 sic
1165 779 1373 851 incipit:
1417 779 1558 833 Olim

284 881 532 935 Rusticus
571 880 838 934 urbanum
876 898 1087 935 murem
1130 899 1248 934 mus
1286 898 1527 952 paupere
1567 881 1733 935 fertur

1968 884 2034 933 80

284 983 575 1053 Accepisse
614 1000 773 1045 cam,
814 992 1055 1037 veterem
1096 992 1249 1037 vetus
1289 982 1489 1054 hospes
1529 984 1783 1044 amicum,

283 1087 454 1156 Asper
492 1095 544 1138 et
582 1093 812 1138 attentus
852 1084 1137 1156 quaesitiS,
1179 1093 1236 1137 ut
1274 1094 1450 1138 tamen
1494 1094 1665 1139 artum

323 1291 389 1329 75.
424 1294 631 1330 rectumve
659 1302 702 1342 p.
743 1315 787 1319 -—
822 1291 888 1330 77.
922 1291 1082 1331 Certius
1112 1301 1153 1342 p.
1194 1313 1236 1318 -
1271 1290 1336 1330 78.
1372 1302 1474 1330 snam
1503 1293 1535 1330 si
1567 1292 1658 1341 quis
1689 1293 1870 1343 Sp,LCt.
1919 1295 1981 1343 (Ut

265 1363 369 1402 nos,
417 1353 489 1402 bc,
532 1351 749 1407 γκλμντω
793 1352 1021 1404 «aliique».

268 1416 305 1463 4,
350 1416 459 1465 486.)

210 1604 558 1654 quereturque.»
610 1604 750 1644 Comi.
777 1604 906 1649 CRUQ.
946 1626 988 1631 —
1022 1605 1090 1643 sed

208 1666 318 1716 quod
344 1667 480 1717 magis
507 1665 609 1717 cet]
644 1665 749 1706 «sed
781 1666 991 1706 Socratici
1017 1677 1090 1717 ge-

209 1730 326 1771 neris
370 1729 509 1769 nostri
559 1731 661 1769 sunt
705 1740 988 1770 sermones.»
1040 1755 1085 1759 ——

206 1792 414 1842 utrumne]
449 1791 572 1831 Conf.
597 1793 737 1844 Epod.
765 1793 779 1831 4
804 1824 811 1841 ,
846 1792 884 1832 7.
913 1815 958 1821 —-
991 1804 1090 1832 usus

205 1855 438 1907 rectumne]
482 1857 658 1894 «utrum
698 1855 802 1895 utile
848 1867 904 1895 an
945 1856 1088 1896 hone-

207 1920 325 1959 stum
346 1918 560 1957 amicitias
584 1918 848 1958 contrahere
879 1917 1084 1958 debeat.»

211 2002 255 2007 —
279 1990 567 2028 summumque
598 1980 701 2031 cet]
737 1977 817 2019 «τὸ
839 1978 973 2031 τέλος
994 1978 1088 2020 τῶν

204 2037 427 2096 ἀγαθῶν,
467 2038 619 2095 ἡδονὴ
652 2038 685 2094 ἦ
714 2037 882 2100 ἀρετή,
922 2055 1088 2096 perpe—

206 2107 280 2145 tua
323 2104 392 2144 illa
424 2107 726 2146 controversia
770 2107 885 2147 inter
915 2108 1087 2148 Stoicos

207 2170 250 2207 et
280 2168 543 2219 Epicureos,
584 2179 665 2209 nos
697 2181 875 2221 quoque
907 2171 1083 2221 agitat.»

210 2253 253 2258 —-
289 2230 387 2279 eius]
428 2229 536 2269 Vide
567 2230 815 2272 Excursum
845 2232 901 2272 ad
933 2232 1011 2272 Od.
1036 2233 1082 2282 3,

207 2293 280 2340 44,
314 2293 379 2332 48.

260 2354 406 2393 77-79.
455 2354 637 2406 Cervius]
677 2353 849 2406 lepidus
880 2367 931 2396 ac
963 2357 1084 2397 face-

204 2418 275 2456 tus
316 2416 480 2455 Horatii
520 2417 709 2466 vicinus,
757 2419 882 2458 cuius
920 2430 1084 2458 nomen

203 2478 448 2529 posteritati
487 2478 663 2519 tradere
700 2478 863 2531 placuit
899 2483 1080 2531 poctae3

202 2540 380 2579 Arellius
408 2543 561 2580 contra
592 2553 774 2591 avarus,
809 2543 915 2582 item
946 2544 988 2583 in
1016 2544 1084 2582 vi-

204 2603 316 2643 cinia
359 2602 578 2643 habitans.
655 2606 703 2646 Ut
745 2606 924 2645 nomina
968 2606 1081 2646 haec

202 2675 283 2716 pro
305 2665 417 2705 fictis
437 2665 710 2716 habeamus,
745 2666 848 2706 nihil
880 2668 1080 2719 profecto

203 2737 365 2767 causae
398 2729 478 2767 est.
508 2752 551 2756 —
575 2729 727 2779 yar-rit]
752 2730 964 2769 «comiter
984 2742 1083 2770 nar-

203 2791 271 2828 rat
300 2789 481 2830 fabellas
502 2792 716 2843 Aesopias
747 2792 901 2841 aniles,
935 2794 1082 2832 omni-

202 2850 288 2891 bus
318 2852 405 2892 iam
434 2864 516 2904 per
546 2854 769 2894 nutricum
802 2856 1079 2896 narrationes

204 2912 304 2951 inde
337 2925 360 2952 a
390 2915 576 2965 pueritia
614 2919 762 2966 notas,
808 2928 893 2957 nec
929 2921 1080 2958 tamen

203 2984 403 3024 unquam
432 2977 716 3028 iniucundas,
750 2981 785 3020 si
816 2980 958 3019 facete
980 2991 1082 3019 nar-

204 3039 397 3076 rentur.»
451 3039 512 3078 Cf.
546 3040 633 3079 Sat.
667 3043 711 3089 4,
746 3042 818 3091 40,
851 3042 928 3083 44;
972 3054 1080 3094 yar-

203 3099 292 3139 rire
325 3099 491 3139 libellos.
527 3123 571 3129 ——
603 3103 673 3141 Em
700 3102 767 3154 re]
807 3115 912 3155 «pro
953 3116 1079 3145 com—

205 3161 364 3210 modo,
406 3161 451 3200 id
482 3164 569 3211 est,
616 3174 730 3214 quae
763 3176 866 3205 cum
894 3177 942 3206 re
972 3178 1078 3218 pro-

203 3223 345 3274 posita
362 3226 668 3263 conveniant.»
702 3225 787 3265 Cfr.
808 3227 934 3266 Hand
951 3229 1074 3268 Turs.

202 3286 253 3325 ΙΙ.
296 3297 340 3337 p.
383 3286 477 3326 660.
533 3309 578 3314 -
627 3287 835 3326 Sollicitas
880 3289 1075 3342 iqnarus]

203 3348 425 3397 «nescius,
481 3351 693 3400 quantam
738 3349 1076 3392 sollicitudinem

203 3408 362 3449 Arellio
393 3411 462 3449 isti
491 3411 720 3451 afferant.»

257 3472 401 3512 79-87.
455 3473 583 3524 Olim]
631 3474 734 3513 Olim
781 3476 825 3514 et
867 3476 1078 3523 quondam

1080 1353 1141 1393 cf.
1177 1353 1262 1392 sat.
1296 1354 1336 1402 2,
1369 1353 1408 1402 3,
1440 1354 1506 1393 20.
1547 1353 1613 1394 4-4.
1652 1353 1744 1393 302.
1794 1356 1901 1407 Epp.
1941 1357 1980 1405 ρ,

1155 1602 1366 1654 frequens
1388 1602 1650 1643 fabellarum
1669 1607 1709 1643 et
1729 1605 2037 1657 exemplorum

1153 1667 1346 1716 initium,
1371 1669 1573 1706 nostrum
1594 1667 1790 1707 einmal.
1841 1669 1927 1709 Cfr.
1952 1671 2038 1710 Do-

1154 1731 1242 1768 nat.
1281 1729 1337 1769 ad
1383 1730 1557 1770 Terent.
1595 1729 1731 1769 Andr.
1770 1731 1819 1779 5,
1867 1730 1915 1781 4,
1965 1734 2031 1773 ΞΟ.

1152 1793 1262 1844 Epp.
1290 1794 1333 1842 4,
1369 1794 1414 1842 4,
1449 1792 1514 1832 73.
1569 1793 1692 1832 Ovid.
1719 1794 1831 1833 Fast.
1858 1796 1904 1843 2,
1929 1796 2033 1835 799:

1151 1860 1197 1896 ut
1227 1857 1440 1906 quondam
1469 1855 1642 1895 stabulis
1662 1857 1864 1905 deprensa
1882 1859 2037 1898 relictis

1151 1930 1366 1970 --ayna
1420 1918 1507 1959 Cfr.
1548 1919 1673 1959 Hand
1717 1920 1842 1960 Turs.
1881 1922 1951 1961 lv.
1987 1933 2031 1973 p.

1152 1981 1232 2021 368
1263 1992 1330 2032 sq.
1368 2005 1413 2009 —
1441 1982 1630 2022 Rusticus
1660 1983 1763 2034 cet]
1795 1984 2032 2024 Notissima

1151 2045 1263 2084 haec
1316 2044 1464 2084 fabula
1512 2046 1627 2084 inter
1679 2045 1920 2087 Babrianas
1966 2049 2034 2088 est

1152 2107 1246 2147 408.
1285 2118 1355 2158 ap.
1397 2109 1498 2147 Cor.
1537 2107 1633 2148 304.
1671 2129 1714 2136 -
1750 2120 1913 2149 murem
1941 2121 2035 2150 onus

1150 2192 1173 2198 —
1201 2192 1225 2198 -
1251 2174 1429 2210 veterem
1470 2169 1607 2222 vetus]
1657 2170 1817 2212 «Vides
1862 2171 1931 2212 his
1976 2173 2034 2213 ita

1151 2231 1425 2283 disposuisse
1457 2232 1620 2282 verba,
1655 2235 1704 2273 ut
1735 2234 1937 2274 eiusdem
1959 2246 2035 2275 no-

1150 2294 1281 2334 minis
1313 2294 1515 2334 diversae
1555 2294 1723 2335 formae
1754 2295 1891 2336 altera
1922 2296 2033 2337 alte-

1149 2367 1245 2395 ram
1284 2357 1531 2407 exciperet;
1579 2357 1622 2396 id
1661 2359 1781 2408 quod
1821 2359 2032 2400 amabant

1148 2417 1267 2458 latini
1288 2420 1573 2470 scriptores.»
1605 2420 1804 2459 DILleNB.
1828 2444 1873 2449 —
1891 2423 2029 2474 asper]

1151 2479 1440 2529 «laboriosus,
1466 2482 1510 2520 et
1530 2482 1711 2521 minime
1734 2481 2028 2524 luxuriosus.»

1152 2567 1197 2571 —
1231 2544 1433 2595 attentus]
1482 2554 1712 2595 «parcus,»
1760 2547 1809 2584 ut
1851 2546 2024 2587 Terent.

1148 2604 1226 2644 Ad.
1251 2607 1300 2654 ὃ,
1335 2606 1380 2655 8,
1415 2606 1460 2645 34
1486 2616 1493 2642 ;
1524 2607 1699 2646 nimium
1719 2608 1774 2645 acl
1800 2619 1888 2647 rem
1906 2608 1950 2647 in
1970 2620 2029 2649 se-

1145 2671 1265 2707 necta
1293 2669 1439 2708 attenti
1467 2679 1622 2708 sumus.
1676 2669 1765 2708 Cic.
1791 2681 1872 2721 pro
1895 2671 2028 2719 Quin-

1147 2731 1231 2770 ctio
1276 2731 1323 2779 3,
1369 2732 1444 2771 44;
1488 2731 1805 2782 paterfamilias
1847 2738 1885 2773 et
1918 2747 2027 2785 pru-

1145 2795 1243 2833 dens
1282 2798 1319 2834 et
1358 2798 1550 2834 attentus.
1616 2795 1724 2846 Epp.
1766 2797 1808 2845 4,
1850 2790 1914 2845 7,'
1940 2798 2022 2837 94:

1142 2858 1309 2906 Durus,
1357 2857 1439 2906 ait,
1485 2857 1629 2907 Volcei,
1668 2858 1794 2897 nimis
1822 2863 2027 2899 attentus-

1144 2930 1221 2969 que
1250 2920 1402 2959 videris
1437 2920 1536 2959 Esse
1572 2920 1686 2959 mihi.
1740 2921 1848 2972 Epp.
1882 2922 1929 2970 ἓ,
1975 2924 2020 2972 4,

1146 2982 1243 3021 472ε
1273 2982 1412 3031 patris
1440 2982 1599 3021 attenti.
1627 3005 1672 3009 —-
1696 2986 1900 3023 attamen
1918 2985 2021 3036 cet.]

1144 3043 1225 3082 «ita
1258 3046 1430 3092 tamen,
1465 3045 1513 3083 ut
1541 3045 1739 3085 animum
1770 3044 1876 3085 alias
1912 3057 2022 3086 con-

1141 3106 1333 3146 tractum
1365 3118 1416 3145 ac
1460 3117 1599 3158 prope
1631 3108 1810 3147 anxium
1853 3107 2022 3149 laxaret

1139 3168 1347 3218 hospitiis»
1383 3168 1590 3218 (dativus,
1624 3170 1672 3208 ut
1692 3171 1844 3210 Iuven.
1868 3170 1916 3219 4,
1942 3172 2016 3209 67:

1133 3242 1323 3280 propera
1351 3231 1608 3270 stomachum
1628 3231 1780 3271 laxare
1809 3232 2017 3283 samnis),

1144 3303 1216 3332 «se
1248 3292 1514 3333 exhilararet
1555 3293 1780 3332 interdum
1818 3294 2016 3343 hospites

1140 3355 1408 3395 invitando.»
1443 3377 1490 3383 -
1514 3360 1656 3394 artum
1684 3354 1880 3405 Solveret]
1904 3356 2010 3406 Epp.

1141 3417 1190 3465 4,
1223 3418 1269 3466 5,
1301 3418 1378 3456 20:
1427 3418 1653 3457 Contracta
1681 3427 1801 3464 quem
1830 3428 1911 3455 non
1943 3416 2017 3468 (fe.-

1141 3478 1199 3517 cit
1227 3468 1433 3529 ebrietas)
1454 3480 1494 3517 in
1519 3481 1769 3528 paupertate
1805 3478 2016 3518 solutum?
