2231 3787
225 309 325 361 512

840 312 1051 352 llORATll
1084 312 1450 355 EPISTOLARUM

296 443 467 505 Quem
510 440 750 493 bibulum
789 441 974 512 liquidi
1017 442 1193 495 media
1234 442 1301 494 sle
1342 442 1460 495 luce
1501 442 1736 505 Falerni,

296 543 473 594 Coena
513 541 690 594 brevis
732 542 873 594 iuvat
912 552 963 594 et
1000 559 1170 612 prope
1198 542 1370 594 rivum
1407 559 1628 596 somnus
1657 544 1708 595 in
1734 543 1930 608 lierba;
1971 545 2038 596 35

293 645 402 696 Nec
442 642 634 695 lusisse
674 642 863 712 pudet,
907 642 1003 695 sed
1042 659 1148 694 non
1189 642 1425 696 incidere
1466 643 1666 697 ludum.

294 745 405 796 Non
448 744 563 796 istic
603 742 822 812 obliquo
862 741 1018 795 oculo
1058 759 1179 795 mea
1217 744 1500 797 commoda
1539 746 1827 817 quisquam

294 846 486 906 Limat,
529 861 634 896 non
673 842 797 896 odio
836 841 1069 896 obscuro
1109 861 1403 914 morsuque
1442 854 1695 911 venenat3

295 945 484 999 Rident
523 943 679 997 vicini
721 942 905 1014 glebas
945 952 997 997 et
1035 961 1163 997 saxa
1202 953 1520 1000 moventem.

332 1095 397 1136 34.
431 1096 519 1134 luce
547 1104 769 1145 superser.
801 1096 918 1133 nocte
947 1094 987 1132 S.
1017 1115 1061 1121 —
1096 1093 1162 1133 35.
1193 1095 1286 1133 rivo
1317 1106 1370 1135 ex
1399 1096 1578 1147 antiqua
1608 1098 1825 1149 scriptura
1853 1100 1989 1140 rivom

278 1159 326 1198 E.
363 1179 405 1186 —
441 1157 546 1198 Inde
584 1169 608 1197 a
644 1168 685 1196 v.
720 1156 786 1196 39.
822 1155 928 1196 Cod.
964 1168 1001 1196 0.
1035 1168 1220 1197 maneus
1252 1160 1319 1197 est
1347 1168 1489 1208 usque
1521 1158 1575 1198 ad
1605 1159 1682 1210 Ep.
1715 1160 1801 1200 XV.
1826 1171 1867 1200 v.
1901 1161 1967 1202 44.

225 1296 303 1335 od.
328 1295 373 1344 4,
410 1297 452 1343 4,
478 1296 515 1336 3.
545 1319 587 1324 -
622 1296 782 1348 liquidi]
815 1296 1099 1336 «defaecati.»
1167 1297 1252 1336 tius
1282 1297 1448 1337 inesset
1467 1298 1509 1337 in
1530 1309 1603 1337 vv.
1627 1299 1790 1348 obliquo
1811 1300 1927 1339 oculo
1950 1300 2039 1352 (cfr.

224 1356 404 1397 Martial.
437 1359 511 1405 42,
543 1359 593 1397 60
623 1358 687 1407 1).,
719 1360 766 1398 2:
813 1364 859 1398 ut
900 1359 1104 1409 liquidum
1167 1359 1332 1398 Grimm
1351 1359 1598 1410 Mytholoqie
1613 1371 1656 1411 p.
1678 1361 1832 1412 4053),
1852 1363 1934 1402 etsi
1954 1372 2043 1402 000

217 1424 331 1469 potet
357 1420 522 1458 Alauda
551 1431 733 1469 merum,
783 1420 962 1459 Turbida
989 1421 1104 1460 solli—

223 1484 303 1521 cito
326 1483 605 1521 transmittere
646 1482 834 1521 Caecuba
877 1493 1011 1522 sacco.
1054 1503 1098 1510 ——

222 1545 358 1583 media
390 1545 437 1583 de
466 1543 566 1594 luce]
615 1545 789 1591 «Quem
834 1543 936 1584 olim
968 1556 1101 1595 saepe

224 1606 278 1645 de
302 1606 448 1645 medio
471 1606 556 1652 die,
580 1606 623 1645 id
641 1608 719 1653 est,
744 1605 920 1645 lucente
944 1607 1103 1646 etiam-

223 1671 328 1707 tunc
346 1667 435 1707 sole
466 1668 553 1717 (am
579 1668 703 1707 hellen
726 1668 831 1718 Taqe
850 1669 986 1716 sehon,
1013 1669 1099 1707 Sat.

223 1730 270 1775 ἱ),
303 1729 348 1776 8,
384 1729 422 1767 3.
473 1728 597 1768 Hand
624 1730 746 1784 Turs.
775 1730 822 1768 lI.
857 1740 897 1780 p.
918 1730 1029 1780 205.)
1058 1731 1101 1770 in

225 1792 435 1830 conviviis
452 1793 726 1842 tempestivis
744 1793 905 1831 acriter
924 1794 1100 1843 potasse

225 1854 354 1897 5015,»
378 1864 464 1891 000
484 1864 536 1891 00
558 1856 774 1904 tempore,
805 1864 892 1904 quo
908 1853 1103 1904 plerum-

225 1924 311 1963 que
358 1914 708 1963 compotationes
748 1915 842 1952 fieri
872 1915 1099 1965 solebant,

224 1976 323 2025 post
341 1973 494 2012 horam
513 1984 690 2012 nonam.
709 1974 832 2020 Quod
845 1978 1105 2026 comparant

225 2030 306 2084 ἀφ’
329 2030 513 2090 ἡμέρας
529 2036 694 2082 πίνειν,
721 2036 936 2086 significat
959 2038 1103 2087 potius

227 2098 338 2135 «iam
354 2098 496 2147 primo
508 2108 637 2136 mane
651 2096 818 2147 poculis
832 2097 1102 2148 indulgere.»

226 2159 425 2211 Varietas
451 2161 599 2197 autem
622 2159 794 2198 Codicis
817 2160 866 2206 S,
899 2161 1036 2198 media
1057 2161 1105 2199 de

226 2224 361 2267 nocte,
396 2219 630 2270 desumpta
662 2222 728 2259 est
760 2232 813 2259 ex
844 2220 978 2260 dubio
1007 2233 1106 2260 ver-

227 2280 362 2320 510010
394 2282 502 2332 Epp.
531 2283 567 2329 4,
595 2282 666 2329 48,
691 2282 762 2321 91:
796 2283 960 2322 Potores
980 2282 1105 2322 bibuli

225 2345 363 2384 media
392 2345 440 2382 de
460 2347 574 2382 nocte
596 2343 782 2393 Falerni,
814 2343 890 2383 ubi
911 2344 1026 2384 vide.
1055 2367 1100 2373 —-

226 2405 407 2456 Falerni]
444 2405 540 2443 Yid.
575 2405 629 2444 ad
661 2406 739 2445 od.
774 2407 818 2452 4,
851 2407 925 2455 ἓΟ,
961 2407 1026 2446 40.
1055 2430 1099 2435 —-

228 2469 361 2507 Coena
379 2467 524 2517 brevis]
545 2478 620 2506 «30
642 2469 825 2518 propter
846 2468 931 2507 hoo
956 2470 1101 2519 ipsum

227 2529 410 2581 simplex
428 2545 462 2577 ‚n
488 2532 534 2568 ut
554 2532 602 2568 Α.
628 2531 672 2568 Ρ.
699 2530 798 2570 498;
831 2542 996 2570 mensae
1016 2531 1104 2569 bre-

225 2593 300 2631 vis.
349 2612 391 2618 —
438 2603 519 2629 non
562 2591 755 2642 incidere]
804 2603 941 2640 «non,
999 2602 1101 2631 cum

227 2656 402 2704 tempus
435 2655 519 2699 est,
553 2652 822 2703 abrumpere
853 2655 897 2693 et
926 2655 968 2693 in
997 2664 1103 2704 per-

225 2718 409 2766 petuum
455 2714 579 2753 finire
624 2725 822 2761 amores,
870 2716 1103 2766 compota-

227 2777 369 2816 tiones
400 2778 531 2826 atque
563 2775 604 2814 id
637 2787 776 2826 genus
807 2775 931 2815 alia.»
983 2777 1098 2826 Virg.

227 2835 317 2876 Ecl.
343 2837 386 2883 9,
427 2837 496 2876 44ῑ
543 2848 673 2876 novas
701 2838 880 2877 incidere
909 2838 1010 2877 lites.
1052 2860 1096 2866 -

227 2897 382 2950 ludum]
416 2899 477 2937 De
508 2909 591 2937 usu
613 2898 741 2937 huius
770 2910 868 2938 voc.
898 2910 979 2950 pro
1009 2899 1104 2938 lusu

228 2961 282 3000 cf.
308 2958 568 2999 Doederlein
592 2960 746 3008 Synon.
773 2961 823 2999 11.
848 2971 889 3010 p.
915 2960 981 2999 34.

282 3021 428 3060 37-39.
463 3020 637 3071 obliquo]
673 3020 896 3072 «maligno
928 3024 971 3061 et
997 3022 1104 3061 invi-

229 3083 342 3129 do;»
376 3083 437 3122 510
464 3079 624 3132 λοξοῖς
655 3077 842 3134 ὄμμασι
873 3082 1104 3139 προσβλέ-

230 3158 348 3191 πειν,
367 3145 474 3183 limis
492 3145 634 3193 oeulis,
657 3146 735 3183 sch
749 3146 830 3184 eei.
856 3146 970 3195 Virg.
990 3148 1097 3185 Aen.

230 3209 295 3250 44,
320 3206 422 3246 337:
458 3206 633 3255 Obliqua
662 3207 834 3245 invidia.
873 3229 915 3234 —
948 3207 1098 3258 Limat]

232 3269 383 3319 «quasi
411 3266 514 3307 lima
538 3269 697 3315 atterit,
722 3270 949 3307 attenuare
971 3279 1101 3307 cona—

230 3333 342 3369 tur.»
374 3330 650 3380 Porphyrion
682 3328 891 3380 explicat:
927 3330 1098 3369 «invido

231 3389 356 3429 oculo
388 3391 634 3438 fascinat3n
680 3390 758 3430 sed
791 3390 904 3430 hano
934 3391 1100 3441 signifi-

231 3453 452 3492 cationem
473 3463 695 3503 nusquam
715 3451 850 3491 habet
871 3463 912 3490 v,
935 3453 1097 3502 limare,

231 3513 350 3563 quod
380 3524 558 3566 semper
578 3516 645 3554 est
664 3509 829 3570 ῥινεῐν,
850 3514 990 3564 seiten:
1024 3526 1100 3566 po-

1167 1419 1221 1459 de
1268 1420 1456 1469 fascino,
1503 1421 1583 1461 sed
1628 1421 1682 1461 de
1728 1433 1851 1462 mera
1865 1414 2044 1464 ‘invidia

1167 1481 1394 1521 Horatium
1424 1481 1542 1532 loqui
1573 1482 1778 1523 arbitror.
1825 1484 2043 1535 («Horatio

1164 1542 1318 1582 ludere
1349 1542 1470 1583 licuit
1495 1545 1621 1595 quasi
1651 1545 1738 1583 limi
1764 1545 1876 1585 oculi
1898 1557 1922 1585 a
1942 1547 2046 1586 lima

1166 1604 1434 1654 dicerentur,
1460 1606 1840 1656 quemadmodum
1859 1610 1902 1647 et
1921 1606 2046 1648 Plau-

1164 1669 1234 1706 tus
1264 1665 1393 1715 ludit,
1443 1678 1545 1707 cum
1581 1669 1720 1708 dolum
1759 1670 1894 1708 dolari
1923 1668 2042 1718 dicit,

1166 1730 1209 1767 et
1242 1730 1378 1769 nostri
1409 1729 1612 1770 homines
1640 1732 1800 1782 partim
1827 1732 2041 1779 iocantur,

1165 1791 1324 1841 partim
1356 1789 1585 1839 falluntur,
1619 1802 1721 1832 cum
1750 1793 1931 1844 yet-uhen
1961 1791 2045 1831 du-

1166 1854 1271 1891 cunt
1300 1863 1323 1890 a
1353 1853 1504 1902 ruhen,
1551 1864 1742 1903 quorum
1780 1853 1916 1893 altero
1947 1857 2044 1895 stu-

1167 1912 1290 1952 dium
1337 1914 1630 1964 significatur,
1691 1914 1827 1955 altero
1871 1917 2041 1968 quies.»

1166 1974 1476 2014 Lachmannus
1507 1975 1563 2014 ad
1592 1977 1766 2016 Lucret.
1795 1989 1837 2028 p.
1863 1977 1973 2028 443.)
1995 2002 2039 2006 -

1165 2034 1321 2085 morsu]
1353 2034 1430 2073 Od.
1456 2035 1502 2083 4,
1535 2036 1580 2084 3,
1606 2038 1677 2076 46;
1723 2038 1777 2076 Et
1808 2039 1894 2077 iam
1929 2040 2045 2078 dente

1166 2096 1302 2135 minus
1343 2098 1537 2136 ‘mordeor
1575 2099 1727 2138 invido.
1777 2101 1854 2139 Hic
1881 2112 2045 2141 morsus

1166 2158 1354 2197 refertur
1385 2160 1575 2199 maxime
1606 2160 1661 2199 ad
1684 2160 1854 2201 occulta
1874 2163 2045 2214 iniquo-

1165 2231 1263 2259 rum
1279 2220 1420 2259 studia
1444 2223 1668 2262 Horatium
1684 2224 2043 2275 reprehendendi

1166 2283 1298 2331 atque
1331 2282 1607 2322 criminandi.
1646 2305 1689 2312 -
1726 2286 1914 2338 venenat]
1961 2287 2045 2326 «ut

1166 2354 1396 2393 serpens.»
1430 2345 1548 2384 Nove
1580 2345 1747 2385 dictum
1770 2357 1868 2387 esse
1890 2349 2045 2387 monet

1168 2406 1339 2445 Comm.
1372 2405 1523 2456 Cruq.⁷
1557 2407 1676 2457 quod
1708 2407 2040 2460 intelligendum

1165 2478 1267 2506 reor
1296 2466 1351 2506 de
1382 2478 1465 2506 usu
1494 2469 1689 2519 tropico;
1722 2471 1896 2526 κυρίως
1918 2481 2044 2510 usur-

1165 2530 1343 2580 patiam
1360 2530 1533 2568 Lueret.
1549 2530 1587 2578 6,
1603 2531 1696 2570 820.
1713 2554 1757 2559 —-
1774 2532 1920 2571 Rident
1936 2531 2040 2583 cet.]

1169 2593 1306 2631 «Rure
1338 2602 1470 2630 nemo
1501 2591 1606 2630 mihi
1628 2592 1818 2640 invidet3
1851 2595 2043 2633 tantum-

1165 2653 1299 2692 modo
1329 2653 1479 2701 vicini‚
1515 2654 1550 2693 si
1567 2653 1744 2704 quando
1765 2653 1874 2693 dicis
1895 2656 1939 2694 et
1957 2655 2041 2694 ioci

1167 2725 1297 2754 causa
1330 2712 1522 2764 ligonem
1551 2713 1621 2752 vel
1656 2725 1852 2754 marram
1883 2717 2037 2765 tracto,

1166 2778 1369 2827 quamvis
1391 2777 1559 2827 optimo
1592 2777 1633 2816 in
1666 2787 1737 2816 me
1759 2778 1907 2816 animo
1937 2778 2037 2827 sint,

1165 2841 1313 2877 tamen
1360 2837 1618 2886 subrident,
1667 2839 1765 2888 quia
1811 2849 1899 2878 non
1943 2839 2039 2879 sine

1166 2910 1298 2939 causa
1319 2899 1478 2938 horum
1496 2909 1682 2950 operum
1705 2901 1851 2941 minus
1871 2901 2039 2952 peritus

1164 2962 1215 3000 iis
1246 2960 1443 2999 videor.»

1219 3084 1364 3124 lio-44.
1412 3085 1513 3125 Cum
1541 3087 1669 3125 servis
1697 3087 1799 3139 eet·.]
1837 3088 1931 3127 «Sic
1961 3087 2039 3127 fir-

1164 3157 1287 3185 mum
1330 3157 1409 3197 ego
1443 3149 1720 3199 propositum
1750 3150 1908 3188 teneo:
1959 3159 2037 3189 vos

1164 3209 1303 3258 servi,
1336 3209 1538 3249 homines
1568 3209 1688 3250 leves
1719 3212 1852 3261 atque
1882 3211 2036 3251 10000-

1164 3272 1353 3319 stantes,
1399 3269 1502 3310 illud
1536 3282 1718 3322 semper
1747 3271 2032 3322 desideratis,

1164 3331 1281 3381 quod
1313 3331 1465 3382 procul
1497 3343 1520 3371 a
1550 3332 1676 3373 vobis
1704 3335 1794 3381 est;
1827 3334 1873 3372 tu
1895 3334 2036 3375 mavis

1163 3394 1325 3432 Romae
1357 3393 1519 3444 degere
1552 3396 1595 3433 et
1625 3405 1725 3434 cum
1756 3395 1903 3434 cetera
1934 3406 2034 3436 mea

1163 3453 1321 3493 familia
1369 3454 1538 3494 urbana
1586 3465 1684 3495 esse
1733 3456 1903 3506 diaria,
1954 3456 2036 3496 de-

1161 3527 1373 3565 mensa,»
1420 3515 1567 3565 cibos,
1614 3527 1725 3567 quos
1756 3517 2036 3568 dispensator
2086 3557 2090 3559 Α
