2231 3787
285 214 350 264 54-

287 345 418 398 Cum
458 360 626 414 genus
663 343 764 397 hoc
803 344 939 396 inter
978 343 1115 396 vitae
1154 351 1425 405 versetur,
1468 343 1557 396 ubi
1598 344 1736 397 acris

914 214 1129 254 llORATll
1162 215 1460 256 SATIRARUM

2025 344 2092 395 60

285 445 485 498 Invidia
524 454 683 516 atque
721 444 899 515 vigent
938 443 1027 497 ubi
1071 444 1317 498 crimina:
1360 461 1457 515 pro
1497 444 1636 497 bene
1677 460 1806 496 sano

283 550 355 600 Ac
394 563 497 599 non
538 547 747 600 incauto
784 546 957 615 fictum
996 553 1332 616 astutumque
1373 561 1643 599 vocamus

281 647 584 718 Simplicior
621 648 743 718 quis
781 655 832 700 et
871 656 970 708 est,
1013 645 1229 718 qualem
1269 663 1353 699 me
1393 662 1558 716 saepe
1595 644 1823 699 libenter

286 748 584 802 Obtulerim
623 748 739 807 tibi,
782 749 1084 809 Maecenas,
1127 756 1184 799 ut
1221 747 1354 800 sorte
1393 745 1657 816 legentem

393 923 459 961 60.
494 932 704 960 ¹versemur
736 918 875 960 Bentl.
906 930 958 959 ex
988 919 1229 959 veterrimo
1264 916 1462 958 Blandin.

340 987 380 1023 ct
414 984 637 1032 Pottierii.)
679 1005 724 1010 —-
750 982 815 1021 63.
847 985 891 1021 at
925 980 1014 1021 est?
1047 981 1213 1029 qualem
1241 981 1292 1028 L,
1330 984 1375 1019 at
1407 983 1486 1029 est,
1528 979 1694 1028 qualem
1728 982 1757 1020 t.

1525 918 1589 968 (Ut
1624 928 1727 968 nos,
1761 929 1918 959 omnes
1954 920 2043 959 mei

1833 981 1921 1032 (uin
1951 980 2044 1021 solo

338 1047 570 1097 Reginensi
602 1047 654 1095 (z)
687 1049 730 1084 at
766 1043 956 1084 habetur
990 1054 1070 1096 pro
1100 1043 1219 1083 varia
1254 1041 1467 1090 lectione,
1510 1052 1532 1081 a
1565 1052 1701 1082 manu
1731 1043 1958 1093 recenti»)

284 1214 306 1240 a
329 1212 369 1239 v.
394 1200 564 1240 malum,
595 1223 636 1228 -
660 1199 859 1252 versetur]
880 1200 1023 1240 Tertia
1043 1200 1155 1240 haec

282 1274 473 1314 persona
522 1265 643 1302 recte
689 1273 869 1302 causam
917 1262 1151 1313 significat,

283 1337 360 1364 cur
390 1324 458 1365 ille
489 1327 719 1376 tantopere
751 1326 926 1372 caveat,
960 1336 1014 1364 ne
1043 1325 1156 1363 invi-

282 1388 352 1426 dia
376 1390 415 1426 et
439 1386 696 1426 criminibus
718 1387 1011 1438 opprimatur:
1047 1396 1155 1425 con-

285 1453 349 1488 tra
387 1448 560 1489 Codicis
594 1447 746 1488 Bland.
780 1448 908 1488 lectio
945 1460 1157 1489 versemur

284 1510 437 1550 salsam
492 1511 621 1551 infert
670 1511 955 1551 sententiam:
1018 1522 1155 1550 «cum

282 1573 399 1624 apud
430 1583 510 1612 nos
543 1573 598 1622 (in
627 1573 712 1612 hoc
741 1573 856 1612 vitae
888 1573 1064 1623 genere)
1096 1573 1157 1611 vi-

284 1638 412 1686 geant
442 1635 603 1674 invidia
641 1637 772 1686 atque
805 1635 1013 1684 crimina,
1054 1634 1156 1674 ideo

283 1709 386 1737 eum
426 1698 577 1737 fictum
613 1708 870 1737 vocamus.»
911 1720 956 1725 —
994 1708 1157 1747 pro——

284 1759 489 1810 vocamus]
512 1760 602 1798 Liv.
626 1760 699 1807 ⁵22,
733 1759 804 1798 39:
838 1759 944 1808 sine,
968 1759 1157 1799 timidum

277 1833 358 1871 pro
387 1825 531 1870 cauto,
569 1822 737 1859 tardum
771 1832 851 1870 pro
881 1822 1154 1871 considerato,

286 1883 481 1922 imbellem
504 1894 586 1932 pro
602 1883 738 1933 perito
759 1882 849 1921 belli
868 1887 1023 1922 vocent.
1055 1883 1152 1922 Vid.

285 1946 340 1985 ad
382 1956 423 1983 ν.
461 1946 526 1984 55.
571 1968 616 1972 -—
654 1943 763 1995 bene]
811 1943 988 1984 «valde»
1030 1945 1155 1984 Hand

285 2009 408 2047 Turs.
441 2008 491 2045 ΙΙ.
523 2018 566 2058 p.
600 2006 638 2046 3.
666 2029 710 2034 —
737 2007 893 2058 fictum]
928 2006 1153 2047 «falsum.»

286 2068 393 2109 Plin.
419 2069 525 2119 Epp.
550 2069 595 2114 8,
621 2069 694 2117 48,
718 2068 764 2108 3:
798 2069 871 2107 alii
903 2069 1155 2118 (Domitium

285 2129 468 2179 Tullum)
487 2131 650 2181 fictum,
682 2130 919 2181 ingratum,
944 2131 1157 2170 immemo—

284 2203 372 2232 rem·
417 2193 657 2240 loqmmlur‚
698 2214 742 2219 —
784 2192 1022 2242 Simplicior
1068 2194 1159 2242 quis

286 2254 388 2305 cet]
421 2254 486 2292 «Si
517 2251 755 2304 simplicior
785 2254 881 2304 quis
913 2257 981 2294 est
1010 2257 1054 2294 et
1088 2256 1157 2294 ta-

284 2315 360 2364 lis,
403 2314 582 2366 qualem
613 2317 744 2363 cet»,
775 2326 863 2354 non
901 2327 1032 2355 xero:
1082 2318 1157 2356 «Si

285 2380 383 2429 quis
414 2380 479 2417 cst
511 2377 644 2416 ctiam
674 2376 937 2428 simplicior,
978 2378 1156 2429 qualem

286 2443 414 2487 cet,»
456 2442 504 2478 ut
541 2438 610 2478 alii
644 2438 811 2478 volunt.
878 2440 1153 2490 Est-autem,

285 2504 385 2554 «qui
429 2503 520 2542 sine
560 2512 719 2552 magna
757 2502 1155 2553 circumspectione

284 2568 326 2604 et
356 2566 561 2604 accurata
600 2563 952 2603 consideratIOne
983 2565 1155 2604 sincere

285 2638 335 2666 ac
366 2625 503 2665 libere
535 2636 693 2665 sensus
723 2635 828 2664 suos
859 2625 1019 2676 aperit,
1067 2636 1155 2676 quo

287 2691 353 2736 iit,
399 2691 445 2727 ut
489 2687 710 2727 interdum
749 2688 953 2738 quamvis
996 2688 1156 2728 invitus

284 2754 356 2799 iis,
390 2749 655 2801 quibuscum
686 2749 968 2800 colloquitur,
1001 2750 1156 2789 incau-

284 2817 353 2853 tus
383 2812 585 2851 videatur
614 2810 916 2862 molestasque
948 2811 1044 2851 sit.»
1076 2810 1155 2852 Alii

285 2876 430 2915 minus
471 2877 570 2925 apte
610 2874 956 2924 interpretantur
998 2874 1153 2925 arsJlos,

287 2936 439 2977 «nullis
485 2935 807 2987 suspicionibus
851 2946 1049 2986 unquam
1088 2938 1156 2975 ta-

285 3002 424 3039 ctus.»
451 3021 494 3025 —
519 2997 700 3049 libenter]
732 3009 838 3037 non:
874 2999 959 3038 «tui
981 3008 1157 3038 sermo-

286 3062 352 3101 nis
397 3059 630 3111 cupiduszn
678 3071 760 3099 nec
801 3058 940 3100 «laeto
980 3061 1151 3109 animo,

282 3123 427 3174 sr0h,»
467 3122 568 3169 sed,
615 3125 660 3161 ut
697 3121 821 3171 alibi,
869 3122 939 3161 hic
975 3132 1154 3173 quoque

287 3188 373 3226 est:
401 3179 564 3236 ἡδέως,
587 3179 821 3235 ἀσμένως,
845 3185 991 3224 animo
1009 3185 1071 3224 sic
1088 3183 1155 3223 ul-

285 3251 351 3287 tro
370 3246 565 3295 iubente,
583 3258 720 3297 yerne.
754 3246 950 3298 Explica:
977 3257 1157 3297 «quem-

285 3308 527 3348 admodum
557 3308 902 3358 haudquaquam
923 3309 1156 3360 poenitue-

285 3372 337 3409 rit
368 3380 439 3410 me
461 3369 537 3409 tibi
560 3370 745 3410 fortasse
767 3381 901 3422 saepe
923 3371 1008 3409 iam
1031 3370 1156 3410 obtu-

284 3432 409 3472 lisse:
457 3443 559 3471 nam
598 3443 651 3471 eo
693 3432 807 3483 ipso,
850 3433 1019 3472 etiamsi
1061 3432 1154 3473 fieri

1218 1200 1378 1251 potest,
1401 1200 1449 1238 ut
1470 1197 1547 1238 tibi
1568 1197 1782 1239 molestus
1802 1198 1974 1248 fuerim,
1997 1210 2099 1251 per-

1217 1261 1371 1301 videre
1392 1263 1572 1312 poteras
1603 1260 1850 1312 simplicem
1872 1262 2005 1312 atque
2026 1262 2096 1301 in-

1220 1333 1414 1374 genuum
1445 1333 1598 1362 meum
1626 1323 1868 1362 animum.»
1926 1323 1986 1362 Ex
2008 1323 2095 1363 hoc

1218 1387 1367 1424 autem
1404 1396 1444 1423 v.
1485 1395 1606 1434 saepe
1644 1386 1768 1436 patet
1807 1394 1966 1424 verum
2005 1395 2093 1425 non

1219 1457 1348 1495 esse,
1400 1447 1522 1498 quod
1568 1447 1750 1498 quidam
1794 1447 2094 1497 contendunt,

1223 1509 1474 1549 «Horat-ium
1497 1520 1574 1558 eo,
1608 1519 1696 1560 quo
1717 1509 1830 1549 haec
1850 1509 2093 1560 scripserit,

1220 1574 1437 1623 tempore,
1471 1570 1610 1611 semel
1636 1572 1807 1610 tantum
1828 1572 2092 1613 convenisse

1219 1634 1525 1673 Maecenatem
1557 1635 1600 1672 et
1634 1632 1871 1672 commode
1911 1632 2093 1683 quidem

1219 1695 1487 1744 admissum,
1524 1694 1604 1734 sed
1635 1693 1835 1734 nondum
1864 1696 2098 1746 receptum

1219 1756 1352 1798 fuisse
1390 1758 1434 1796 in
1474 1757 1568 1796 eius
1606 1757 1858 1797 convictum
1896 1758 1941 1797 et
1969 1756 2100 1797 fami-

1218 1818 1497 1859 liaritatem.»
1547 1819 1680 1869 Saepe
1715 1820 1867 1858 autem
1903 1819 2031 1859 alicui
2059 1830 2100 1859 se

1219 1881 1426 1930 obtulisse,
1459 1882 1507 1920 ut
1536 1881 1608 1920 hic
1628 1881 1832 1921 Horatius
1854 1891 1902 1921 se
1923 1881 2096 1921 Maece-

1219 1945 1370 1982 natem
1402 1953 1535 1994 saepe
1567 1943 1827 1982 convenisse
1857 1941 1977 1990 dicit,
2010 1942 2097 1983 dis-

1219 2004 1301 2044 sert
1335 2007 1483 2044 tamen
1504 2015 1528 2043 a
1559 2004 1831 2044 diuturniore
1852 2004 2098 2044 necessitu-

1219 2067 1345 2116 dine,
1393 2077 1506 2118 quae
1551 2077 1658 2106 sane
1703 2067 1816 2105 inter
1854 2067 2097 2116 utrumque

1219 2129 1414 2169 nondum
1464 2128 1612 2168 locum
1655 2127 1888 2168 habuerat.
1952 2129 2096 2178 Atque

1219 2192 1348 2231 nimis
1393 2191 1580 2231 fortasse
1625 2189 1843 2231 subtiliter
1880 2190 2099 2230 Kirchne-

1218 2266 1294 2295 rus
1330 2255 1376 2302 Q.
1409 2255 1458 2294 H.
1490 2265 1532 2305 p.
1562 2253 1634 2293 53:
1689 2253 1852 2293 «verba
1893 2253 2005 2293 haec
2041 2253 2098 2292 ti-

1220 2316 1467 2355 miditatem
1505 2315 1731 2366 quandam
1775 2317 1907 2366 atque
1948 2315 2097 2354 incer-

1220 2380 1310 2417 tam
1356 2388 1456 2417 sese
1501 2376 1684 2427 gerendi
1733 2378 1951 2416 rationem
1995 2386 2099 2416 cum

1218 2439 1424 2490 longioris
1466 2449 1573 2479 usus
1613 2437 1916 2479 familiaritatis
1956 2436 2097 2478 confi-

1219 2501 1366 2541 dentia
1410 2511 1568 2552 parum
1608 2500 1949 2539 convenientem
1989 2510 2098 2551 pro-

1219 2562 1372 2601 dunt.»
1407 2584 1451 2590 —-
1484 2560 1680 2611 impellat]
1721 2560 1832 2600 Nihil
1869 2562 1988 2601 iuvat
2022 2561 2095 2601 hic

1219 2634 1479 2674 comparare
1510 2621 1720 2662 formulas
1754 2622 1963 2672 impellere
2000 2633 2095 2662 sen-

1218 2696 1286 2724 sus
1317 2685 1503 2735 (Lucret.
1537 2685 1553 2722 4
1578 2715 1586 2732 ,
1620 2683 1749 2733 304),
1781 2684 1990 2734 impellere
2016 2695 2098 2723 au—

1219 2758 1283 2787 res
1313 2747 1440 2797 (Virg.
1466 2747 1540 2785 Ge.
1566 2744 1611 2793 4,
1644 2745 1738 2786 349.
1772 2747 1894 2786 Pers.
1918 2747 1959 2795 2,
1990 2746 2093 2796 2⁴),

1219 2809 1300 2850 sed
1340 2809 1478 2859 magis
1528 2808 1616 2847 huc
1662 2807 1882 2859 quadrare
1921 2808 2099 2848 videtur

1220 2874 1308 2914 Cic.
1340 2884 1421 2925 pro
1453 2871 1597 2912 Planc.
1633 2872 1682 2918 7,
1716 2872 1787 2911 47:
1835 2872 1869 2911 si
1899 2871 2089 2921 quando,

1217 2940 1262 2975 ul
1287 2937 1354 2987 fil,
1386 2936 1521 2974 iactor
1540 2935 1584 2973 in
1603 2933 1747 2983 turba,
1778 2945 1861 2973 non
1882 2933 2001 2973 illum
2021 2944 2096 2973 ae-

1217 3009 1332 3046 euso,
1375 2997 1446 3046 qui
1476 3000 1532 3036 est
1570 2997 1611 3035 in
1640 3007 1802 3035 summa
1842 2996 1980 3035 Sacra
2007 2996 2094 3045 via,

1217 3071 1310 3099 eum
1338 3070 1411 3110 eqo
1432 3059 1487 3097 ad
1516 3058 1690 3097 Fabium
1717 3058 1918 3108 fornicem
1948 3057 2097 3108 impel-

1217 3121 1304 3170 lor,
1339 3122 1408 3161 sed
1436 3131 1551 3169 eum,
1585 3121 1655 3170 qui
1683 3120 1728 3159 in
1756 3130 1821 3159 me
1849 3119 1986 3169 ipsum
2023 3119 2092 3157 in-

1216 3184 1349 3222 currit
1369 3187 1493 3232 alque
1509 3183 1664 3221 incidit.
1689 3183 1765 3223 Est
1786 3182 1934 3232 igitur:
1961 3191 2095 3220 «nee-

1218 3246 1394 3296 opinato
1426 3243 1544 3284 velut
1573 3245 1801 3284 incurrere
1823 3245 1868 3283 et
1896 3242 2094 3283 incidere

1219 3309 1259 3347 in
1310 3305 1503 3358 aliquem
1552 3308 1684 3357 atque
1739 3306 1797 3345 ita
1852 3304 2092 3344 deflectere

1219 3380 1322 3410 eum
1353 3380 1375 3407 a
1408 3367 1594 3408 lectione
1625 3369 1701 3407 aut
1729 3377 1752 3406 a
1783 3367 1914 3407 tacita
1949 3365 2094 3406 medi-

1218 3432 1394 3479 tatione,
1428 3431 1495 3470 cui
1519 3440 1675 3470 vacare
1698 3427 1831 3469 volt.»
1864 3429 2094 3479 Frequen-
