2231 3787
262 235 362 286 43:32

335 366 604 420 Fabellam
644 365 824 419 surdo.
892 368 1022 420 Nam
1063 386 1203 439 quae
1244 367 1558 438 pervincere
1598 383 1760 420 voces

860 238 1072 277 HORATII
1104 237 1474 280 EPISTOLARUM

331 467 591 521 Evaluere
631 485 845 529 sonum,
888 468 1124 522 referunt
1161 486 1323 539 quem
1363 475 1545 520 nostra
1583 466 1827 520 theatra?

331 570 634 640 Garganum
667 569 876 641 mugire
914 577 1071 640 putes
1111 586 1301 621 nemus
1341 576 1432 622 aut
1469 586 1618 622 mare
1658 570 1913 630 Tuscum,

332 672 493 724 Tanto
534 688 656 725 cum
695 671 917 740 strepitu
957 669 1066 722 ludi
1107 678 1416 741 spectantur
1455 678 1507 723 et
1546 677 1688 723 artes

333 773 669 844 Divitiaeque
707 771 1051 842 peregrinae,
1094 771 1292 843 quibus
1333 770 1528 825 oblitus
1569 779 1717 825 actor

332 875 464 927 Cum
502 873 644 926 stetit
682 873 734 924 in
773 889 962 936 scena,
1005 873 1275 927 concurrit
1314 873 1537 927 dextera
1574 872 1778 927 laevae.

334 975 474 1026 Dixit
513 974 688 1028 adhuc
729 974 971 1045 aliquid?
1010 974 1089 1028 Nil
1129 992 1275 1028 sane.

1979 872 2082 926 205

1353 974 1493 1039 Quid
1534 974 1709 1046 placet
1746 975 1918 1046 ergo?

332 1077 475 1129 Lana
513 1075 795 1129 Tarentino
833 1074 1001 1128 violas
1041 1075 1242 1129 imitata
1286 1093 1512 1130 veneno.

332 1179 405 1230 Ac
443 1194 510 1230 ne
549 1177 681 1230 forte
721 1185 878 1248 putes
916 1195 1030 1239 me,
1072 1195 1214 1248 quae
1252 1178 1430 1232 facere
1469 1178 1585 1249 ipse
1624 1196 1902 1239 recusem,

374 1312 469 1351 0208.
501 1312 553 1351 At
582 1311 953 1363 Guelferbytanus
983 1312 1193 1352 Schmidii
1236 1335 1278 1341 -
1303 1313 1398 1352 209.
1433 1313 1548 1362 Cum]
1582 1314 1697 1362 Quae
1725 1311 1754 1352 h
1787 1315 1832 1352 et
1860 1313 2030 1365 primus

318 1413 389 1452 ς201
418 1435 440 1441 -
462 1413 555 1452 207.
610 1414 1142 1465 pervincere-Evalucrc]

265 1476 411 1523 «Quae
432 1486 568 1515 x-oces
595 1478 827 1527 tantopere
848 1476 1017 1516 validae
1041 1487 1141 1517 esse

262 1540 462 1587 possunt,
483 1540 531 1577 ut
551 1539 811 1589 pervincant
828 1549 988 1578 sonum
1005 1540 1140 1578 cet.‘?»

263 1599 332 1638 Sic
361 1601 478 1650 Virg.
502 1603 610 1640 Aen.
635 1601 682 1649 7,
707 1601 810 1640 756:
856 1613 940 1640 uon
970 1602 1145 1641 Darda-

262 1662 360 1700 niae
388 1663 649 1702 medicari
679 1664 857 1713 cuspidis
877 1665 1004 1703 ictum
1023 1665 1060 1703 E
1066 1675 1146 1704 va-

264 1723 379 1763 luit.
407 1747 451 1752 -—
485 1725 661 1776 theatra]
699 1736 760 1765 «s.
785 1725 1037 1777 spectacula
1067 1727 1147 1765 ho-

263 1785 457 1826 minibus
480 1787 685 1838 inquietis
706 1789 749 1826 et
773 1787 1033 1829 turbulentis
1054 1788 1146 1840 ple-

265 1859 341 1895 na,
364 1848 525 1897 verbo,
560 1851 643 1900 ipsi
666 1852 940 1900 spectatores
962 1852 1147 1903 referunt

268 1909 486 1959 (reddunt)-
532 1923 692 1952 sonum
732 1913 789 1951 ita
822 1912 1141 1962 turbulentum,

267 1983 400 2022 quem
449 1974 629 2013 vincere
679 1976 960 2015 scenicorum
1009 1987 1143 2016 voces

270 2044 360 2073 non
393 2037 623 2084 possunt.»
656 2038 780 2075 GESN.
823 2037 948 2077 Conf.
975 2038 1063 2077 Cic.
1088 2037 1142 2077 de

267 2097 383 2135 Orat.
409 2096 447 2144 3,
471 2097 538 2144 50,
566 2097 667 2136 496:
700 2098 863 2138 theatra
893 2104 981 2139 tota
1008 2100 1145 2139 recla-

265 2162 395 2197 mant.
424 2181 468 2186 —
503 2159 766 2211 Garganum]
800 2165 996 2202 montem
1023 2164 1144 2214 Apu-

265 2218 349 2258 liae
373 2218 599 2258 silvosum.
633 2221 694 2261 Cf.
722 2222 799 2262 Od.
824 2224 864 2272 ⁶2,
889 2225 927 2272 9,
948 2226 995 2264 6:
1018 2226 1147 2273 Aqui-

265 2281 425 2320 lonibus
468 2282 669 2330 Querceca
704 2285 896 2335 Ga7·9ani
935 2287 1141 2326 laborant.

267 2345 430 2383 Lucan.
456 2344 495 2391 5,
522 2342 621 2381 3791
657 2343 914 2394 Calabroque
944 2349 1147 2389 obnoxius

266 2408 416 2447 Austro
445 2406 631 2456 Appulus
657 2407 893 2446 Hadriacas
922 2413 1008 2451 exit
1032 2413 1146 2453 Gar—

267 2481 404 2520 ganus
431 2470 475 2508 in
502 2469 650 2508 undas.
690 2491 734 2496 —
775 2469 874 2521 ludi]
923 2483 1142 2527 «pompae

270 2533 313 2571 et
341 2542 514 2582 pugnae
546 2529 743 2570 ludicrae
772 2542 823 2571 ac
852 2531 1080 2574 simulatae
1102 2539 1146 2577 in

269 2592 440 2633 fabulas
470 2593 710 2633 intrusae.»
747 2617 791 2621 —
829 2593 953 2645 artes]
988 2604 1146 2645 «opera

270 2657 396 2704 artis,
445 2657 636 2704 statuae,
679 2667 786 2696 vasa
819 2655 1008 2704 caelata,
1042 2657 1149 2695 item

272 2718 553 2766 Corinthia,»
586 2719 633 2757 ut
663 2717 741 2757 Od.
766 2717 811 2765 4,
837 2718 875 2766 8,
900 2719 939 2757 5.
973 2718 1081 2770 Epp.
1108 2719 1146 2767 4,

271 2780 309 2827 6,
338 2781 419 2830 «17.,
453 2792 563 2829 non,
588 2783 635 2820 ut
657 2779 747 2819 volt
769 2781 1019 2820 Comment.
1044 2781 1152 2820 Cru-

273 2843 385 2892 quii,
431 2845 579 2883 «artes
617 2843 880 2883 histrionum
915 2844 958 2882 et
988 2843 1150 2882 mimo-

269 2916 383 2944 rum.
396 2921 412 2939 »
434 2929 474 2933 —
491 2905 688 2958 Divitiae]
702 2905 991 2944 «vestimenta
1005 2903 1151 2956 splen-

273 2966 397 3015 dida,
433 2977 538 3005 auro
569 2968 705 3018 picta,
744 2966 799 3006 ab
831 2968 1009 3018 antiqua
1041 2968 1150 3007 sim-

273 3028 462 3080 plicitate
486 3029 679 3068 Romana
702 3028 887 3069 aliena.»
916 3053 959 3057 -
989 3030 1147 3081 oblitus]

274 3092 537 3141 «coopertus
581 3101 632 3128 ac
675 3102 814 3142 prope
851 3092 979 3131 nimis
1016 3102 1149 3131 orna-

271 3156 391 3200 tus‚»
426 3152 731 3199 ὰόθνίαᾶεη,
766 3164 877 3200 non,
912 3155 959 3191 ut
986 3152 1055 3192 alii
1078 3164 1151 3192 ex-

271 3213 433 3266 plicant
449 3226 455 3251 :
503 3214 908 3260 «commaculatus,
946 3216 1148 3265 inquina-

272 3279 385 3315 tus.»
427 3299 470 3304 -
517 3277 728 3315 concurrit
768 3277 938 3315 dedero
983 3277 1146 3329 laevae]

274 3339 524 3378 «maximus
553 3337 735 3390 plausus
765 3337 986 3389 extemplo
1011 3340 1150 3378 oritur

271 3403 452 3451 propter
482 3401 728 3452 pretiosum
759 3402 802 3440 et
831 3399 1048 3451 splendidi
1072 3413 1148 3440 co—

275 3461 376 3501 loris
408 3473 602 3513 syrma.»
632 3486 673 3489 —
707 3463 853 3512 adhuc]
894 3473 1060 3514 «usque
1093 3464 1147 3504 ad

1206 1415 1292 1455 hoc
1329 1415 1544 1466 temporis
1574 1416 1833 1466 punctum.»
1868 1437 1913 1442 —
1951 1413 2084 1466 Lana]

1207 1476 1387 1517 Marcilii
1428 1478 1472 1516 et
1508 1476 1750 1518 Marklandi
1790 1477 1901 1516 coni.
1940 1476 2084 1526 laena,

1206 1537 1383 1587 χλαῖνα
1425 1550 1571 1590 neque
1611 1539 1666 1578 ab
1697 1537 1785 1578 ullo
1817 1538 1980 1579 Codice
2010 1539 2088 1578 fir-

1208 1604 1356 1640 matur
1399 1603 1444 1640 et
1486 1602 1678 1641 maxime
1716 1602 1954 1652 propterea
1982 1601 2088 1640 reii-

1208 1664 1366 1703 cienda
1398 1664 1484 1712 est,
1519 1663 1640 1714 quod
1669 1664 1713 1702 in
1733 1662 1875 1702 verbo
1896 1663 1999 1702 lana
2025 1663 2086 1714 (re

1207 1737 1289 1776 per
1319 1737 1367 1766 se
1398 1725 1641 1765 admodum
1670 1724 1767 1776 vili)
1799 1724 1943 1776 lepida
1974 1725 2090 1766 inest

1208 1789 1368 1838 ironia,
1417 1798 1531 1838 quae
1576 1786 1738 1827 tollitur
1776 1789 1958 1839 recepto
1987 1798 2084 1826 voc.

1206 1852 1400 1903 proprio.
1427 1872 1471 1879 —
1492 1850 1625 1889 violas
1643 1849 1823 1901 imitata]
1847 1850 2084 1898 «ianthina,

1207 1912 1404 1953 violacea
1434 1914 1626 1952 vestis.»
1663 1935 1707 1940 -
1744 1913 2088 1952 Tarentino-ve-

1206 1976 1337 2027 neno]
1385 1970 1686 2031 «φαρμάκῳ,
1733 1974 2086 2025 medicamentO,

1210 2041 1252 2080 id
1276 2043 1343 2081 est
1363 2042 1406 2080 h.
1429 2039 1476 2090 1.,
1502 2040 1682 2079 muricis
1699 2050 1822 2089 suc-0,
1847 2050 2086 2091 purpura‚»

1208 2105 1257 2143 ut
1286 2104 1404 2154 Virg.
1432 2105 1506 2142 Ge.
1532 2103 1572 2151 2,
1596 2102 1700 2142 465:
1733 2101 1836 2141 Alba
1864 2113 1995 2152 neque
2017 2102 2090 2142 As-

1208 2167 1320 2215 syrio
1349 2166 1521 2216 fucatur
1548 2165 1651 2204 lana
1678 2175 1845 2204 veneno.
1879 2163 1958 2204 Od.
1982 2164 2021 2213 3,
2045 2165 2085 2214 5,

1208 2229 1282 2269 ⁶28:
1314 2229 1671 2268 Lana-medicata
1694 2227 1803 2278 fuco.
1836 2226 1941 2267 Plin.
1965 2227 2016 2268 H.
2035 2229 2084 2267 N.

1209 2292 1249 2339 9,
1273 2291 1339 2339 39,
1365 2291 1438 2331 63:
1471 2293 1608 2341 Nepos
1637 2290 1872 2343 Cornelius,
1904 2291 1994 2340 Me,
2026 2290 2090 2330 in-

1211 2355 1318 2403 quit,
1354 2354 1499 2393 iuvene
1526 2353 1776 2392 violacea
1797 2363 1996 2402 purpura
2021 2353 2089 2392 vi-

1209 2416 1351 2467 qebat,
1398 2417 1516 2456 cuius
1558 2416 1667 2455 libra
1710 2416 1893 2455 denariis
1927 2419 2090 2455 centum

1208 2478 1394 2528 venibat,
1436 2490 1510 2518 nec
1538 2479 1667 2518 multo
1689 2482 1785 2528 post
1810 2477 1977 2517 rubra
2008 2478 2089 2517 Ta·-

1208 2541 1389 2580 resncina.
1413 2541 1519 2580 Huic
1539 2541 1729 2580 successit
1744 2540 1924 2590 dibapha
1943 2540 2085 2590 Tyria.

1263 2602 1466 2642 208-243.
1498 2602 1555 2641 Ac
1574 2613 1625 2642 ne
1648 2603 1755 2654 forte
1776 2603 1879 2652 cet.]
1910 2602 2020 2654 Epp.
2046 2602 2084 2650 4,

1214 2663 1258 2705 4,
1293 2662 1365 2701 43ῑ
1412 2664 1469 2703 Α6
1503 2675 1556 2703 ne
1587 2664 1696 2715 forte
1733 2675 1854 2715 roqes
1883 2665 1968 2703 cet.
2021 2662 2084 2703 Cf.

1213 2719 1339 2758 Hand
1366 2723 1489 2764 Turs.
1522 2727 1553 2765 I.
1588 2737 1630 2777 p.
1664 2725 1758 2766 494.
1806 2726 1900 2765 «Ne
1938 2726 2087 2764 tamen

1212 2781 1417 2820 videatur
1446 2788 1584 2826 artem
1614 2788 1840 2827 scenicam
1869 2788 1994 2840 parvi
2016 2798 2089 2827 ae-

1214 2843 1394 2882 stimare
1433 2840 1503 2881 vel
1543 2857 1638 2885 eam
1678 2848 1735 2888 ob
1767 2860 1947 2890 causam
1977 2852 2088 2901 poc-

1213 2906 1282 2944 tas
1327 2905 1548 2943 Romanos
1592 2915 1722 2955 parce
1751 2910 1932 2952 laudare
1961 2913 2088 2952 vitia-

1214 2977 1300 3018 que
1347 2966 1542 3006 indicare
1573 2968 1617 3006 et
1649 2967 1925 3014 difficultates
1956 2985 2088 3014 enar-

1212 3039 1337 3076 rare,
1377 3028 1540 3079 quibus
1572 3031 1662 3069 tota
1693 3041 1766 3070 res
1796 3036 1970 3074 scenica
2001 3038 2088 3077 Ro-

1213 3101 1312 3129 mae
1354 3091 1664 3141 premebatur,
1711 3092 1831 3143 quod
1869 3104 1954 3132 non
1984 3108 2008 3136 e
2039 3109 2086 3138 re

1212 3163 1290 3191 sua
1322 3152 1496 3192 duxerit
1526 3164 1626 3193 eam
1657 3156 1862 3203 tractare,
1901 3154 2089 3196 affirmat

1212 3214 1294 3254 sibi
1342 3216 1381 3254 in
1421 3227 1597 3256 summo
1637 3217 1742 3257 artis
1773 3217 1940 3268 fastigio
1971 3218 2088 3258 stare

1211 3277 1373 3325 videri,
1408 3278 1662 3329 quicunque
1683 3279 1812 3319 huius
1833 3279 2009 3329 generis
2029 3277 2091 3320 le-

1212 3340 1339 3390 gibus
1371 3351 1423 3379 ac
1452 3342 1680 3392 proposito
1711 3352 1763 3380 ex
1793 3343 1884 3380 toto
1913 3340 2108 3382 satisfe-.

1213 3403 1364 3442 cerit.»
1398 3403 1568 3442 Ruina.
1608 3427 1650 3431 —
1686 3403 1878 3455 recusem]
1910 3405 2085 3455 propria

1212 3464 1529 3516 significatione
1553 3464 1675 3517 (sich
1697 3464 1958 3515 strc‘iuben,
1976 3466 2088 3506 wei-

1975 366 2078 418 200
2101 333 2103 335 ’

2220 405 2231 605 enas-“gzfiv
2220 286 2231 394 ιτΤ-τ,
2224 258 2228 274 ..
2223 220 2226 228 >
