2231 3787
871 246 966 284 ,1115
999 245 1235 284 porrum.
1861 245 1959 295 797

157 372 353 424 phoclcs.
407 375 512 414 Vide
544 375 596 414 ad
630 377 676 415 A.
711 378 752 415 l'.
788 388 826 414 Υ.
854 377 944 415 221.
994 377 1153 415 Marius
1176 376 1421 414 Victorinus
1453 387 1492 425 p.
1526 376 1614 414 «110.
1650 376 1807 415 Gaisl'.:
1842 379 1961 425 Saty-

159 444 247 481 rica
279 448 335 482 est
364 445 476 493 apud
507 445 686 484 Graec-os
713 445 877 495 fabula,
913 446 949 483 in
984 457 1064 494 qua
1095 446 1189 483 ilem
1212 445 1363 495 ίναῃὶσὶ
1385 447 1532 492 poe'lac
1553 457 1630 482 non
1657 444 1825 495 (solum)
1849 457 1961 496 reyes

157 516 231 550 aut
258 514 427 561 heroas,
473 515 541 552 sed
573 515 731 564 (eliani)
774 516 946 563 Satyros
976 516 1229 553 induxerunt
1259 515 1421 552 ludendi
1451 524 1579 551 causa
1608 515 1872 563 iocandiqne,
1918 520 1960 553 iel

156 582 277 619 simul
315 586 521 630 spectator
562 583 665 621 inter
694 594 758 622 res
787 585 972 634 tragicas
999 585 1206 632 sericisque
1236 587 1488 631 satyrorum
1518 594 1676 631 quoqne
1707 584 1803 622 iocis
1831 589 1867 622 et
1896 585 1961 622 lu-

155 650 264 688 sibus
292 650 585 699 delectaretur,
617 656 661 690 ut
692 656 728 690 ct
755 653 953 690 Horalius
981 654 1098 692 sentit
1119 654 1179 691 his
1197 652 1380 691 versibus
1402 652 1462 700 (A.
1490 654 1533 691 P.
1558 652 1820 701 220-224-.)‚
1854 655 1961 700 quod

155 729 282 768 yemis
302 720 431 758 nostri
451 721 494 758 in
514 721 711 759 Atellanis
729 721 875 759 haben!
890 734 901 758 .·
934 722 1052 771 quod
1074 724 1219 761 tamen
1241 732 1379 772 genus
1401 731 1582 772 prorsus
1604 720 1829 760 diversum
1851 725 1955 760 erat.

641 913 1248 959 EXCURSUS
1315 916 1468 960 Vlss.

441 1021 875 1062 MITSCHERLICHII
904 1022 1324 1062 INTERPRETATIO
1355 1035 1425 1062 vv.
1460 1023 1685 1064 244-247.

266 1113 436 1153 «Monet
480 1114 703 1161 Horatius,
752 1124 805 1152 ne
844 1113 1008 1163 Satyris
1039 1113 1081 1152 in
1113 1113 1309 1153 dramate
1341 1116 1531 1164 satyrico
1563 1115 1781 1155 tribuatur
1810 1127 1957 1156 sermo

156 1181 375 1230 urbanus,
417 1183 578 1233 quippe
610 1182 690 1222 diis
720 1181 996 1222 silvestribus
1029 1182 1203 1233 (nempe
1236 1194 1258 1222 e
1289 1184 1428 1233 silvis,
1466 1185 1508 1223 in
1540 1184 1700 1234 quibus
1731 1186 1817 1224 nati
1849 1185 1960 1224 edu-

156 1252 330 1302 catique
362 1253 486 1300 sunt⁷
520 1252 563 1291 in
593 1262 773 1291 scenam
804 1263 827 1290 a
858 1254 987 1302 poeta
1018 1251 1238 1302 deductis),
1273 1263 1383 1303 quos
1414 1253 1525 1292 adeo
1548 1254 1704 1294 deceat
1733 1255 1895 1294 rustice
1919 1258 1961 1294 ct

155 1321 378 1371 incompte
408 1319 540 1370 loqui.
601 1322 752 1371 Itaque
785 1322 971 1361 rusticus
1003 1332 1150 1361 sermo
1180 1320 1351 1361 urbano
1383 1323 1640 1374 opponitur,
1675 1324 1748 1373 qui
1780 1324 1958 1374 quidem

155 1392 198 1428 et
226 1388 413 1440 volgaris
445 1392 531 1438 est,
580 1389 717 1440 qualis
748 1392 788 1429 in
821 1391 954 1429 triviis
983 1389 1260 1442 plebeiorum
1290 1392 1517 1431 hominum
1550 1395 1639 1441 est,
1688 1395 1731 1432 et
1760 1393 1955 1444 politior,

153 1458 292 1509 qualis
322 1460 551 1498 hominum
581 1460 623 1498 in
651 1460 744 1510 foro
774 1462 1045 1500 versantium
1068 1462 1111 1499 et
1132 1471 1288 1500 causas
1311 1462 1547 1511 agentium.
1595 1461 1729 1502 Simili
1751 1461 1959 1513 loquendi

153 1527 297 1567 colore
343 1539 443 1567 eum
490 1529 713 1579 distinguit
751 1528 855 1568 Gell.
890 1531 938 1577 4,
973 1530 1049 1568 22:
1094 1530 1140 1568 Icl
1181 1530 1291 1579 (uhic
1336 1529 1390 1569 illi
1422 1531 1666 1582 superest»)
1698 1533 1849 1572 dicitnr
1877 1545 1960 1571 non

152 1598 195 1637 in
225 1599 426 1649 compitis
457 1602 618 1637 tantum
645 1609 774 1647 neque
804 1599 846 1637 in
868 1599 984 1648 plebe
1012 1599 1228 1650 volqaria,
1261 1601 1329 1639 sed
1357 1600 1401 1639 in
1422 1599 1539 1650 foro,
1572 1601 1614 1640 in
1635 1602 1813 1650 comitio,
1846 1604 1959 1652 apud

151 1667 403 1706 tribunalia:
436 1669 479 1706 et
508 1667 626 1718 quod
657 1668 712 1706 ad
740 1679 837 1708 rem
867 1669 1019 1708 attinet
1052 1669 1140 1708 Cic.
1174 1668 1227 1708 de
1258 1670 1326 1708 Or.
1353 1670 1396 1717 4,
1433 1670 1509 1710 ι’18ε
1543 1671 1729 1710 Nitidmn
1751 1673 1959 1721 quoddam

151 1748 279 1788 genus
307 1742 344 1776 ei
370 1738 588 1776 verborum
616 1742 654 1777 et
683 1739 858 1786 laetum,
891 1740 958 1777 sed
980 1739 1222 1788 palaestrae
1239 1740 1374 1790 inagis
1393 1743 1429 1778 et
1453 1740 1525 1778 olii
1547 1751 1673 1789 quam
1691 1741 1811 1780 huius
1829 1742 1959 1781 civilis

153 1806 298 1846 turbae
342 1818 391 1846 ac
433 1807 528 1857 fori.
589 1808 739 1857 ltaque
783 1811 913 1859 poeta
950 1810 1129 1858 Satyros
1169 1811 1366 1858 agrestes
1399 1809 1618 1849 dedecere
1649 1811 1707 1849 ait
1737 1810 1956 1850 urbanum

153 1887 430 1925 sermonem,
461 1875 685 1927 volgarem
718 1878 835 1916 iuxta
865 1880 995 1928 atque
1027 1876 1277 1928 politiorum
1308 1879 1558 1926 hominum,
1602 1879 1692 1919 sere
1723 1881 1784 1918 uti
1814 1881 1958 1919 Theo-

154 1946 249 1985 criti
278 1947 401 1985 Musa
429 1947 587 1985 rustica
615 1950 652 1985 et
675 1948 902 1996 pastoralis
932 1959 1013 1986 non
1042 1947 1186 1986 forum
1215 1948 1357 1996 inodo,
1388 1959 1534 1987 verum
1562 1949 1704 1999 ipsam
1728 1950 1858 2000 ‘etiam
1887 1961 1958 1988 ur-

151 2015 255 2054 bem
286 2015 530 2065 reformidat
561 2015 821 2066 <secundum
853 2016 1025 2064 Quintil.
1060 2019 1090 2055 I.
1124 2017 1170 2056 O.
1204 2018 1275 2066 10,
1310 2019 1353 2065 4,
1387 2018 1496 2067 55),
1537 2018 1707 2058 urbano
1749 2030 1955 2058 sermone

152 2083 279 2135 plane
325 2083 536 2133 abstinet,
585 2085 746 2125 forensi
786 2086 951 2136 pariter
980 2087 1112 2135 atque
1143 2084 1321 2136 volgari.
1381 2088 1520 2125 Innati
1550 2088 1683 2126 triviis
1713 2089 1840 2138 igitur
1869 2099 1955 2127 non

154 2154 208 2193 de
239 2155 407 2194 sentina
439 2153 581 2205 plebis
611 2155 837 2203 homines,
871 2155 950 2195 sed
981 2155 1157 2194 omnino
1188 2154 1242 2193 de
1274 2154 1386 2194 civili
1418 2155 1569 2204 turba,
1615 2158 1663 2195 ut
1692 2158 1846 2196 Cicero
1877 2168 1956 2208 ap—

153 2222 284 2274 pellat
321 2224 518 2273 (averum
547 2224 631 2263 1100
661 2223 789 2274 longe
821 2223 938 2263 aliud
969 2223 1202 2274 significat,
1251 2224 1505 2264 turbulentas
1543 2227 1806 2265 contiones:»
1840 2227 1951 2275 OR.),

152 2291 419 2343 intelligendi
449 2295 571 2342 sunt,
606 2294 678 2344 qui
710 2294 889 2344 quidem
921 2305 1006 2333 non
1037 2296 1126 2333 tam
1159 2295 1371 2333 concinne
1393 2296 1524 2345 atque
1547 2296 1698 2334 ornate
1719 2295 1956 2346 loquuntur

153 2374 286 2413 quam
317 2364 515 2403 oratores
546 2363 589 2402 in
618 2363 738 2410 foro;
786 2374 973 2414 quorum
1005 2362 1213 2413 loquendi
1243 2363 1610 2403 consuetudinem
1640 2366 1805 2414 Satyris
1834 2366 1953 2404 tanto

152 2433 291 2483 magis
323 2432 544 2471 vitandam
575 2443 675 2472 esse
705 2434 833 2484 poeta
866 2434 944 2481 ait,
979 2444 1066 2483 quo
1097 2433 1235 2482 magis
1264 2431 1330 2471 illa
1363 2431 1418 2471 ab
1442 2444 1595 2472 eorum
1617 2436 1771 2473 natura
1792 2434 1955 2474 discre-

152 2504 240 2553 pet.
302 2502 505 2541 Horatius
544 2502 672 2551 igitur
706 2503 790 2541 hoc
825 2501 939 2541 volt:
988 2500 1250 2541 «Silvestres
1281 2502 1423 2551 Satyri
1458 2513 1512 2541 ne
1542 2505 1719 2541 utantur
1747 2514 1953 2543 sermone

152 2571 346 2619 urbano,
393 2570 560 2609 nedum
596 2570 799 2610 forensi.»
860 2572 951 2610 Iam
990 2571 1212 2610 forensem
1249 2581 1504 2610 sermonem
1542 2571 1741 2621 designat
1769 2574 1896 2623 poeta
1929 2584 1950 2612 a

153 2641 285 2680 nimia
330 2640 630 2680 concinnitatis
676 2640 980 2688 affectatione,
1032 2651 1144 2690 quae
1189 2638 1424 2680 iuvenilem
1469 2640 1690 2690 quandam
1730 2639 1954 2682 lasciviam

152 2710 294 2761 prodit
324 2712 455 2760 atque
487 2709 844 2757 redundantiam,
890 2709 1007 2748 unde
1051 2710 1136 2748 hoc
1180 2709 1371 2747 iuvenari
1412 2710 1560 2748 teneris
1598 2710 1785 2749 versibus
1827 2711 1948 2760 dicit,

153 2779 273 2830 quod
312 2780 465 2818 Graeci
501 2779 653 2818 itidem
683 2775 1012 2819 νεανιεύεσθαι
1043 2781 1087 2818 et
1113 2775 1515 2834 μειρακιεύεσθαι.
1569 2779 1629 2818 Cf.
1664 2780 1842 2819 omnino
1873 2781 1953 2820 Er-

153 2850 266 2888 nesti
297 2850 398 2887 Lex.
431 2847 620 2888 technol.
656 2850 726 2887 Gr.
760 2848 873 2887 rhet.
909 2859 948 2887 v.
981 2845 1416 2887 ΜΕΙΡᾸΚΙΩΔΕΣ.
1476 2850 1627 2898 Itaque
1658 2849 1792 2891 innati
1821 2851 1954 2889 triviis

154 2929 240 2957 non
270 2920 552 2968 opponuntur
577 2917 807 2968 forensibus
836 2928 981 2967 neque
1003 2918 1243 2968 respiciunt
1262 2917 1399 2957 verba
1421 2930 1428 2956 :
1463 2922 1536 2957 aut
1555 2919 1770 2958 imm-unda
1789 2924 1954 2969 crepent

152 2987 506 3038 ignominiosaque
533 2987 670 3035 dicta3
718 2987 837 3037 quod
866 2988 1125 3037 Doeringius
1157 2986 1454 3036 existimabat,
1504 2988 1578 3038 qui
1608 2988 1650 3027 in
1680 2989 1795 3028 hanc
1825 2999 1951 3028 suam

152 3067 251 3096 rem
279 3060 354 3095 aut
373 3066 509 3104 paene
534 3056 714 3105 forenses
742 3055 842 3094 ideo
872 3055 1108 3106 legendum
1129 3055 1378 3104 statuebat3
1411 3067 1525 3107 quae
1547 3058 1761 3096 correctio
1781 3067 1835 3096 ne
1857 3060 1951 3096 tum

155 3124 336 3176 quidem
376 3126 443 3164 est
480 3125 751 3172 necessaria,
789 3125 824 3164 si
854 3135 908 3163 ex
938 3125 1031 3164 eius
1061 3126 1208 3165 mente
1239 3136 1421 3165 sensum
1450 3125 1534 3165 loci
1564 3127 1816 3165 constituas.
1865 3126 1950 3165 Sed

155 3194 298 3245 Satyri
327 3195 480 3232 natura
510 3204 588 3233 sua
618 3194 719 3233 sunt
745 3193 898 3232 risores
929 3195 972 3232 et
1001 3184 1164 3233 dicaces
1184 3195 1236 3244 (v.
1259 3195 1392 3244 225),
1427 3206 1614 3245 quorum
1635 3194 1748 3234 sales
1770 3195 1813 3233 et
1832 3194 1950 3234 iocos

156 3265 214 3303 ita
242 3262 556 3314 temperandos
587 3273 686 3302 esse
717 3263 846 3313 poeta
875 3265 1050 3311 monet,
1098 3274 1153 3302 ne
1183 3264 1362 3303 nimiam
1392 3264 1677 3303 rusticitatem
1707 3262 1946 3303 redoleant.

156 3335 308 3383 ltaque
345 3332 399 3372 ab
439 3331 621 3372 urbanis
656 3331 908 3371 hominibus
938 3331 1106 3371 urbane
1136 3332 1381 3371 iocantibus
1412 3332 1524 3370 dicta
1555 3330 1622 3370 illa
1652 3331 1878 3371 immunda
1909 3333 1951 3370 et

159 3402 443 3453 ignominiosa
472 3402 613 3452 repeti
641 3411 728 3440 non
757 3402 1001 3452 poterant.»
