2231 3787
830 278 925 316 Lus.
961 279 988 315 1.
1051 278 1161 315 sA'r.
1198 277 1261 314 vi.
1858 274 1949 324 1:2¹.)

139 411 308 451 Iueenal
326 422 452 462 soyar
471 409 796 461 spru-hwartlich
825 408 1018 455 braucm,
1059 410 1145 447 sat.
1171 409 1215 454 9,
1252 409 1294 446 ft:
1329 408 1447 446 Scire
1482 406 1630 453 velim,
1665 418 1800 456 quare
1823 408 1951 446 toties

141 481 269 528 mihi,
318 480 529 528 Naevole,
577 480 708 520 tristis
748 480 963 519 Occurras
1009 478 1149 518 fronte
1191 476 1406 524 obducta,
1453 487 1535 515 ceu
1575 477 1748 525 Marsya
1794 477 1948 515 xit-tus.

145 551 275 600 l'eryl.
308 551 483 589 ,llartial
522 551 567 597 Ξ,
600 549 676 598 64,
709 551 756 589 7:
809 549 851 588 Si
888 547 1038 588 schola
1077 547 1332 594 damnatur,
1380 547 1471 586 sora
1511 545 1658 586 litibus
1690 547 1834 585 omnia
1867 547 1955 585 ser-

140 622 266 668 vent,
301 620 396 670 lpse
428 623 554 671 potes
586 620 701 667 lieri,
734 620 928 669 Marsya,
963 617 1226 657 causidicus..
1287 617 1401 656 ,Nocti
1430 616 1663 655 bertilunter
1685 617 1827 655 warde
1847 616 1956 654 diese

139 689 347 728 Bildsa'ulc
377 690 504 728 durch
535 691 598 729 die
626 689 1011 739 Ausschweisunyen
1041 689 1113 727 der
1140 687 1271 730 Iulia,
1303 687 1496 736 Auyust's
1518 686 1695 725 Tochter.
1749 686 1811 734 (V.
1839 687 1952 736 Lips.

140 760 285 809 Antiq.
312 760 446 799 Lectt.
471 760 509 798 3.
534 761 641 810 Opp.
666 757 807 798 Vesal.
832 759 862 797 1.
889 769 930 809 p.
956 758 1048 797 388.
1101 758 1267 796 Seneca
1301 756 1355 796 de
1388 756 1535 795 Benes.
1560 756 1608 804 6,
1643 756 1718 795 32:
1751 756 1958 805 Augustus

140 853 164 859 -
193 851 215 858 -
241 829 407 880 flayitia
431 829 680 878 principalis
709 830 852 867 donnas
882 829 921 866 in
947 827 1159 877 publicum
1187 827 1342 866 emisit:
1373 848 1396 854 -
1425 848 1447 854 —
1475 826 1615 876 forum
1644 826 1780 874 ipsum
1809 835 1859 863 ac
1881 825 1955 862 lfo-

139 903 252 945 stra,
284 910 338 938 ea:
353 899 499 948 quibus
523 904 646 948 patet·
674 900 802 950 leyem
831 899 879 937 de
911 898 1126 937 adulteriis
1154 898 1324 942 tulerat,
1354 897 1467 948 filiae
1495 897 1537 935 in
1566 900 1713 945 stupra
1737 895 1957 944 placuisse,

141 968 428 1019 quotidianum
465 969 520 1007 ad
553 970 773 1017 Marsyam
809 980 1053 1008 concursum
1084 970 1168 1007 cet.
1230 966 1335 1007 Plin.
1370 968 1419 1006 11.
1454 967 1502 1006 N.
1536 967 1613 1015 2⁴,
1647 966 1692 1005 3:
1739 966 1858 1015 Apud
1888 976 1960 1003 nos

142 1038 374 1088 exemplum
417 1039 605 1077 licentiae
647 1039 767 1077 huius
802 1051 880 1077 non
922 1042 977 1077 est
1021 1038 1136 1076 aliud
1180 1048 1305 1086 quam
1347 1037 1437 1088 filia
1466 1036 1565 1075 Divi
1599 1036 1794 1086 Augusti,
1844 1035 1960 1073 cuius

139 1109 312 1148 ltwuria
345 1108 527 1147 noctibus
554 1112 797 1147 coronatum
831 1109 1046 1156 Marsyam
1076 1108 1237 1146 litterae
1269 1108 1376 1146 illius
1404 1106 1605 1157 (sernum,l

657 1433 1272 1482 EXCURSUS
1340 1435 1443 1480 ΙΙΙ.

923 1528 1182 1568 Auxuma.

247 1614 399 1666 «Apud
430 1615 656 1654 Horatium
688 1615 729 1653 in
751 1614 837 1653 Sat.
864 1614 901 1660 1,
928 1614 973 1657 G,
1008 1613 1100 1652 4²26.
1127 1613 1168 1652 in
1191 1612 1413 1664 plerisque
1437 1611 1558 1652 libris
1581 1613 1796 1663 scriptum
1820 1612 1960 1650 suerat

138 1684 375 1734 Admonuit,
405 1685 522 1736 fuyio
556 1716 563 1723 .
601 1715 608 1723 .
646 1716 681 1733 .,
716 1694 818 1723 cum
848 1685 1075 1734 postrema
1098 1693 1253 1722 versus
1276 1693 1379 1733 pars
1401 1682 1649 1721 excidisset.
1712 1680 1823 1730 Quid
1866 1681 1958 1720 Ma-

138 1755 327 1802 vortius,
360 1755 485 1794 cuius
518 1754 718 1794 recensio
750 1754 911 1793 Horatii
943 1752 999 1791 ad
1032 1763 1111 1792 nos
1142 1754 1382 1804 propagata
1414 1753 1513 1791 est‘?
1544 1752 1733 1792 Versum
1765 1750 1960 1790 absurde

143 1822 417 1876 interpolavit
448 1824 737 1874 scripsitque,
779 1823 839 1862 uti
867 1824 931 1862 est
955 1823 995 1861 in
1016 1820 1239 1873 plerisque
1275 1821 1431 1869 Codd.,
1463 1821 1703 1869 Admonuit,
1741 1822 1857 1872 fussio
1888 1832 1964 1859 ra-

139 1894 239 1934 biosi
268 1898 454 1943 tempora
474 1894 595 1945 siqui.
656 1891 795 1932 Aliam
826 1904 932 1931 vero
955 1892 1265 1932 recensionem
1287 1893 1419 1942 atque
1448 1892 1591 1943 ipsam
1614 1889 1753 1930 Flacci
1775 1901 1959 1930 manum

140 1964 290 2005 Codex
333 1963 584 2003 Blandinius
625 1963 742 2015 apud
787 1963 1031 2013 Cruquium
1077 1962 1409 2012 antiquissimus
1447 1962 1659 2002 servavit:
1709 1961 1960 2009 Admonuit,

135 2034 251 2086 fugio
281 2034 485 2083 Campum
513 2034 735 2082 ludumque
765 2034 980 2084 trigonem.
1042 2033 1141 2071 Sine
1174 2031 1259 2070 hoc
1282 2030 1444 2070 Codice
1476 2029 1821 2082 interpolationis
1852 2030 1956 2069 vitia

139 2104 288 2154 utique
318 2102 612 2143 demonstrari
652 2105 856 2154 possent,
903 2103 1090 2153 genuina
1132 2103 1280 2141 autem
1319 2099 1447 2140 lectio
1478 2101 1648 2140 restitui
1691 2102 1812 2139 certe
1846 2098 1961 2138 nulla

139 2173 403 2213 divinatione
447 2175 642 2224 posset.»
708 2174 748 2212 F.
773 2174 822 2212 V.
847 2174 1069 2212 Fmrzscur:
1113 2173 1153 2211 in
1194 2171 1414 2222 Aristoph.
1457 2171 1724 2221 Thesmoph.
1768 2181 1811 2221 p.
1845 2170 1951 2208 XllI.

140 2244 324 2294 Propter
354 2240 585 2282 nonnullos
616 2241 803 2282 lectores
835 2241 1146 2293 excerpendus
1177 2241 1247 2280 hic
1279 2243 1347 2281 est
1377 2239 1500 2280 locus
1532 2251 1583 2279 ex
1614 2238 1795 2279 Bentleii
1828 2241 1962 2278 Prae-

142 2312 301 2351 satione
332 2322 374 2363 p.
408 2311 446 2351 4.
471 2310 548 2350 Ed.
574 2313 730 2351 Amst.:
766 2313 841 2352 «Ut
872 2311 1127 2350 Terentium
1149 2322 1201 2350 ex
1233 2309 1448 2362 Calliopii,
1485 2308 1706 2359 Virgilium
1731 2321 1782 2348 ex
1803 2309 1961 2348 Asterii

142 2383 244 2422 Cos.
277 2392 391 2420 anuo
423 2383 520 2433 post
552 2381 773 2420 Christum
806 2380 1114 2428 CCCCXCIV.,
1147 2378 1371 2418 Valerium
1415 2379 1652 2417 Maximum
1686 2389 1736 2416 cx
1774 2376 1959 2428 llelpidii

141 2449 368 2498 Domnuli,
416 2452 473 2490 ita
520 2449 723 2490 Flaccum
769 2461 820 2488 ex
865 2449 1061 2488 Mavortii
1108 2449 1367 2488 recensione
1412 2447 1543 2486 hodie
1589 2446 1822 2486 habemus.
1891 2448 1961 2486 Sic

143 2521 261 2560 enim
302 2521 342 2560 in
384 2519 704 2571 antiquioribus
746 2518 1004 2566 (lodicibus,
1055 2518 1280 2562 Leidensi.
1330 2517 1562 2567 Reginensi
1606 2515 1812 2567 aliisque,
1861 2520 1963 2567 post

141 2589 317 2641 Epodos
348 2588 499 2629 litteris
530 2587 783 2629 maiusculis
814 2589 1027 2639 scriptum
1059 2587 1223 2626 fertur:
1258 2587 1434 2625 Verrivs
1455 2588 1635 2625 AGORWS
1666 2587 1853 2624 Bismvs
1875 2587 1963 2625 MA-

142 2669 314 2700 vonnvs
345 2660 394 2698 V.
419 2659 466 2698 C.
491 2669 539 2697 ET
571 2670 650 2697 ιη.
675 2668 824 2696 excom.
853 2668 953 2696 nom.
988 2668 1155 2696 excoxs.
1181 2667 1274 2695 ono.
1300 2666 1390 2695 Lcoi
1422 2666 1470 2694 Er
1504 2667 1553 2694 vr
1586 2666 1699 2694 Porvl
1732 2666 1958 2695 mimam.

143 2729 415 2768 Cosrsussxrr.
452 2739 542 2767 Mun
583 2738 782 2767 »iAcisrno
822 2727 971 2766 Fames
1003 2737 1187 2765 ORATORE
1227 2737 1340 2765 cums
1381 2726 1543 2764 Rome.
1577 2747 1600 2753 -
1629 2747 1652 2753 -
1684 2725 1787 2773 Quis
1832 2725 1961 2764 suerit

143 2796 211 2837 ille
242 2799 445 2849 Magister
473 2797 612 2846 Felix,
660 2798 734 2848 qui
765 2796 926 2836 eodem
962 2796 1032 2835 hic
1062 2806 1149 2846 quo
1181 2797 1376 2835 Donatus
1408 2793 1529 2834 titulo
1560 2795 1821 2834 honestatur
1850 2796 1961 2833 Ora—

143 2868 244 2907 toris
273 2867 370 2907 urbe
397 2869 569 2916 Romae,
604 2867 813 2918 equidem
844 2867 1016 2906 nescio:
1065 2868 1107 2904 at
1137 2865 1376 2905 Mavortius
1408 2865 1443 2904 is
1474 2864 1567 2915 ipse
1600 2866 1687 2911 est,
1734 2863 1807 2914 qui
1841 2864 1959 2903 Con-

144 2935 211 2977 sul
241 2939 336 2976 erat
365 2938 459 2977 sine
491 2936 656 2988 collega
685 2948 800 2977 anno
838 2939 939 2988 post
976 2935 1198 2976 Christum
1229 2935 1449 2981 DXXV11.;
1492 2933 1608 2973 unde
1641 2933 1753 2972 Fasti
1785 2933 1959 2983 egregie

145 3005 348 3046 illustrari
376 3009 584 3058 possunt,
623 3017 725 3046 cum
756 3005 931 3046 aliunde
963 3006 1044 3045 iste
1075 3004 1313 3045 Mavortius
1344 3001 1459 3042 nulla
1490 3001 1571 3042 alia
1601 3014 1649 3042 re
1681 3003 1762 3042 nisi
1793 3013 1960 3053 cogno-

145 3075 263 3115 mine
293 3074 386 3115 solo
428 3076 715 3115 innotescat.»
775 3075 913 3125 (Cons.
960 3075 1005 3113 L.
1053 3073 1219 3113 Lersch
1261 3073 1376 3112 Rom.
1418 3062 1664 3112 Diorthosssen
1702 3073 1745 3111 in
1774 3073 1882 3111 Mus.
1916 3072 1956 3110 d.

146 3145 486 3194 Rhein-Westph.
511 3144 896 3184 &haim-Vereins
921 3144 991 3183 111.
1010 3154 1054 3195 p.
1074 3143 1153 3182 256
1179 3142 1295 3192 sqq.)
1339 3141 1498 3180 Iniuria
1522 3143 1672 3180 autem
1696 3140 1960 3180 Fritzschius

145 3214 379 3267 lectionem
408 3212 627 3264 volgatam
657 3213 759 3253 huic
787 3213 997 3252 Mavortio
1037 3211 1211 3259 tribuit,
1261 3210 1385 3250 cuius
1424 3210 1627 3250 recensio
1671 3210 1786 3250 Odas
1827 3209 1960 3249 dum-

148 3285 265 3323 taxat
294 3285 339 3323 et
377 3281 576 3334 EpodOS,
610 3293 699 3322 non
730 3282 967 3321 Sermones
999 3291 1144 3331 neque
1172 3278 1388 3331 Epistolas
1423 3277 1817 3331 complectebatur.
1862 3277 1958 3317 vid.

148 3351 451 3393 Schneidewin
486 3351 628 3390 Philol.
661 3351 692 3390 1.
724 3361 767 3402 p.
802 3350 879 3390 468
909 3361 976 3401 sq.
1009 3350 1222 3390 Kirchner
1249 3350 1302 3389 N.
1336 3349 1382 3399 Q.
1415 3349 1465 3389 H.
1498 3359 1541 3400 p.
1574 3347 1641 3388 24.

257 3422 437 3461 Fatuam
465 3423 614 3461 autem
658 3418 1042 3470 interpolationem
1080 3418 1260 3458 ductam
1303 3419 1427 3470 putat
1467 3416 1688 3457 Bentleius
1729 3427 1781 3456 ex
1824 3416 1961 3456 Persii

152 3490 198 3540 3,
230 3491 275 3531 5:
321 3491 451 3530 siccas
478 3491 629 3530 insana
659 3488 858 3529 Canicula
886 3499 1030 3530 messes
1065 3489 1311 3528 Iamdudum
1341 3487 1498 3537 coquin
1543 3485 1887 3536 Cuninghamius
1918 3486 1960 3524 in

294 3566 445 3602 Hom-r.
474 3576 563 3602 vot..
594 3566 635 3601 ll.
691 3574 754 3601 ει).
785 3573 866 3601 mr
898 3563 958 3599 111.
1599 3562 1620 3596 9
