2231 3787
740 225 837 264 LIB.
873 226 902 264 1.
966 226 1126 265 EPlST.
1161 228 1303 266 XVlll.

1831 225 1925 275 {5551

187 357 310 409 Aut.
355 355 396 406 si
438 372 541 407 non
583 354 717 416 odit,
760 355 894 425 regit
931 371 994 408 ac
1033 354 1193 407 voluti
1235 356 1320 426 pia
1359 366 1527 409 mater

184 454 308 508 Plus
348 473 508 526 quam
549 473 607 508 se
647 472 838 526 sapere
877 464 930 509 et
965 455 1249 509 virtutibus
1288 473 1410 510 esse
1450 459 1683 527 priorem

183 556 315 617 Volt‚
359 566 411 610 et
449 557 520 610 ait
558 574 727 627 prope
754 574 908 610 vera:
951 558 1099 611 Meae
1125 590 1194 596 ——
1220 558 1548 612 contendere
1585 558 1690 612 noli
1718 591 1787 597 —

182 657 464 711 Stultitiam
502 658 775 728 patiuntur
814 676 972 729 opes3
1014 658 1105 713 tibi
1148 660 1369 730 parvula
1407 678 1494 714 res
1533 669 1637 715 est:

178 761 304 811 Arta
343 758 499 812 decet
537 777 726 811 sanum
765 760 1014 813 comitem
1054 769 1201 831 toga;
1243 761 1431 816 desine
1471 780 1683 816 mecum

182 859 415 913 Certare.

178 962 502 1014 Vestimenta
540 961 702 1015 dabat
738 963 1001 1032 pretiosa:

1860 766 1926 816 30

491 859 835 931 Eutrapelus,
878 863 1183 932 cuicunque
1223 880 1421 916 nocere
1460 864 1697 928 volebat,

1053 963 1244 1016 beatus
1283 966 1426 1017 enim
1468 966 1571 1018 iam

177 1063 310 1116 Cum
347 1062 584 1134 pulchris
623 1064 815 1117 tunicis
859 1073 1034 1117 sumet
1071 1082 1210 1117 nova
1252 1066 1474 1119 consilia
1513 1076 1564 1121 et
1602 1085 1755 1139 spes,

214 1174 280 1213 u26.
318 1173 410 1225 Aut]
449 1175 505 1214 Ac
535 1175 577 1214 d.
615 1197 659 1203 —
692 1175 759 1214 28.
794 1176 883 1226 a9it
911 1176 952 1214 S.
992 1197 1035 1202 —
1067 1176 1199 1227 Meae]
1231 1176 1332 1215 mihi
1361 1187 1428 1228 pr.
1464 1177 1490 1216 d
1524 1180 1567 1217 et
1597 1189 1620 1217 e
1654 1179 1793 1219 Codd.
1819 1181 1863 1219 L.

162 1259 205 1263 ——
240 1236 306 1276 30.
338 1237 445 1276 Atra
472 1238 520 1276 E.
549 1260 592 1265 -
627 1237 692 1277 33.
715 1238 909 1276 consilia:
950 1249 1095 1287 eoespes
1125 1239 1154 1277 C
1189 1249 1211 1277 e
1245 1238 1418 1279 Codicis
1451 1241 1579 1280 Tons.
1604 1239 1704 1280 lect.
1727 1252 1865 1292 expes.

98 1331 298 1380 portuno]
332 1341 472 1381 «quae
514 1331 728 1381 pecuniae
770 1331 980 1382 cupidum

104 1393 423 1443 conquiescere
447 1404 673 1444 nunquam
696 1394 797 1433 sinit
817 1396 861 1433 et
877 1404 980 1432 eum

103 1456 311 1494 continuo
342 1458 516 1495 vexat.»
545 1478 587 1484 -
622 1457 758 1495 decem
785 1456 896 1495 vitiis
918 1456 982 1494 in-

99 1517 308 1568 structior]
343 1517 506 1557 «multo
536 1518 775 1558 vitiosior.»
829 1519 980 1557 Decem

100 1581 163 1620 sic
179 1580 455 1632 usurpabant
475 1581 518 1620 in
540 1591 746 1620 sermone
764 1579 981 1631 quotidia-

101 1654 170 1682 no.
203 1643 341 1683 Plaut.
366 1644 501 1683 Mero.
526 1645 573 1692 ⁶2,
607 1643 653 1691 3,
689 1644 732 1682 44
756 1655 763 1681 z
795 1644 861 1682 Ita
881 1644 979 1682 ani-

97 1706 155 1744 mi
185 1707 320 1746 decem
349 1707 392 1745 in
426 1710 592 1756 pectore
623 1707 770 1745 incerti
799 1710 974 1745 certant.

99 1768 161 1808 Cf.
185 1772 234 1808 A.
260 1771 303 1809 P.
329 1768 429 1808 365:
469 1769 581 1808 Haec
612 1768 787 1819 (poesis)
816 1768 978 1817 placuit

96 1831 235 1880 semel,
281 1831 381 1870 haec
411 1831 541 1870 decies
568 1831 746 1880 repetita
778 1830 972 1880 placebit.

94 1894 340 1933 Instructior
387 1894 537 1932 autem
586 1888 715 1948 παρὰ
763 1890 974 1948 προσδο-

96 1955 226 2004 κίαν,
274 1954 400 2005 quasi
437 1964 545 1993 vero
575 1954 676 1993 vitia
710 1955 972 1993 ornamento

97 2019 140 2056 et
170 2016 407 2056 commodo
439 2018 605 2056 essent.

151 2079 297 2119 626-30.
326 2079 446 2130 reyit]
472 2079 714 2118 «rationem
734 2078 911 2118 vivendi
933 2079 972 2118 ei

95 2140 403 2193 praescribit.»
452 2164 496 2168 —
542 2141 666 2180 veluti
704 2141 781 2190 pia
822 2142 971 2190 mater]

95 2204 350 2244 Admodum
371 2203 525 2244 festive
544 2203 772 2254 comparat
789 2202 972 2242 divitem

93 2268 315 2315 vitiosum,
341 2267 414 2317 qui
432 2266 560 2305 amici
577 2265 794 2305 inferioris
810 2263 974 2304 malam

94 2328 286 2380 aliquam
341 2328 710 2369 consuetudinem
763 2327 970 2377 castigat,

95 2402 197 2431 cum
229 2393 390 2439 matre,
423 2392 493 2431 cui
523 2390 686 2430 liberos
717 2402 741 2429 a
771 2390 882 2429 vitiis
905 2400 974 2428 re—

93 2464 254 2493 vocare
285 2455 563 2505 propositum
594 2455 663 2493 est
692 2454 735 2492 et
765 2451 966 2501 efficere,

95 2518 143 2555 ut
184 2515 253 2556 vel
297 2519 441 2556 semet
484 2516 578 2567 ipsa
612 2514 821 2555 meliores
862 2525 969 2554 eva-

95 2580 213 2619 dant.
250 2602 294 2607 —
321 2579 466 2629 prope]
498 2577 595 2617 Vid.
621 2577 678 2616 ad
706 2578 815 2628 Epp.
847 2577 891 2625 4,
926 2578 965 2626 6,

95 2643 131 2681 4.
170 2665 214 2670 -—
247 2643 365 2681 Meae
404 2640 506 2692 cet]
543 2641 690 2680 «Meae
731 2650 838 2691 opes
869 2641 968 2678 tan-

94 2707 162 2744 tae
193 2706 314 2752 sunt,
356 2704 404 2742 ut
439 2701 618 2743 stultitia
658 2701 968 2753 (quemadmo—

93 2766 201 2806 dum
236 2765 457 2805 luxuriem
495 2776 577 2816 per
607 2764 966 2815 euphemismum

91 2828 233 2877 vocat)
265 2838 341 2867 eas
371 2839 459 2867 non
490 2828 703 2866 attenuet.
734 2848 757 2855 -
787 2849 810 2855 -
841 2826 968 2874 Quod

94 2891 136 2929 in
165 2889 296 2928 divite
327 2888 505 2930 stultitia
526 2891 595 2929 est
624 2891 668 2929 et
685 2889 881 2937 vanitas,
915 2887 968 2928 il-

92 2950 169 2990 lud
210 2951 254 2990 in
298 2962 493 3002 paupere
537 2950 659 2991 furor
689 2953 758 2991 est
792 2962 844 2990 ac
883 2951 967 2991 de-

93 3013 300 3053 mentia.»
334 3014 459 3052 GESN.
495 3013 866 3065 —Arta--t09a]
889 3015 966 3054 Di-

93 3075 228 3114 tiores
272 3075 384 3124 togis
428 3073 668 3114 utebantur
709 3074 841 3126 largis
885 3075 968 3126 (bis

91 3137 221 3177 trium
255 3136 455 3175 ulnarum
493 3139 591 3187 toga
629 3136 766 3187 Epod.
799 3137 846 3186 4,
890 3137 964 3188 8.),

92 3209 180 3249 quo
210 3197 427 3250 plicarum
458 3196 640 3248 pulchre
671 3208 719 3237 se
741 3199 966 3250 excipien-

93 3261 201 3300 tium
245 3261 386 3300 maior
429 3262 550 3299 esset
590 3269 816 3298 numerus.
872 3261 966 3300 Ma-

93 3321 216 3361 crob.
254 3323 425 3361 Saturn.
461 3321 509 3369 2,
551 3321 598 3360 9:
648 3321 693 3369 Q.
726 3321 967 3360 Hortensius

94 3383 269 3434 (orator)
315 3383 395 3434 fuit
435 3382 583 3422 vestitu
625 3382 682 3420 ad
721 3382 964 3422 munditiem

92 3444 254 3485 curioso
284 3448 341 3495 et,
373 3448 419 3484 ut
448 3444 544 3485 bene
564 3443 740 3483 amictu-s
766 3443 868 3492 iret,
899 3442 965 3492 fa—

1045 1331 1148 1370 ciem
1177 1332 1220 1370 in
1250 1333 1411 1381 speculo
1442 1334 1642 1382 ponebat,
1688 1335 1758 1374 ubi
1786 1346 1827 1374 se
1855 1337 1923 1375 in-

1045 1397 1160 1432 tuens
1189 1397 1330 1444 togam
1360 1396 1527 1443 corpori
1565 1396 1622 1434 sic
1657 1397 1916 1446 applicabat,

1043 1459 1088 1493 ut
1118 1466 1249 1506 ruyas
1268 1468 1351 1495 uon
1378 1456 1506 1506 forte,
1539 1458 1607 1496 sed
1632 1458 1840 1498 industria
1859 1459 1922 1498 lo-

1042 1517 1160 1556 catas
1189 1519 1348 1569 artifex
1385 1519 1517 1557 nodus
1552 1521 1850 1571 constringeret
1885 1526 1922 1561 et

1040 1581 1154 1618 sinus
1190 1592 1243 1619 ea,-
1282 1583 1504 1630 composito
1544 1583 1724 1634 defluens
1766 1585 1921 1624 'nodum

1040 1642 1182 1681 lateris
1211 1642 1400 1682 ambiret.
1424 1664 1468 1671 -
1489 1645 1692 1697 comitem]
1719 1657 1806 1685 non
1829 1649 1919 1686 tam

1040 1704 1083 1742 in
1114 1705 1292 1752 itinere,
1336 1716 1472 1754 quam
1510 1706 1739 1747 honestius
1780 1719 1917 1748 voca-

1039 1765 1194 1805 bulum
1225 1777 1304 1816 pro
1337 1765 1515 1815 cliente,
1563 1769 1638 1818 qui
1681 1771 1917 1819 patronum

1038 1828 1080 1867 in
1104 1828 1247 1868 forum
1270 1828 1464 1869 deducit.
1500 1830 1562 1870 Cf.
1587 1831 1674 1870 Sat.
1699 1832 1745 1881 2,
1770 1833 1814 1881 5,
1847 1834 1912 1873 47.

1091 1953 1238 1993 34-36.
1270 1955 1538 2007 Eutrapelus]
1566 1957 1610 1995 P.
1635 1955 1913 2005 Volumnius,

1038 2026 1177 2065 eques
1199 2017 1294 2065 Ro.,
1325 2016 1382 2056 ad
1411 2028 1547 2068 quem
1567 2021 1669 2058 sunt
1692 2020 1781 2059 Cic.
1800 2021 1911 2071 Epp.

1037 2076 1151 2116 duae
1183 2077 1237 2116 ad
1272 2079 1390 2118 Fam.
1424 2079 1469 2127 7,
1504 2079 1570 2118 3¹2.
1603 2081 1646 2118 et
1683 2080 1775 2128 33.,
1808 2093 1915 2133 pro-

1035 2140 1135 2189 pter
1177 2138 1481 2189 festivitatem,
1530 2141 1730 2191 facetias,
1778 2143 1915 2183 urba-

1037 2201 1244 2249 nItatem,
1297 2201 1460 2252 quibus
1511 2202 1721 2253 aequales
1769 2215 1912 2256 paene

1038 2273 1194 2303 omnes
1225 2264 1488 2314 superabat,
1531 2265 1793 2316 Eutrapelus
1831 2278 1913 2306 no-

1038 2327 1229 2366 minatus
1263 2328 1344 2365 est.
1398 2326 1589 2376 (Aristot.
1613 2328 1738 2367 Rhet.
1763 2329 1810 2375 2,
1836 2330 1908 2368 ⁴2:

1038 2388 1088 2427 οἱ
1114 2389 1215 2429 νέοι
1235 2411 1257 2417 -
1279 2412 1303 2418 -
1331 2386 1672 2441 φιλογέλωτες,
1719 2386 1793 2429 διὸ
1831 2392 1911 2431 καὶ

1036 2446 1330 2508 εὐτράπελοι·
1364 2445 1394 2503 ἡ
1416 2447 1506 2508 γὰρ
1527 2446 1809 2509 εὐτραπελία
1830 2466 1911 2493 πε-

1035 2512 1326 2567 παιδευμένη
1357 2507 1495 2571 ὕβρις
1525 2512 1689 2567 ἐστίν.)
1738 2516 1842 2556 Erat
1873 2518 1909 2558 is

1031 2578 1145 2617 inter
1182 2576 1356 2616 Antonii
1398 2576 1619 2616 collusores
1655 2582 1692 2616 et
1733 2578 1907 2617 sodales.

1034 2641 1122 2681 Cic.
1148 2638 1330 2690 Philipp.
1356 2638 1429 2688 43,
1454 2640 1502 2688 2,
1535 2638 1573 2678 3.
1607 2638 1847 2690 Aliquoties
1869 2641 1908 2679 ei

1032 2713 1166 2754 opem
1187 2700 1283 2741 tulit
1300 2702 1486 2741 Atticus.
1534 2702 1663 2741 Corn.
1689 2703 1796 2752 Nep.
1820 2704 1904 2741 Att.

1031 2766 1070 2804 9.
1105 2765 1170 2804 40.
1205 2765 1271 2803 42.
1310 2784 1353 2790 —
1396 2763 1637 2814 cuicunque]
1676 2764 1783 2811 Quia
1822 2764 1907 2804 hoc

1032 2837 1209 2877 quoque
1241 2836 1266 2864 a
1297 2826 1490 2875 Cruquio
1527 2823 1710 2876 aliisque
1746 2836 1906 2877 parum

1030 2887 1303 2928 intellectum
1336 2889 1422 2935 est,
1456 2898 1544 2926 uno
1575 2886 1733 2927 saltem
1765 2887 1906 2927 verbo

1030 2948 1378 3001 significabimus
1417 2949 1538 2989 idem
1575 2949 1667 2989 fere
1709 2960 1808 2990 esse
1839 2952 1907 2989 at-

1030 3024 1116 3064 que
1140 3013 1201 3052 «si
1223 3012 1335 3051 cui.»
1358 3034 1401 3038 —
1424 3011 1564 3060 dabat]
1587 3011 1905 3062 Imperfectum

1029 3074 1246 3125 significat
1283 3084 1387 3113 eum
1424 3072 1652 3113 mortuum
1691 3083 1811 3121 esse,
1858 3074 1906 3112 ut

1029 3138 1117 3176 Sat.
1156 3137 1201 3185 4,
1245 3135 1289 3184 3,
1333 3135 1372 3175 3.
1424 3135 1501 3175 Est
1543 3135 1718 3177 autem:
1770 3134 1902 3173 «dare

1028 3197 1133 3238 olim
1176 3197 1389 3246 solebat‚»
1432 3207 1542 3236 non:
1590 3196 1759 3235 «danda
1803 3205 1901 3234 esse

1028 3259 1218 3309 aiebat,»
1257 3270 1362 3299 nec:
1418 3258 1537 3299 «dari
1581 3256 1810 3308 optabat,»
1854 3258 1903 3295 ut

1028 3320 1099 3361 alii
1128 3319 1402 3372 interpretati
1433 3322 1549 3360 sunt.
1576 3341 1620 3347 —
1649 3318 1802 3369 beatus]
1826 3327 1899 3357 «se

1026 3382 1212 3423 beatum
1242 3393 1341 3423 esse
1377 3381 1644 3422 somnians.»
1680 3402 1724 3406 —
1756 3378 1898 3430 sumet]

1030 3445 1175 3484 «Haec
1205 3442 1426 3495 cogitabat
1454 3440 1522 3482 vel
1554 3441 1702 3481 dicere
1730 3438 1900 3480 solebat
