2231 3787
339 305 441 356 ζ236

971 308 1185 349 llORATIl
1215 309 1513 350 SATIRARUM

411 436 617 489 Emovit
654 445 893 491 veterem
930 438 1063 491 mire
1103 456 1298 501 novus,
1342 446 1398 490 ut
1436 437 1597 497 solet.
1640 437 1692 489 in
1731 455 1824 491 cor

409 538 648 591 Traiecto
689 537 868 592 lateris
906 540 1087 593 miseri
1126 540 1383 610 capitisve
1423 538 1635 601 dolore,

408 639 471 694 Ut
508 639 832 711 lethargicus
872 641 957 694 hic
996 658 1119 694 cum
1156 641 1213 693 lit
1251 639 1395 711 pugil
1435 647 1487 692 et
1524 639 1796 694 medicum
1833 647 2004 710 urget.

2078 639 2146 692 30

407 741 545 792 Dum
583 758 649 794 ne
678 741 809 811 quid
836 741 1008 795 simile
1036 742 1181 801 huic,
1223 750 1338 795 esto
1366 750 1424 794 ut
1449 741 1592 795 libet.
1653 742 1699 795 O
1726 740 1892 803 bone,
1933 757 2001 794 ne
2025 747 2077 793 te

406 843 711 905 Frustrere3
754 842 952 895 insanis
992 851 1044 895 et
1081 851 1136 895 tu
1175 841 1427 914 stultique
1465 860 1636 914 prope
1675 859 1889 904 omneS,

406 944 459 996 Si
500 943 630 1014 quid
670 943 951 996 Stertinius
990 943 1103 997 veri
1143 952 1350 1015 crepat,
1392 943 1537 997 unde
1579 961 1678 1015 ego
1716 944 1849 997 mira

442 1125 508 1164 ⁶29.
541 1124 768 1173 capitisque
801 1123 867 1176 bp·
893 1125 937 1163 et
967 1135 1083 1165 corr.
1118 1135 1162 1174 c,
1196 1125 1297 1164 LCt.

1353 1125 1417 1176 (Ut
1437 1135 1539 1174 nos,
1574 1125 1620 1174 S,
1654 1136 1741 1174 τω,
1773 1136 1841 1176 pr.
1875 1135 1898 1165 c
1921 1127 1964 1166 et
1982 1125 2091 1166 Edd.

391 1186 490 1226 inde
523 1198 546 1225 a
576 1185 805 1238 Bentleio.)
832 1210 876 1215 —-
901 1186 966 1227 33.
990 1198 1135 1227 verum
1163 1186 1223 1239 hp
1254 1189 1298 1227 et
1326 1186 1527 1239 plerique
1558 1188 1764 1228 Pottierii.
1815 1188 1878 1238 (Ut
1907 1199 2010 1239 nos,
2043 1190 2097 1229 Sc

389 1252 434 1289 et
462 1250 656 1289 Pottierii
686 1249 794 1298 sex.)

335 1407 481 1455 itaque
513 1403 706 1456 loquitur
735 1416 823 1445 non
848 1405 903 1446 de
934 1404 1211 1458 philosophia

335 1468 476 1507 Stoica
529 1479 610 1518 per
653 1478 701 1507 se
752 1469 971 1519 spectata,
1028 1471 1077 1508 ut
1122 1467 1213 1508 volt

335 1531 669 1569 Commentator
689 1531 890 1581 Cruquii‚
924 1530 1005 1571 sed
1036 1530 1090 1570 de
1122 1530 1212 1570 fer—

333 1591 435 1631 vido
466 1591 535 1631 illo
567 1592 712 1632 studio
739 1603 791 1631 ex
820 1593 904 1633 hac
934 1592 1208 1645 philosophia

334 1656 450 1701 orto,
486 1665 573 1704 quo
604 1665 722 1694 nunc
754 1653 894 1693 aliena
925 1656 1101 1705 negotia
1132 1666 1210 1694 cu-

332 1718 420 1764 ret,
469 1727 582 1766 quae
628 1714 1072 1773 ποὶ.υπραγ,ιιοσύνη
1116 1716 1210 1756 aliis

333 1777 514 1817 forsitan
557 1777 762 1818 videatur
809 1790 949 1819 noxus
993 1779 1207 1828 morbus,

333 1840 407 1889 qui
446 1840 668 1891 insperato
699 1842 966 1881 successerit
1001 1840 1057 1880 illi
1088 1852 1209 1880 mer-

334 1901 462 1941 candi
493 1902 653 1942 studio.
692 1926 736 1931 —
771 1904 981 1943 Ceterum
1012 1915 1066 1943 ne
1099 1904 1210 1943 haec

334 1965 480 2004 omnia
521 1964 912 2017 (Atqui--uryet.)
951 1977 1053 2005 cum
1093 1968 1211 2006 Mor-

333 2028 585 2077 gensternio
608 2031 651 2066 et
679 2028 828 2066 Iahnio
860 2028 1106 2069 tribuamus
1128 2030 1212 2068 Ho-

333 2090 464 2138 ratio,
506 2091 625 2128 vetat
659 2089 858 2141 profecto
895 2090 1107 2142 particula
1136 2091 1210 2130 At-

334 2153 425 2202 qui,
471 2162 551 2202 pro
583 2162 690 2202 qua,
733 2153 769 2192 si
800 2153 910 2193 haec
941 2154 1105 2193 Horatii
1136 2165 1210 2194 es-

335 2216 455 2259 sent,
512 2215 614 2263 Sed,
672 2226 836 2264 verum,
888 2218 1206 2267 requireretur.

334 2279 567 2317 Praeterea
615 2277 671 2316 ita
713 2288 783 2316 xv.
827 2279 1075 2318 Dum--ut
1119 2279 1212 2319 libet

334 2339 576 2379 admodum
621 2337 901 2389 languerent,
948 2351 1051 2380 cum
1094 2352 1211 2381 nunc

332 2411 550 2453 perquam
579 2400 733 2441 festive
755 2398 884 2459 παρὰ
914 2400 1210 2459 προσδοκίαν

333 2463 627 2515 proferantur.
707 2464 826 2503 Haec
883 2465 1000 2505 enim
1057 2466 1208 2516 utique

332 2526 498 2565 Horatii
519 2527 619 2565 sunt
648 2536 794 2577 neque
825 2538 931 2567 vero
963 2539 1064 2568 eum
1100 2527 1210 2569 Mul-

331 2586 425 2627 lero
455 2588 499 2627 in
538 2587 673 2626 Iahnii
703 2587 855 2627 Annal.
898 2589 1042 2629 XXVI.
1087 2590 1205 2629 4839.

332 2660 375 2700 p.
414 2649 508 2688 206.
543 2648 725 2700 aliisque
765 2651 1033 2702 Damasippo
1078 2651 1210 2690 tribui

330 2712 533 2761 possunt.
611 2712 743 2751 Recte
789 2713 939 2752 autem
981 2712 1209 2753 Iacobsius

333 2771 570 2822 significat,
604 2773 646 2812 in
668 2772 897 2822 omnibus,
931 2784 1043 2825 quae
1075 2775 1211 2814 Hora-

333 2835 417 2874 tius
454 2834 495 2873 in
534 2834 616 2874 hac
653 2836 789 2874 Satira
822 2847 873 2875 ex
904 2847 982 2876 sua
1018 2848 1205 2888 persona

333 2895 542 2946 proferat,
557 2907 659 2936 eum
674 2898 823 2937 nescio
843 2907 977 2948 quam
996 2899 1210 2939 ironicam

333 2957 599 2997 brevitatem
629 2961 833 2999 secutum
864 2970 978 3010 esse.

387 3019 531 3059 28-321.
579 3019 664 3070 cor]
693 3023 741 3059 ut
770 3021 993 3061 interdum
1021 3020 1205 3078 καρδία,

333 3083 376 3120 h.
405 3080 432 3120 1.
463 3092 511 3120 os
543 3081 783 3122 ventriculi.
847 3084 931 3124 Cfr.
964 3096 1002 3125 v,
1041 3085 1133 3124 461.
1162 3109 1206 3114 —-

333 3144 518 3194 traiecto]
545 3145 768 3194 «proprie;
812 3147 868 3185 ita
901 3147 1017 3186 enim
1049 3148 1209 3188 medici

334 3207 528 3246 dicunt.»
561 3208 712 3246 Ponpn.
744 3207 1104 3259 (μεθίστασθαι,
1126 3222 1211 3261 με-

332 3265 598 3319 τάστασις.)
633 3291 675 3296 —
708 3270 861 3321 miseri}
900 3271 1022 3318 Quod
1056 3273 1210 3313 Graeci

334 3327 416 3370 τὸν
445 3327 594 3370 τόπον
624 3329 899 3370 πεπονθότα
926 3332 1101 3381 dicunt,
1135 3335 1213 3373 La-

333 3394 407 3432 tini
429 3394 639 3433 miserum
663 3391 830 3441 locum,
864 3393 907 3433 id
931 3396 1019 3442 est,
1052 3395 1208 3435 morbo

332 3454 552 3494 affectum.
613 3454 749 3494 Plaut.
785 3457 918 3495 Poen.
954 3458 1000 3505 ὅ,
1045 3457 1090 3505 2,
1128 3457 1206 3497 43:

334 3518 524 3556 miseram
556 3528 636 3557 esse
659 3518 881 3569 praedicat
911 3518 1080 3559 buccam
1111 3520 1209 3559 sibi.-

1275 1408 1466 1448 Fortasse
1494 1408 1671 1448 medicos
1688 1418 1763 1447 nos
1781 1418 1865 1448 esse
1883 1407 2148 1447 arbitrarier.

1279 1491 1322 1498 —
1340 1470 1508 1510 lateris-
1519 1492 1539 1498 —
1550 1471 1702 1522 dolore]
1727 1470 1949 1521 Significat
1968 1468 2151 1526 πλευρῖ-

1274 1544 1360 1572 τιν.
1373 1533 1460 1572 Sat.
1475 1533 1490 1571 l
1507 1565 1515 1582 ,
1529 1532 1568 1581 9,
1582 1532 1648 1572 32.
1668 1555 1711 1560 —
1723 1533 1801 1584 hic]
1822 1543 1983 1584 «quem
1992 1532 2149 1572 nosti.»

1274 1593 1368 1633 Noli
1391 1595 1538 1634 autem
1556 1605 1659 1635 cum
1679 1597 1900 1635 Diintzero
1914 1595 2016 1646 post
2035 1594 2151 1634 hanc

1273 1667 1431 1696 vocem
1481 1658 1703 1697 commate
1751 1658 1894 1709 posito
1942 1654 2150 1707 supplere

1272 1719 1544 1768 immutatur,
1584 1719 1665 1759 sed
1703 1719 1843 1760 verba
1873 1719 1936 1759 sic
1971 1717 2148 1757 ordina:

1277 1783 1324 1820 Ut
1351 1793 1446 1820 cum
1485 1782 1732 1833 letharqicus
1761 1782 1825 1820 hic
1855 1783 1941 1822 cet.
1981 1803 2026 1808 —
2058 1790 2153 1819 cum

1270 1846 1316 1895 stt
1348 1845 1470 1895 pugil
1506 1845 1607 1896 cet.]
1646 1845 1845 1895 lethargo
1883 1845 1926 1883 in
1954 1843 2152 1895 phrene-

1274 1907 1339 1946 sin
1361 1908 1543 1947 mutat0.
1594 1907 1881 1957 Lethargicus
1901 1906 1983 1946 iste
2005 1903 2151 1945 subita

1274 1968 1418 2007 morbi
1472 1970 1730 2009 traiectione
1781 1968 1796 2020 (
1806 1964 2099 2021 μεταστάσει
2107 1967 2123 2019 )
2138 1997 2149 2016 ,

1274 2030 1520 2079 medicum,
1554 2032 1627 2081 qui
1650 2042 1752 2070 cum
1772 2031 1951 2070 homine
1972 2032 2152 2080 torpore

1274 2104 1489 2144 oppresso
1521 2104 1568 2133 se
1598 2094 1768 2134 versari
1805 2094 2008 2145 opinatus
2039 2093 2150 2141 erat,

1274 2156 1513 2207 improviso
1543 2158 1591 2194 ut
1618 2155 1736 2208 pugil
1767 2155 2041 2206 aggreditur3
2075 2165 2153 2193 co-

1274 2218 1440 2257 micum
1471 2228 1577 2257 sane
1609 2216 1876 2269 exemplum.
1937 2219 2030 2256 Iam
2063 2217 2153 2256 Ho-

1274 2280 1433 2328 ratius,
1494 2279 1701 2330 «quidvis
1758 2278 1895 2328 aliud,
1914 2293 1933 2314 »
1987 2279 2148 2329 inquit,

1276 2340 1378 2380 «tibi
1408 2342 1691 2392 permittens,
1725 2342 1810 2381 hoc
1830 2352 1967 2381 unum
1989 2340 2152 2393 depre-

1275 2414 1371 2453 cor,
1405 2414 1460 2442 ne
1482 2405 1530 2443 ut
1558 2403 1795 2444 morbosus
1825 2402 1895 2443 ille
1921 2402 2037 2455 pugil
2059 2414 2153 2443 me-

1276 2466 1425 2505 dicum
1454 2468 1498 2505 tu
1523 2476 1700 2517 quoque
1722 2477 1794 2506 me
1816 2464 1930 2506 male
1950 2464 2149 2505 mulcare

1274 2528 1500 2579 incipias.»
1541 2549 1588 2556 --
1634 2529 1746 2568 Dum
1786 2539 1836 2568 ne
1881 2528 1980 2578 quid
2021 2528 2153 2568 simile

1273 2590 1379 2642 huic]
1412 2591 1453 2629 in
1486 2600 1558 2629 me
1589 2589 1685 2639 fiat,
1732 2594 1814 2630 esto
1847 2590 2014 2641 (tertiae
2045 2601 2151 2642 per-

1274 2653 1459 2703 sonae),
1506 2656 1552 2691 αὐ
1598 2651 1715 2701 libet,
1764 2663 1883 2703 may
1925 2663 1974 2692 es
2015 2652 2147 2701 sein,

1272 2726 1382 2754 was
1411 2715 1475 2753 da
1502 2713 1624 2752 will.
1662 2736 1706 2741 —
1740 2714 1772 2752 Ο
1802 2714 1903 2754 bone
1933 2714 2037 2766 cet.]
2072 2714 2149 2753 Vi-

1273 2776 1353 2816 des
1384 2775 1612 2815 Horatium
1642 2785 1723 2826 per
1742 2776 1884 2815 totum
1913 2775 1999 2816 hoc
2020 2774 2151 2816 collo-

1273 2838 1427 2888 quium
1448 2836 1534 2876 leni
1554 2847 1735 2888 semper
1752 2837 1952 2878 irrisione
1972 2839 2014 2877 in
2036 2838 2152 2878 Stoi-

1272 2910 1374 2940 cum
1404 2910 1533 2940 usum
1566 2908 1687 2939 esse:
1720 2899 1792 2939 hic
1821 2911 1929 2940 vero
1961 2911 2014 2940 ex
2035 2901 2151 2940 Stoi-

1272 2972 1427 3002 corum
1457 2962 1641 3001 istorum
1661 2971 1785 3001 more
1808 2963 1948 3011 serio,
1980 2964 2029 3002 ut
2052 2963 2150 3014 ipse

1273 3022 1429 3064 saltem
1460 3024 1687 3075 opinatur,
1721 3033 1929 3064 sermone
1951 3024 2150 3075 aggredi-

1273 3086 1343 3125 tur
1388 3086 1628 3125 Horatium.
1703 3086 1928 3127 Transitus
1973 3088 2146 3136 autem,

1275 3148 1312 3188 si
1354 3147 1519 3199 ubique
1560 3146 1654 3189 talis
1691 3149 1735 3188 in
1770 3147 2022 3188 huiusmodi
2052 3158 2150 3189 ser-

1274 3210 1480 3251 monibus
1520 3209 1806 3251 familiaribus
1846 3210 2149 3261 anquirendus

1275 3275 1365 3322 est,
1398 3273 1468 3313 hic
1498 3273 1589 3313 fere
1620 3273 1723 3312 erit:
1757 3271 1869 3312 «Sed
1898 3272 2010 3312 haec
2039 3273 2149 3313 hac—

1277 3338 1416 3376 tenus.
1474 3337 1566 3375 Iam
1597 3334 1651 3374 ad
1689 3344 1784 3374 rem
1821 3334 1983 3385 ipsam,
2033 3344 2147 3384 quae

1276 3398 1380 3438 mihi
1416 3398 1605 3437 maxime
1637 3396 1759 3437 cordi
1789 3397 1876 3445 est,
1925 3397 1961 3435 si
2003 3394 2150 3447 placet

1275 3461 1549 3499 veniamus.»
1593 3460 1624 3498 Ο
1655 3459 1754 3498 bone
1784 3459 1933 3498 autem
1964 3456 2148 3498 familia-

1275 3522 1333 3561 ris
1363 3522 1508 3573 potius
1539 3531 1671 3572 quam
1702 3520 1865 3561 ironica
1886 3522 1954 3561 est
1981 3517 2148 3560 allocu-
