2231 3787
285 226 349 277 0⁵4.
915 229 1125 269 lltlllATll
1157 231 1455 271 SATlRARUM

284 356 529 426 Optimus
569 364 649 409 est
688 356 1014 422 modulator,
1054 368 1109 410 ut
1147 358 1380 411 Alscuius
1420 359 1587 420 vafer,
1630 359 1771 411 omni

1984 357 2083 410 430

284 456 500 510 Abiecti)
542 457 890 512 instrumento
929 460 1054 511 artis
1095 459 1386 530 clausaque
1426 458 1673 520 taberna,

283 558 442 610 Sutor
480 567 622 617 erut,
666 563 880 628 sapiens
920 560 1099 629 operis
1140 560 1215 613 sic
1255 560 1487 631 optimus
1528 560 1698 612 omnis

285 659 369 711 Est
411 659 586 729 opifex
626 658 793 715 solus,
837 659 913 712 sic
954 677 1062 713 rex.

1140 659 1345 713 Vellunt
1384 660 1474 713 tibi
1514 660 1736 713 barbam

288 761 486 814 Luscix'i
527 760 705 830 pueri,
747 778 883 829 quos
926 770 979 812 tu
1020 761 1116 812 nisi
1158 761 1293 814 suste
1334 766 1582 822 coerCOS,

399 902 484 941 ¹30.
518 902 698 951 .llfenius
736 900 941 940 Opellius:
987 901 1153 951 Alfenus
1182 901 1298 940 Libri
1334 905 1377 942 et
1412 902 1520 942 Edd.
1554 904 1732 954 practer
1762 903 1816 952 C,
1859 904 1935 954 qui
1963 903 2036 944 Al-

334 966 470 1014 sinins.
508 987 551 991 —
590 962 678 1001 1:32.
712 963 838 1001 Sulci·
868 963 1007 1000 nostri
1037 964 1080 1002 et
1120 963 1311 1002 Pottierii
1343 975 1518 1012 omne&
1568 965 1672 1003 item
1704 965 1834 1004 LCtJ:
1885 965 2037 1004 Tonsor

336 1040 358 1065 e
392 1026 554 1065 Codice
592 1024 788 1064 Blandiu.
830 1025 1135 1075 antiquissimo
1177 1026 1327 1075 (erasis
1363 1025 1708 1075 characteribus)
1740 1025 1963 1065 Bentleius
1995 1028 2038 1066 et

338 1090 423 1127 ΓΜ.
463 1110 505 1115 —
539 1091 628 1127 erat
671 1088 833 1136 sapiens
877 1089 1035 1137 operis:
1080 1089 1137 1126 sic·
1180 1089 1216 1128 J.
1261 1110 1304 1115 —
1338 1092 1528 1137 optumus
1571 1088 1615 1127 b.
1657 1109 1700 1115 —u
1736 1088 1828 1127 433.
1861 1088 1918 1127 sic
1959 1099 2040 1128 rea,-

337 1150 443 1188 solus
474 1151 528 1187 ci.

285 1397 496 1449 particula
540 1402 664 1447 atque
706 1409 809 1438 cum
854 1398 937 1438 hoc
979 1408 1156 1448 quoque

285 1459 439 1499 xocab.
464 1461 590 1510 iunge
612 1472 652 1498 x.
677 1461 866 1510 optimus.
900 1461 1043 1510 Reisig
1064 1461 1153 1499 Lat.

283 1521 502 1572 Sprachw.
535 1532 577 1571 p.
607 1521 700 1561 418.

345 1583 539 1622 l3o-i32.
582 1583 776 1634 Alfenius]
823 1583 1020 1624 «Urbane
1053 1583 1157 1623 satis

282 1644 484 1684 Alfenum
525 1645 715 1684 Varum»
750 1645 826 1695 (sic
857 1644 994 1685 i‘34dd.
1027 1644 1158 1685 Blan—

284 1708 370 1746 tllss.
405 1709 446 1746 et
478 1706 554 1746 Ed.
582 1706 701 1746 4481.
727 1706 780 1746 al.
802 1707 989 1758 vafrum)
1022 1708 1158 1747 «Cre—

283 1779 547 1807 monensem
597 1768 798 1817 deridet,
860 1770 935 1819 qui
984 1768 1157 1808 abiecta

284 1830 479 1877 sutrina,
528 1841 662 1880 quam
706 1831 748 1869 in
795 1831 1031 1881 municipio
1078 1841 1157 1870 suo

285 1893 569 1939 exercuerat,
622 1892 807 1930 Romam
856 1893 975 1931 venit
1018 1893 1158 1942 magi-

285 1956 464 2003 stroque
513 1964 619 1992 usus
668 1955 759 1993 Ser.
811 1952 999 2004 Sulpicio
1048 1954 1157 1993 Rufo

286 2014 592 2055 iurisconsulto
641 2015 696 2059 ad
744 2018 909 2055 tantam
957 2017 1159 2067 pervenit

285 2078 536 2126 scientiam,
584 2080 630 2116 ut.
668 2077 945 2117 consulatum
981 2080 1160 2128 gereret

286 2140 327 2177 et
345 2137 519 2189 publico
537 2138 690 2178 sunere
705 2140 979 2179 efferretur.»
998 2142 1155 2179 Aenos.

287 2199 372 2239 Csr.
406 2201 583 2239 omnino
628 2201 855 2240 Weichert
892 2203 1028 2240 Lectt.
1070 2201 1160 2240 Ve-

286 2272 382 2300 nus.
415 2263 464 2300 ΙΙ.
496 2272 539 2312 p.
574 2262 638 2300 27.
707 2263 819 2301 Vera
860 2265 1009 2302 antem
1045 2264 1158 2302 scri-

284 2325 412 2373 ptura
443 2325 511 2362 est
538 2323 740 2373 Alfenum,
783 2324 840 2362 ita
872 2326 1043 2372 tamen,
1084 2326 1155 2373 ut,

285 2385 410 2434 quasi
442 2387 560 2424 esset
587 2386 792 2436 Alfcnjus,
832 2386 874 2424 h.
908 2385 933 2425 l.
969 2384 1160 2437 trisylla-

282 2445 392 2485 bum
414 2449 613 2495 maneat,
638 2448 698 2486 uti
720 2448 805 2486 Sat.
824 2448 869 2495 Ξ,
894 2447 940 2496 8,
968 2449 1006 2486 4.
1038 2448 1162 2486 Nasi-

284 2508 393 2546 dieni
414 2507 669 2559 quadrisyll.
696 2510 824 2548 Certe
839 2508 1160 2548 RALFEMVS

285 2579 375 2608 cos.
416 2569 513 2608 suff.
547 2581 584 2608 a.
619 2581 660 2608 u.
695 2581 732 2609 c.
766 2570 858 2608 755.
901 2571 970 2609 est
1006 2571 1049 2609 in
1086 2571 1159 2609 In-

284 2631 432 2680 script.
457 2631 574 2681 apud
604 2630 751 2671 Labus
780 2632 945 2681 Prefaz.
970 2632 1012 2670 ai
1040 2633 1154 2671 Mon.

286 2692 436 2732 Gabini
465 2694 568 2732 diE.
596 2695 641 2741 Q.
672 2694 844 2732 Viscontl
864 2705 906 2744 p.
930 2694 980 2733 V.
1004 2693 1158 2733 Biondi

285 2754 528 2805 (Dissertaz.
567 2755 656 2793 dell·
687 2755 813 2794 Acad.
854 2756 969 2794 Rom.
1008 2756 1045 2794 d’
1076 2756 1159 2795 Ar—

285 2817 407 2856 cheol.
452 2817 495 2855 T.
530 2817 597 2856 Vl.
631 2829 672 2868 p.
708 2818 818 2867 302.)
853 2819 946 2869 ipse
978 2829 1156 2868 quoque

286 2878 340 2917 de
392 2880 435 2917 P.
475 2877 642 2918 Alsenio
690 2880 829 2928 Varo,
880 2880 1003 2928 ICto,
1057 2881 1158 2919 nato

286 2940 462 2979 circiter
505 2951 543 2977 a.
589 2951 628 2979 u.
673 2951 708 2979 c.
750 2941 843 2980 680.
892 2943 934 2980 et
977 2940 1157 2980 consule

286 3003 373 3041 iam
403 3013 441 3041 a.
476 3002 567 3041 7¹8.
602 3001 845 3053 intelligens
876 3003 985 3042 haec
1012 3003 1155 3043 addit:

284 3065 354 3103 che
382 3064 539 3114 Alfenio
567 3065 670 3114 fosse
698 3069 828 3113 stato,
875 3076 916 3104 se
943 3077 1025 3104 non
1052 3077 1159 3114 pro-

281 3126 514 3175 priamente
531 3126 753 3175 calz-olat'o,
787 3127 947 3170 almeno
974 3127 1158 3178 fifyliusolo

286 3187 327 3226 di
368 3198 425 3225 un
467 3192 722 3227 mercatanle
765 3188 805 3226 di
848 3189 961 3237 cuoi,
1012 3189 1159 3227 chiara

285 3249 602 3288 testimonianza
651 3260 699 3288 ne
744 3250 874 3299 fanno
921 3249 1080 3289 Acrone
1122 3255 1159 3290 et

283 3311 524 3361 Porfirione.
586 3311 671 3350 Sed
710 3312 889 3351 minime
927 3311 998 3350 tali
1035 3313 1157 3351 astu—

286 3373 343 3411 tia
383 3372 693 3413 decedendum
734 3374 801 3412 est
831 3384 853 3411 a
892 3371 1019 3413 claris
1058 3384 1156 3412 cer-

286 3434 427 3483 tisque
458 3436 614 3484 poetae
646 3433 813 3480 verbis,
849 3435 915 3474 cui
939 3437 1005 3473 est
1025 3439 1152 3474 sutor.

580 1149 667 1199 (Est
699 1149 860 1200 opifer:
899 1150 1007 1188 solus
1035 1151 1092 1188 sic
1121 1161 1198 1189 rea:
1228 1161 1330 1189 cum
1363 1150 1468 1189 Cld.
1502 1151 1761 1189 Bersmanni
1791 1149 2035 1198 Kirchner.)

345 1237 383 1240 ›e‹
436 1213 582 1251 Vellent
625 1223 845 1263 superscr.
880 1224 907 1252 u
938 1214 977 1251 S.
1025 1235 1068 1240 —-
1104 1212 1195 1252 ⁴34..
1234 1212 1277 1251 ni
1318 1212 1445 1251 tacite
1483 1211 1718 1252 Bentleius.

338 1273 475 1313 Codd.
509 1272 674 1325 aliquot
705 1274 845 1324 Feae.)
895 1276 942 1314 In
973 1286 1012 1313 v.
1048 1273 1140 1314 434.
1175 1273 1321 1314 deficit
1352 1274 1457 1313 Cod.
1492 1275 1537 1314 B.

1774 1211 1960 1262 (Habent
1995 1213 2038 1251 'm‘

1221 1399 1421 1445 Nummi,
1464 1397 1624 1448 quibus
1664 1398 1883 1449 Cruquius
1913 1398 1969 1438 ad
2000 1400 2092 1439 sta-

1220 1459 1460 1499 biliendam
1490 1471 1615 1500 suam
1638 1461 1904 1511 scripturam
1923 1461 2096 1512 Alfinius

1221 1523 1387 1572 nititur,
1413 1521 1622 1562 Goltziani
1643 1524 1768 1571 sunt,
1793 1523 1836 1562 id
1858 1524 1945 1571 est,
1968 1522 2096 1562 adul-

1220 1585 1360 1623 terim.
1409 1608 1451 1612 —
1497 1584 1629 1635 vafer]
1675 1586 1828 1635 aptum
1868 1585 1953 1624 lCti
1995 1583 2096 1625 ἐπί-

1220 1646 1383 1694 θετον,
1428 1649 1473 1686 ut
1513 1648 1599 1685 Sat.
1632 1647 1680 1694 ¹2,
1714 1647 1760 1694 2,
1807 1646 1897 1686 434.
1938 1647 2097 1698 vafri-

1220 1709 1337 1748 iurts.
1399 1708 1520 1747 Ovid.
1557 1709 1656 1747 Her.
1691 1709 1766 1757 20,
1800 1708 1872 1748 32:
1922 1708 2096 1749 Consul-

1220 1775 1340 1820 toque
1367 1770 1429 1820 fui
1458 1771 1563 1808 iuris
1591 1769 1741 1809 Amore
1769 1770 1902 1821 vafer.
1964 1772 2098 1811 Cete-

1220 1843 1320 1870 rum
1358 1832 1570 1871 innocens
1610 1833 1653 1870 et
1693 1832 1874 1871 minime
1905 1832 2097 1872 acerbus

1222 1895 1289 1933 est
1318 1894 1456 1933 iocus.
1486 1917 1530 1921 ——
1554 1894 1694 1945 Sutor]
1727 1895 1846 1933 Haec
1875 1893 2004 1934 lectio
2027 1894 2098 1933 fir-

1222 1957 1367 1994 matur
1397 1966 1421 1994 a
1451 1955 1563 1995 meis
1596 1955 1734 1995 Codd.
1761 1958 1805 1995 et
1834 1955 1979 1996 schol.
2003 1957 2096 1996 Iam

1223 2028 1324 2056 cum
1360 2017 1402 2056 in
1434 2018 1615 2056 Acronis
1648 2017 1755 2057 Cod.
1789 2016 1940 2057 Bland.
1975 2020 2019 2057 et
2056 2019 2098 2058 in

1222 2078 1299 2118 Ed.
1339 2079 1507 2118 Veneta
1553 2078 1672 2118 4484,
1716 2079 1771 2119 sit
1811 2080 1977 2118 ustrina
2018 2090 2098 2130 pro
2144 2109 2148 2112 -

1220 2141 1409 2189 sutrina,
1469 2139 1583 2179 male
1645 2143 1898 2180 correctum
1957 2144 2025 2181 est
2073 2152 2099 2180 a

1222 2201 1440 2242 nonnullis
1478 2203 1705 2250 tonslrina,
1752 2204 1799 2242 ut
1834 2204 1876 2242 in
1914 2203 2098 2242 Acronis

1224 2263 1332 2304 Cod.
1364 2262 1642 2310 Bentleian03
1677 2264 1795 2303 unde
1828 2274 1952 2303 error
1980 2265 2101 2304 venit

1221 2326 1382 2376 partim
1422 2326 1465 2365 in
1503 2325 1686 2365 Landini
1717 2326 2098 2366 Commentarium

1223 2389 1266 2426 et
1295 2388 1338 2426 in
1368 2386 1602 2426 Alexandri
1631 2386 1686 2426 ab
1707 2386 1958 2427 Alexandro
1989 2389 2098 2427 Gen.

1223 2449 1329 2488 dier.
1366 2449 1409 2498 6,
1443 2448 1528 2497 Ἑ3.,
1561 2449 1722 2499 partim
1752 2450 1795 2488 in
1825 2460 1964 2489 unum
1987 2449 2096 2490 Cod.

1222 2509 1391 2559 Bland.‚
1438 2509 1518 2550 sed
1559 2511 1811 2550 correctum
1853 2511 1971 2561 (nam
2014 2511 2100 2551 hoc

1220 2572 1366 2623 potius
1397 2571 1643 2621 significare
1683 2572 1889 2611 videntur
1919 2572 2100 2623 Cruquii

1221 2632 1359 2672 verba
1404 2633 1534 2672 erasis
1582 2633 1894 2672 characteribus
1937 2645 2096 2685 quam,

1223 2694 1343 2745 quod
1373 2693 1595 2734 Bentleius
1622 2694 1907 2745 opinabatur,
1942 2707 1993 2735 «a
2014 2697 2102 2748 pri-

1223 2768 1294 2796 ma
1326 2757 1516 2807 manu»)‚
1553 2757 1705 2795 Tonsor
1734 2761 1849 2806 erat,
1883 2758 2002 2809 quod
2025 2769 2102 2798 cu-

1221 2818 1364 2870 pidius
1386 2820 1615 2869 arreptum
1637 2819 1704 2858 est
1733 2829 1756 2857 a
1778 2817 1973 2859 Bentleio
1996 2830 2100 2860 con-

1222 2879 1430 2919 tendente
1463 2878 1599 2918 multo
1622 2880 1878 2920 concinnius
1901 2891 2000 2921 esse
2017 2881 2040 2931 ‚'
2063 2881 2099 2921 si

1223 2942 1360 2981 oratio
1390 2952 1471 2993 per
1500 2943 1618 2981 varia
1650 2942 1871 2982 discurrat
1900 2942 2094 2994 opificia;

1223 3003 1343 3055 quod
1399 3005 1552 3043 contra
1610 3014 1711 3044 esse
1777 3004 2100 3046 demonstravit

1221 3065 1448 3105 Weichert
1490 3064 1517 3104 l.
1564 3065 1591 3104 l.
1638 3077 1681 3117 p.
1728 3066 1795 3106 29.
1847 3090 1891 3095 —
1938 3067 2098 3106 instru-

1220 3131 1355 3166 mento
1399 3126 1526 3178 artis]
1569 3141 1593 3162 ·«
1610 3127 1794 3180 scalpris
1826 3129 1869 3168 et
1899 3127 2096 3168 formis.»

1222 3190 1307 3228 Sat.
1332 3190 1377 3238 2,
1411 3189 1459 3235 3,
1495 3190 1588 3228 406.
1626 3213 1670 3218 —
1703 3190 1830 3230 Sutor
1869 3189 1972 3241 erat]
2013 3190 2098 3230 Sue

1220 3251 1374 3290 tortum
1405 3251 1466 3302 (ut
1485 3252 1717 3291 censorium
1737 3243 1837 3302 cet.)
1860 3250 1994 3291 talem
2014 3251 2097 3291 ho-

1221 3312 1387 3352 minem
1433 3314 1562 3351 vocat
1599 3313 1688 3352 Cic.
1728 3313 1784 3352 ad
1822 3313 1908 3352 Att.
1953 3313 2002 3362 6,
2046 3314 2094 3361 11,

1222 3374 1285 3412 45.
1325 3397 1367 3401 —
1405 3375 1568 3423 sapiens
1606 3374 1715 3425 cet.]
1756 3373 1877 3414 Conf.
1913 3374 2020 3425 Epp.
2056 3375 2093 3423 4,

1221 3436 1236 3474 4
1257 3467 1264 3483 ,
1300 3435 1376 3474 406
1397 3448 1403 3473 ;
1446 3436 1609 3485 sapiens
1637 3447 1719 3475 uno
1744 3436 1881 3475 minor
1901 3440 1958 3476 est
1986 3436 2094 3484 Iove,
