2231 3787
258 226 350 280 106

882 229 1096 269 HORATII
1127 229 1424 271 SATIRARUM

319 357 460 411 Olim
499 358 589 428 qui
629 359 834 429 maguis
875 357 1174 430 legionibus
1215 358 1599 428 imperitarent,

318 459 382 513 Ut
420 458 664 531 plerique
706 459 902 522 solent,
944 477 1075 512 naso
1116 459 1404 529 suspendis
1444 457 1653 511 adunco
2033 458 2066 508 5

322 562 562 631 Ignotos,
603 570 660 613 ut
697 579 782 613 me
822 561 1069 614 libertino
1108 569 1259 631 patre
1297 568 1493 612 natum.

322 663 453 716 Cum
492 662 693 716 referre
733 680 922 733 negas,
966 661 1109 732 quali
1151 661 1217 713 sit
1257 660 1489 730 quisque
1528 666 1752 729 parente

319 765 506 821 Natus,
550 763 678 816 dum
717 763 1007 834 ingenuuS,
1049 760 1350 832 persuades
1390 759 1493 813 1100
1531 759 1626 812 tibi
1664 775 1822 822 vere,

361 913 472 954 SAT.
506 913 574 951 VI.
636 911 675 953 4.

709 912 944 962 reqionibus
974 924 1026 951 ex
1056 921 1144 949 uno
1177 910 1285 950 Cod.
1319 909 1362 948 F.
1401 931 1445 937 —
1478 909 1771 958 imperitarent
1799 908 1880 958 bS,
1914 910 2017 949 Pot-

306 976 416 1015 iierii
438 977 627 1026 septem,
657 986 680 1013 e
703 973 878 1013 duobus
902 973 985 1026 (77.)
1008 971 1254 1013 Bentleius:
1290 971 1572 1020 imperitarent
1592 970 1735 1020 odyn>
1759 971 1802 1010 et
1821 971 2017 1010 Pottierii

305 1036 581 1088 complures,
615 1036 768 1084 LCtM,
802 1036 1098 1084 imperitarunt
1127 1045 1169 1085 p,
1204 1044 1317 1073 unus
1348 1033 1541 1072 Pottierii
1574 1032 1671 1083 (43.)
1705 1034 1749 1072 et
1773 1032 1826 1071 ex
1855 1030 1949 1072 aliis
1971 1033 2016 1073 F.

310 1123 353 1127 —
387 1101 425 1138 5.
460 1102 582 1138 acuto
613 1097 720 1137 Cod.
755 1096 861 1137 Coll.
895 1099 1008 1137 Trin.
1045 1096 1128 1149 (φ.)

1189 1095 1275 1136 Cfr.
1309 1097 1397 1135 Sat.
1433 1096 1470 1144 11,
1504 1095 1543 1144 3,
1577 1094 1643 1134 ⁵29.
1681 1117 1726 1122 -
1776 1094 1814 1134 6.
1850 1097 1927 1134 aut
1953 1105 2019 1134 me

307 1173 349 1210 c,
382 1172 449 1214 pr.
483 1162 509 1200 S
541 1162 584 1200 et
614 1170 728 1199 corr.
762 1159 807 1199 b.
844 1160 904 1211 (In
926 1161 966 1200 S.
991 1171 1216 1212 superscr.
1240 1160 1320 1212 ut.)
1347 1183 1391 1188 -—
1415 1161 1454 1201 8.
1478 1171 1573 1200 vere
1595 1170 1820 1212 superscr.
1843 1162 1952 1199 reete
1972 1159 2014 1199 S.

251 1287 358 1335 bus,
411 1286 487 1337 qui
530 1287 811 1325 Lucumones
858 1285 1124 1336 (principes)

251 1350 409 1390 Arretii
452 1348 639 1388 fuerant.
695 1349 797 1397 (Liv.
837 1348 914 1396 40,
962 1348 1000 1387 3.
1054 1347 1125 1388 Sil.

251 1410 342 1452 Ital.
368 1412 414 1460 7,
445 1411 520 1450 29:
569 1411 747 1459 Cilnius,
779 1410 919 1449 Arreti
950 1410 981 1449 T
980 1411 1129 1459 yrrhe—

250 1476 315 1513 nis
357 1478 472 1513 ortus
514 1473 555 1511 in
601 1474 713 1522 oris,
766 1473 938 1512 Clarum
980 1483 1130 1512 nomen

251 1535 379 1587 erat.)
404 1558 448 1563 —
470 1536 637 1586 maqnis
664 1535 902 1586 leyionibus]
939 1536 1132 1574 «exerci-

251 1598 412 1646 tibus»;
443 1599 609 1649 maqnis
636 1600 785 1638 autem
818 1598 875 1647 (in
906 1608 992 1648 quo
1028 1597 1133 1636 hae-

253 1663 426 1709 serunt,
461 1660 581 1711 quod
602 1670 758 1700 omnes
779 1658 977 1710 legiones
998 1670 1130 1711 pares

253 1723 416 1772 essent)
451 1722 571 1771 dixit,
611 1725 660 1762 ut
688 1723 732 1763 in
759 1733 894 1773 versu
929 1722 1131 1761 Saturnio

253 1787 298 1825 in
326 1783 448 1824 Acilii
470 1784 714 1824 Glabrionis
737 1776 887 1824 tabula
909 1783 1028 1835 apud
1046 1784 1135 1823 Ati-

252 1846 359 1887 lium
407 1847 766 1886 Fortunatianum
814 1841 857 1897 p‘.
909 1846 1030 1885 2680.
1083 1847 1129 1885 P.

256 1908 386 1950 Gaisf.
418 1920 461 1960 p.
496 1908 598 1948 324:
646 1909 821 1957 Fundit,
852 1907 998 1958 fugat,
1024 1919 1133 1956 pro-

254 1971 399 2011 sternit
432 1971 692 2010 maoeimas
734 1970 932 2021 legiones,
981 1970 1025 2008 et
1054 1970 1133 2008 Sa-

255 2033 410 2073 lustius
442 2031 564 2072 Catil.
590 2032 665 2072 53:
712 2032 901 2071 Sciebam
930 2042 1134 2081 saepenu—

257 2107 368 2135 mero
415 2093 648 2145 (populum
687 2094 954 2144 Romanum)
995 2104 1136 2143 parva

256 2169 385 2197 ¹mana
404 2168 498 2196 cum
516 2157 682 2208 magnis
707 2156 932 2207 legionibus
959 2156 1136 2195 hostium

256 2220 529 2260 contendisse:
596 2230 709 2270 quae
760 2217 961 2269 exempla
1010 2217 1136 2258 suffi-

258 2283 376 2322 ciunt
425 2281 482 2320 ad
528 2280 810 2320 refutandam
858 2278 1136 2319 Wakefieldii

258 2345 371 2383 coni.
398 2343 708 2382 confirmatam
729 2342 784 2382 ab
805 2353 892 2381 uno
914 2342 1026 2381 Feae
1050 2342 1137 2381 Co-

258 2407 356 2446 dice
388 2405 636 2456 reqionibuS.
699 2404 830 2453 Quid,
866 2404 985 2454 quod
1011 2414 1137 2454 prae-

258 2468 393 2508 fuisse
424 2466 517 2507 illos
547 2467 717 2517 magnis
749 2465 1016 2506 exercitibus
1054 2476 1138 2516 po·-

258 2530 419 2570 tentiae
457 2530 697 2579 imaginem
736 2529 876 2579 magis
907 2528 1136 2567 efficacem

258 2592 447 2644 praebet
475 2594 659 2642 propter
696 2602 769 2631 res
808 2592 852 2630 in
891 2589 1017 2629 bellis
1058 2600 1139 2639 ge—

261 2657 373 2701 stas,
426 2663 539 2703 quae
584 2651 711 2691 nobis
760 2652 845 2691 hoc
887 2650 1137 2701 legentibus

261 2715 556 2755 obversentur
586 2724 773 2753 necesse
796 2714 882 2762 est,
917 2723 1053 2763 quam
1073 2710 1138 2751 al-

260 2777 433 2816 terum‘?
472 2774 630 2815 Similis
653 2776 786 2815 etiam
807 2774 929 2815 color
954 2777 1022 2815 est
1049 2775 1138 2814 Lu-

262 2840 369 2878 cret.
409 2837 454 2885 3,
499 2836 626 2876 104οῑ
677 2838 832 2888 (reges)
873 2837 1038 2888 magnis
1068 2836 1139 2886 qui

260 2899 446 2952 gentibus
489 2899 796 2948 imperitarunt.
834 2922 878 2927 ——
919 2899 1140 2948 imperita-

260 2961 365 3012 rent]
403 2960 723 3011 Imperfectum
758 2961 800 2999 h.
833 2959 860 2999 l.
895 2961 1038 3012 aptius
1074 2963 1141 3001 est

262 3035 398 3075 quam
427 3022 674 3074 perfectum
705 3023 819 3062 coni.
855 3023 977 3074 (perf.
1003 3023 1136 3062 indic.

261 3096 444 3137 prorsus
480 3084 771 3124 rejiciendum
802 3085 905 3133 est),
951 3086 995 3124 et
1032 3096 1140 3124 con-

263 3147 422 3188 sociari
451 3146 627 3186 videtur
667 3158 768 3186 cum
808 3146 920 3197 perf.
951 3147 1032 3197 fait
1062 3158 1139 3186 ea·-

264 3210 369 3250 dem
399 3209 727 3248 constructione
760 3210 893 3258 atque
925 3208 1043 3260 apud
1063 3210 1142 3248 Sa-

264 3271 364 3312 lust.
398 3269 521 3312 Catil.
547 3271 616 3310 22:
649 3271 780 3310 Fuere
809 3281 859 3309 ea
887 3274 1137 3320 tempestate,

267 3335 339 3384 qui
400 3334 592 3373 dicerent.
657 3356 700 3360 —
763 3343 863 3371 naso
931 3333 1143 3382 suspendis

267 3395 442 3447 adunco]
489 3395 575 3436 Cfr.
615 3395 702 3434 Sat.
747 3395 792 3441 2,
839 3394 884 3443 8,
932 3394 997 3435 64.
1068 3395 1144 3435 Est

270 3469 399 3499 maso
438 3460 693 3509 corrugato,
741 3468 842 3497 cum
887 3456 1058 3497 fastidio
1099 3459 1141 3495 et

1195 1286 1453 1336 contemptu
1497 1284 1683 1324 irridere
1703 1316 1712 1333 ‚
1760 1282 2070 1332 subsannare,

1191 1349 1516 1403 μυκτηρίζειν,
1549 1344 1849 1387 σιλλαίνειν.»
1885 1345 1994 1385 Plin.
2018 1345 2068 1385 H.

1193 1412 1243 1450 N.
1269 1412 1283 1450 ‘l
1297 1412 1312 1450 11
1333 1442 1341 1459 ,
1375 1410 1449 1459 37,
1483 1410 1554 1450 59:
1586 1410 1641 1449 Et
1662 1409 1789 1448 altior
1807 1408 1964 1448 homini
1983 1412 2075 1447 tan-

1194 1478 1295 1523 tum,
1329 1485 1449 1523 quem
1467 1475 1564 1514 novi
1582 1485 1717 1513 mores
1744 1473 1939 1513 subdolae
1968 1472 2075 1511 irri-

1193 1537 1301 1575 sioni
1348 1537 1540 1576 dicavere
1585 1547 1726 1575 nasas.
1782 1558 1827 1564 —-
1876 1534 2070 1586 Ignotos]

1197 1597 1487 1649 «ignobiles»;
1531 1599 1815 1649 opponuntur
1851 1596 2072 1648 qenerosis,

1193 1662 1243 1700 ut
1270 1672 1313 1700 v.
1346 1659 1413 1700 24.
1457 1682 1502 1688 -—
1543 1652 1745 1710 libertino]
1791 1659 1861 1699 Sic
1895 1657 2074 1699 illustris

1194 1722 1264 1762 ille
1297 1722 1462 1762 Horatii
1497 1720 1715 1773 aequalis,
1763 1722 1810 1761 C.
1845 1719 2076 1761 Cornelius

1197 1783 1363 1833 Gallus,
1394 1783 1464 1824 cui
1484 1782 1681 1823 nonnulli
1703 1783 1838 1824 Cirim
1857 1782 2073 1831 tribuunt,

1196 1845 1339 1886 Sullae
1369 1844 1440 1885 vel
1472 1846 1638 1886 Cinnae
1667 1845 1814 1885 liberti
1843 1843 1958 1885 filius
1979 1844 2072 1884 fuit.

1251 1909 1371 1948 7-117.
1405 1908 1508 1948 Cam
1548 1908 1654 1957 cet.]
1691 1909 1834 1948 Minus
1874 1907 2078 1959 apposite

1196 1972 1310 2010 haec
1339 1968 1535 2009 nonnulli
1566 1980 1668 2009 cum
1704 1969 1946 2020 praecedd.
1979 1969 2080 2008 iun-

1198 2035 1325 2085 gunt,
1358 2043 1460 2071 cum
1488 2032 1678 2083 protasis
1709 2033 1764 2071 sit
1793 2032 2080 2083 sequentium

1199 2099 1244 2136 et
1273 2106 1367 2134 eum
1397 2105 1500 2133 cum
1529 2094 1660 2133 indic.
1685 2094 1873 2133 retineat
1903 2095 2080 2145 tempo-

1198 2158 1257 2197 ris
1279 2155 1666 2207 significationem:
1703 2156 1861 2204 «Tum,
1895 2166 1998 2195 cum
2021 2156 2082 2206 (ut

1200 2229 1380 2269 semper
1408 2217 1529 2266 facis)
1562 2216 1730 2256 referre
1762 2227 1922 2268 negas,
1969 2227 2078 2256 vere

1198 2280 1277 2321 tibi
1316 2279 1584 2331 persuades,
1623 2280 1745 2318 recte
1783 2279 1868 2319 1100
1899 2279 2079 2319 sentis.»

1204 2365 1248 2371 —-
1273 2342 1388 2392 quali
1407 2363 1431 2370 -
1445 2364 1468 2370 -
1482 2344 1660 2391 parente
1678 2340 1827 2392 Natus]
1852 2340 2078 2381 Claudian.

1201 2404 1256 2443 de
1287 2403 1421 2443 Laud.
1456 2402 1618 2442 Stilich.
1643 2404 1690 2453 2,
1726 2402 1825 2443 4⁶24:
1866 2403 2079 2453 meritum,

1198 2478 1281 2506 non
1302 2476 1409 2515 quae
1428 2465 1658 2514 cunabala,
1683 2466 1873 2515 quaeris,
1905 2466 1959 2505 Et
1977 2476 2082 2515 qua-

1199 2529 1268 2578 lis,
1312 2540 1396 2567 non
1434 2528 1542 2566 unde
1580 2531 1708 2566 satus.
1744 2550 1791 2556 -
1826 2528 1925 2567 dwm
1961 2528 2082 2580 inqe-

1199 2589 1317 2640 nuus]
1352 2590 1470 2628 Haec
1501 2589 1630 2627 unica
1651 2590 1719 2629 est
1739 2590 1962 2640 exceptio;
1996 2591 2081 2630 sci-

1199 2651 1302 2691 licet
1337 2661 1515 2699 servos,
1555 2661 1610 2689 ne
1650 2651 1950 2691 manumissos
1981 2651 2082 2702 qui-

1202 2714 1326 2761 dem,
1359 2714 1407 2752 ut
1428 2711 1511 2752 sibi
1540 2722 1672 2764 pares
1694 2713 1861 2753 amicos
1888 2714 2080 2753 tractare

1201 2787 1289 2815 non
1318 2776 1515 2826 poterat,
1550 2774 1671 2824 quod
1699 2775 1788 2814 iam
1816 2776 1969 2814 contra
1989 2776 2084 2815 erat

1201 2838 1246 2876 in
1282 2835 1475 2876 libertini
1515 2835 1617 2876 filio.
1678 2836 1859 2887 Proprie
1892 2847 1931 2875 V.
1963 2837 2085 2888 inqe-

1201 2909 1309 2938 naus
1356 2897 1667 2949 accipiendum
1716 2896 1936 2947 arbitror,
1993 2909 2083 2938 non

1204 2971 1305 3000 cum
1337 2959 1429 3001 aliis
1461 2959 1516 2999 de
1554 2958 1725 2999 liberali
1764 2958 1883 2999 cultu
1911 2959 1982 3000 vel
2024 2960 2081 3000 de

1203 3033 1380 3063 morum
1409 3021 1652 3074 probitate,
1686 3022 1758 3062 hic
1789 3022 1907 3062 enim
1928 3021 1983 3062 de
2005 3021 2085 3062 ho·-

1204 3086 1375 3124 minum
1412 3083 1631 3123 natalibus
1672 3083 1900 3123 dumtaxat
1937 3082 2083 3134 loqui-

1204 3149 1287 3186 tur.
1342 3146 1430 3186 Cfr.
1473 3147 1654 3186 Sueton.
1689 3146 1837 3186 OctaV.
1871 3144 1946 3186 74:
1998 3146 2082 3185 Va-

1203 3209 1330 3248 lerius
1356 3208 1554 3248 Messalla
1585 3209 1736 3258 tradit,
1768 3207 1971 3247 neminem
1997 3219 2082 3247 un-

1205 3281 1333 3320 quam
1369 3271 1656 3311 libertinorum
1692 3268 1919 3309 adhibitum
1954 3268 2006 3308 ab
2035 3279 2082 3309 eo

1207 3333 1428 3384 (Augusto)
1478 3343 1656 3381 coenae,
1709 3335 1877 3381 excepto
1922 3332 2078 3380 Mena,

1206 3395 1274 3434 sed
1296 3398 1452 3434 asserto
1482 3395 1526 3433 in
1554 3393 1864 3445 ingenuitatem.
1901 3414 1946 3421 —
1979 3392 2082 3433 Ante

1208 3457 1309 3506 cet]
1344 3457 1467 3497 Conf.
1501 3456 1557 3496 ad
1588 3457 1674 3495 Sat.
1715 3455 1758 3504 4,
1806 3454 1854 3504 3,
1903 3455 1995 3494 407.
2033 3477 2076 3483 —
