2231 3787
210 288 310 336 :598

803 282 1015 323 ilonATll
1048 281 1410 321 EPISTOIARUM

282 419 527 469 Sirenum
567 431 729 468 voces
771 423 822 466 et
863 413 1049 466 Circae
1090 410 1281 481 pocula
1322 408 1489 469 nosti,

283 520 432 583 Quae
476 518 516 569 si
559 534 679 570 cum
720 515 879 568 sociis
920 513 1110 566 stultus
1150 510 1492 581 cupidusque
1532 507 1776 568 bibisset,

286 619 396 673 Sub
437 619 654 671 (lomina
693 615 976 670 meretrice
1017 613 1203 666 suisset
1242 611 1410 681 turpis
1451 618 1503 663 et
1540 626 1753 670 excom,
1962 609 2030 660 235

285 721 510 773 Vixisset
551 719 697 773 canis
739 715 1044 770 immundus
1082 713 1167 767 vel
1208 713 1380 766 amica
1418 711 1528 765 luto
1568 729 1676 765 sus.

291 824 396 876 Nos
438 837 692 874 numerus
732 835 918 871 sumus
958 825 1010 870 et
1048 816 1227 887 fruges
1267 831 1588 868 consumere
1628 813 1759 873 nati,

335 996 394 1035 23.
432 996 566 1035 Circes
595 1005 638 1045 p.
676 1016 719 1022 -—
755 994 819 1032 25.
854 990 1035 1042 domina]
1068 991 1169 1030 diua
1198 1003 1239 1028 κ.

221 1177 263 1182 --
288 1151 494 1200 Sirenum]
519 1149 676 1200 Odyss.
700 1163 757 1201 μ,
791 1148 842 1188 39
865 1159 982 1199 sqq,
1016 1147 1092 1187 ubi
1158 1146 1204 1194 9,
1241 1146 1313 1186 118:
1345 1145 1447 1185 Aliis
1466 1156 1540 1184 cor
1569 1145 1705 1195 ipsum
1735 1145 1901 1184 animus
1927 1145 2039 1184 vide-

217 1213 454 1255 Sclioliasta
507 1222 662 1252 earum
710 1210 889 1250 nomina
939 1210 1089 1249 affert:

217 1276 540 1328 Aglaopheme,
575 1272 862 1325 Thelxiepea,
895 1273 1092 1321 Pisinoe,

220 1341 362 1390 Ligea.
396 1340 514 1378 Duas
554 1338 725 1376 tantum
765 1336 962 1386 agnoscit
1006 1335 1097 1374 Ho-

219 1412 371 1441 merus
408 1412 449 1438 ν.
482 1400 548 1439 52.
592 1400 635 1437 et
676 1396 878 1449 Sophocl.
920 1398 1093 1447 Fragm.

220 1464 314 1504 407.
353 1464 428 1502 D.:
485 1456 716 1517 Σειρῆνας
769 1456 1098 1511 εἰσαφικόιιιην

219 1523 407 1582 Φόρκου
437 1522 542 1574 (aliis
572 1519 957 1579 Α611θ1οἰ)κόρας,
991 1521 1100 1578 θρο-

221 1586 357 1629 οῦντε
384 1580 660 1636 τοὺςἌιόου
683 1580 878 1636 νόμους.
914 1585 1020 1624 Tres
1043 1583 1098 1622 ab

219 1649 460 1691 artificibus
501 1649 739 1699 finguntur.
800 1647 910 1686 Vide
953 1647 1102 1697 Inghi-

222 1714 332 1752 rami
364 1712 457 1751 Gal.
483 1711 570 1750 Om.
597 1712 664 1750 ΙΙΙ.
690 1711 734 1749 Τ.
760 1709 825 1750 94.
851 1710 917 1749 95.
942 1709 1029 1755 96.,
1059 1709 1101 1747 in

223 1787 307 1827 qua
338 1775 468 1814 unius
497 1783 651 1812 earum
683 1774 751 1812 est
780 1783 944 1811 nomen
975 1770 1105 1809 ΙΜΕ-

223 1836 396 1884 ΡΟΠΑ,
423 1836 526 1874 item
548 1835 593 1873 T.
610 1834 676 1872 97.
697 1856 736 1863 -
758 1833 918 1885 Circae]
941 1833 1100 1883 Odyss.

225 1914 274 1946 κ,
322 1899 398 1938 230
437 1908 534 1947 sqq.
571 1896 843 1946 Frequenter
881 1897 1031 1934 autem
1063 1897 1106 1934 et

225 1963 428 2002 Sirenum
447 1963 489 1999 et
506 1959 658 1998 Circae
677 1956 890 2009 exemplis
912 1958 953 1996 in
971 1957 1106 1997 scho-

227 2024 276 2064 lis
308 2022 566 2069 utebantur,
614 2022 661 2059 ut
699 2019 997 2070 significarent
1024 2031 1107 2059 vo-

226 2086 442 2138 luptatum
472 2082 705 2122 illecebras
736 2081 964 2132 fugiendas
988 2092 1102 2121 esse.

228 2149 315 2188 Csr.
341 2146 558 2198 Demoph.
584 2143 718 2184 Simil.
746 2145 760 2183 4
784 2176 791 2193 ,
827 2144 890 2183 113.
927 2146 971 2183 et
1000 2144 1108 2183 Dio-

228 2221 331 2250 nem
364 2209 592 2258 Chrysost.
629 2207 697 2246 Or.
723 2207 761 2245 8.
786 2217 829 2257 p.
854 2206 947 2245 283.
972 2207 1019 2245 R.
1059 2227 1102 2232 —

221 2271 388 2323 pocula]
427 2267 664 2327 φάρμακα
703 2264 867 2325 λυγρά.
904 2269 958 2319 (v.
990 2267 1108 2317 ς236.)

232 2359 275 2363 -
311 2345 405 2373 cum
438 2333 568 2382 sociis]
612 2332 686 2382 qui
727 2331 769 2370 in
807 2329 957 2369 tabula
988 2331 1108 2370 Ron-

230 2397 404 2435 diniana
439 2395 688 2446 (Inghirami
721 2394 788 2432 111.
815 2403 856 2444 p.
884 2392 993 2443 473.)
1025 2404 1108 2432 vo-

230 2462 385 2499 cantur
414 2457 593 2514 ἑταῖροι
613 2455 974 2512 τεθηριωμένοι.
1023 2454 1109 2494 Sed

231 2522 359 2571 digna
406 2520 645 2571 imprimis,
695 2530 808 2569 quae
855 2520 1106 2570 spectetur,

233 2586 298 2624 est
322 2582 426 2622 ibid.
451 2584 496 2621 T.
521 2583 607 2630 51„
640 2580 718 2620 ubi
741 2581 867 2621 Circe
889 2581 1007 2631 ipsa,
1043 2591 1112 2619 ra-

233 2646 333 2698 pide
353 2656 451 2684 sese
470 2644 525 2683 ab
547 2643 626 2684 illis
649 2645 878 2691 avertens,
901 2641 1110 2694 poculum

234 2708 504 2748 medicatum
535 2716 670 2745 manu
691 2707 825 2745 tenet.
860 2706 968 2756 Epp.
994 2706 1009 2743 4
1030 2736 1038 2753 ,
1063 2705 1108 2752 6,

235 2770 307 2810 63:
337 2769 555 2819 remigium
574 2769 767 2807 vitiosum
786 2767 1010 2806 Ithacensis
1033 2766 1115 2804 Uli-

233 2832 326 2880 oeci,
360 2831 434 2871 Cui
459 2831 599 2880 potior
624 2831 773 2880 patria
791 2830 872 2880 fuit
891 2828 1113 2867 interdicta

234 2894 440 2942 voluptas
464 2916 508 2920 -
529 2892 688 2931 bibisset
705 2891 807 2942 cet]
833 2890 946 2930 Bibit
963 2890 1112 2939 utique

236 2966 390 3006 magae
423 2955 623 3002 cinnum,
658 2953 738 2993 sed
767 2954 894 2992 caute
918 2954 961 2991 et
980 2961 1116 3002 prae-

238 3018 431 3056 munitus
447 3016 628 3066 insuper
643 3014 838 3054 antidoto
856 3013 925 3053 illo
943 3011 1115 3065 (μῶλυ)

238 3093 262 3119 a
293 3079 508 3119 Mercurio
540 3080 738 3128 accepto.
802 3075 966 3125 Quodsi
1005 3076 1119 3114 hau-

242 3142 373 3182 sisset
399 3150 622 3179 venenum
645 3138 802 3178 eadem
825 3149 909 3189 qua
934 3138 1119 3177 comites

241 3202 537 3255 imprudentia
570 3204 702 3251 atque
747 3200 983 3248 aviditate,
1026 3200 1118 3251 ipse

242 3276 420 3317 quoque
442 3264 582 3303 factus
606 3264 724 3303 esset
746 3263 904 3312 turpis,
931 3262 1048 3313 quod
1067 3262 1122 3301 ad

242 3327 433 3368 formam
454 3327 648 3379 spectat,
683 3327 877 3364 mutatus
901 3325 941 3363 in
964 3336 1123 3364 canem

244 3390 311 3431 vel
343 3401 493 3439 suem,
527 3391 569 3428 et
600 3399 771 3436 excors,
805 3381 977 3436 ἄνους,
1013 3386 1125 3426 bru-

244 3455 339 3498 tus,
387 3462 570 3503 prorsus
609 3451 809 3502 privatus
841 3450 960 3489 esset
991 3450 1125 3488 ratio-

247 3525 300 3553 ne
324 3516 456 3565 atque
478 3511 776 3563 intelligentia.
812 3512 900 3551 Cic.
926 3512 1054 3550 Tusc.
1086 3513 1123 3560 vi,

1159 1213 1250 1256 tur,
1304 1219 1358 1247 eae
1401 1219 1480 1257 quo
1526 1207 1768 1256 excordes,
1823 1207 2039 1247 vecordes

1160 1270 1499 1320 concordesque
1532 1270 1739 1308 dicuntur.
1783 1268 2040 1309 Marklando

1160 1335 1204 1373 in
1235 1334 1433 1372 mentem
1464 1332 1583 1371 venit
1610 1343 1754 1371 exsors
1774 1325 2039 1388 (ἄκληρος),

1160 1397 1208 1434 ut
1229 1393 1534 1444 tautologiam,
1559 1405 1694 1444 quam
1715 1394 1921 1445 putabat,
1945 1395 2043 1434 saul-

1163 1461 1250 1506 tus,
1283 1467 1430 1496 eoecors
1451 1457 1631 1505 vitaret,
1666 1467 1800 1506 quam
1823 1458 2045 1497 coniectu-

1164 1529 1261 1558 ram
1292 1517 1360 1557 alii
1392 1518 1667 1569 interpretati
1698 1520 1801 1558 sunt
1829 1520 2044 1559 «exheres

1168 1580 1504 1627 humanitatis,»
1542 1578 1612 1618 alii
1645 1580 1879 1630 «eximius,
1912 1592 2045 1632 prae—

1168 1646 1342 1692 stans,n
1373 1642 1470 1694 pari
1499 1643 1651 1693 utique
1682 1643 1803 1691 iure;
1838 1654 1940 1683 nam
1964 1645 2047 1685 llo->

1167 1706 1264 1745 ratii
1294 1716 1439 1745 exsors
1469 1708 1589 1744 certe
1621 1716 1709 1744 non
1741 1707 1821 1745 est.
1875 1730 1920 1735 ——
1962 1706 2047 1745 Sub

1169 1768 1339 1807 domina
1376 1767 1615 1819 meretrice]
1659 1767 1768 1807 «sub
1810 1769 2045 1808 meretrice

1170 1829 1520 1877 contemnenda,
1555 1840 1668 1879 quae
1699 1831 1847 1869 tamen
1880 1831 1975 1870 eius
2005 1832 2048 1870 in

1170 1892 1362 1932 bestiam
1420 1893 1575 1932 mutati
1624 1892 1802 1932 domina
1851 1892 2048 1933 fuisset.»

1171 1955 1342 1995 Festive
1374 1957 1437 1994 sic
1466 1957 1594 1994 vocat
1629 1955 1784 2004 deam,
1832 1956 1932 2005 quia
1970 1967 2051 2008 po-

1171 2021 1264 2058 stea
1307 2018 1374 2058 sui
1417 2019 1589 2069 copiam
1631 2017 1733 2057 fecit
1773 2017 1891 2059 Ulixi.
1939 2018 2047 2058 Plut.

1174 2081 1354 2130 Coniug.
1394 2081 1545 2119 Praec.
1584 2080 1632 2118 5:
1686 2074 1806 2119 Οὐδὲ
1843 2075 1933 2136 γὰρ
1963 2076 2051 2132 τήν

1172 2142 1352 2198 Κίρκην
1397 2137 1594 2194 ὤνησαν
1637 2140 1687 2180 οἱ
1728 2153 2052 2200 καταφαρμα-

1172 2204 1444 2254 κευθέντες,
1497 2200 1596 2244 οῦδ
1646 2203 1890 2261 ἐχρήσατο
1935 2201 2054 2262 πρὸς

1174 2262 1312 2307 οὐδὲν
1343 2262 1509 2317 αὑτοῖς
1539 2261 1622 2307 ὑσὶ
1650 2268 1732 2306 καὶ
1763 2261 1894 2317 ὄνοις
1922 2280 2055 2321 γενο-

1172 2331 1338 2383 μένοις
1353 2360 1363 2378 ,
1386 2326 1471 2369 τὸν
1486 2327 1524 2368 δ’
1535 2324 1767 2370 Ὀδυσσέα
1782 2328 1900 2369 νόον
1917 2325 2054 2378 ἔχον-

1172 2405 1232 2432 τα
1275 2393 1526 2449 φρονίμως
1571 2387 1956 2449 ὑπερηγάπησεν.
2004 2415 2047 2420 -

1175 2456 1316 2495 amica
1345 2455 1444 2507 luto]
1486 2454 1655 2494 Eadem
1684 2456 1793 2507 Epp.
1826 2456 1872 2504 2,
1905 2456 1952 2504 ⁶2,
1985 2455 2051 2494 75.

1174 2520 1359 2557 vocatur
1389 2517 1606 2556 lutulenta.

1229 2580 1376 2619 27-31.
1408 2581 1493 2619 Nos
1523 2580 1628 2629 cet.]
1661 2578 1746 2619 Cfr.
1773 2579 1966 2629 Bottiger
1995 2578 2051 2618 kl.

1175 2642 1380 2692 Schriften
1410 2643 1442 2680 Ι.
1467 2652 1509 2692 p.
1534 2641 1628 2681 ⁶264.
1674 2642 1750 2682 «Ut
1769 2641 1812 2679 in
1835 2640 1950 2682 Ulixe
1973 2641 2056 2679 Ho-

1177 2715 1327 2744 merus
1366 2704 1608 2754 sapientiae
1647 2704 1691 2741 et
1733 2703 2054 2754 temperantiae

1179 2763 1432 2816 exemplum
1462 2765 1711 2815 proposuit,
1745 2764 1807 2803 sic
1838 2764 1879 2803 in
1911 2765 2057 2803 Penc-

1177 2827 1304 2878 lopae
1335 2827 1482 2878 procis
1515 2829 1558 2865 et
1587 2825 1862 2866 Phaeacibus
1902 2827 2058 2877 imagi-

1180 2900 1284 2929 nem
1323 2888 1605 2928 adumbravit
1649 2889 1878 2929 hominum
1919 2887 2055 2939 volgi,

1182 2952 1252 2991 cui
1287 2949 1461 3002 plurimi
1503 2952 1706 2991 nostrum
1736 2950 2061 2990 adnumerandi

1183 3014 1328 3054 sunt.»
1387 3015 1436 3053 D.
1475 3014 1517 3053 in
1560 3012 1763 3053 Seebode
1803 3014 1855 3052 N.
1892 3013 2056 3052 Archiv.

1187 3075 1306 3115 4826.
1326 3075 1369 3114 F.
1392 3075 1429 3114 1.
1448 3086 1491 3127 p.
1513 3076 1604 3115 455.
1632 3097 1675 3103 —-
1701 3075 1913 3124 numerus]
1936 3074 2063 3114 «Nul-

1185 3138 1249 3177 len
1278 3138 1347 3177 cles
1376 3138 1656 3177 Schwarms.»
1701 3138 1830 3177 Voss.
1876 3136 2058 3186 Proprie

1187 3201 1236 3248 ii,
1272 3210 1463 3249 quorum
1495 3200 1638 3250 capita
1661 3198 1889 3238 dumtaxat
1910 3208 2064 3237 nume-

1187 3263 1359 3310 rantur,
1392 3260 1508 3300 nulla
1540 3261 1721 3312 ingenii,
1753 3259 1945 3308 virtutis,
1979 3259 2064 3298 sor-

1191 3324 1384 3364 titudinis
1401 3325 1567 3363 ratione
1583 3322 1748 3371 habita,
1764 3320 1925 3372 quibus
1941 3332 2065 3372 pror-

1191 3398 1266 3427 sus
1320 3397 1473 3425 carere
1528 3385 1846 3425 existimantur.
1913 3383 2059 3433 Eurip.

1192 3447 1364 3489 Heracl.
1389 3448 1490 3487 997:
1532 3443 1683 3496 Εἰὸὠς
1710 3444 1800 3498 μὲν
1836 3440 1925 3485 οὐκ
1958 3439 2064 3501 ἀρι-

1193 3507 1342 3561 θμόν,
1381 3505 1480 3548 ἀλλ’
1508 3505 1750 3561 ἐτητύμως
1768 3502 1915 3565 Ἄνδρ
1948 3501 2064 3546 ὄντα
