2231 3787
191 241 293 294 916

190 375 456 424 deponam-uos.
517 371 603 411 Euo
638 381 866 410 commence
906 370 1041 410 ainsi:
1091 371 1364 409 «Meccnatem
1393 368 1622 418 alloquitur
1650 367 1837 407 indicans
1864 367 1994 406 alium

195 460 212 478 a
227 443 278 483 ab
322 442 454 481 studio
489 442 562 479 hoc
591 441 719 480 teneri
755 440 863 489 quod
902 444 1154 490 appetuntur
1180 439 1244 478 vel
1271 439 1378 477 lucri
1406 437 1630 487 cupiditate
1656 437 1720 476 vel
1745 437 1883 488 quiae.
1943 436 1995 476 Se

193 523 314 552 ‹it-ero
341 511 506 561 poet-ria
535 510 728 550 delectari
758 514 795 549 et
825 511 930 549 inter
959 511 1052 548 deos
1080 509 1241 547 misceri
1270 509 1303 547 si
1332 519 1502 547 numero
1522 508 1749 556 lyricorum
1771 509 1995 556 poetarum

192 583 422 631 «ascriptus
448 580 588 630 suerit.
648 581 898 620 Mecenatem
927 589 1088 627 quoquc
1117 579 1176 617 ait
1206 578 1342 617 atacis
1369 577 1532 628 regibus
1559 577 1713 616 editum
1742 577 1851 626 quod
1877 587 1904 614 a
1923 587 1995 615 no-

190 651 359 690 «bilibus
389 651 659 689 Etruscorum
690 653 804 688 orins
831 649 925 686 sit.»

299 721 551 760 «Presidium
581 723 615 757 et
646 719 822 768 defensio
853 717 911 756 illi
941 721 1032 756 crat
1062 717 1258 766 qnoniam
1286 728 1368 755 non
1397 715 1529 755 solum
1559 727 1585 754 a
1613 719 1746 755 morte
1772 715 1889 754 illum
1907 715 1995 754 sal-

193 791 336 829 ararit
366 791 461 828 dum
491 789 804 838 comprehensus
832 791 930 826 esset
959 786 1010 825 ab
1041 787 1108 826 illo
1125 819 1134 833 ,
1166 788 1234 826 sed
1255 787 1423 836 insuper
1440 786 1669 837 Auyustum
1688 784 1925 824 conciliavit
1941 784 1991 824 ei.

192 861 355 900 «Decus
391 859 448 897 illi
485 862 575 897 crat
603 858 686 896 sire
714 860 1004 896 ornamentum
1035 857 1142 906 quod
1171 856 1365 895 amicicia
1393 856 1499 894 [cz-nti
1524 855 1606 894 viri
1634 864 1836 906 maynwm
1862 854 1993 894 hono-

189 941 305 969 «rem
331 927 572 978 praestabat
601 926 702 965 illi.»

296 999 358 1037 Au
387 997 552 1036 dernier
578 995 752 1046 feuillet,
786 1007 838 1034 on
858 996 932 1034 lit:
968 995 1331 1035 «EXEMPLARIA
1361 993 1712 1034 SILLABARUM.
1758 993 1916 1033 Solutio
1937 996 1994 1033 est

189 1078 311 1107 «cum
348 1078 426 1117 pro
465 1067 591 1117 lonya
626 1065 775 1104 sillaba
804 1067 881 1104 due
910 1065 1047 1105 breves
1071 1069 1299 1115 ponuntur.
1359 1064 1661 1103 Periti-memeris
1688 1067 1745 1102 est
1772 1073 1866 1102 cum
1894 1063 1995 1102 duos

189 1138 338 1187 «pedes
381 1136 565 1186 sequitur
607 1135 757 1174 sillaba
800 1146 877 1184 que
914 1139 1080 1185 partem
1115 1135 1313 1174 terminat
1349 1134 1593 1173 orationis.»
1653 1133 1822 1172 Suivent
1849 1143 1995 1172 encore

185 1207 376 1257 quelques
418 1206 546 1257 Iiynes
582 1216 656 1244 sur
693 1204 735 1243 la
775 1203 962 1244 ‹maniere
991 1206 1038 1244 de
1065 1205 1240 1244 scander
1268 1203 1324 1242 les
1351 1213 1458 1243 vers.
1518 1203 1666 1254 Enfin‚
1711 1213 1756 1242 ce
1792 1203 1994 1252 precieuoe

183 1276 412 1316 nmiiuscrit
441 1280 498 1315 est
527 1275 703 1314 termine'
724 1285 808 1324 par
836 1275 879 1313 la
908 1275 1024 1314 lettre
1050 1275 1109 1314 IX
1137 1273 1408 1323 «Septimius,
1446 1272 1613 1321 Claudi,
1644 1272 1844 1311 nimirum
1872 1272 1994 1312 intel-

183 1346 272 1398 Iiyit
302 1357 450 1394 unus»,
484 1346 554 1395 qui
583 1355 632 1384 ne
661 1355 701 1384 se
729 1348 873 1384 trouve
896 1355 976 1394 pas
1005 1345 1108 1384 dans
1128 1344 1164 1384 le
1186 1343 1371 1393 premier
1394 1343 1496 1382 livre
1517 1343 1585 1382 des
1605 1343 1756 1392 e‘pnres
1775 1342 1990 1382 d'Horace.

288 1437 383 1490 No.
414 1436 531 1488 426.
588 1436 753 1488 [ιι-40
790 1434 994 1505 oblonq,
1033 1452 1126 1487 sur
1160 1434 1306 1487 ve'lt'n.
1356 1434 1560 1486 Horatii
1595 1435 1831 1487 carmina
1855 1433 1994 1503 (cum

183 1530 352 1599 ylossa
390 1529 670 1600 marginali
706 1537 752 1581 et
789 1528 1142 1599 interlineari).
1181 1558 1251 1566 —-
1288 1528 1380 1579 XI.
1421 1516 1692 1580 SJECLE.

295 1641 495 1690 Quelques
520 1639 695 1690 feuillets
721 1639 1029 1689 preliminaires
1057 1639 1315 1679 contiennent
1343 1649 1422 1678 une
1445 1638 1586 1687 partie
1611 1639 1666 1677 du
1684 1638 1989 1678 commentaire.

180 1712 232 1749 Ils
260 1714 535 1750 commencent
565 1710 700 1748 ainsi:
736 1709 849 1758 «Vis,
882 1710 925 1748 id
950 1714 1025 1758 est,
1054 1713 1236 1759 potestas
1265 1709 1504 1755 iudicandi;
1536 1718 1715 1757 norma,
1747 1709 1790 1747 id
1819 1711 1890 1756 est,
1922 1718 1991 1747 re-

183 1781 316 1832 aqula
346 1780 442 1819 bene
471 1779 662 1829 loquendi
690 1780 913 1818 secundum
942 1790 1064 1820 casus
1092 1783 1130 1819 et
1157 1789 1291 1818 mores
1319 1782 1356 1819 et
1385 1783 1615 1828 tempora.»
1675 1777 1726 1818 Ce
1762 1778 1991 1817 manu-serit

182 1855 237 1890 est
268 1850 499 1899 incomplet.

288 1948 540 2018 Catalogo
592 1948 791 2001 inserta
843 1956 924 2002 est
963 1947 1114 2002 Odae
1156 1946 1224 2001 ad
1261 1947 1561 2020 Phyllidem
1599 1947 1803 2018 effigies
1842 1946 1992 2015 (Fac-

178 2041 387 2112 sinn'le),
441 2042 632 2094 iterum
671 2058 928 2111 expressa
968 2058 997 2094 a
1037 2043 1311 2093 Tfflzonono
1350 2043 1535 2094 Nisistu)
1558 2041 1633 2109 il),
1696 2041 1788 2111 qui
1827 2039 1895 2094 de
1935 2057 1992 2094 re

181 2135 386 2189 musica
420 2134 851 2187 dissertationem
878 2134 1082 2187 addidit
1108 2134 1499 2196 doctissimam,
1540 2151 1701 2206 quam
1729 2151 1852 2188 cum
1876 2134 1993 2205 ipsa

183 2228 320 2282 odae
361 2227 535 2298 effigie
573 2227 735 2298 lapidi
776 2227 943 2281 incisa
982 2227 1051 2280 ad
1089 2227 1291 2281 calcem
1328 2227 1486 2280 huius
1525 2227 1705 2298 operis
1744 2235 1993 2298 repeten-

182 2322 305 2375 dam
354 2321 686 2383 curavimus,
736 2330 793 2373 ut
842 2321 1158 2374 nostratium
1197 2337 1416 2392 quoque
1457 2320 1750 2375 curiositati
1789 2319 1992 2373 dudum

181 2416 439 2469 excitatae
479 2414 606 2468 satis
645 2413 812 2467 fieret.

287 2507 611 2579 Ampliorem
659 2507 818 2561 etiam
868 2507 1150 2578 utriusque
1201 2507 1412 2561 Codicis
1451 2508 1689 2561 notitiam
1729 2506 1991 2561 debemus

179 2602 293 2654 viro
322 2602 547 2655 eximiae
583 2609 635 2655 et
662 2600 936 2654 doctrinae
964 2609 1016 2654 et
1040 2600 1395 2663 humanitatiS,
1439 2601 1641 2655 CAROLO
1665 2602 1983 2662 DAREMBERG‚

181 2695 248 2748 de
300 2693 652 2765 scriptoribus
703 2693 925 2748 medicis
965 2694 1182 2748 Graecis
1221 2703 1274 2747 et
1310 2695 1506 2747 Latinis
1546 2693 1762 2765 egregie
1790 2701 1843 2747 et
1879 2710 1992 2747 me-

184 2788 282 2840 rito
322 2796 373 2840 et
410 2787 681 2840 merituro.
731 2787 833 2851 Qui
873 2804 995 2841 cum
1034 2796 1154 2840 ante
1193 2786 1393 2858 aliquot
1429 2804 1644 2840 menses
1670 2786 1809 2839 ultro
1835 2785 1990 2840 nobis

185 2879 466 2933 obtulisset
504 2897 724 2949 operam
763 2897 915 2932 suam
957 2879 1008 2931 in
1047 2880 1435 2933 examinatione
1475 2878 1719 2933 codicum
1747 2879 1990 2933 Horatia-

187 2990 377 3026 norum
414 2973 602 3025 Montis
645 2972 918 3025 Pessulani
959 2972 1287 3043 ponendam,
1329 2989 1426 3025 nos
1465 2972 1702 3025 oblatum
1739 2971 1992 3025 auxilium

187 3066 488 3138 gratissimo
528 3064 703 3118 animo
743 3064 971 3136 amplexi
1012 3081 1214 3118 sumus.
1255 3065 1442 3136 Itaque
1467 3065 1548 3117 vir
1573 3064 1900 3119 clarissimus
1926 3081 1992 3118 ex

188 3169 417 3230 utroque
467 3157 654 3212 codice
702 3158 877 3211 Monte
915 3156 1209 3210 pessulano
1248 3157 1481 3211 Parisios
1516 3157 1730 3228 publice
1765 3158 1989 3212 advecto

190 3252 496 3323 speciminis
543 3251 661 3305 loco
702 3250 835 3304 haec
873 3250 1104 3303 enotavit
1144 3258 1465 3321 enotataque
1505 3250 1783 3305 nobiscum
1822 3251 1873 3303 in
1911 3250 1990 3303 fu-

273 3456 308 3500 *>
341 3453 551 3493 Archives
574 3453 652 3493 des
675 3453 876 3493 Missions
897 3452 1195 3503 scientifiques
1218 3455 1261 3492 et
1281 3451 1525 3492 litteraires.
1563 3453 1681 3492 185⁴.
1715 3463 1757 3504 p.
1781 3451 1982 3492 98-442.
