2231 3787
211 295 312 346 480
805 292 1021 332 HORATII
1050 292 1418 334 EPISTOLARUM

277 429 416 488 Non,
459 424 549 496 qui
591 423 812 477 Sidonio
852 423 1180 476 contendere
1221 421 1446 475 callidus
1486 429 1630 473 ostro

277 528 457 581 Nescit
496 527 812 598 Aquinatem
850 526 1086 595 potantia
1125 523 1326 577 vellera
1364 522 1572 578 fucum,

280 631 489 684 Certius
529 628 757 699 accipiet
796 626 1049 679 damnum
1088 626 1380 697 propiusve
1418 623 1689 685 medullis,

278 733 453 797 Quam
490 731 581 801 qui
625 746 729 781 non
767 725 960 798 poterit
997 737 1127 776 vero
1167 719 1497 789 distinguere
1537 718 1742 772 salsum.

279 835 452 898 Quem
493 848 580 884 res
623 829 743 901 plus
780 828 945 880 nimio
990 823 1329 878 delectavere
1371 822 1668 885 secundae,
1969 828 2036 878 30

280 936 508 986 Mutatae
551 932 804 1004 quatient.

882 929 936 983 Si
979 925 1111 1000 quid
1148 924 1443 987 mirabere,
1485 941 1655 996 pones

278 1036 495 1089 Invitus
572 1036 719 1104 Fuge
757 1047 976 1102 magna3
1026 1028 1152 1082 licet
1190 1026 1290 1080 sub
1330 1044 1573 1097 paupere
1612 1035 1752 1081 tecto

319 1202 387 1241 ὑ27.
420 1211 563 1240 sucum
594 1197 734 1239 Codd.
759 1196 860 1248 aliq.
908 1196 971 1247 (Ut
1001 1205 1108 1244 nos,
1140 1192 1310 1243 nostri.)
1346 1214 1390 1220 —
1422 1193 1490 1232 28.
1524 1193 1706 1243 accipiat
1734 1193 1777 1233 d.
1805 1217 1849 1222 —
1875 1206 1984 1245 pro-

259 1266 407 1315 ptu-vso
427 1265 500 1311 cE,
529 1262 629 1310 LCt,
660 1260 907 1308 Bentleius,
932 1259 1018 1298 FO:
1047 1256 1304 1308 propiusque
1335 1265 1558 1305 superscr.
1581 1267 1630 1295 ve
1651 1257 1700 1305 S,
1728 1257 1985 1308 propiusque

266 1326 400 1375 bd,M.
451 1324 621 1375 (Codici
652 1324 684 1362 E
715 1321 824 1362 falso
858 1320 1128 1360 Kirchnerus
1161 1317 1314 1357 tribuit
1343 1316 1579 1357 lectionem
1609 1320 1898 1372 propiusque.)
1936 1344 1980 1349 ——

264 1389 331 1428 ⁶29.
359 1387 497 1438 potuit
527 1386 568 1426 d.
607 1406 651 1413 -
674 1395 822 1424 verum
850 1383 1103 1434 distinquere
1132 1381 1238 1432 falso
1270 1378 1409 1419 Codd.
1444 1380 1562 1433 apud
1593 1382 1740 1421 Feam.

266 1528 407 1568 26-29.
430 1529 540 1576 Non,
561 1526 631 1576 qui
653 1525 755 1577 cet.]
777 1523 923 1564 «Falsa
942 1524 1092 1562 autem
1156 1525 1342 1561 veterum
1369 1520 1497 1559 iudeoe
1526 1525 1564 1560 et
1592 1521 1782 1561 callidus.
1818 1546 1863 1551 —
1889 1528 2042 1573 potan-

209 1590 279 1630 illa
324 1589 379 1630 de
423 1589 585 1629 finibus
636 1588 858 1627 bonorum
908 1585 1091 1633 iudicia,

211 1652 357 1704 qualia
412 1651 677 1703 plerumque
727 1651 829 1690 sunt
885 1649 1091 1696 divitum,

210 1714 348 1756 multo
385 1715 523 1764 magis
554 1714 683 1752 noxia
707 1714 808 1752 sunt
828 1723 880 1751 ac
901 1711 1097 1751 beatitu-

212 1779 300 1818 dini
332 1777 575 1824 infestiora,
611 1786 747 1826 quam
777 1775 1008 1815 inscientia
1028 1784 1097 1812 re-

211 1852 311 1881 rum
343 1842 628 1879 externarum
669 1837 828 1877 nullius
858 1837 1094 1889 ponderiS,

211 1906 261 1943 ut
301 1913 403 1942 cum
443 1912 523 1940 nos
569 1900 743 1939 deridet
783 1899 927 1948 dives,
976 1898 1096 1950 quod

211 1975 459 2018 purpuram
486 1961 780 2002 adulterinam
805 1961 1095 2013 (Aquinatem)

213 2040 238 2067 a
269 2028 440 2068 sincera
474 2024 677 2076 (Sidonia)
710 2024 981 2075 distinguere
1017 2035 1097 2063 ne·-

215 2090 409 2130 sciamus
439 2089 571 2138 atque
602 2085 656 2125 ab
681 2088 824 2126 astuto
846 2087 1097 2125 mercatore

215 2151 537 2202 decipiamur.»
584 2171 627 2176 —
675 2147 860 2199 Sidonio]
904 2149 1100 2198 Antepe—

216 2212 399 2253 nultima
430 2211 559 2250 huius
592 2209 676 2249 adi.
701 2210 835 2249 modo
857 2209 1006 2249 brevis
1034 2211 1101 2249 est

218 2274 370 2327 (Epod.
397 2274 471 2322 46,
497 2273 571 2312 59:
617 2274 711 2312 Non
731 2273 809 2311 huc
830 2273 992 2312 Sidonii
1011 2273 1096 2312 cet.

215 2338 333 2388 Virg.
352 2338 461 2376 Aen.
486 2334 535 2383 4,
570 2335 675 2375 545:
709 2335 884 2374 Sidonia
906 2336 982 2374 vix
1002 2334 1101 2374 urbe

215 2400 395 2449 revelli.)
431 2401 474 2438 et
508 2398 550 2436 in
595 2408 752 2437 versus
798 2398 917 2437 initio
962 2397 1097 2448 (Virg.

216 2466 325 2503 Aen.
344 2461 383 2510 4,
404 2462 473 2501 75:
503 2460 778 2510 Sidoniasque
794 2463 971 2499 ostentat
990 2470 1098 2508 opes

219 2525 319 2564 437:
352 2523 875 2571 Sidoniam—chlamydem.
902 2521 1001 2561 683:
1039 2521 1105 2560 Si-

219 2587 362 2626 donios
384 2584 576 2636 (patres).
610 2586 659 2633 5,
693 2585 796 2624 574:
845 2584 1015 2623 Sidonio
1046 2587 1103 2622 est

217 2651 401 2688 invectus
432 2646 587 2697 equa),
621 2646 755 2686 modo
786 2645 938 2697 longa,
979 2646 1028 2684 ut
1057 2645 1100 2684 in

218 2710 468 2752 hexametri
497 2708 715 2749 clausula:
763 2709 938 2748 Sidonia
973 2708 1098 2747 Dide.

222 2775 350 2824 (Virg.
375 2774 483 2812 Aen.
509 2773 552 2821 4,
578 2770 672 2812 446.
697 2771 789 2811 6113.
825 2771 867 2816 9.
900 2770 997 2810 ⁶266.
1032 2770 1098 2819 Μ,

220 2835 304 2885 74.)
332 2859 375 2863 -—
399 2835 641 2874 contendere
660 2856 683 2862 -
704 2856 728 2863 -
748 2833 873 2884 ostro]
909 2833 1098 2880 dativus;

224 2899 455 2936 «accurate
493 2906 756 2947 comparare
797 2905 898 2934 cum
933 2905 1104 2945 purpu-

221 2968 313 2997 ra.»
360 2959 428 2997 Sic
460 2957 646 2997 Lucilius
669 2958 716 3005 7,
750 2958 773 2996 6
808 2957 892 3007 (ed.
919 2955 1032 2996 Gerl.
1056 2967 1099 3006 p.

222 3019 325 3069 23.):
356 3020 542 3058 Huncine
567 3031 639 3069 eqo
668 3031 855 3069 unquam
872 3018 1103 3068 Hyacinthe

223 3082 447 3130 hominem,
476 3082 803 3130 cortinipotentis
821 3081 990 3120 Deliciis
1009 3091 1106 3118 con-

225 3142 363 3183 tendi?
397 3165 440 3170 —
474 3142 660 3194 callidus]
695 3142 875 3182 «sollers
907 3140 1105 3193 (Kenner)

225 3206 267 3244 in
312 3204 618 3254 distinguenda
665 3215 859 3255 purpura
904 3205 1100 3253 sincera,

226 3278 339 3318 quae
380 3278 433 3305 ex
470 3267 688 3305 Phoenice
721 3266 1003 3316 importatur,
1046 3266 1101 3305 ab

227 3329 492 3377 adulterina,
539 3338 673 3379 quam
710 3326 766 3366 ad
809 3326 919 3367 illius
958 3328 1104 3366 imita—

226 3393 394 3431 tionem
430 3391 672 3441 Aquinates
715 3391 756 3429 in
798 3400 901 3440 agro
945 3389 1103 3430 Volsco

229 3454 329 3494 fuco
372 3454 564 3504 tingunt,
615 3454 664 3492 ut
708 3453 935 3503 imperitos
981 3451 1103 3492 deei-

230 3516 393 3567 piant.»
444 3515 506 3556 Cf.
532 3517 618 3554 Sat.
641 3515 688 3561 2,
722 3515 768 3561 7,
803 3514 903 3553 404:
939 3514 1106 3554 Subtilis

1159 1583 1231 1635 tia]
1302 1583 1530 1634 Frequens
1593 1583 1738 1634 imago
1804 1586 2038 1626 tincturae.

1160 1645 1283 1685 Ovid.
1314 1646 1417 1685 Met.
1456 1646 1504 1694 6,
1548 1646 1597 1685 9:
1642 1646 1841 1687 Phocaico
1880 1647 2044 1688 bibulas

1159 1707 1340 1759 tingebat
1367 1709 1526 1748 murice
1554 1708 1691 1748 lanas.
1729 1733 1771 1739 —
1805 1711 1962 1762 fucum]
1994 1710 2043 1751 li-

1161 1771 1313 1810 chenis
1332 1782 1493 1825 genus,
1518 1769 1699 1822 φῦκος,
1723 1773 1899 1823 orseille,
1917 1775 2043 1814 cuius

1160 1845 1268 1874 suco
1297 1831 1369 1872 vel
1398 1833 1684 1874 medicabant
1719 1833 1866 1876 lanam
1903 1838 2044 1876 muri—

1161 1897 1223 1936 cis
1254 1907 1361 1936 suco
1382 1897 1539 1947 postea
1568 1897 1826 1948 tingendam
1848 1898 1918 1939 vel
1949 1901 2043 1940 sine

1160 1957 1272 1999 illius
1313 1958 1531 2009 conchylii
1577 1970 1686 2000 suco
1731 1959 2040 2002 adulterinam.

1161 2020 1286 2060 ovid.
1319 2022 1442 2061 Rem.
1478 2024 1574 2061 Am.
1598 2023 1701 2061 707:
1739 2023 1889 2075 Confer
1914 2023 2045 2073 Amy—

1161 2083 1285 2121 claeis
1312 2084 1720 2124 medicatum-vellus
1738 2086 1856 2125 ae‘nis
1883 2086 2046 2127 Murice

1162 2155 1256 2183 eum
1289 2145 1433 2194 'syrim’
1466 2146 1628 2196 turpius
1647 2147 1751 2186 illud
1770 2148 1861 2187 erit.
1914 2148 2047 2196 Quin-

1162 2205 1222 2246 til.
1249 2208 1321 2256 42,
1356 2208 1429 2256 110,
1462 2208 1537 2248 75:
1587 2210 1634 2248 Ut
1663 2209 1764 2248 lana
1794 2211 1924 2250 tincta
1949 2211 2046 2261 fuco

1163 2269 1272 2308 citra
1304 2280 1522 2319 purpuras
1560 2270 1668 2322 (sine
1706 2273 1887 2312 muricis
1922 2273 2043 2323 suco)

1158 2332 1323 2381 pla-cet;
1355 2337 1400 2371 at
1428 2333 1463 2371 si
1493 2333 1716 2373 contuleris
1747 2335 1895 2384 Tyriae
1915 2335 2047 2375 lacer-

1164 2405 1260 2441 nae,
1298 2400 1515 2445 conspectu
1542 2396 1726 2436 melioris
1745 2397 1970 2448 obruatur,
2000 2402 2048 2438 ut

1167 2457 1336 2496 Ovidius
1379 2458 1454 2497 ait.
1496 2481 1541 2485 —
1576 2459 1802 2508 propiusve
1842 2460 2045 2513 medullis]

1167 2519 1370 2559 «intimos
1400 2520 1534 2560 animi
1574 2531 1733 2561 sensus
1763 2523 1904 2573 magis
1941 2534 2048 2575 per-

1165 2580 1372 2622 cellens.»

1220 2643 1366 2683 30-33.
1408 2646 1535 2694 Quem
1563 2657 1629 2686 res
1658 2647 1760 2697 cet.]
1791 2648 1884 2686 Iam
1915 2659 2047 2687 enar-

1163 2707 1233 2745 rat
1279 2706 1563 2746 incommoda
1609 2709 1653 2747 et
1695 2707 1880 2757 damna,
1932 2720 2045 2760 quae

1164 2769 1287 2809 nasci
1319 2768 1490 2808 soleant
1521 2780 1573 2808 ex
1608 2768 1726 2810 falsis
1756 2769 2046 2813 multitudinis

1163 2831 1338 2871 iudiciis
1371 2830 1425 2870 de
1456 2831 1530 2879 iis,
1565 2842 1679 2882 quae
1710 2843 1759 2871 re
1789 2843 1897 2872 vera
1930 2833 2047 2873 bona

1166 2895 1241 2932 aut
1277 2891 1392 2932 mala
1432 2895 1547 2932 sunt.
1607 2895 1868 2934 «Hominem
1896 2895 2049 2947 volga-

1165 2965 1264 2994 rem
1303 2954 1357 2993 de
1397 2965 1476 2994 suo
1512 2957 1627 2995 statu
1658 2956 1868 2996 deiiciunt
1909 2957 2048 2998 fortu-

1166 3028 1250 3056 nae
1279 3017 1620 3058 vicissitudines.
1674 3020 1887 3067 Quocirca
1915 3022 1963 3060 tu
1989 3019 2047 3060 nil

1167 3078 1409 3129 admirare,
1442 3091 1520 3129 ne,
1554 3080 1629 3120 ubi
1660 3080 1738 3122 tibi
1767 3081 1935 3122 bonum
1967 3093 2046 3123 ex·-

1166 3145 1344 3182 ternum
1376 3143 1580 3194 eripitur,
1629 3143 1850 3184 infelicem
1892 3147 1935 3184 te
1981 3144 2046 3184 fa-

1167 3206 1286 3244 ctum
1318 3204 1483 3245 doleas.
1536 3207 1651 3256 Fuge
1674 3207 1883 3255 honores,
1917 3217 2042 3258 opes,

1164 3268 1427 3319 potentiam:
1474 3268 1606 3308 beato
1645 3268 1748 3309 licet
1783 3280 1882 3309 esse
1914 3271 2045 3311 etiam

1165 3331 1373 3382 pauperi,
1419 3332 1454 3370 si
1491 3331 1604 3370 liber
1642 3333 1710 3372 est
1740 3342 1764 3369 a
1795 3331 2047 3382 cupiditati-

1166 3392 1270 3441 bus,
1303 3394 1486 3444 propter
1517 3404 1626 3444 quas
1658 3391 1865 3444 permulti
1896 3394 2044 3434 homi-

1166 3465 1273 3494 num
1295 3454 1479 3495 divitum
1500 3466 1551 3494 ac
1571 3455 1818 3506 potentium
1847 3455 2045 3496 favorem
2068 3453 2075 3458 '

1167 3515 1337 3555 ambire
1369 3516 1480 3555 soliti
1513 3518 1666 3555 sunl-z»
1699 3516 1817 3566 quod
1839 3513 2046 3575 παράδο-
