2231 3787
886 244 983 283 LlB.
1019 245 1049 282 1.

1111 243 1221 281 ΞΛΤ.
1260 242 1326 280 IV.

1957 237 2021 288 73

270 376 366 430 Hic
406 383 573 427 mutat
613 391 821 428 merces
864 382 1118 445 surgente
1159 390 1189 425 a
1231 372 1343 425 sole
1385 370 1451 424 ad
1491 388 1638 432 cum,
1681 388 1788 442 quo

266 477 582 548 Vespertina
623 484 767 547 tepet
806 476 992 545 regi03
1037 475 1166 546 quin
1206 492 1306 546 per
1342 472 1482 526 mala
1521 490 1785 544 praeceps

1955 472 2021 523 30

267 582 481 641 Fertur,
524 579 598 631 uti
639 577 814 649 pulvis
854 576 1111 631 collectus
1152 576 1393 636 turbine,
1436 592 1502 628 ne
1543 574 1673 646 quid

269 682 488 734 Summa
526 679 788 750 deperdat
826 687 1073 732 metuens
1115 686 1205 731 aut
1243 676 1461 748 ampliet
1498 685 1555 728 ut
1595 694 1723 730 rem.

273 785 476 838 Omnes
514 780 565 832 hi
606 789 849 834 metuunt
887 797 1104 841 versuS‚

1148 779 1315 832 odere
1355 784 1560 849 poetas.

272 886 508 936 Foenum
548 882 709 935 habet
749 882 799 933 in
841 899 1039 946 c0rnu3
1082 881 1237 954 longe
1276 881 1422 952 fuge:
1466 879 1759 933 dummodo
1789 880 1955 932 risum

271 985 511 1038 Excutiat
551 984 675 1046 sibi,
719 1002 823 1036 non
864 983 950 1037 hic
989 983 1243 1055 cuiquam
1285 990 1470 1054 parcet
1511 982 1683 1036 amico

1959 981 2025 1033 355

273 1088 358 1148 Et,
401 1086 767 1158 quodcunque
808 1085 975 1139 semel
1017 1085 1213 1139 chartis
1256 1084 1505 1146 illeverit,
1553 1101 1742 1137 omnes

273 1188 475 1242 Gestiet
512 1205 543 1240 a
582 1188 734 1241 furno
776 1186 1066 1241 redeuntes
1107 1187 1246 1241 scire
1288 1187 1521 1259 lacuque

312 1356 378 1395 3⁵2.
413 1355 592 1405 applicet
622 1365 664 1406 p.
694 1377 737 1383 -
772 1353 839 1394 33.
867 1356 1040 1404 poetam
1060 1352 1283 1394 Bentleius
1301 1355 1416 1393 coni.
1445 1377 1488 1382 —
1514 1354 1579 1393 33.
1605 1354 1677 1393 libi
1698 1352 1968 1404 Rutgersius.

200 1490 316 1540 Yirg.
352 1490 427 1528 Ge.
460 1488 506 1538 ἱ),
541 1488 644 1528 508:
691 1488 768 1526 Hic
801 1491 934 1537 stupet
971 1491 1083 1526 atlo-

200 1553 309 1592 nitus
339 1551 509 1592 Rostris.
571 1551 658 1589 Sat.
683 1551 729 1599 ⁶2,
769 1550 815 1598 7,
850 1550 924 1589 95:
970 1551 1082 1589 Pau—

200 1615 317 1654 siaca
347 1619 505 1664 torpes,
541 1613 707 1659 insane,
741 1612 904 1651 tabella.
942 1634 986 1639 —
1009 1611 1083 1651 Al·—

200 1676 302 1728 bius]
334 1676 469 1715 homo
500 1676 696 1726 ignotus,
739 1675 860 1714 certe
893 1684 981 1713 non
1013 1674 1084 1712 Ti-

199 1738 370 1786 bullus,
416 1740 465 1777 ut
508 1738 711 1789 opinatus
743 1738 811 1777 est
851 1738 1080 1776 Baxterus.

201 1801 287 1841 Cfr.
329 1813 369 1840 v.
414 1801 506 1840 409.
551 1822 595 1828 -
636 1801 711 1839 Hic
753 1804 889 1839 mutat
929 1811 1084 1839 merces

201 1863 303 1915 cet.]
346 1864 558 1914 Loquitur
588 1862 642 1902 de
682 1864 959 1911 mercatore,
1009 1863 1084 1912 qui

198 1926 308 1966 lucri
347 1925 533 1977 cupidus
565 1924 620 1964 ab
653 1925 829 1964 Oriente
861 1925 916 1964 ad
955 1925 1082 1964 Occi-

201 1990 385 2029 dentem
429 1988 574 2028 omnia
619 1988 758 2027 maria
806 1988 1081 2039 pernavigat.

203 2050 266 2092 Cf.
300 2051 409 2102 Epp.
445 2051 491 2098 11,
528 2050 575 2098 sl,
610 2048 683 2089 45:
730 2050 913 2101 Impiyer
942 2053 1085 2089 extre-

203 2124 288 2153 mos
330 2116 541 2152 mercator·
584 2113 721 2151 curris
765 2113 821 2150 acl
861 2113 997 2151 Indos.
1036 2133 1081 2139 —

202 2188 281 2226 quo
328 2175 566 2225 I'espertina
613 2178 717 2224 tepet
760 2174 902 2226 reqio]
947 2175 1084 2225 Epico

203 2249 410 2278 sermone
443 2237 732 2277 Occidentem
763 2233 1080 2294 παραφράζει.

207 2302 265 2340 De
316 2299 420 2339 solis
468 2300 709 2350 vespertini
759 2302 915 2350 tepore
966 2298 1081 2338 conf.

206 2363 313 2414 Epp.
350 2363 393 2410 sl,
427 2362 501 2410 20,
537 2361 610 2400 49:
660 2361 761 2401 Cum
792 2362 863 2400 libi
892 2362 951 2400 sol
980 2361 1086 2410 lepi-

205 2426 280 2463 dus
305 2424 448 2473 plures
486 2424 716 2462 admoverit
746 2434 883 2462 aures.
922 2446 966 2450 -—
1000 2422 1087 2461 col-

206 2488 331 2526 lectus
361 2486 536 2537 turbine]
569 2485 954 2538 α1ιῙ961υἱνῦεἷί;
1000 2485 1087 2524 col-

207 2550 353 2597 lectus,
399 2549 445 2588 ut
477 2548 553 2588 Od.
589 2547 636 2596 4,
685 2549 731 2597 4,
779 2547 827 2588 4:
872 2549 1089 2598 putrerem

205 2611 425 2662 colleyisse.
464 2632 508 2638 —
544 2610 714 2660 ampliet
756 2614 803 2649 ut
844 2611 945 2662 rem]
992 2611 1086 2649 Non

206 2675 274 2714 est
302 2677 347 2712 ut
376 2671 528 2721 finale,
563 2671 946 2723 quemadmodum
967 2675 1088 2713 ratus

206 2737 273 2776 est
313 2735 429 2775 Voss
474 2734 598 2786 (und
647 2736 769 2774 class
817 2735 1090 2774 anwachse

205 2799 295 2838 das
333 2798 589 2850 Gtttlein);
635 2798 713 2837 sed
747 2798 876 2849 iunge
909 2809 1012 2838 cum
1043 2809 1084 2836 v.

207 2865 409 2900 metuens:
492 2861 782 2911 fitrchtend,
859 2862 978 2900 dass
1039 2871 1090 2900 er

206 2923 313 2962 sein
336 2923 583 2962 Gutizicht
610 2924 883 2963 vermehre.
922 2946 967 2952 —
1000 2934 1091 2963 ver-

207 2985 287 3033 sus]
322 2984 476 3024 «huius
508 2985 645 3025 nostri
675 2987 850 3036 generis
865 2998 907 3033 »3
952 2996 1090 3035 «qua-

207 3046 324 3086 libus
345 3046 476 3086 satira
507 3047 683 3086 utitur.»
713 3069 756 3075 —
781 3049 902 3088 odere
925 3047 1087 3099 poetas]

210 3110 342 3148 Recte
372 3108 550 3147 Iahnius
588 3110 638 3148 N.
672 3111 782 3150 Ann.
810 3109 905 3149 Vol.
940 3111 1007 3149 ⁶27.
1041 3121 1085 3161 p.

208 3171 302 3210 ς330.
338 3165 600 3210 ἀσύνδετον
631 3171 686 3209 ita
719 3171 916 3223 supplet:
966 3183 1090 3211 «me-

209 3234 335 3272 tuunt
355 3242 513 3272 versus
535 3233 667 3282 atque
689 3235 928 3284 propterea
950 3233 1087 3273 odere

210 3296 410 3346 poetas.»
471 3294 642 3334 Festive
681 3306 845 3335 nomen
882 3294 1088 3345 generale

211 3357 355 3408 posuit
397 3368 478 3409 pro
522 3357 600 3404 iis,
655 3356 729 3407 qui
773 3357 951 3408 proprie
996 3354 1089 3396 τῶν

212 3415 471 3466 βαναύσων
501 3418 602 3458 odio
634 3419 817 3470 expositi
848 3420 973 3466 sunt,
1016 3429 1090 3459 sa-

213 3480 395 3520 tirarum
440 3479 744 3533 scriptoribus.
818 3478 989 3521 Scilicet
1036 3492 1089 3521 ex

1149 1485 1324 1526 illorum
1356 1487 1560 1538 opinione
1593 1496 1771 1533 omncs,
1819 1486 1893 1535 qui
1925 1496 2028 1523 ver-

1147 1560 1223 1589 sus
1254 1549 1436 1597 faciunt,
1486 1550 1620 1588 etiam
1657 1549 1812 1589 satiras
1845 1558 2029 1598 compo—

1147 1623 1254 1651 nere
1287 1611 1490 1662 adeoque
1529 1610 1708 1650 laedere
1741 1609 1926 1650 aliorum
1964 1610 2029 1648 sa-

1147 1685 1268 1714 mam
1298 1675 1498 1725 possunt.
1526 1696 1572 1702 -—
1597 1673 1792 1725 Foenum]
1818 1672 2029 1720 «Quando

1148 1737 1309 1777 feriunt
1338 1736 1500 1784 boves,
1549 1747 1705 1776 eorum
1745 1736 1788 1774 in
1819 1735 2029 1774 cornibus

1146 1800 1304 1850 ligatur
1351 1799 1575 1839 foenum.»
1645 1799 1776 1838 Aeno.
1824 1797 1935 1837 Plut.
1986 1798 2030 1836 in

1150 1864 1311 1903 Crasso
1343 1873 1379 1901 c.
1415 1861 1460 1900 7:
1508 1860 1751 1910 Σικίννιος
1790 1858 1910 1917 πρὸς
1946 1855 2030 1899 τὸν

1148 1921 1370 1973 εἰπόντα,
1403 1924 1448 1964 τί
1477 1919 1536 1975 δὴ
1566 1921 1721 1976 μόνον
1744 1917 1799 1963 οὐ
1824 1919 2032 1979 σπαράτ-

1147 2000 1215 2027 τει
1255 1983 1339 2026 τὸν
1384 1983 1636 2043 Κράσσον,
1685 1982 1863 2042 χόρτον
1902 1982 2031 2033 ἔχειν

1148 2050 1301 2103 φησὶν
1345 2048 1422 2090 ἐπὶ
1466 2047 1552 2089 τοῦ
1599 2049 1815 2106 κέρατος.
1853 2071 1897 2076 —-
1935 2049 2031 2087 Eae-

1148 2114 1280 2153 cutz'at
1299 2112 1387 2164 sibi]
1412 2111 1585 2151 dativus
1603 2110 1852 2151 commodi:
1879 2109 2033 2149 «dum-

1148 2175 1284 2215 modo
1329 2174 1457 2214 dictis
1502 2174 1592 2214 suis
1635 2172 1922 2213 mordacibus
1965 2171 2032 2212 le-

1150 2240 1296 2278 ctores
1332 2238 1627 2276 vehementer
1663 2236 1809 2276 ridere
1852 2237 2031 2285 cogat;»

1150 2299 1193 2338 id
1243 2299 1363 2350 quod
1418 2299 1585 2338 homini
1636 2297 1854 2338 malitioso
1902 2295 2032 2335 valde

1148 2360 1395 2406 blanditum
1441 2361 1522 2400 sed
1559 2362 1742 2412 propter
1770 2360 1856 2398 hoc
1887 2359 2033 2410 ipsum

1151 2423 1207 2462 ab
1257 2422 1465 2463 omnibus
1514 2422 1747 2472 fugiendus
1797 2422 1879 2460 est.
1954 2419 2034 2460 Alii

1151 2486 1297 2525 minus
1327 2486 1449 2524 recte
1481 2483 1720 2535 explicant:
1760 2482 2033 2523 «dummodo

1152 2549 1297 2599 semet
1327 2548 1473 2598 ipsum
1506 2545 1562 2585 ad
1593 2545 1829 2585 ridendum
1861 2546 2032 2595 cogat.»

1156 2634 1200 2638 —
1233 2609 1419 2660 illeverit]
1463 2609 1752 2660 contemptim
1796 2608 1851 2647 de
1893 2606 2034 2658 negli-

1152 2672 1297 2723 gentia
1328 2672 1371 2711 in
1408 2670 1662 2711 scribendo.
1701 2693 1746 2698 —
1780 2681 1808 2709 α
1835 2670 2036 2721 furno—-

1151 2734 1340 2786 lacuque]
1374 2744 1398 2773 a
1428 2734 1612 2785 pistrino
1651 2735 1695 2772 et
1731 2743 1874 2784 aquae
1905 2743 2037 2772 rece-

1151 2796 1360 2849 ptaculis,
1413 2807 1527 2847 quae
1575 2795 1702 2836 DCC.
1741 2796 1784 2835 in
1828 2794 1944 2837 Urbe
1975 2795 2037 2834 fe-

1153 2860 1211 2899 cit
1239 2860 1294 2899 M.
1319 2859 1526 2910 Agrippa.
1579 2857 1684 2898 Plin.
1715 2859 1764 2898 H.
1789 2859 1839 2898 N.
1863 2857 1939 2906 36,
1966 2857 2031 2896 45.

1154 2921 1325 2961 Gaudet
1354 2922 1484 2972 igitur
1513 2920 1670 2973 plausu
1704 2921 1937 2960 hominum
1968 2921 2036 2959 in-

1154 2985 1285 3023 fimae
1331 2984 1477 3023 sortis.
1538 2984 1670 3022 Recte
1708 2984 1903 3022 Diintzer
1944 2984 2037 3022 sta-

1153 3047 1254 3095 tuit,
1290 3045 1650 3085 adversariorum
1673 3045 1835 3084 Horatii
1858 3044 1938 3083 tria
1959 3055 2037 3094 po-

1154 3108 1374 3148 tissimum
1413 3117 1575 3157 genera
1614 3107 1830 3146 hactenus
1861 3116 2037 3145 memo-

1154 3171 1257 3218 rari,
1293 3180 1406 3220 quae
1434 3170 1497 3208 sic
1525 3167 1836 3218 distinguenda
1859 3169 2032 3207 essent:

1156 3233 1192 3282 si)
1226 3231 1459 3282 antiquarii
1491 3231 1531 3269 ei
1562 3230 1774 3270 Lucilium
1805 3229 1932 3280 longe
1956 3240 2035 3268 an—

1154 3294 1440 3345 teponentes3
1488 3292 1526 3342 ⁶2.)
1561 3293 1610 3341 ii,
1652 3293 1749 3344 qui,
1792 3294 1839 3331 ut
1870 3291 2036 3341 Crispi-

1155 3367 1257 3405 nus,
1309 3355 1404 3396 eius
1453 3354 1707 3394 tarditatem
1756 3355 1797 3393 in
1849 3362 2036 3402 compo-

1155 3418 1302 3458 nendo
1344 3418 1551 3469 poemata
1597 3418 1730 3467 atque
1772 3415 1902 3455 nimis
1943 3414 2036 3453 exi-

1154 3491 1290 3531 guum
1339 3481 1500 3520 horum
1554 3488 1791 3519 numerum
1842 3476 2037 3526 exagita-
