2231 3787
155 262 258 314 3¹14

788 263 1002 303 HORATII
1033 263 1333 304 SATIRARUM

228 395 351 448 Sive
390 393 580 465 Aquilo
622 393 760 447 radit
797 402 968 448 terras
1009 410 1108 447 seu
1147 392 1339 446 bruma
1377 390 1605 444 nivalem
1903 391 1972 442 25

230 497 486 550 Interiore
526 495 670 549 diem
712 513 847 569 gyro
886 495 1063 557 trahit,
1106 495 1183 547 ire
1223 511 1450 547 necesse
1490 502 1586 547 est.

226 597 540 661 PostmodO,
584 597 732 669 quod
772 597 843 650 mi
883 597 1046 660 obsit,
1091 595 1235 650 'clare
1275 604 1594 668 certumque
1631 596 1810 650 locuto

226 700 558 754 Luctandum
600 700 650 752 in
690 699 844 753 turba
885 707 936 752 et
974 697 1219 752 facienda
1258 697 1453 750 iniuria
1490 698 1672 752 tardis.

225 803 366 867 Quid
404 803 508 864 vis,
553 803 762 863 insane,
805 809 858 854 et
896 818 1032 871 quas
1072 817 1160 854 res
1200 800 1354 871 agis?
1392 800 1671 871 improbus
1709 807 1866 872 urget

264 978 330 1017 ΞΤ.
365 978 546 1016 locutum
575 987 688 1015 corr.
722 975 792 1015 bc.
829 998 875 1005 -—
907 975 975 1015 28.
1012 973 1156 1024 turba,
1187 974 1383 1025 facienda
1404 975 1504 1014 LCt.
1543 998 1588 1004 -—
1621 975 1687 1014 29.
1725 975 1832 1025 Quid
1852 975 1924 1014 tibi

208 1041 291 1088 vis,
325 1050 431 1089 quas
459 1050 525 1078 res
554 1040 666 1090 agis,
700 1037 880 1078 insane?
922 1037 1133 1087 improbus
1161 1040 1283 1088 'zcryet
1312 1039 1401 1076 tres
1433 1037 1672 1087 Torrentii,
1717 1038 1824 1087 Quid
1853 1037 1925 1077 tibi

210 1103 291 1151 vis,
325 1103 492 1151 insane,
517 1106 554 1141 et
575 1112 680 1150 quas
700 1112 766 1141 res
786 1100 998 1151 improbus
1016 1098 1170 1151 umes?
1198 1100 1339 1138 Iratus
1362 1100 1451 1150 (sic)
1477 1099 1584 1139 Cod.
1611 1098 1749 1139 Guelf.
1771 1132 1778 1149 ,
1814 1100 1924 1150 Quid

211 1166 283 1204 libi
310 1166 390 1214 viss,
433 1166 597 1211 insane,
638 1168 676 1203 et
706 1175 832 1214 quam
861 1174 950 1202 ‘rem
980 1161 1102 1213 agis?
1144 1162 1356 1212 improbus
1383 1166 1504 1214 urget
1534 1162 1660 1201 Ira-tis
1693 1161 1821 1214 (Quid
1854 1161 1926 1202 tibi

208 1229 270 1267 vis
301 1239 323 1267 6
357 1227 520 1277 Codd.,

573 1238 700 1277 quam
730 1238 817 1266 rem
848 1225 978 1276 coni.)
1010 1223 1261 1274 Bentleius,
1312 1225 1421 1274 Quid
1450 1225 1521 1264 tibi
1549 1225 1633 1274 vis,
1679 1225 1843 1274 insane,
1888 1228 1927 1264 et

211 1302 338 1341 quam
366 1302 456 1331 rem
485 1291 576 1342 ayis
605 1290 839 1340 improbuS,
886 1292 1008 1340 uryet
1046 1288 1172 1327 Iratis
1209 1287 1433 1328 Heindorf.
1469 1288 1532 1339 (Ut
1562 1298 1666 1337 nos,
1713 1287 1851 1328 nostri
1882 1289 1926 1327 et

157 1440 183 1481 l.
227 1451 313 1480 non
355 1441 517 1493 Pflicht,
564 1439 642 1481 sed
685 1438 1033 1489 Dienstleistuny,

157 1504 429 1555 Gefc'zsslliykett.

209 1568 275 1606 ⁵25.
301 1567 367 1606 ⁶26.
400 1566 527 1618 radit]
553 1566 676 1614 «ssat,
711 1567 856 1604 terrae
880 1574 1036 1615 super-

156 1630 304 1670 ficiem
353 1631 525 1679 radens,
578 1629 936 1681 perstringens‚»
986 1629 1036 1666 ut

155 1694 305 1733 radere
335 1693 444 1732 litus.
505 1692 661 1732 Differt
690 1690 829 1742 Epod.
857 1690 930 1739 46,
963 1689 1030 1730 54

160 1779 204 1784 —
236 1757 437 1795 Interiora
456 1778 475 1784 -
492 1755 612 1807 gyro]
647 1754 907 1795 «solstitium
937 1753 1036 1792 hie-

156 1817 271 1858 male
314 1817 432 1858 lente
479 1819 601 1858 ducit
638 1818 780 1867 diem,
828 1818 902 1868 qui
947 1817 1035 1855 iam

156 1881 415 1921 breviorem
436 1882 668 1930 horarum,
704 1880 865 1931 quibus
888 1878 954 1919 sol
973 1878 1038 1918 lu—

159 1946 250 1993 cet,
293 1943 507 1983 circulum
539 1942 800 1990 describitp»
846 1943 895 1981 ut
924 1942 1039 1980 inter

157 2006 307 2060 plures
339 2005 548 2054 circulos,
596 2005 759 2057 quibus
804 2004 926 2061 idem
970 2004 1038 2043 est

159 2072 382 2119 centrum,
406 2070 640 2109 interiores
657 2079 838 2120 semper
856 2067 1038 2107 brexius

159 2133 351 2184 spatium
395 2131 782 2173 circumscribunt.
852 2131 941 2171 Cic.
982 2130 1037 2169 de

158 2196 209 2235 N.
238 2196 290 2235 D.
321 2196 370 2242 ⁶2,
404 2194 476 2244 44,
512 2195 604 2234 1106.
640 2206 693 2234 ex
736 2195 905 2234 Arateis
949 2193 1039 2233 suis

160 2257 216 2297 de
249 2258 502 2308 Cynosura:
544 2259 657 2297 Nam
685 2268 813 2297 cursu
841 2257 1041 2297 interiore

160 2320 273 2360 brevi
309 2321 565 2360 convertitur
601 2320 710 2360 orbe.
773 2320 889 2370 Virg.
927 2320 1035 2359 Aen.

160 2384 237 2432 Μ,
281 2383 384 2423 695:
434 2383 577 2422 Eludic
611 2394 717 2434 yyro
753 2383 942 2422 interior.
990 2403 1034 2410 —

160 2446 301 2498 trahit]
333 2445 533 2498 plerique
563 2447 710 2486 minus
733 2448 940 2485 accurate
970 2446 1039 2485 in-

163 2510 464 2561 terpretantur
513 2509 769 2548 «contrahit
794 2521 830 2557 ;»
881 2507 1039 2548 melius

159 2573 322 2613 Bothe:
373 2570 520 2611 «lente
562 2571 684 2612 ducit
723 2572 851 2623 quasi
890 2572 1040 2622 ingra·-

161 2638 275 2684 tum,
323 2635 396 2686 qui
441 2635 513 2674 vix
553 2635 617 2675 ire
657 2634 911 2685 videatur‚»
957 2634 1040 2674 etsi

161 2697 298 2738 multo
328 2697 584 2737 breviorem
614 2698 797 2738 aestivo.

215 2761 282 2800 27.
307 2761 374 2801 28.
423 2760 637 2799 Postmodo
678 2759 781 2810 cet]
825 2760 1036 2808 «Statim,

163 2834 266 2862 cum
296 2834 319 2862 e
350 2823 444 2862 foro
475 2823 682 2873 discessi,
715 2823 911 2863 incidere
939 2834 1040 2862 rur-

163 2896 240 2926 sus
288 2885 408 2926 soleo
459 2887 502 2926 in
552 2885 729 2926 turbam
775 2885 1040 2926 molestissi-

163 2959 328 2988 mam.»
385 2947 529 2988 Nolim
559 2959 662 2988 cum
693 2947 786 2988 aliis
826 2949 1036 2998 iungere:

164 3012 272 3060 quod
293 3011 348 3049 mi
364 3011 576 3060 postmodo
596 3010 711 3049 obsit.
745 3010 869 3050 Conf.
890 3012 1040 3049 tamen

165 3073 243 3112 Od.
266 3074 303 3121 4,
336 3073 412 3121 ⁵28,
450 3072 524 3111 30:
564 3073 801 3111 nocituram
826 3073 1040 3112 Postmodo

163 3136 423 3186 --fraudem
460 3135 725 3174 committere.
771 3158 814 3162 -
846 3135 956 3183 quod
982 3135 1041 3173 mi

165 3199 287 3248 obsit,
311 3221 333 3227 —
353 3221 376 3227 -
396 3197 544 3248 locuto]
581 3199 718 3238 «Cum
750 3198 1039 3249 pronuntiaro

165 3261 414 3313 sponsionis
462 3258 719 3307 formulam,
780 3269 894 3310 quae
951 3259 1041 3298 for-

165 3324 307 3372 tasse,
349 3322 426 3362 ubi
465 3321 670 3362 creditori
703 3332 727 3360 a
758 3332 830 3361 me
867 3321 1041 3361 satisfa-

168 3386 376 3426 ciendum
407 3386 509 3434 erit,
557 3385 591 3425 si
622 3383 797 3424 debitor
826 3385 921 3436 ipse
953 3383 1042 3424 sol-

166 3449 311 3489 vendo
343 3459 431 3488 non
461 3448 610 3496 fuerit,
650 3447 755 3486 mihi
787 3457 947 3486 noxam
977 3446 1043 3487 af-

168 3511 298 3551 feret:
317 3527 334 3547 »
369 3523 421 3551 ex
452 3509 641 3550 Thaletis
673 3508 763 3558 vel,
798 3511 845 3548 ut
875 3508 943 3549 alii
968 3520 1043 3549 vo-

1098 1435 1212 1485 lunt,
1260 1436 1423 1476 Biantis
1466 1435 1536 1476 illa
1576 1437 1816 1486 sententia,
1864 1448 1979 1488 quae

1098 1500 1142 1540 in
1164 1499 1454 1551 proxerbium
1475 1500 1606 1540 abiit:
1634 1495 1823 1554 Εγγύα,
1847 1497 1981 1558 πάρα

1098 1560 1133 1601 δ’
1163 1557 1270 1602 ἄτα.
1318 1562 1521 1614 (Sponde;
1550 1575 1671 1603 noxa
1692 1567 1865 1613 praesto
1886 1568 1957 1604 est.
1962 1563 1980 1616 )

1098 1626 1389 1678 Epicharmus
1419 1627 1462 1665 in
1493 1626 1628 1666 Grotii
1661 1626 1764 1666 Exc.
1798 1636 1841 1677 p.
1876 1625 1977 1667 484:

1093 1684 1267 1743 Ἐγγύα
1308 1686 1526 1746 θυγάτηο
1577 1687 1663 1728 ιιὲν
1707 1682 1852 1739 α’τας,
1904 1687 1982 1742 ἑγ-

1098 1750 1219 1806 γύας
1248 1750 1299 1791 δὲ
1328 1753 1489 1805 ζηαία.
1517 1773 1561 1780 —-
1586 1752 1700 1791 clare
1729 1751 1980 1803 conumque]

1100 1816 1175 1855 Est
1213 1816 1299 1854 hoc
1331 1826 1384 1854 ex
1423 1813 1714 1854 foimularum
1745 1825 1979 1864 sermone,

1101 1890 1154 1917 ex
1185 1889 1273 1928 quo
1305 1877 1424 1928 apud
1453 1878 1578 1917 ICtos
1608 1881 1723 1917 certa
1750 1877 1879 1917 verba
1905 1888 1983 1917 ea·
2026 1918 2029 1920 .

1101 1940 1204 1979 clem
1236 1943 1338 1980 sunt
1368 1951 1419 1980 ac
1440 1939 1671 1980 sollemnIa
1699 1942 1743 1980 et
1770 1939 1980 1991 legitima;

1100 2004 1341 2053 utrumque
1373 2004 1524 2041 autem
1554 2014 1595 2042 v.
1620 2004 1678 2042 ita
1716 2003 1910 2053 iungitur
1937 2003 1983 2042 in

1102 2063 1290 2104 formula
1320 2064 1439 2115 apud
1469 2065 1558 2103 Liv.
1585 2065 1600 2103 4
1624 2096 1631 2113 ‚
1667 2064 1739 2104 l18:
1771 2065 1981 2114 Iuppiter,

1101 2149 1124 2155 -
1144 2149 1167 2155 -
1188 2130 1232 2166 tu
1260 2126 1382 2177 signa
1410 2126 1525 2166 nobis
1554 2130 1669 2165 certa
1704 2127 1980 2176 adclarassi83

1105 2191 1149 2229 et
1169 2200 1353 2241 prorsus
1374 2191 1423 2228 ut
1442 2190 1486 2229 h.
1506 2188 1533 2229 1.
1554 2189 1674 2241 apud
1694 2191 1851 2230 Senec.
1871 2189 1980 2230 Lud.

1105 2254 1152 2293 4:
1196 2264 1464 2303 quaecunque
1494 2253 1657 2302 audivi,
1689 2257 1806 2292 certa
1837 2253 1984 2292 clara-

1105 2326 1182 2365 que
1211 2317 1358 2366 affero.
1395 2339 1440 2343 —
1469 2315 1745 2367 Luctanclum]
1780 2326 1982 2356 «summo

1103 2378 1256 2419 labore
1295 2378 1622 2430 penetrandum
1664 2380 1732 2418 est
1770 2389 1852 2430 per
1888 2380 1985 2418 tur-

1102 2443 1230 2492 bam,
1264 2443 1322 2482 ita
1342 2444 1390 2482 ut
1418 2443 1462 2482 in
1491 2442 1709 2483 tardiores
1739 2443 1984 2494 impingam

1105 2517 1272 2557 eosque
1317 2504 1514 2557 pulsem,
1563 2508 1696 2556 atque
1742 2504 1855 2545 adeo
1899 2505 1983 2545 etsi

1102 2571 1264 2611 invitus
1284 2570 1441 2609 iniuria
1463 2580 1540 2609 eos
1561 2569 1795 2610 afficiam.»
1840 2567 1980 2608 Plaut.

1103 2635 1284 2674 Mercat.
1310 2634 1355 2681 4,
1390 2633 1435 2681 4,
1470 2632 1513 2671 9:
1564 2633 1619 2671 Ει
1655 2632 1911 2671 currendum
1945 2635 1986 2670 et

1100 2696 1378 2747 puqnandum
1407 2698 1445 2735 et
1472 2699 1612 2734 autem
1640 2694 1898 2745 iurgandum
1926 2698 1984 2734 est

1104 2760 1149 2799 in
1175 2760 1262 2798 via.

1158 2821 1299 2861 29-34.
1336 2819 1546 2870 Quidvis,
1578 2818 1739 2870 insane]
1770 2818 1849 2858 Vv.
1868 2818 1983 2858 haec

1104 2884 1229 2935 quasi
1250 2884 1294 2922 in
1314 2880 1551 2922 formulam
1571 2882 1850 2921 transierant.
1879 2882 1985 2921 Pro-

1102 2948 1215 2998 pert.
1242 2947 1280 2994 4,
1313 2946 1353 2994 5,
1387 2944 1431 2984 3:
1468 2945 1576 2994 Quid
1603 2944 1674 2983 tibi
1701 2945 1780 2994 vis,
1810 2942 1984 2984 insane?

1106 3008 1226 3048 Cons.
1265 3008 1352 3047 Sat.
1386 3008 1433 3055 4,
1479 3008 1527 3057 2,
1573 3006 1640 3046 69.
1715 3007 1809 3046 Iam
1839 3005 1979 3047 Codd.

1104 3070 1192 3109 mei
1240 3070 1468 3120 antiquiss.
1515 3070 1625 3120 satis
1674 3069 1984 3110 demonstrant

1104 3144 1260 3174 omnes
1290 3133 1421 3173 huius
1450 3124 1568 3173 vers.
1598 3133 1742 3172 varias
1770 3131 1890 3171 lectt.
1914 3132 1984 3172 in-

1103 3195 1446 3247 terpolatoribus
1477 3194 1653 3244 deberi,
1696 3195 1771 3245 qui
1800 3193 1982 3234 omnino

1102 3270 1145 3299 v.
1183 3259 1254 3298 tibi
1283 3257 1506 3298 inculcare
1529 3258 1797 3297 conarentur
1816 3254 1886 3296 vel
1906 3266 1984 3308 pa-

1104 3332 1205 3361 rum
1226 3320 1521 3372 intelligerent
1537 3331 1579 3360 v.
1603 3317 1837 3369 improbus,
1862 3317 1982 3368 quod

1105 3385 1250 3425 minus
1293 3385 1415 3423 recte
1461 3393 1485 3421 a
1526 3379 1745 3421 nonnullis
1790 3389 1893 3420 cum
1935 3390 1978 3418 v.

1105 3448 1198 3498 agis
1218 3446 1518 3496 coniungitur;
1543 3453 1647 3483 nam
1668 3442 1876 3482 orationis
1896 3442 1983 3482 Ho-

1106 3509 1300 3549 ratianae
1321 3507 1484 3548 levitati
1503 3507 1790 3558 repugnaret:
1820 3504 1978 3552 insane,

2189 3446 2193 3453 ,

2189 3479 2192 3486 ι

2190 3494 2192 3510 ἶ

2188 3521 2192 3534 l
