2231 3787
174 322 201 336 ¹0⁴

172 285 272 337 ‘⁴382
786 285 1000 325 HORATll
1031 285 1329 325 SATIRARUM

241 415 452 469 Mitulus
492 425 544 469 et
582 414 712 469 viles
750 415 949 486 pellent
987 414 1252 468 obstantia
1290 412 1527 466 conchae

243 519 304 571 Et
340 517 536 589 lapathi
573 517 753 571 brevis
792 516 985 578 herba,
1031 515 1128 569 sed
1166 514 1286 568 albo
1327 531 1433 567 non
1472 512 1586 567 sine
1629 513 1754 567 Coo.

242 620 470 673 Lubrica
509 627 791 672 nascentes
831 617 1051 688 implent
1089 615 1372 688 conchylia
1410 614 1597 679 lunae3
1759 663 1763 668 .
1915 615 1982 668 30

244 721 350 774 Sed
390 738 495 774 non
533 737 690 773 omne
729 737 875 773 mare
914 728 996 772 est
1032 735 1329 789 generosae
1368 717 1546 772 fertile
1579 725 1760 771 testae.

243 823 442 876 Murice
482 823 681 875 Baiano
721 820 910 874 melior
947 820 1178 873 Lucrina
1215 818 1443 891 peloris,

242 926 435 978 Ostrea
470 922 718 985 CirceiiS,
760 922 965 976 Miseno
1005 921 1248 975 oriuntur
1288 921 1491 983 echini,

243 1024 546 1079 pectinibus
584 1023 778 1095 patulis
819 1024 976 1078 iactat
1014 1041 1073 1078 se
1112 1023 1272 1078 molle
1311 996 1620 1078 Tarentum.-

279 1222 345 1261 029.
393 1221 490 1262 Chio
521 1233 635 1261 corr.
668 1221 712 1261 b.
752 1244 793 1249 —
843 1222 908 1262 33.
943 1222 1113 1271 Circeis,
1160 1223 1208 1261 ut
1237 1222 1442 1261 Horatius
1472 1222 1703 1274 scripsisse
1734 1221 1927 1272 videtur,

226 1282 418 1324 Libellus
450 1283 505 1323 de
537 1294 639 1334 gen.
672 1294 793 1324 nom.
827 1284 897 1324 ed.
930 1285 1076 1336 Haupt
1103 1295 1145 1336 p.
1180 1284 1270 1332 78„
1304 1284 1484 1324 Circaeis
1512 1285 1590 1333 Lo,
1623 1283 1762 1324 Bentl.
1796 1285 1841 1324 et
1869 1285 1913 1324 F.

170 1448 404 1488 morabitur
433 1449 566 1502 alvus]
599 1451 797 1490 Imitatus
828 1451 895 1490 est
915 1450 1047 1490 Sere-

171 1522 252 1551 nus
283 1512 458 1552 Samon.
482 1525 523 1552 v.
547 1513 646 1553 548:
682 1513 814 1563 Saepe
843 1512 922 1551 cibi
951 1524 1048 1563 spe-

170 1574 230 1612 cie
276 1575 375 1613 vitio
420 1575 484 1614 vel
527 1576 714 1625 corporis
755 1576 844 1625 ipso
886 1576 1049 1616 Potibus

171 1640 245 1674 aut
274 1638 390 1676 duris
417 1638 610 1677 *restricta
638 1638 872 1677 morabitur
911 1639 1044 1678 alvus.

224 1699 368 1739 28-30.
401 1701 573 1740 ,Uitulus
593 1701 696 1753 cet]
722 1701 847 1741 Hunc
867 1713 1048 1742 versum

170 1762 344 1812 repetiit
375 1762 553 1802 Horatio
592 1764 818 1803 nominato
854 1764 1047 1804 Serenus

171 1823 348 1863 Samon.
380 1836 421 1864 v,
452 1825 546 1866 534.
577 1826 734 1866 Athen.
764 1826 810 1874 3,
844 1826 917 1865 321:
960 1823 1048 1879 τὴν

170 1883 384 1925 τελλίναν
404 1909 426 1914 -
446 1910 484 1937 -,
518 1883 578 1940 ἢν
603 1883 833 1941 Ῥωμαῖοι
852 1887 1048 1941 μίτλον

172 1944 482 2001 ὀνομάζουσι.
556 1952 633 1991 Est
671 1951 884 1991 conchula
917 1963 1049 1992 escu-

172 2010 303 2050 lenta.
366 2011 520 2054 Celsus
541 2014 584 2061 ⁶2,
615 2014 688 2053 ⁶29:
721 2014 869 2054 Alvum
887 2019 1050 2054 movent

171 2096 193 2101 —
214 2095 235 2101 -
255 2074 471 2124 lapathum
490 2097 513 2103 -
534 2098 557 2104 -
576 2076 764 2116 cochleae
789 2099 812 2105 -
839 2100 862 2106 -
889 2081 1046 2127 ostrea,

170 2136 392 2186 pelorides,
440 2138 591 2186 echini,
636 2139 813 2178 musculi
842 2143 878 2179 et
912 2150 1050 2179 omues

170 2198 256 2248 fere
276 2200 498 2239 conchulae
517 2201 781 2251 maaeimeque
800 2202 866 2241 ius
885 2213 1045 2242 earum.

172 2261 328 2300 Athen.
354 2261 397 2310 3,
431 2261 504 2301 42:
551 2258 610 2301 τὰ
646 2260 696 2302 δὲ
734 2261 1048 2316 συνεψόμενα

173 2316 384 2378 (ὄστρεα)
431 2320 629 2382 μαλάχῃ
686 2320 719 2378 ἦ
767 2322 968 2380 λαπάθῳ
1017 2321 1050 2379 ἢ

175 2383 389 2434 ἰχθύσιν,
439 2381 471 2438 ἢ
499 2387 608 2426 καθ’
641 2384 787 2437 αὑτά,
831 2386 1049 2447 τρόφιμα

171 2448 252 2487 καὶ
283 2443 509 2488 εὐκοίλια.
557 2473 601 2477 -
645 2451 816 2503 lapathi]
848 2453 1045 2502 rumicis,

172 2510 559 2562 Sauerampfer.
594 2512 656 2552 Cf.
678 2513 817 2564 Epod.
836 2514 883 2562 Ξ,
907 2514 972 2553 57.
1001 2538 1044 2542 -

173 2572 304 2612 brevis
346 2573 486 2625 herba]
536 2573 781 2615 «humilis»
844 2576 1043 2616 Dioscor.

172 2635 218 2683 2,
248 2634 345 2674 140:
380 2637 537 2691 τρίτον
557 2633 607 2675 δὲ
629 2636 783 2690 ζγένος
804 2635 1048 2687 λαπάθου)

172 2690 301 2736 ἔστιν
331 2691 520 2754 ἄγριον,
557 2696 752 2754 μικρόν,
785 2725 809 2731 -
839 2724 864 2731 -
891 2699 1050 2752 μαλα-

173 2755 284 2806 κόν,
317 2757 553 2799 ταπεινόν.
606 2760 728 2802 Falso
756 2763 1044 2814 Porphyrion,

175 2831 436 2872 comparans
468 2822 545 2862 Od.
574 2824 613 2872 l,
647 2823 721 2872 36,
757 2824 830 2863 46:
865 2825 982 2864 breve
1003 2826 1051 2864 li-

173 2882 297 2929 lium,
332 2883 544 2934 explicat:
594 2897 707 2925 «non
747 2885 821 2925 diu
851 2887 1047 2936 vigens.»

179 2968 222 2972 —-
247 2945 338 2984 albo
358 2968 376 2974 -
395 2968 413 2974 -
434 2947 527 2998 Coo]
560 2949 698 2988 Etiam
722 2948 875 2989 Celsus
896 2948 922 2988 l.
945 2948 972 2988 l.
993 2950 1047 2989 ad

176 3005 322 3047 alvum
360 3009 628 3049 movendam
666 3011 951 3051 commendat
984 3012 1051 3050 vi-

174 3080 273 3108 uum
311 3071 425 3110 dulce
458 3072 521 3110 vel
558 3073 728 3111 salsum.
789 3073 894 3113 Plin.
923 3074 972 3113 H.
997 3075 1046 3113 N.

177 3130 248 3179 44,
283 3132 332 3170 40
350 3144 358 3170 ·.
392 3133 462 3172 Coi
483 3135 696 3174 marinam
715 3147 873 3184 aquam
893 3136 1052 3187 largio-

174 3205 262 3233 rem
290 3196 458 3234 miscent
482 3196 628 3245 (vino'p
653 3218 666 3224 —
687 3219 704 3225 -
724 3198 846 3247 idque
864 3199 1051 3237 transla-

177 3262 263 3295 tum
292 3258 331 3295 in
364 3257 503 3297 album
524 3263 702 3298 mustum
723 3259 959 3299 leucocoum
979 3272 1053 3311 ap-

170 3319 368 3368 pellatur.
421 3344 463 3347 —
508 3320 709 3372 Lubrica]
758 3321 950 3373 Intellige
995 3323 1049 3363 de

177 3390 311 3419 succo
343 3384 384 3421 et
425 3381 555 3434 pulpa
594 3382 909 3436 (schleimiy).
972 3384 1050 3425 Alii

178 3443 322 3482 minus
360 3446 478 3484 recte
522 3443 739 3496 explicant
778 3444 846 3485 vel
887 3445 1048 3486 «levia»

178 3503 245 3543 vel
278 3505 449 3546 «alvum
471 3508 733 3557 moventium
759 3511 805 3548 ut
825 3519 929 3549 sane
952 3511 1052 3549 Per-

1077 1454 1080 1460 ·
1110 1449 1200 1488 sius
1231 1449 1276 1497 5,
1311 1447 1403 1487 435.
1437 1446 1542 1486 dixit
1571 1447 1733 1487 lubrica
1761 1447 1860 1503 Coa.
1899 1448 1987 1488 Sed

1111 1510 1166 1550 de
1195 1511 1280 1550 hac
1319 1521 1367 1549 re
1406 1510 1531 1559 satis,
1576 1511 1626 1549 ut
1663 1510 1840 1562 opinor,
1886 1522 1987 1551 mo-

1109 1575 1268 1613 nuerat
1306 1573 1349 1612 in.
1394 1572 1782 1624 praecedentibus.
1825 1596 1869 1602 ·-
1904 1585 1988 1614 ua-

1106 1634 1488 1686 scentes--luuaeJ
1537 1636 1682 1674 «Luna
1735 1647 1986 1677 crescens.»

1109 1697 1300 1738 Lucilius
1321 1697 1438 1749 apud
1461 1696 1566 1738 Gell.
1588 1698 1641 1738 ΞΟ
1656 1730 1664 1748 ,
1681 1697 1739 1751 ξ8ῑ
1770 1700 1890 1739 Luna
1911 1699 1990 1738 alit

1108 1766 1245 1802 ostrea
1263 1765 1301 1801 et
1327 1761 1468 1811 implet
1491 1761 1664 1800 echinos.
1727 1760 1834 1802 Plin.
1856 1763 1907 1803 H.
1930 1764 1983 1802 N.

1108 1826 1148 1874 ⁶2,
1168 1824 1213 1865 4⁴
1233 1836 1241 1863 τ
1266 1825 1426 1863 Lunari
1435 1827 1636 1874 potestate
1647 1828 1876 1865 ostreorum
1892 1837 1988 1865 con-

1109 1887 1418 1936 chyliorumque
1446 1891 1485 1926 et
1522 1887 1775 1926 concharum
1804 1888 1988 1928 omnium

1108 1960 1289 1999 corpora
1317 1949 1475 2000 'augeri
1506 1960 1557 1988 ac.
1592 1960 1740 1989 rursus
1767 1951 1942 1990 minui-
1962 1973 1985 1980 -

1107 2012 1367 2062 exquisivere
1395 2011 1686 2062 diliyentiores.

1164 2072 1303 2114 32-34.
1333 2073 1506 2124 Murice]
1528 2074 1983 2114 Stachelschuecke.

1114 2160 1158 2165 —
1213 2135 1381 2188 peloris]
1454 2136 1816 2176 Gieumuschel.
1883 2136 1987 2177 Ideo

1109 2197 1317 2247 fortasse,
1364 2209 1419 2237 ne
1458 2197 1681 2250 pelorides
1716 2209 1819 2238 cum
1847 2200 1989 2239 muri-

1112 2271 1214 2300 cum
1244 2272 1405 2312 genere
1436 2272 1618 2313 prorsus
1650 2261 1826 2302 diverso
1862 2272 1988 2301 com-

1109 2325 1389 2376 pararentur,
1424 2324 1609 2375 Snapius
1639 2324 1852 2364 coniecit:
1886 2325 1986 2364 Mu-

1109 2399 1189 2426 ress
1216 2388 1405 2426 Baianus
1426 2387 1591 2435 melior,
1627 2387 1812 2426 Lucrina
1833 2387 1991 2436 peloris

1112 2451 1260 2500 (quam
1291 2449 1449 2489 eadem
1471 2448 1807 2499 conchyliorum
1826 2459 1988 2500 genera

1111 2511 1213 2551 alibi
1248 2511 1390 2563 lecta).
1451 2511 1538 2551 Sed
1568 2510 1767 2551 consulto
1797 2511 1987 2552 formam

1111 2575 1319 2614 orationis
1363 2575 1477 2614 inter
1509 2586 1578 2614 vv.
1617 2574 1682 2614 32.
1731 2576 1775 2614 et
1816 2574 1866 2614 33
1917 2584 1984 2624 sq.

1111 2637 1180 2677 illa
1212 2637 1541 2688 comparatione
1578 2637 1774 2676 variavit.
1811 2659 1856 2664 —-
1893 2636 1988 2676 Cir-

1110 2700 1219 2749 ceiis]
1260 2699 1422 2751 oppido
1449 2700 1492 2738 et
1530 2698 1833 2749 promontorio
1863 2699 1982 2738 Latii.

1111 2763 1217 2804 Plin.
1242 2764 1292 2802 H.
1316 2764 1365 2801 N.
1391 2761 1465 2810 3⁵2,
1498 2762 1542 2800 21¹
1566 2773 1573 2799 :
1606 2762 1678 2800 His
1709 2761 1988 2811 (Circeiensi—

1111 2825 1196 2865 bus
1240 2824 1412 2874 ostreis)
1457 2834 1586 2872 neque
1628 2823 1818 2862 dulciora
1857 2834 1989 2872 neque

1111 2887 1320 2927 teneriora
1361 2897 1443 2925 esse
1484 2886 1573 2925 ulla
1615 2890 1871 2936 comperlwm
1912 2890 1983 2926 est.

1111 2952 1260 2989 Iuven.
1285 2948 1333 2997 4,
1368 2947 1466 2988 440:
1518 2948 1669 2988 Circeis
1708 2952 1813 2988 nata
1852 2949 1989 2999 forent

1112 3024 1170 3051 an
1198 3012 1425 3051 Lucrinum
1454 3012 1509 3050 ad
1537 3022 1691 3051 sapum
1728 3011 1989 3061 Rutupinove

1111 3075 1223 3114 edita
1251 3074 1379 3125 fundo
1411 3074 1579 3121 Ostrea,
1611 3073 1786 3113 callebat
1811 3073 1988 3124 (Monta-

1112 3138 1208 3186 nus)
1243 3136 1383 3186 primo
1420 3137 1668 3186 deprendere
1704 3147 1860 3175 morsu.
1920 3136 1988 3175 Si-

1113 3198 1239 3239 miles
1271 3198 1450 3238 delicias
1480 3198 1595 3239 ridet
1625 3199 1799 3239 Persius
1829 3198 1876 3247 6,
1915 3197 1983 3238 24.

1117 3282 1160 3289 -
1194 3260 1366 3312 Miseno]
1399 3261 1563 3313 oppido
1603 3262 1647 3301 et
1682 3261 1986 3312 promontorio

1115 3324 1398 3376 Campaniae.
1438 3346 1481 3351 —
1512 3321 1752 3374 Pectinibus]
1782 3322 1824 3362 K
1831 3333 1985 3362 amm-

1112 3386 1379 3425 muscheln.
1409 3409 1452 3413 —-
1469 3383 1641 3436 patulis]
1671 3379 1983 3434 ἀναπτύχοις,

1116 3459 1255 3499 «quae
1301 3446 1425 3488 facile
1467 3447 1657 3487 conchas
1697 3447 1900 3498 aperiunt
1942 3449 1988 3487 et-

1115 3509 1367 3551 claudunt.»
1397 3511 1570 3551 Aristot.
1591 3510 1697 3551 Hist.
1716 3510 1858 3551 Anim.
1878 3509 1917 3558 4,
1936 3509 1981 3550 4:
