2231 3787
194 257 292 310 ⁷1:34.
829 256 1042 295 HORATII
1073 254 1372 295 SATIRARUM

263 391 396 444 Cum
434 390 500 460 L}
517 388 599 442 cio
641 386 871 448 GlauCO,
914 384 1156 438 discedat
1195 383 1418 454 pigrior,
1461 380 1597 433 ultro

262 490 572 545 Muneribus
613 489 817 542 missis:
859 520 928 526 —
965 489 1128 539 Bruto
1168 492 1418 556 praetore
1458 489 1671 535 tenente

261 593 436 646 Ditem
474 592 677 653 Asiam,
722 589 893 660 Rupili
933 596 986 641 et
1023 587 1172 641 Persi
1212 604 1310 657 par
1351 592 1573 655 pugnat,
1614 583 1689 635 uti
1729 599 1834 635 non

264 694 629 765 Compositum
669 691 858 745 melius
898 708 1021 744 cum
1056 689 1209 741 Bitho
1247 685 1525 740 Bacchius.
1602 686 1660 736 In
1701 683 1781 736 ius
1943 683 2011 734 ΞΟ

264 800 426 850 Acres
468 802 811 865 procurrunt,
855 809 1107 862 magnum
1145 787 1510 860 spectaculum
1553 795 1799 857 uterque.

264 899 479 951 Persius
520 895 735 965 exponit
773 911 1019 956 causam,
1068 891 1272 945 ridetur
1310 889 1377 943 ab
1409 889 1552 942 omni

307 1065 369 1103 17.
403 1062 576 1101 discedet
608 1060 801 1100 Pottierii
832 1069 960 1098 unus.
1000 1081 1041 1085 —
1071 1057 1288 1108 pulchrior
1318 1055 1512 1096 Pottierii
1543 1055 1657 1094 octo.
1695 1076 1739 1081 —
1775 1053 1839 1093 49.
1874 1054 1960 1092 Ru-

243 1127 334 1177 puli
365 1127 404 1164 S.
442 1147 487 1152 —
535 1124 600 1163 20.
650 1122 906 1172 Composicus
934 1120 1069 1172 bcdp,
1102 1119 1296 1160 Pottierii
1326 1117 1550 1169 plerique,
1584 1117 1693 1165 LCt,
1741 1115 1963 1165 Composici

250 1201 303 1228 ex
333 1198 420 1227 uno
453 1186 559 1226 Cod.
593 1184 922 1235 Magi-lalenenSi
954 1184 1005 1235 (v)
1037 1180 1274 1222 Bentleius.
1311 1181 1374 1230 (Ut
1403 1191 1513 1228 nos,
1549 1180 1599 1227 S,
1635 1177 1840 1217 «dimidia
1869 1176 1961 1217 fere

248 1261 351 1302 pars
383 1250 624 1290 Codicum»
657 1247 839 1287 Bentleii
870 1248 913 1286 et
942 1248 1033 1285 tres
1065 1244 1289 1295 Pottierii.)
1326 1264 1369 1270 -
1417 1243 1545 1290 «Hic,
1578 1242 1626 1281 ut
1660 1240 1752 1280 sere
1783 1250 1965 1291 semper

251 1315 293 1353 in
323 1311 576 1352 nominibus
607 1310 816 1362 propriis,
850 1309 1021 1347 variant
1053 1307 1264 1347 Codices:
1309 1306 1446 1355 Bitho,
1478 1305 1594 1354 Bito,
1626 1304 1746 1352 Bico,
1780 1303 1824 1342 et
1850 1303 1964 1341 Bac-

249 1376 381 1424 chius,
415 1374 592 1413 Bachius
613 1375 726 1412 cet.»
759 1373 911 1411 BENTL.
940 1394 984 1398 —
1009 1372 1055 1409 In
1076 1370 1152 1421 ius]
1188 1371 1296 1409 intus
1326 1381 1379 1408 ex
1411 1369 1519 1409 Cod.
1543 1367 1696 1408 Bland.
1731 1366 1960 1416 antiquiss.

252 1441 298 1478 C.
338 1462 381 1465 -
416 1438 480 1476 ⁴211.
515 1439 768 1476 concurrunt
798 1433 932 1474 bSod.

199 1565 265 1602 est
295 1562 555 1607 auctoritas3
590 1572 693 1599 nam
725 1560 875 1598 nititur
905 1558 1079 1596 dumta-

196 1627 270 1663 xat
299 1625 381 1663 hac
413 1622 613 1662 Lambini
636 1621 943 1661 adnotatione:
983 1630 1079 1658 «ve-

195 1687 279 1738 υεθϊ]
313 1687 374 1727 sic
404 1685 573 1725 habent
602 1686 692 1724 tres
723 1683 821 1723 libri
850 1692 1074 1722 manuscr.

199 1752 308 1790 Don.
356 1750 510 1789 Faern.
558 1749 712 1795 Torn.,
767 1745 960 1785 nonnulli
1010 1744 1078 1784 alii

202 1817 373 1852 verset.»
435 1812 559 1861 (Feae
598 1808 775 1859 nullus.)
818 1830 862 1836 —
906 1808 1078 1859 Glauco]

200 1874 329 1926 Apud
367 1874 612 1912 Homerum
650 1871 833 1921 quidem
871 1872 1081 1921 (quocum

202 1936 317 1978 conf.
352 1936 536 1984 Quintus
568 1935 742 1984 Smyrn.
778 1934 825 1981 3,
859 1933 1079 1983 ata-³285.)

201 1999 383 2040 minime
415 1999 597 2047 ignavus
628 1998 879 2047 comparet,
914 1995 994 2035 sed
1015 1998 1083 2034 ta—

205 2073 310 2101 men
340 2072 426 2099 non
458 2060 552 2099 sine
576 2058 771 2109 quadam
802 2059 939 2097 ironia
972 2057 1017 2097 Il.
1042 2059 1079 2108 ζ,

203 2124 302 2164 ’2341
343 2117 473 2161 ’Ἔνθ’
515 2114 629 2160 αὖτε
666 2117 869 2174 Γλαύκῳ
910 2120 1083 2177 Κρονί-

205 2186 290 2239 δης
311 2199 343 2235 ᾳ
353 2186 490 2241 ρέψας
511 2180 697 2234 ἐξέλετο
718 2178 942 2234 Ζεύς,”ος
963 2180 1082 2241 πρὸς

208 2246 433 2300 Τυδείδην
470 2243 715 2298 Διομήδεα
744 2243 896 2294 τεύχε’
943 2242 1083 2299 (Zaa-

205 2313 313 2362 βεν,
350 2307 549 2367 >xpi-oea
578 2308 838 2357 χαλκείων,
873 2307 1083 2362 ἑκατόμ-

208 2375 301 2424 ,Soc'
342 2370 644 2420 ἐννεαβοίων.
706 2373 783 2412 Est
812 2373 942 2422 igItur
971 2371 1083 2412 haec

208 2447 386 2488 quoque
419 2447 473 2475 ex
502 2435 697 2485 parodiis
718 2433 798 2474 illis
821 2436 1080 2484 Homericis,

209 2499 371 2551 quibus
401 2498 589 2538 refertus
620 2500 688 2537 est
717 2499 958 2546 Luc-ianus,
1003 2499 1086 2537 ita—

208 2573 295 2613 que
325 2559 495 2600 ridiculi
533 2571 665 2599 causa
703 2560 933 2609 dicebant,
981 2572 1087 2611 pro-

208 2626 308 2675 pter
337 2623 554 2673 ignaviam
588 2622 799 2662 Glaucum
825 2635 848 2661 a
870 2623 1086 2662 Diomede

211 2686 327 2725 dono
350 2684 418 2724 illo
439 2685 574 2724 vitam
606 2684 869 2725 redemisse.
907 2685 1087 2734 (Eadem

211 2748 540 2799 comparatione
578 2749 736 2796 quater
774 2748 910 2786 utitur
952 2749 1089 2788 Maxi-

214 2821 313 2850 mus
335 2810 490 2859 Tyrius
512 2809 550 2858 3,
575 2810 612 2848 ὃ.
648 2810 686 2857 6,
711 2809 748 2848 3.
784 2810 850 2857 39,
877 2811 913 2849 4.
948 2808 1022 2858 4-0,
1048 2811 1085 2849 4.

212 2875 323 2913 Item
367 2870 626 2911 Plutarchus
667 2871 766 2910 adv.
807 2872 974 2911 Stoicos
1021 2873 1086 2910 Μ.

213 2933 398 2973 Videtur
444 2934 603 2972 usitata
652 2932 784 2972 fuisse
833 2934 875 2973 in
921 2932 1089 2973 Scholis

214 2995 612 3049 philosophorum.)
637 3019 680 3023 ——
700 2995 846 3047 missis]
870 2996 912 3035 h.
933 2995 959 3035 l.
987 2995 1092 3035 «ob-

213 3058 335 3105 latis,
383 3057 538 3096 datis.»
595 3080 638 3084 —-
691 3061 848 3097 tenente
879 3079 902 3085 —
933 3057 1088 3109 Asiam]

216 3124 260 3161 et
323 3122 427 3159 tunc
486 3118 762 3160 Clazomenis
821 3123 1091 3161 conventum

215 3185 389 3235 agente.

270 3245 417 3285 ζ’ΖΟ-27.
465 3244 765 3296 Compositum]
815 3256 929 3296 «par
972 3245 1092 3284 eius-

215 3307 361 3355 modi,
409 3308 457 3346 ut
486 3317 573 3346 non
606 3308 904 3357 compositum
935 3306 1092 3347 melius

217 3382 296 3422 par
318 3371 373 3409 sit
404 3380 506 3409 cum
528 3369 652 3408 Bitho
673 3369 931 3409 Bacchius.»
978 3370 1094 3409 Com-

211 3433 393 3482 positum
433 3433 582 3471 autem
628 3431 683 3471 ad
729 3431 1088 3483 depugnandum.

217 3497 387 3535 Seneca
419 3494 472 3534 de
514 3493 685 3533 Provid.
722 3494 768 3533 3:
816 3485 1128 3545 Ignominiaml

996 1434 1060 1481 <Ut
1090 1443 1193 1480 nos,
1227 1432 1419 1471 Pottierii
1451 1431 1655 1482 septem.)

1138 1556 1296 1594 iudicat
1324 1555 1538 1606 yladiator
1566 1565 1662 1593 cum
1689 1554 1887 1605 inferiore
1907 1564 2022 1593 com-

1132 1617 1250 1667 poni.
1313 1618 1460 1656 Lectio
1491 1617 1739 1667 compositus
1762 1618 1858 1657 orta
1879 1618 1947 1657 est
1968 1627 2022 1656 ex

1141 1679 1556 1719 accommodatione
1600 1679 1659 1719 ad
1700 1691 1744 1719 v.
1785 1679 2019 1727 Bacchius,

1140 1753 1325 1793 prorsus
1357 1741 1591 1781 arbitraria
1611 1741 1880 1782 Bentleiana.
1915 1740 2019 1792 (Cfr.

1141 1805 1285 1853 Reisig
1328 1805 1421 1843 Lat.
1464 1805 1681 1854 Sprachw.
1724 1816 1767 1856 p.
1813 1803 1925 1855 328.)
1976 1826 2020 1832 —

1141 1878 1235 1906 cum
1254 1867 1373 1905 Bitho
1393 1867 1607 1918 Bacchius]
1630 1866 1899 1918 Porphyrio:
1927 1866 2026 1906 «Bi-

1141 1930 1243 1969 thus
1272 1930 1316 1968 et
1344 1930 1561 1970 Bacchius
1584 1928 1848 1980 gladiatores
1869 1929 2024 1980 optimi

1142 1991 1223 2031 illis
1254 1992 1534 2043 temporibus
1565 1992 1763 2041 fuerunt,
1811 1991 1887 2042 qui
1921 2003 2024 2031 cum

1144 2053 1307 2094 multos
1367 2055 1727 2104 interemissent,
1798 2055 2025 2095 commissi

1144 2119 1257 2157 inter
1297 2128 1344 2156 se
1384 2118 1549 2157 mutuis
1586 2116 1843 2157 volneribus
1875 2117 2026 2156 conci-

1144 2180 1318 2219 derunt.
1381 2180 1433 2218 Et
1474 2190 1577 2219 cum
1617 2179 1778 2219 eodem
1819 2180 2023 2230 tempore

1143 2241 1325 2290 mulier,
1388 2253 1501 2292 quae
1553 2243 1728 2293 septem
1778 2240 2022 2290 extulerat,

1144 2303 1336 2343 nuberet
1390 2305 1453 2352 ei,
1515 2304 1587 2355 qui
1636 2315 1800 2344 uxores
1851 2305 2024 2355 septem

1145 2367 1380 2415 amiserat,
1416 2368 1697 2418 compertum
1721 2368 1789 2406 est
1809 2367 2028 2418 epigram-

1147 2441 1216 2469 ma
1263 2428 1348 2468 tale
1383 2461 1390 2468 .
1427 2461 1435 2468 .
1472 2445 1507 2468 ‚n
1575 2430 1658 2479 (Sic
1701 2428 1779 2469 Ed.
1815 2429 2025 2480 princeps

1146 2494 1255 2532 Ven.
1292 2491 1412 2532 4484.
1446 2492 1727 2543 Epigramma
1763 2492 1909 2543 ipsum
1948 2503 2027 2531 ex-

1149 2555 1273 2601 cidit;
1307 2558 1586 2604 compertum,
1620 2554 1664 2594 id
1695 2556 1783 2602 est,
1820 2565 2028 2606 «compo-

1148 2618 1324 2657 situm.»
1385 2619 1446 2656 De
1470 2618 1559 2656 tota
1581 2619 1732 2656 autem
1761 2615 1918 2656 fabella
1942 2617 2028 2656 du-

1147 2680 1289 2719 bitare
1312 2678 1443 2729 licet.)
1476 2681 1614 2718 Acro:
1652 2679 1828 2719 «Bithus
1850 2680 1894 2718 et
1915 2680 2027 2719 Bac—-

1148 2743 1272 2782 chius
1290 2741 1583 2793 gladiatorum
1606 2742 1783 2781 nomina
1802 2741 2025 2782 celebrata

1149 2805 1267 2857 apud
1311 2805 1569 2844 Suetonium
1615 2803 1917 2855 Tranquillum
1962 2805 2026 2855 (in

1147 2868 1270 2908 libris
1302 2866 1557 2918 deperditis)
1590 2866 1672 2906 sub
1704 2868 1947 2918 Augusto.»
1979 2891 2023 2895 —

1146 2932 1194 2969 In
1223 2931 1287 2968 ius
1322 2951 1344 2958 -
1364 2930 1637 2981 procurrunt]
1671 2930 1797 2980 quasi
1826 2930 1871 2969 in
1903 2941 2028 2970 cam-

1148 3003 1280 3044 pum,
1315 2995 1362 3031 ut
1392 2991 1550 3032 milites
1574 2993 1687 3032 inter
1707 3003 1756 3032 se
1776 2993 2024 3044 pugnaturi.

1149 3054 1294 3095 Altera
1327 3055 1456 3095 lectio
1487 3059 1744 3094 concurrunt
1772 3055 1917 3095 minus
1948 3065 2028 3105 ap-

1150 3119 1291 3170 posita
1323 3120 1391 3157 est
1421 3117 1477 3157 ad
1506 3129 1576 3157 VV.
1605 3118 1649 3156 in
1677 3118 1756 3156 ius.
1818 3117 2027 3156 Ceterum

1152 3180 1207 3220 de
1253 3179 1471 3231 frequenti
1513 3179 1769 3220 confusione
1814 3179 1928 3218 inter
1955 3190 2024 3216 vv,

1149 3254 1401 3293 procurrere
1454 3245 1498 3284 et
1550 3252 1799 3282 concurrere
1850 3240 1927 3280 cfr.
1976 3241 2024 3279 N.

1153 3306 1302 3345 Heins.
1337 3308 1381 3346 et
1424 3305 1645 3346 Drakenb.
1678 3304 1733 3344 ad
1777 3302 1848 3343 Sil.
1891 3301 2023 3342 Italic.

1153 3372 1200 3420 7,
1246 3372 1340 3411 566.
1386 3395 1429 3399 —
1468 3371 1642 3421 ridetur]
1692 3368 2027 3420 «accipiendum

1155 3432 1528 3484 impersonaliter,
1561 3434 1609 3472 ut
1637 3432 1714 3480 sit,
1749 3430 1863 3471 ridet
1882 3430 2025 3470 omnis

1155 3497 1442 3536 conventus.»
1474 3496 1696 3534 intumum.
1730 3491 1866 3543 Volgo
1889 3490 2029 3543 expli—
