2231 3787
817 283 916 321 LlB.
950 282 1000 321 ΙΙ.

1063 283 1174 321 SAT.
1207 282 1277 321 ΙΙΙ.

216 413 413 466 Hortos
454 413 812 485 egregiasque
852 412 1043 466 domos
1082 412 1376 467 mercarier
1415 430 1552 465 unus

214 515 346 568 Cum
386 514 537 569 lucro
580 533 792 580 noram,
842 514 987 569 unde
1026 514 1328 586 frequentia
1366 514 1683 569 Mercuriale

215 619 530 688 Imposuere
570 617 697 671 mihi
739 635 1039 689 cognomen
1079 618 1328 689 compita.

209 721 272 773 Et
307 720 475 774 miror
513 720 687 774 morbi
728 728 1015 792 purgatum
1054 728 1106 774 te
1146 718 1302 773 illius.

247 841 314 880 25.
364 840 538 880 Habent
580 841 836 881 Mercuriale
880 840 1019 880 Codd.

192 904 309 953 atqui
340 914 565 955 superscr.
601 908 726 955 atque
756 915 792 943 c.

136 1021 278 1060 thium
308 1021 490 1068 dicitur,
537 1021 796 1072 significatio
839 1033 892 1062 ex
931 1022 1023 1061 Ho-

135 1083 233 1122 ratii
263 1082 413 1124 verbis
444 1084 620 1124 nonnisi
658 1084 894 1124 artificiose
927 1082 1022 1123 erui

134 1148 295 1197 potest.
348 1170 391 1176 —
438 1147 614 1198 infabre]
663 1148 836 1188 «minus
881 1146 1023 1186 artifi-

136 1211 300 1250 ciose.»
359 1211 593 1261 Reperitur
623 1210 758 1250 etiam
787 1209 906 1261 apud
929 1209 1018 1248 Liv.

135 1272 209 1321 36,
257 1272 325 1312 40.
396 1273 640 1324 Opponitur
682 1272 859 1323 affabre.
927 1272 1017 1311 Cic.

135 1335 263 1375 Verr.
285 1337 382 1375 Act.
410 1336 453 1384 4,
486 1336 532 1384 5,
568 1335 647 1376 44;
697 1336 819 1375 deum
848 1335 1022 1385 denique

133 1398 294 1437 nullam
324 1398 499 1447 Siculis,
547 1398 619 1447 qui
649 1398 685 1438 ei
722 1398 855 1448 paulo
883 1398 1022 1449 magis

134 1461 298 1512 affabre
326 1465 452 1511 alque
481 1462 654 1511 antiquo
675 1461 857 1514 artificio
884 1461 1023 1512 factus

131 1526 367 1574 videretur,
399 1525 582 1574 reliquit.
620 1546 664 1552 —
697 1525 838 1576 fusum
858 1524 1019 1575 durius]

135 1587 367 1639 «rigidius,
399 1588 459 1627 ita
490 1589 537 1627 ut
559 1586 725 1639 capilli,
758 1588 865 1634 tori,
898 1589 1019 1627 artus

132 1661 288 1690 veram
333 1650 533 1701 corporis
581 1649 765 1690 humani
812 1651 1020 1689 naturam

134 1714 280 1754 minus
311 1714 433 1752 recte
466 1713 790 1753 imitarentur.»
824 1735 870 1741 -
897 1713 1021 1753 Calli-

133 1778 209 1817 dus
229 1776 331 1828 cet]
352 1776 441 1816 Cic.
462 1776 619 1816 Parad.
641 1777 686 1826 6,
713 1777 756 1816 3:
787 1776 859 1816 Isti
878 1776 1020 1815 callidi

131 1851 276 1880 »rerum
314 1840 601 1880 aestimatores
637 1843 773 1890 prata
815 1843 853 1879 et
896 1850 1021 1879 areas

135 1904 343 1954 quasdam
384 1914 539 1954 magyno
588 1903 823 1942 aestimant.
878 1903 1019 1942 «Artis

133 1966 354 2018 peritus,»
399 1966 567 2016 inquit,
614 1965 741 2005 «huic
772 1965 896 2015 signo
928 1965 1020 2004 sta-

129 2029 317 2070 tuebam
335 2030 530 2081 pretium
551 2030 731 2068 centum
752 2027 924 2068 milium
946 2038 1021 2068 se-

133 2092 359 2142 stertium,
400 2090 470 2132 alii
501 2090 642 2139 aliud;
685 2093 866 2143 praeter
897 2092 1021 2131 cete-

132 2166 205 2194 ros
250 2156 359 2194 item
404 2153 682 2195 excellebam
730 2154 775 2193 in
819 2154 1020 2194 amoenis

132 2218 272 2257 hortis
301 2216 591 2269 pulchrisque
623 2217 832 2257 domibus
863 2228 1022 2257 emen-

134 2280 200 2320 dis
231 2290 480 2331 rursusque
512 2292 616 2321 cum
654 2280 778 2321 lucro
817 2281 1022 2321 venden—

134 2343 202 2383 dis
250 2343 387 2394 (quae
432 2343 616 2394 quidem
669 2343 847 2393 negotia
890 2342 1020 2393 longe

133 2406 304 2446 maiora
345 2415 397 2444 ac
439 2404 683 2445 difficiliora
722 2407 849 2445 erant
884 2416 1021 2456 quam

134 2468 338 2518 statuae),
377 2467 496 2508 unde
535 2468 742 2508 homines
772 2469 816 2508 in
848 2469 1021 2520 compi-

133 2532 188 2571 tis
218 2543 254 2571 s.
290 2531 449 2578 trixiis,
496 2529 573 2570 ubi
604 2532 648 2570 et
678 2532 907 2572 auctiones
937 2531 1021 2571 fie-

133 2594 242 2634 bant
273 2593 378 2644 (Cic.
413 2594 468 2633 de
500 2592 584 2644 leg.
618 2605 710 2645 agr.
733 2595 770 2644 4,
805 2594 852 2644 3,
887 2595 944 2645 7.)
977 2596 1021 2633 et

134 2658 315 2697 omnino
372 2657 585 2708 frequens
636 2659 732 2697 erat
787 2657 1020 2697 hominum

136 2731 382 2761 concursus
416 2719 518 2771 (Sat.
543 2720 559 2759 4
585 2751 592 2768 ,
617 2719 666 2768 9,
700 2720 803 2770 59.),
835 2731 918 2771 per
940 2720 1022 2759 cir-

134 2782 257 2823 culos
306 2783 561 2833 congregati
609 2781 801 2823 alt-erum
844 2785 1023 2824 Mercu-

133 2847 249 2886 rium
284 2857 358 2885 me
395 2845 660 2897 praedicare
698 2845 812 2886 soliti
850 2848 1018 2886 erant.»

135 2908 204 2948 Sic
234 2908 354 2947 enim
381 2910 580 2959 praestat
611 2908 832 2961 explicare
853 2921 925 2949 vv.
949 2921 1022 2950 co-

132 2981 311 3022 ynomen
366 2971 621 3011 Mercuriale
674 2983 811 3023 quam
869 2971 1019 3024 legere

135 3044 240 3074 cum
289 3033 484 3084 Gryphio
534 3033 719 3086 aliisque
772 3036 1022 3076 Mercuriali

134 3094 205 3136 vel
236 3095 372 3135 etiam
393 3106 640 3146 exponere,
674 3108 778 3138 eum
798 3097 926 3149 volgo
945 3110 1022 3139 vo-

137 3159 285 3198 catum
316 3168 417 3197 esse
446 3158 756 3209 Damasippum
779 3161 1021 3201 Mercuria—

134 3220 235 3270 lem,
269 3219 313 3260 id
343 3223 426 3269 est,
460 3220 678 3261 Mercurio
701 3232 870 3263 carum.
904 3224 1017 3264 Sane

134 3283 408 3323 Mercuriales
442 3281 676 3334 collegium
715 3287 1018 3326 mercatorum

137 3347 263 3386 erant
291 3347 473 3386 Romae.
528 3347 615 3387 Cfr.
649 3347 726 3387 Od.
760 3349 807 3397 2,
842 3349 914 3398 47,
946 3349 1014 3389 29.

190 3407 257 3446 27.
290 3408 425 3448 morbi
446 3408 696 3460 purgatum]
728 3410 777 3448 In
807 3412 917 3449 orat.
951 3421 1020 3451 so-

137 3469 227 3510 luta
258 3470 500 3512 dicendum
530 3472 643 3513 foret
674 3472 816 3512 morbo
849 3484 1019 3524 purga-

138 3536 223 3573 tum
243 3544 277 3574 s.
296 3532 552 3581 liberatum3
577 3535 657 3576 sed
679 3536 894 3576 Graecam
917 3547 1019 3576 con-

1404 618 1537 671 Novi
1553 661 1561 675 .

1380 720 1538 790 Atqui

1067 841 1170 879 mei.
1209 863 1251 869 -
1300 841 1367 880 ⁶27.
1400 840 1535 880 ¹morbi
1566 841 1698 880 miror
1727 840 1826 881 LCt.

1085 1022 1379 1061 structionem
1409 1017 1719 1079 καθαρθῆναι
1759 1019 1846 1074 τῆς
1886 1018 1969 1061 νό-

1086 1095 1176 1124 σου
1209 1084 1252 1123 h.
1286 1083 1313 1124 l.
1347 1084 1567 1136 praetulit.
1604 1085 1727 1125 Conf.
1753 1085 1830 1125 Od.
1855 1085 1896 1133 2,
1926 1085 1966 1132 9,

1085 1147 1150 1186 47.
1212 1148 1444 1188 «Attamen
1489 1149 1653 1188 mirum
1696 1149 1739 1187 in
1782 1147 1969 1187 modum

1084 1220 1228 1250 novus
1259 1209 1444 1251 morbus
1464 1213 1668 1251 veterem
1698 1210 1821 1251 illum
1847 1221 1970 1250 mer—

1085 1272 1216 1312 candi
1245 1274 1353 1314 mihi
1375 1273 1561 1325 expulit,
1598 1276 1637 1314 ei
1659 1275 1888 1323 successit,
1923 1276 1971 1313 ut

1083 1334 1282 1386 pleuritis
1322 1336 1547 1377 interdum
1588 1339 1745 1379 transit
1787 1339 1830 1377 in
1869 1349 1969 1377 car-

1083 1398 1336 1450 dialgiam.»
1377 1400 1501 1440 Conf.
1525 1399 1675 1441 locum
1695 1400 1968 1441 simillimum

1083 1463 1201 1502 Sext.
1226 1463 1353 1515 Emp.
1380 1463 1478 1503 adV.
1504 1464 1718 1504 mathem.
1746 1465 1821 1513 44,
1857 1463 1966 1504 434·

1083 1520 1148 1576 ὦς
1195 1521 1288 1583 γὰρ
1334 1522 1390 1565 τὸ
1435 1524 1624 1584 πρῶτον
1672 1524 1859 1567 διώκων
1896 1540 1969 1578 τις

1082 1584 1207 1637 ὦχλε
1213 1591 1307 1638 ῖτο,
1358 1580 1485 1630 οὕτω
1530 1591 1612 1630 καὶ
1650 1587 1706 1630 τὸ
1746 1588 1971 1648 δεύτερον

1081 1649 1266 1693 διώκων
1313 1664 1385 1703 τις
1433 1648 1789 1707 ὀχληθήσεται,
1844 1648 1971 1694 ὥστε

1081 1713 1264 1757 νόσον
1308 1711 1438 1757 ἀντὶ
1475 1713 1659 1757 νόσου
1701 1721 1856 1757 ποιεῖν
1884 1714 1970 1757 τὸν

1080 1776 1167 1820 τοῦ
1217 1776 1503 1830 φιλοσόφου
1554 1777 1728 1834 λόγον,
1779 1779 1859 1821 ἐπε
1847 1781 1941 1821 ⁶027&
1920 1794 1971 1838 eg>

1081 1838 1166 1883 τὸν
1186 1842 1263 1883 ἐπὶ
1284 1837 1540 1884 πλουτον’
1517 1858 1547 1896 r
1579 1838 1770 1895 δόξαν
1748 1838 1782 1896 ἦ
1806 1838 1886 1897 eye
1868 1844 1971 1884 είαν

1081 1901 1147 1956 (ὃς
1168 1900 1358 1960 ἀγαθὸν
1389 1901 1617 1964 ὁριιῶντα
1645 1901 1970 1964 ἀποστρέφων

1082 1969 1150 2019 εἰς
1178 1965 1235 2009 τὸ
1265 1965 1335 2022 μὴ
1369 1966 1522 2010 ταῦτα
1551 1966 1741 2010 διώκειν
1770 1965 1892 2009 ἅλ)ὰ
1913 1965 1969 2009 τὸ

1082 2029 1255 2080 καλόν,
1289 2033 1333 2072 εἰ
1360 2032 1528 2082 τύχοι,
1561 2046 1644 2073 και
1664 2045 1754 2085 την
1774 2028 1858 2092 ἀρε
1840 2030 1968 2086 ετήν,

1084 2108 1175 2136 ουκ
1215 2094 1467 2154 ἐλευθεροῖ
1500 2092 1587 2149 τῆς
1624 2092 1830 2148 διώξεως
1867 2091 1970 2136 aar

1083 2158 1159 2208 ἐφ
1221 2157 1390 2221 ἑτέραν
1444 2159 1735 2213 μετατίθησι
1792 2157 1967 2212 δίωξιν.

1084 2236 1150 2272 ως
1181 2214 1268 2262 οὖν
1308 2217 1335 2261 ὁ
1370 2219 1535 2280 ἰατρὸς
1574 2219 1824 2280 ἀναιρῶν
1867 2222 1971 2276 ιιὲν

1084 2284 1386 2343 πὶευρῖτιν
1444 2283 1634 2326 ποιῶν
1691 2285 1751 2326 δὲ
1809 2297 1971 2345 περι-

1084 2349 1469 2400 πνευμονίαν,
1504 2344 1537 2401 ἢ
1567 2344 1971 2400 ἀνασκευάζων

1082 2424 1153 2462 ιιε
1140 2410 1191 2449 ’ν
1221 2415 1498 2481 φρενῖτιν
1521 2406 1880 2465 ἁντεισάγων
1910 2410 1971 2452 δε

1083 2470 1399 2530 λήθαργον,
1441 2468 1532 2514 οὐκ
1564 2468 1837 2515 απαὶλοίττε
1840 2488 1857 2514 ι
1885 2471 1971 2515 τὸν

1082 2534 1305 2577 κίνδυνον
1350 2531 1448 2576 ἀλλ’
1494 2534 1795 2587 εναλλάττει,
1842 2531 1970 2577 ου’τω

1083 2599 1165 2639 καὶ
1197 2595 1224 2639 ὁ
1246 2596 1529 2650 φιλόσοφος
1560 2599 1726 2657 ἑτέραν
1750 2597 1971 2656 ταραχὴν

1083 2657 1190 2702 ἀνθ’
1213 2661 1378 2720 ἑτέρας
1403 2660 1752 2717 εἰσηγούμενος
1775 2659 1831 2704 οὗ
1854 2663 1971 2717 βοη-

1084 2725 1166 2765 θεῖ
1190 2723 1254 2779 τῷ
1276 2726 1633 2784 ταραττομένῳ.
1657 2750 1702 2754 —-
1724 2728 1869 2766 Novus
1886 2727 1970 2767 iste

1082 2789 1252 2829 morbus
1273 2789 1468 2841 (Sucht,
1498 2789 1873 2841 Leidenschaft)
1897 2790 1972 2841 qui

1084 2852 1140 2891 sit
1170 2851 1413 2902 quaeritur.
1475 2851 1778 2892 Heindorfius:
1818 2852 1972 2900 «Quod

1083 2913 1285 2954 nondum
1305 2913 1530 2965 perfectus
1548 2915 1603 2954 sit
1624 2914 1818 2965 sapiens,
1839 2914 1973 2954 adeo-

1084 2988 1173 3029 que
1203 2977 1426 3016 insanus.»
1480 2975 1568 3016 Sed
1588 2976 1675 3016 hoc
1696 2975 1766 3016 ille
1787 2977 1971 3017 minime

1085 3038 1313 3088 concedit,
1361 3039 1499 3078 immo
1541 3042 1756 3091 pernegat
1792 3051 1835 3079 V.
1872 3040 1967 3080 298.

1084 3105 1240 3153 Neque
1261 3112 1393 3150 ver0,
1427 3103 1476 3141 ut
1505 3100 1598 3141 aliis
1619 3101 1807 3153 placuit,
1840 3103 1971 3153 signi-

1085 3164 1221 3204 ficare
1252 3164 1401 3215 potest
1429 3163 1616 3203 brevem
1656 3163 1774 3203 illam
1805 3164 1972 3216 despe-

1085 3227 1326 3275 rationem,
1361 3237 1449 3277 qua
1470 3226 1682 3278 abreptus
1712 3227 1756 3266 in
1777 3226 1971 3266 Tiberim

1085 3299 1133 3329 se
1154 3289 1528 3340 praecipitaturus
1551 3289 1711 3338 fuerat,
1745 3289 1828 3329 nisi
1848 3290 1970 3329 Ster-

1084 3351 1216 3391 tinius
1246 3351 1574 3391 intervenisset.
1635 3353 1728 3391 Iam
1760 3362 1862 3391 cum
1888 3351 1972 3389 Da·-

1085 3414 1313 3465 masippus
1343 3424 1425 3464 per
1454 3415 1595 3453 totam
1626 3414 1809 3453 satiram
1845 3412 1967 3452 facc—

1083 3477 1180 3515 tum
1209 3474 1487 3526 aretalogum
1517 3477 1634 3526 agat,
1676 3475 1747 3514 hic
1785 3485 1966 3525 quoque

1083 3537 1230 3577 iocum
1283 3548 1580 3589 agnoscamus
1632 3547 1816 3578 necesse
1872 3538 1964 3576 est:
