2231 3787
821 258 919 297 Ans
955 258 1196 298 POETICA.

178 383 427 439 Reddere
468 402 609 456 quae
649 385 848 440 serrum
888 387 1055 447 valet,
1099 405 1289 441 exsors
1331 389 1446 460 ipsa
1486 391 1732 455 secandi3

1821 394 1923 447 3055

171 486 361 539 Munus
402 496 453 540 et
493 486 725 541 officium
766 488 836 540 nil
879 489 1122 543 scribens
1161 490 1277 561 ipse
1317 490 1557 553 docebo,

167 586 320 641 Unde
361 597 617 658 parentur
658 607 814 661 opes,
858 591 989 662 quid
1029 590 1134 644 alat
1173 591 1474 664 formetque
1515 600 1756 665 poetam3

168 687 310 752 Quid
351 688 567 750 deceat,
609 691 740 762 quid
779 709 910 755 non3
953 709 1061 763 quo
1100 693 1291 754 virtus,
1335 711 1444 765 quo
1483 694 1616 749 ferat
1653 713 1820 750 error.

168 789 450 844 Scribendi
491 800 637 845 recte
677 808 870 863 sapere
909 801 989 845 est
1027 802 1079 845 et
1118 794 1441 866 principium
1480 806 1532 850 et
1570 797 1710 851 sons:

167 892 298 945 Rem
337 890 429 945 tibi
471 891 778 946 Socraticae
818 902 1070 964 poterunt
1109 895 1398 950 ostendere
1439 897 1682 961 chartae,

1821 901 1923 954 310

204 1073 298 1113 305.
321 1074 507 1114 exortim
535 1075 701 1114 secandi
730 1074 777 1122 B,
811 1085 962 1124 expers
990 1076 1081 1125 ipsa
1111 1077 1277 1115 secandi
1308 1088 1422 1118 unus
1454 1080 1650 1119 Gonodii.
1692 1104 1729 1110 —
1769 1082 1863 1122 309.

148 1145 294 1186 sapere
321 1140 430 1176 recte
458 1137 503 1176 T.
541 1159 586 1165 —
620 1141 679 1176 est
704 1137 963 1188 principium
993 1139 1040 1178 B.

94 1302 305 1352 negatum
317 1303 400 1350 est,
414 1302 616 1342 criticum
629 1300 788 1342 saltem
801 1313 974 1354 agam.»

98 1385 143 1390 —
174 1362 335 1414 fungar
373 1364 460 1403 vice
488 1365 589 1403 cotis
618 1364 720 1417 cet.]
756 1365 975 1405 Isocrates

93 1421 331 1475 aliquando
376 1426 697 1477 interrogatus,
747 1437 827 1467 cur
871 1437 976 1467 cum

93 1485 201 1527 alios
238 1489 380 1527 artem
422 1488 599 1528 dicendi
629 1489 832 1538 doceret,
880 1491 974 1541 ipse

92 1550 288 1599 taceret,
321 1550 572 1602 respondit:
605 1551 700 1592 Καὶ
730 1551 783 1591 αἱ
801 1546 976 1592 ἀκόναι

91 1605 236 1652 αι’-ταὶ
278 1610 369 1664 μὲν
422 1624 533 1653 τειιε
537 1617 581 1652 ἵν
626 1609 683 1654 οὗ
729 1611 973 1664 δι”,νανται

91 1669 177 1713 τὸν
218 1671 270 1714 δὲ
314 1672 515 1732 σίδηρον
549 1670 632 1728 (ἷξε
634 1689 666 1715 α
695 1677 776 1717 καὶ
805 1689 975 1730 twyn-

92 1731 183 1775 κὸν
200 1734 441 1777 ποιοῦσιν.
451 1739 582 1778 [ΑΜΒ.
605 1737 725 1789 (Plut.
739 1740 823 1779 xit.
837 1740 887 1780 X.
902 1740 972 1779 Or

89 1809 134 1850 p.
153 1797 248 1840 838.
268 1800 334 1851 Ε.)
362 1823 406 1828 —
430 1801 490 1840 m'l
508 1800 689 1841 scribens
708 1802 817 1854 ipse]
849 1804 975 1842 «nul-

88 1859 184 1900 lum
201 1865 363 1913 poema
381 1863 558 1914 epicum
575 1863 971 1913 autdramaticum,

89 1922 171 1964 sed
206 1933 440 1965 sermones
481 1924 711 1965 dumtaxat
751 1929 795 1966 et
834 1925 973 1976 lyrica

89 1984 358 2036 quaedam.»
402 1988 523 2027 Inest
543 1988 694 2027 tamen
715 1987 868 2028 festiva
890 1989 974 2028 iro-

89 2047 183 2093 nia,
209 2057 297 2098 qua
317 2049 494 2099 propria
519 2050 717 2089 carmina
739 2048 896 2090 elevat.
924 2073 969 2078 —

90 2109 198 2161 opes]
230 2110 416 2161 ingenii,
465 2121 579 2161 quae
618 2115 823 2154 constant
850 2114 974 2163 copia

10 2182 22 2190 ·
89 2171 251 2223 (rerum
270 2172 338 2224 ac)
367 2172 590 2214 verborum
622 2174 809 2226 (Quintil.
839 2176 904 2216 40.
931 2177 968 2224 4,

90 2235 200 2286 45.),
247 2236 396 2276 iuncta
432 2247 535 2277 cum
572 2237 685 2278 felici
720 2239 971 2279 inventione

91 2298 332 2349 ceteraque
362 2298 569 2340 facultate
596 2301 784 2352 poetica.
812 2324 857 2329 —
891 2312 973 2351 quo

89 2359 198 2411 cet.]
246 2360 486 2402 «Facultas
529 2363 762 2414 poetica.»
807 2364 968 2415 inquit,

90 2420 274 2471 «efficit,
307 2425 356 2463 ut
384 2423 442 2463 ad
464 2425 787 2476 perfectionem
807 2437 972 2478 perve-

87 2483 284 2534 niamus,
329 2496 472 2536 error,
517 2490 567 2527 ut
607 2486 679 2528 vel
717 2488 971 2530 mediocres

88 2556 352 2588 maneamus
387 2547 456 2588 vel
494 2560 679 2601 prorsus
709 2554 971 2591 contemna-

87 2618 234 2648 mur.»
269 2633 314 2639 —
353 2611 502 2662 virtus]
547 2623 652 2653 «ars
687 2613 886 2666 perfecta
926 2617 973 2654 et

86 2669 445 2730 κατορθώματα
459 2674 692 2727 praeclaro
707 2677 884 2728 ingenio
896 2677 972 2717 de-

87 2732 224 2773 bita.»

143 2795 262 2836 309-
277 2797 373 2838 3⁴⁴.
405 2798 621 2839 scribendi
641 2800 743 2853 cet.]
778 2801 968 2841 «Verum

87 2857 207 2899 unde
238 2860 418 2901 tandem
449 2861 650 2913 pendent
679 2864 826 2903 omnia
854 2874 969 2915 quae

88 2921 235 2962 adhuc
255 2924 468 2974 proposui
484 2926 728 2976 praecepta
744 2926 971 2966 invenien-

88 2983 154 3030 di,
199 2984 521 3036 componendi,
555 2988 736 3026 cetera?
779 2989 913 3029 Unice
943 2999 969 3028 a

86 3047 299 3097 sapiendo.
359 3045 614 3088 Evolvenda
643 3051 776 3100 atque
813 3050 969 3103 explo-

86 3107 228 3149 randa
257 3109 325 3149 est
354 3109 445 3149 tota
473 3110 560 3149 vita
602 3110 822 3159 humana;
863 3124 967 3154 nam

89 3181 143 3210 ex
178 3167 270 3211 hac
315 3182 406 3211 una
445 3172 783 3224 investigatione
821 3174 969 3226 prodit

86 3233 250 3273 veritas
280 3234 478 3285 poetica,
524 3236 767 3287 praecipue
807 3237 851 3276 in
888 3248 967 3289 ge-

87 3305 196 3335 nere
227 3294 515 3335 dramatico.»
552 3297 645 3337 Hoc
671 3301 966 3350 praeceptum

89 3357 269 3408 exponit
309 3368 381 3397 vv.
406 3357 487 3397 3⁴0
507 3380 551 3386 —
571 3358 665 3398 322.
710 3383 755 3388 —
796 3360 966 3413 sapere]

89 3419 245 3467 σοφία
263 3419 344 3459 καὶ
364 3417 580 3470 σύνεσις,
608 3424 754 3461 «recte
772 3423 964 3474 cogitare

88 3480 221 3530 atque
249 3481 445 3522 iudicare
476 3482 531 3522 de
562 3483 772 3525 omnibus
799 3483 962 3526 rebus:

1042 1303 1112 1342 cui
1142 1302 1225 1342 hoc
1257 1303 1405 1351 deest,
1439 1307 1644 1355 quamvis
1674 1318 1833 1360 magna
1869 1312 1923 1350 sit

1041 1364 1270 1416 praeditus
1307 1367 1540 1418 phantasia
1581 1371 1623 1409 et
1666 1371 1921 1412 inveniendi

1041 1426 1275 1475 facultate,
1310 1439 1540 1480 nunquam
1570 1432 1721 1472 tamen
1761 1435 1924 1475 evadet

1040 1491 1170 1541 poeta
1206 1490 1292 1530 hoc
1331 1492 1507 1533 nomine
1544 1492 1715 1545 dignus.
1735 1512 1753 1530 n
1815 1498 1923 1538 «Est

1041 1554 1194 1592 contra
1227 1564 1326 1601 eos,
1360 1555 1432 1605 qui
1465 1554 1617 1596 dicunt
1644 1561 1825 1609 poetam
1855 1561 1924 1599 in-

1041 1615 1187 1655 sanire
1238 1586 1452 1656 debere.»
1504 1618 1644 1659 Comi.
1687 1620 1817 1667 Caco.
1874 1644 1918 1650 -

1035 1688 1293 1727 princeptum
1312 1683 1349 1718 et
1367 1679 1475 1730 fons]
1505 1681 1843 1734 Dionvs.1.0ng.
1869 1683 1914 1724 8:

1035 1732 1141 1778 Erre
1129 1739 1162 1778 ὶ.
1193 1737 1243 1779 δὲ
1274 1752 1329 1780 πε
1325 1741 1412 1780 ἐντ
1428 1744 1655 1795 --πηγαί
1684 1756 1806 1794 τινες
1827 1746 1922 1785 εἱσι

1039 1799 1125 1853 τῆς
1143 1796 1421 1859 ὗιιηγοοίας
1436 1801 1776 1856 γονιμώταται,
1796 1806 1921 1862 :cocs-

1039 1876 1122 1902 τον
1138 1864 1230 1914 μὲν
1251 1866 1329 1903 καὶ
1352 1862 1611 1920 κράτιστον
1631 1862 1687 1904 τὸ
1709 1867 1814 1923 περὶ
1834 1864 1920 1917 τὰς

1039 1922 1275 1977 νοήσεις
1319 1920 1672 1983 ἁὸρεπήβολον.
1724 1951 1767 1957 —-
1821 1930 1921 1969 Rem

1039 1986 1142 2038 cet.]
1172 1988 1267 2026 Non
1289 1990 1354 2028 est
1377 1992 1661 2040 «poematum
1682 1992 1918 2032 materiem

1038 2050 1171 2100 atque
1213 2053 1581 2101 argumentum‚»
1626 2054 1676 2092 ut
1710 2051 1802 2092 volt
1833 2056 1919 2094 Ar-

1038 2110 1165 2160 nold⁷
1189 2112 1270 2152 sed
1291 2113 1377 2152 hoc
1398 2113 1520 2153 dicit:
1556 2115 1814 2163 «Quomodo
1837 2127 1919 2156 au-

1037 2176 1128 2213 tem
1149 2175 1376 2225 sapienter
1396 2178 1612 2227 rectoque
1634 2187 1737 2217 cum
1757 2177 1919 2218 iudicio

1038 2234 1269 2286 quodlibet
1329 2241 1669 2288 argumentum,
1741 2233 1918 2292 ἠθικὸν

1036 2299 1322 2349 praesertim,
1358 2300 1535 2340 tractari
1566 2300 1753 2349 debeat,
1786 2303 1918 2343 huius

1037 2361 1144 2400 artis
1161 2371 1347 2412 prorsus
1369 2363 1544 2413 egregia
1566 2363 1770 2416 exempla
1790 2376 1919 2416 prae-

1036 2422 1145 2462 bent
1165 2424 1512 2466 Socraticorum.
1532 2427 1749 2478 imprimis
1769 2427 1917 2468 Plato-

1036 2486 1128 2530 nis.
1168 2487 1495 2539 Xenophontis.¹
1537 2489 1794 2539 Aeschinis,
1825 2494 1917 2531 An-

1036 2549 1239 2590 tisthenis
1282 2551 1499 2603 scripta:»
1545 2552 1628 2592 hos
1673 2554 1792 2593 enim
1822 2553 1916 2594 fere

1036 2612 1390 2664 aequiparabant
1426 2616 1703 2664 grammatici
1734 2617 1778 2655 et
1809 2616 1916 2656 rhe-

1035 2676 1169 2714 tores.
1204 2676 1670 2727 Lucian.1magg.⁴7:
1704 2674 1835 2717 Μετὰ
1864 2677 1916 2719 δὲ

1035 2732 1215 2789 ταύτην
1246 2751 1276 2789 ²7
1314 2735 1401 2790 τῆς
1437 2740 1619 2789 σοφίας
1655 2740 1736 2779 καὶ
1773 2742 1916 2781 σινέ-

1035 2810 1156 2849 σεως
1201 2796 1343 2839 εἰκών
1387 2813 1560 2858 γραπτε
1542 2802 1613 2841 ε’.α
1660 2799 1709 2841 δε
1695 2799 1821 2854 ήσει
1861 2802 1913 2845 ὸὲ

1035 2856 1154 2914 ἡαΐν
1183 2861 1395 2903 ενταῦθα
1424 2861 1613 2903 πωλῶν
1643 2863 1737 2903 τῶν
1757 2879 1912 2923 ,ταρα-

1033 2922 1081 2964 ὂε
1062 2921 1328 2978 ειγμάτων
1373 2920 1589 2984 ἀρχαίων
1640 2923 1703 2966 τῶ
1706 2941 1734 2967 ν
1783 2927 1912 2971 nisi-

1034 2999 1183 3026 στωι·
1208 3012 1232 3018 -
1247 3011 1271 3017 -
1290 2993 1494 3045 γραφεῖς
1513 2986 1563 3029 δὲ
1584 2987 1911 3049 καὶδηιιιουρ-

1033 3061 1109 3103 γοι
1149 3043 1301 3091 αἰτοῦ
1346 3049 1580 3104 Αἰσχίνης
1622 3051 1910 3110 Σωκράτους

1031 3111 1221 3168 ἑταῖρος
1241 3113 1323 3153 καὶ
1347 3109 1497 3164 αὐτὸς
1523 3111 1799 3185 Σωκράτης,
1829 3130 1910 3169 μι-

1029 3172 1296 3228 μηλότατοι
1335 3174 1561 3224 τεχνιτῶν
1589 3171 1831 3217 απάντων.
1865 3182 1910 3218 et

1031 3236 1087 3278 de
1102 3239 1298 3279 Parasito
1316 3239 1388 3280 32:
1412 3237 1646 3292 Αἰσχίνης
1668 3235 1695 3279 ὁ
1717 3240 1909 3310 Σωκρα-

1029 3297 1178 3350 τικός,
1210 3292 1357 3352 οὗτος
1386 3296 1415 3341 ὁ
1445 3300 1565 3351 τούς
1584 3298 1807 3358 αακροίς
1826 3303 1909 3342 καὶ

1029 3355 1257 3413 αστείους
1284 3361 1540 3417 διαλόγους
1568 3359 1778 3418 γράψας
1825 3365 1906 3404 Dio

1031 3423 1260 3475 Chrysost.
1284 3427 1347 3466 ⁴8.
1365 3437 1409 3478 p.
1429 3425 1523 3466 480.
1542 3427 1617 3466 R.:
1650 3426 1906 3482 Τρέψοιιαι

1027 3484 1077 3527 δὲ
1120 3481 1212 3540 ηδη
1257 3487 1334 3528 ἐπὶ
1383 3484 1495 3538 τοὺς
1542 3485 1899 3546 Σωκρατικούς.
