2231 3787
811 263 908 301 LIB.
944 262 992 301 ΙΙ.
1055 262 1166 300 ΞΑΤ.
1201 261 1305 300 vill.

1868 258 1969 308 3ss3

224 395 466 449 Vidimus
507 405 559 448 et
598 392 832 447 merulas
871 393 996 463 poni
1038 402 1090 445 ct
1128 392 1242 445 sine
1283 390 1438 445 clune
1482 390 1789 461 palumbes,

225 500 430 552 Suaves
471 515 584 551 res,
628 496 670 549 si
712 512 817 548 non
857 511 1050 548 causas
1090 502 1332 547 narraret
1371 511 1557 547 earum
1595 502 1647 546 et

220 602 446 654 Naturas
487 599 761 661 dominus,
803 615 967 669 quem
1005 614 1103 650 nos
1141 597 1218 651 sic
1256 596 1486 667 fugimus
1524 595 1645 648 ulti.

223 704 285 757 Ut
324 700 451 754 nihil
492 701 706 754 omnino
748 708 1110 771 gustaremuS,
1154 698 1300 753 velut
1338 697 1438 751 illis

222 804 440 859 Canidia
482 802 718 857 afflasset
755 804 909 874 peior
948 802 1289 874 serpentibus
1328 801 1479 854 Afris.
1904 802 1969 853 95

205 999 228 1026 a
274 985 381 1025 Cod.
414 984 477 1035 b.)
528 1009 571 1013 »-
621 985 686 1024 92.
735 985 886 1023 Suavis
916 985 961 1025 E.
1013 1009 1056 1013 -
1105 985 1170 1024 93.
1215 985 1425 1023 Naturam
1468 995 1504 1022 c.
1553 1007 1596 1011 -
1632 983 1696 1024 94.
1730 984 1855 1024 veluti
1885 986 1918 1023 si

203 1046 425 1088 Bentleius
457 1048 570 1086 coni.
620 1069 663 1074 —
707 1047 773 1086 95.
807 1048 912 1086 atris
942 1048 989 1096 S,
1024 1047 1111 1088 duo
1144 1048 1335 1087 Pottierii
1372 1049 1415 1086 et
1454 1058 1504 1086 ex
1547 1045 1639 1086 aliis
1678 1046 1915 1087 Bentleius.

207 1112 270 1161 (Ut
300 1122 402 1157 nos,
436 1109 561 1157 bcE.)

152 1277 259 1316 «etsi
280 1276 391 1314 mira
413 1285 495 1315 nec
518 1276 638 1314 recte
662 1276 874 1326 apparata
897 1285 1031 1325 quae-

150 1338 253 1378 dam
285 1340 478 1387 inerant,
513 1336 636 1377 facile
669 1339 819 1376 tamen
850 1336 1029 1377 ultimos

148 1403 230 1441 hos
261 1400 408 1450 cibos,
452 1400 611 1441 saltem
645 1399 909 1452 plerosque,
952 1411 1030 1439 co-

148 1463 333 1504 medere
363 1464 686 1515 potuissemus,
727 1463 763 1503 si
793 1474 882 1502 non
914 1464 1027 1503 cet.»

153 1551 196 1554 —
230 1526 400 1576 causas]
445 1526 611 1574 «Quasi
651 1525 706 1565 de
747 1524 1027 1577 problemate

149 1589 337 1641 physico
359 1588 672 1628 disserendum
695 1589 838 1637 esset,
872 1588 926 1628 de
951 1599 1030 1628 cu-

149 1652 306 1702 iusque
353 1651 439 1691 cibi
482 1652 825 1703 praeparatione
874 1651 1032 1691 huius-

150 1725 236 1765 que
260 1714 421 1753 effectu
443 1724 632 1765 operose
655 1713 858 1764 agebat.»
881 1735 923 1741 -
945 1715 1032 1753 Na—

149 1776 280 1828 taras]
304 1773 388 1826 τὰς
409 1773 671 1829 ποιότητας
687 1773 902 1827 φυσικὰς
919 1773 1032 1816 ,τάν-

148 1850 264 1888 των,
310 1838 475 1879 bonine
507 1840 603 1880 suci
643 1851 699 1879 an
730 1839 855 1889 mali,
905 1841 1030 1880 cuius

149 1903 303 1943 aetatis
324 1904 457 1953 atque
479 1903 656 1953 originis
679 1905 841 1943 essent.
871 1926 915 1932 —-
939 1903 1029 1954 ulti]

150 1965 228 2007 Ubi
273 1965 414 2005 semel
464 1966 508 2005 in
553 1966 752 2005 animum
796 1966 1031 2006 induxerat

149 2028 412 2069 Nasidienus
434 2027 570 2068 multa
594 2031 637 2068 et
658 2031 919 2080 sumptuosa
941 2029 1031 2069 fer—

151 2089 249 2130 cula
283 2102 532 2142 apponere,
579 2090 653 2131 tali
699 2092 901 2143 impensa
941 2093 1030 2132 iam

152 2152 263 2191 facta
295 2153 413 2192 haud
444 2152 552 2192 levis
584 2154 752 2194 offensa
775 2157 892 2198 erat,
926 2166 1030 2194 cum

151 2214 275 2255 eibos
309 2217 398 2254 tam
428 2214 568 2254 lautos
600 2216 750 2267 sperni
779 2228 803 2255 a
832 2217 1029 2257 convivis

150 2275 334 2314 videret.
373 2299 417 2303 —
452 2277 642 2328 Canidia]
676 2288 781 2328 saga
813 2281 856 2318 et
891 2289 1031 2318 vene-

150 2337 249 2377 fica.
302 2337 396 2376 vid.
422 2338 559 2389 Epod.
591 2340 629 2378 5.
666 2342 709 2379 et
740 2341 804 2379 1¹7.
859 2341 945 2379 Sat.
979 2341 1026 2389 11,

152 2400 189 2439 8.
229 2423 271 2428 —
306 2400 502 2452 afflasset]
537 2402 583 2441 V.
610 2402 763 2454 afflare
794 2403 928 2442 etiam
950 2402 1031 2442 da·-

1094 1275 1181 1313 tivo
1214 1275 1350 1324 iungi,
1385 1273 1505 1325 quod
1527 1273 1819 1314 addubitabat
1841 1276 1974 1315 Bent—

1092 1337 1225 1385 leius,
1260 1337 1378 1376 unde
1410 1337 1621 1378 audacius
1644 1338 1831 1377 coniecit
1850 1338 1975 1378 veluti

1092 1400 1148 1447 si,
1174 1402 1391 1439 monstrat
1412 1398 1566 1439 Tibull.
1590 1401 1636 1449 2,
1662 1400 1705 1448 4,
1730 1400 1804 1440 80:
1840 1401 1972 1447 Felix,

1092 1463 1158 1502 cui
1210 1463 1404 1512 placidas
1459 1463 1604 1502 leniter
1656 1463 1777 1515 afflat
1829 1463 1972 1503 Amor.

1093 1527 1292 1576 Propert.
1331 1526 1384 1573 3,
1430 1526 1505 1574 27,
1556 1523 1621 1577 (al.
1660 1526 1714 1575 2,
1747 1525 1845 1576 29,)
1892 1526 1971 1565 47:

1090 1588 1303 1640 Afflabunt
1341 1587 1412 1627 tibi
1451 1600 1534 1628 *non
1569 1588 1759 1628 Arabum
1789 1589 1837 1628 cle
1865 1599 1974 1639 yra-

1091 1651 1201 1689 mine
1245 1652 1402 1690 odores.
1454 1673 1500 1679 -—
1541 1651 1664 1700 peior
1701 1650 1972 1702 serpentibus]

1094 1712 1349 1753 Credebant
1381 1712 1578 1752 afflatum
1608 1714 1875 1764 praesertim
1895 1713 1977 1753 ba-

1093 1775 1227 1816 silisci
1257 1775 1537 1826 repentinam
1575 1775 1741 1814 homini
1781 1777 1975 1816 mortem

1093 1838 1268 1878 afferre.
1332 1838 1378 1877 C.
1411 1836 1613 1877 Rabirius
1653 1837 1724 1877 ed.
1768 1838 1977 1889 Kreyssig

1092 1913 1135 1953 p.
1160 1901 1268 1940 226:
1301 1900 1481 1940 Perculit
1511 1901 1675 1952 adflatu
1704 1900 1837 1939 brevis
1865 1901 1975 1942 hunc

1091 1965 1177 2004 sine
1205 1963 1410 2002 morsibus
1429 1964 1593 2014 anquis.
1643 1962 1813 2003 Colum.
1839 1964 1886 2012 8,
1921 1965 1974 2011 5,

1094 2026 1164 2066 48:
1201 2026 1463 2075 Cavendum,
1495 2036 1546 2065 ne
1576 2037 1604 2064 a
1630 2025 1885 2075 serpentibus
1906 2027 1979 2077 af-

1090 2090 1245 2140 flentur
1274 2088 1427 2140 (pulli),
1461 2099 1644 2137 quaram
1664 2089 1767 2128 odor
1795 2092 1883 2128 tam
1899 2100 1977 2139 pe-

1091 2153 1229 2191 stilens
1249 2156 1327 2201 est,
1359 2156 1405 2192 ut
1433 2152 1646 2191 interimat
1674 2152 1903 2190 universos.
1930 2174 1974 2179 ——

1091 2214 1216 2266 Afris]
1257 2214 1386 2265 longe
1426 2214 1688 2262 teterrimis,
1733 2215 1781 2252 ut
1821 2213 1899 2253 Od.
1926 2213 1974 2261 3,

1095 2277 1167 2324 40,
1193 2277 1267 2317 48:
1300 2278 1503 2317 Mauris-
1521 2276 1778 2328 -angraibua
1826 2277 1976 2323 Lectio

1094 2340 1199 2379 atris
1244 2342 1365 2380 esset
1409 2338 1597 2390 simplex
1640 2338 1863 2379 ἐπίθετον
1903 2349 1979 2377 or-

1095 2413 1229 2451 nans,
1261 2404 1309 2441 ut
1331 2401 1408 2441 Od.
1435 2401 1479 2451 3,
1504 2401 1548 2450 4,
1575 2402 1646 2441 47:
1680 2402 1785 2441 atris
1804 2401 1975 2452 viperis.

942 2606 1188 2613 ᾕ-

760 2811 1372 2859 ExcURsUS

850 2939 922 2978 AD
954 2949 1023 2977 VV.
1066 2938 1119 2978 ΞΟ
1151 2948 1278 2989 seqq.

264 3019 405 3060 Locus
435 3020 739 3062 memorabilis
770 3022 825 3062 de
855 3022 1054 3064 locorum
1086 3024 1129 3063 in
1160 3024 1371 3064 conviviiS
1401 3025 1610 3065 Romanis
1641 3025 1796 3066 ordine
1832 3029 1973 3067 exstat

155 3087 274 3139 apud
302 3086 587 3130 Plutarchum
618 3092 815 3139 Quaestt.
850 3092 1073 3134 Convival.
1109 3095 1147 3143 4,
1181 3094 1229 3134 3:
1262 3088 1420 3135 ’Ἄλλοι
1460 3091 1630 3146 (τόποι)
1675 3092 1767 3153 γὰρ
1810 3088 1976 3146 ἄλλοις

153 3151 360 3210 ἔντιμοι·
391 3158 603 3216 Πέρσαις
630 3160 720 3212 μὲν
751 3158 777 3201 ὁ
799 3164 1113 3215 μεσαίτατος,
1146 3162 1221 3214 ἐφ’
1246 3155 1305 3205 οὗ
1327 3163 1662 3206 κατακλίνεται
1684 3161 1710 3205 ὁ
1731 3163 1976 3216 βασιλεύς·

145 3221 350 3281 ’Ἕλλησι
377 3227 428 3269 δὲ
459 3224 486 3268 ὁ
517 3226 719 3285 πρῶτος·
746 3226 999 3285 Ῥωμαίοις
1038 3232 1090 3275 δὲ
1120 3230 1148 3274 ὁ
1179 3232 1268 3288 τῆς
1308 3236 1464 3288 μέσης
1499 3234 1663 3289 κλίνης
1687 3235 1976 3288 τελευταῖος,

155 3294 211 3337 ὃν
254 3294 487 3341 ὑπατικὸν
518 3298 977 3358 προσαγορεύουσιν.
1026 3305 1115 3345 Cur
1156 3305 1400 3346 consularis
1439 3307 1679 3353 vocitetur,
1728 3308 1820 3346 tres
1851 3304 1980 3344 affert

154 3368 370 3418 rationes,
404 3381 593 3421 quarum
626 3371 824 3410 secunda
854 3372 967 3413 haec
999 3376 1089 3414 est:
1143 3368 1218 3415 ὅτι
1247 3373 1342 3415 τῶν
1370 3373 1506 3416 δυοῖν
1535 3371 1707 3416 κλινῶν
1743 3369 1982 3414 ἀποδεδο-

154 3438 311 3488 μένων
348 3443 451 3490 τοῖς
489 3438 933 3498 παρακεκλημένοις
970 3437 1000 3494 ἦ
1039 3445 1176 3501 τρίτη
1211 3446 1291 3486 καὶ
1329 3443 1508 3498 ταύτης
1545 3441 1572 3484 ὁ
1610 3441 1794 3501 πρῶτος
1831 3442 1980 3496 τόπος

154 3503 363 3559 μάλιστα
401 3508 485 3551 τοῦ
525 3508 782 3562 ἑστιῶντός
820 3510 971 3552 ἐστιν·
995 3537 1019 3543 -
1040 3537 1063 3544 -
1086 3510 1112 3553 ὁ
1143 3515 1233 3567 μὲν
1269 3512 1359 3573 γὰρ
1402 3511 1478 3556 ὑπ’
1510 3510 1659 3556 αὖτὸν
1692 3508 1724 3566 ἢ
1753 3512 1981 3568 γυναικὸς
