2231 3787
321 240 412 291 1211
946 240 1157 279 1161111111
1189 239 1493 278 51111111111111

863 418 906 461 Ε
943 416 998 460 Χ
1032 417 1072 462 C
1109 417 1156 462 U
1191 416 1238 462 R
1273 415 1309 460 S
1345 415 1392 460 U
1425 414 1462 458 S
1531 414 1572 457 Ι.

1039 527 1099 563 An
1131 535 1201 562 w.
1235 523 1301 563 Tt.
1335 524 1401 561 735.

421 615 645 661 Ingeniosa
677 612 730 651 ‹le
754 614 1037 650 controverso
1069 609 1152 647 hoc
1183 607 1277 647 loco
1300 609 1440 646 exstat
1461 604 1696 656 disputatio
1718 604 1766 644 C.
1791 604 1833 644 F.
1859 603 2118 651 llermanni,

314 683 532 734 Mai-burgi
566 683 702 727 mss,
735 691 867 731 quam
898 680 966 718 liic
999 688 1238 728 excerpere
1271 677 1401 715 iuvat.
1435 677 1478 714 P.
1503 673 1575 714 34:
1611 672 1763 722 «Quod
1793 672 1879 713 dixi
1910 671 2028 713 nullo
2048 684 2125 712 ve-

314 758 458 793 terum
491 752 738 791 testimonio
770 749 899 788 aliam
930 749 1156 787 loculorum
1186 745 1550 797 significationem
1572 745 1799 792 constare,
1832 743 1914 783 nisi
1934 753 2048 793 quae
2071 741 2126 782 ad

314 823 548 874 pecuniam
579 819 738 859 aliasve
771 820 864 858 eius
895 817 1067 867 generis
1107 827 1178 855 res
1217 815 1434 866 pretiosas
1466 812 1720 853 condendas
1750 813 1994 864 spectaret,
2040 822 2128 851 non

316 903 412 931 eain
444 893 531 930 vim
562 889 716 932 babet,
777 890 821 927 ut
845 888 879 926 si
901 886 983 925 loci
1006 885 1188 925 alicuius
1211 883 1425 924 sententia
1449 882 1491 922 id
1514 883 1657 934 ipsum
1679 880 1884 934 postulet,
1916 879 2129 920 librorum

315 963 477 1013 pariter
498 972 547 998 ac
579 967 854 1009 gemmarum
875 954 944 994 vel
977 954 1163 993 clavium
1186 953 1448 998 conditoria,
1482 962 1595 1003 quae
1617 950 1722 991 alias
1742 961 1897 1001 capsae
1915 961 1950 990 s.
1974 950 2131 989 scrinia

316 1028 673 1081 appellabantur,
716 1025 959 1077 significare
992 1034 1122 1076 posse
1154 1034 1336 1073 negem,
1381 1033 1572 1072 cumque
1605 1021 1791 1060 tabulam
1820 1021 1907 1060 iam
1937 1030 1961 1059 a
1991 1019 2131 1059 Scho-

316 1100 436 1139 liasta
468 1098 522 1136 ad
566 1095 790 1137 scribendi
833 1093 1164 1134 meditationem
1201 1092 1353 1131 referri
1406 1091 1660 1138 rideamus,
1707 1091 1877 1129 tantum
1916 1087 2045 1128 abest
2084 1090 2131 1127 ut

317 1167 531 1220 l·]pistolae
567 1168 603 1211 1,
638 1167 681 1210 l,
716 1166 781 1204 56.
816 1163 965 1204 locum
997 1165 1080 1202 hoc
1110 1164 1260 1202 vetare
1292 1161 1503 1208 arbitrer,
1543 1172 1597 1200 ne
1628 1159 1781 1199 loculos
1808 1169 1888 1211 pro
1917 1156 2132 1197 librorum

316 1239 658 1286 chartarumque
691 1237 731 1273 et
763 1233 845 1273 stili
876 1233 1146 1284 repositoriis
1177 1231 1443 1279 habeamus,
1479 1231 1524 1269 ut
1556 1228 1620 1269 vel
1652 1229 1894 1268 maximum
1915 1228 2008 1268 eius
2030 1237 2133 1266 acu-

317 1319 418 1347 men
449 1307 694 1358 periturum
735 1315 834 1344 esse
866 1304 1032 1350 dicam,
1078 1303 1112 1341 si
1154 1302 1394 1352 gestamina
1427 1299 1562 1339 laevis
1592 1298 1788 1338 humeris
1820 1307 2035 1348 suspensa
2066 1296 2132 1335 16-

318 1382 571 1417 neratorum
603 1377 772 1413 tantum
803 1374 1092 1412 instrumenta
1125 1371 1399 1418 necessaria,
1443 1380 1530 1408 non
1561 1367 1689 1409 simul
1729 1368 1863 1407 etiam
1901 1364 2132 1406 scholasti—

318 1458 470 1485 corum
502 1445 697 1496 speciem
729 1441 918 1493 aliquam
943 1442 1238 1487 continerent,
1273 1439 1433 1490 quibus
1466 1438 1520 1478 illi
1551 1438 1752 1489 quamvis
1774 1435 1909 1476 adulti
1930 1435 2131 1486 adeoque

316 1517 513 1567 provecti
545 1516 687 1553 aetate
720 1514 868 1551 tamen
899 1513 1081 1562 propter
1103 1510 1361 1550 caecitatem
1385 1510 1429 1547 et
1459 1505 1734 1547 illiberalium
1756 1504 2003 1546 studiorum
2026 1505 2133 1545 assi-

316 1586 528 1624 duitatem
559 1594 645 1621 non
677 1583 769 1621 sine
802 1591 961 1630 magno
993 1579 1180 1618 ludibrio
1213 1581 1257 1618 et
1287 1577 1376 1617 sale
1409 1578 1734 1627 comparantur.
1794 1576 1948 1626 Neque
1989 1575 2032 1615 in
2066 1574 2132 1614 his

316 1654 530 1700 consisto,
564 1651 644 1691 sed
674 1651 839 1690 Satirae
872 1660 1049 1700 quoque
1081 1647 1202 1695 loco,
1237 1646 1305 1686 illo
1336 1658 1471 1686 versu
1502 1648 1701 1694 servato,
1748 1654 1913 1684 novum
1943 1654 2132 1684 acumen

315 1723 531 1763 accedere
564 1725 692 1773 puto,
739 1720 794 1760 de
827 1730 914 1770 quo
948 1719 1020 1766 iis,
1069 1719 1142 1768 qui
1186 1719 1323 1756 totam
1354 1715 1597 1756 sententiae
1628 1715 1715 1753 vim
1758 1714 1801 1754 in
1842 1711 2133 1753 calculatoriis

316 1793 468 1832 studiis
499 1791 733 1830 irridendis
765 1789 976 1829 contineri
1012 1787 1360 1833 arbitrabantur,
1408 1785 1508 1825 nihil
1540 1783 1756 1834 suboluit,
1799 1783 1926 1824 nobis
1957 1785 2130 1831 autem,

317 1864 390 1913 qui
421 1860 727 1902 liberalitatem
760 1859 920 1898 Horatii
950 1858 1085 1908 patris
1107 1857 1415 1896 centurionum
1446 1855 1742 1906 parsimoniae
1764 1854 1804 1893 in
1826 1852 2014 1894 filiorum
2035 1863 2135 1893 suo-

318 1944 415 1972 rum
447 1932 713 1971 institutione
745 1929 908 1980 opponi
937 1927 1152 1974 vidimus,
1187 1925 1567 1977 exoptatissimum
1589 1922 1806 1963 calculum
1828 1923 2022 1963 adiiciat:
2056 1933 2131 1963 so—

317 2001 547 2041 litudinem
594 2000 717 2045 (lico,
766 2009 850 2048 qua
893 1997 1200 2036 centurionum
1244 1995 1367 2046 pueri
1412 1993 1580 2033 lo‹·u10s
1625 1991 1887 2044 tabulasque
1926 1992 2016 2032 suis
2052 1992 2133 2043 ipsi

319 2072 515 2111 humeris
559 2072 755 2119 gestasse
801 2067 1025 2113 dicuntur,
1073 2076 1213 2115 quum
1258 2064 1461 2104 Horatius
1507 2064 1619 2102 inter
1663 2060 1855 2113 reliquas
1892 2062 2029 2113 patris
2067 2061 2134 2102 Sui

319 2140 471 2180 laudes
502 2140 615 2178 banc
647 2148 823 2188 quoque
854 2138 1006 2187 ponat:
1039 2139 1189 2174 restem
1217 2145 1434 2183 servosque
1463 2137 1692 2181 sequentes,
1725 2133 1771 2171 In
1798 2142 1952 2183 maqno
1980 2135 2026 2170 ut
2047 2141 2130 2182 po-

314 2211 437 2260 pulo,
483 2210 516 2247 si
555 2209 645 2258 quis
681 2207 860 2254 vidisset,
907 2207 1022 2244 avila
1060 2206 1130 2244 Ex
1159 2216 1203 2243 re
1236 2204 1430 2254 praeberi
1459 2207 1644 2252 sumptus
1672 2202 1772 2241 milii
1801 2202 1983 2241 crederet
2011 2201 2131 2241 illos:

319 2290 546 2330 quumque
579 2280 715 2317 totam
747 2275 1091 2326 descriptionem
1122 2275 1178 2312 ita
1210 2274 1452 2312 institutam
1483 2283 1581 2312 6556
1603 2272 1856 2320 videamus,
1888 2272 1938 2310 ut
1967 2268 2133 2322 singula

319 2348 496 2399 singulis
527 2346 848 2397 respondeant,
883 2345 1045 2395 optime
1078 2343 1277 2394 profecto
1308 2341 1542 2381 nobiscum
1572 2344 1744 2390 actum,
1777 2341 1897 2392 quod
1925 2341 1993 2381 his
2022 2350 2135 2391 quo-

319 2430 404 2469 que
437 2418 675 2462 invenitur,
719 2414 838 2465 quod
869 2414 1030 2465 opponi
1061 2413 1214 2464 possit.
1277 2411 1447 2452 Scilicet
1483 2422 1648 2463 pueros
1689 2411 1731 2450 in
1766 2409 1940 2451 scholas
1979 2410 2134 2450 euntes

319 2488 517 2527 comitari
563 2485 761 2526 solebant
805 2484 990 2533 capsarii
1034 2493 1135 2521 cum
1180 2482 1319 2521 thecis
1364 2480 1609 2520 calamariis
1649 2479 1718 2519 vel
1763 2480 2041 2531 graphiariis,
2086 2480 2135 2518 ut

319 2557 511 2597 Suetonii
546 2554 708 2605 (Claud.
734 2554 815 2603 35.)
848 2552 996 2592 verbis
1029 2554 1145 2598 utar,
1178 2551 1311 2601 idque
1344 2553 1505 2590 Romae
1530 2549 1641 2589 adeo
1672 2549 1881 2589 usitatum
1912 2548 2045 2588 1111556
2067 2549 2134 2587 vi-

319 2627 467 2671 detur,
511 2628 559 2664 ut
587 2626 654 2663 lux
667 2622 801 2663 enalis
833 2623 952 2661 certe
984 2622 1126 2659 aetate
1159 2619 1226 2659 vel
1263 2621 1336 2670 qui
1375 2620 1507 2658 adhue
1536 2630 1619 2657 uno
1656 2622 1828 2667 partam
1856 2618 2005 2657 coleret
2042 2628 2132 2658 asse

319 2697 574 2741 Minervam,
622 2703 723 2732 eum
766 2694 913 2731 tamen
953 2694 1086 2729 custos
1125 2693 1326 2740 anqustae
1354 2688 1529 2727 vernula
1558 2698 1709 2736 capsae
1738 2689 2003 2738 sequeretur
2035 2687 2129 2738 (10,

326 2765 447 2812 HJJ:
474 2762 628 2813 quodsi
651 2763 761 2801 haec
784 2761 945 2800 Horatii
968 2760 1184 2799 sententia
1204 2761 1284 2805 est,
1308 2759 1528 2797 Venusiae
1552 2769 1605 2797 ne
1621 2757 1928 2797 centurionum
1949 2755 2131 2807 quidem

322 2844 503 2886 pueros.
552 2833 623 2882 qui
669 2830 792 2871 facile
837 2829 1058 2881 principes
1103 2830 1143 2867 in
1184 2839 1235 2867 eo
1275 2827 1513 2878 municipio
1545 2829 1717 2874 essent,
1765 2826 1947 2866 comites
1977 2836 2131 2866 Secum

322 2904 550 2946 babuisse,
585 2903 657 2951 qui
690 2902 730 2939 in
762 2899 912 2939 ludum
945 2897 1151 2937 itantibus
1182 2897 1334 2935 loculos
1364 2896 1627 2944 tabulamque
1656 2897 1903 2946 gestarent,
1952 2894 2057 2946 quid
2088 2895 2131 2934 in

321 2971 400 3012 illis
429 2970 580 3011 loculis
610 2970 834 3009 conditum
866 2968 1014 3015 suerit,
1047 2978 1132 3006 non
1164 2965 1349 3005 multum
1380 2966 1536 3016 opinor
1565 2964 1842 3013 curabimus,
1876 2963 2008 3004 modo
2028 2962 2131 3003 illud

321 3043 611 3085 retineamus,
659 3038 776 3090 quod
821 3038 903 3077 (1161
951 3048 1035 3076 11011
1081 3038 1226 3087 potest
1270 3037 1480 3085 quantum
1527 3035 1656 3073 totius
1701 3034 1900 3085 imaginis
1933 3034 2132 3084 vigorem

322 3114 499 3161 augeat,
533 3113 577 3148 ut
608 3110 689 3148 1136
712 3118 887 3158 quoque
920 3108 959 3145 in
991 3117 1037 3144 16
1071 3105 1231 3144 Horatii
1264 3104 1398 3155 patris
1429 3103 1728 3143 munificentia
1750 3102 2023 3154 apparuerit,
2057 3103 2131 3153 qui

322 3192 423 3222 cum
457 3181 496 3219 in
528 3179 663 3230 patria
696 3178 825 3216 etiam
858 3176 1089 3215 comitatus
1120 3172 1367 3225 sumptibus
1397 3184 1580 3225 parcere
1613 3174 1785 3224 posset,
1832 3182 1886 3211 ne
1919 3171 2001 3212 hac
2032 3172 2131 3223 qui-

323 3251 425 3290 dem
458 3261 503 3289 re
536 3248 796 3287 absterritus
827 3248 910 3292 est,
945 3244 1179 3295 quominus
1201 3255 1303 3282 eum
1336 3244 1518 3282 Romam
1540 3242 1805 3290 deduceret,
1838 3239 1913 3280 ubi
1941 3251 2129 3292 puerum

324 3322 416 3361 sine
449 3319 655 3358 comitatu
689 3317 727 3354 in
760 3313 957 3355 scholam
989 3314 1164 3353 mittere
1197 3313 1375 3351 omnino
1408 3324 1492 3352 non
1532 3313 1748 3363 poterat.»

432 3391 476 3428 P.
519 3388 591 3426 29:
646 3385 812 3424 «Feriis
853 3383 1052 3423 deductis
1097 3383 1130 3422 si
1176 3384 1274 3421 octo
1321 3383 1487 3421 tantum
1533 3381 1632 3420 anni
1681 3379 1909 3419 mensibus
1954 3377 2128 3419 scholas

324 3459 494 3498 liabitas
517 3468 613 3496 esse
637 3455 907 3507 apparuerit,
942 3451 1064 3492 facile
1096 3450 1376 3502 intelligetur,
1411 3462 1489 3490 cur
1510 3450 1663 3488 octonis
1692 3448 1970 3500 potissimum
1992 3446 2129 3487 Idibus
