2231 3787
285 254 378 305 742

1087 254 1300 294 HORATII

348 384 591 438 intererit
631 384 839 457 Satyris
880 383 1100 454 paulum
1141 382 1454 453 pudibunda
1493 382 1772 453 protcrvis.

348 489 462 540 Non
502 503 603 557 ego
646 487 886 539 inornata
926 493 978 537 et
1015 484 1344 537 dominantia
1383 484 1597 536 nomina
1644 483 1817 536 solum

347 588 661 659 Verbaque,
706 588 954 646 PisoneS‚
999 586 1317 657 Satyrorum
1355 588 1584 656 scriptor
1621 584 1842 648 amabo;
1998 585 2101 637 ⁶235

344 692 454 743 Ncc
493 691 570 743 sic
608 691 777 742 enitar
814 688 1015 758 tragico
1056 685 1272 740 differre
1320 686 1512 749 colori,

356 849 450 888 234..
485 849 648 887 nominc
678 849 722 886 B.
762 871 804 875 ——
842 848 932 886 237.
975 858 1031 885 an
1062 848 1209 886 audate
1240 856 1342 885 cum
1374 844 1598 896 plerisque
1631 845 1769 885 Codd.
1811 844 2045 896 bSTEcdp.

279 988 425 1029 Matris
456 987 636 1026 deum.»
670 990 799 1026 Aeac.
853 988 947 1035 Quo
968 987 1159 1026 refertur

278 1051 399 1090 locus
431 1049 570 1090 Ovidii
601 1050 727 1090 Trist.
753 1051 803 1097 ⁶2,
828 1049 902 1089 23:
936 1051 1024 1099 Ipse
1054 1061 1160 1099 quo—

278 1124 355 1161 que
383 1113 587 1152 Ausonias
627 1111 784 1151 Caesar
813 1116 1049 1161 matresque
1078 1123 1160 1150 nu-

277 1187 429 1225 rusque
486 1174 688 1214 Carmina
742 1175 980 1225 turriyerac
1027 1174 1162 1213 dicere

277 1238 395 1277 iussit
411 1237 501 1287 Opi.
520 1258 563 1264 —
583 1236 758 1286 paulum
771 1235 1032 1286 pudibunda]
1058 1236 1162 1275 «ein

282 1300 446 1350 zcenig]
488 1299 834 1338 verschc‘iml..»
894 1297 1159 1339 Incredibile

281 1365 348 1403 est
391 1360 632 1401 Arnoldum
671 1362 783 1401 haec
824 1362 1018 1402 iunxisse
1059 1372 1161 1401 cum

279 1436 323 1464 v,
345 1428 560 1463 matrona.
609 1423 796 1463 Putabat
826 1425 886 1472 is,
934 1426 1162 1463 matronas

281 1489 499 1527 Romanas
541 1496 644 1525 cum
681 1486 848 1535 Satyris
889 1485 1048 1526 saltare
1081 1497 1164 1537 po-

282 1550 435 1589 tuisse.
459 1570 504 1576 —
525 1548 691 1597 Satyris
706 1569 728 1575 —
739 1546 963 1597 protervis]
981 1551 1164 1598 propter

280 1613 402 1651 iocos
424 1612 623 1661 agrestes
646 1612 689 1649 et
710 1609 975 1648 obscoenos.
1014 1610 1166 1648 Hesio-

283 1673 326 1712 di
357 1674 423 1712 Fr.
448 1672 514 1713 94.
550 1671 732 1712 Goettl.:
782 1671 874 1711 Καὶ
912 1671 1049 1724 γένος
1079 1665 1165 1710 οὗ-

284 1731 486 1776 τιὸανῶν
530 1731 756 1790 Σατύρων
796 1734 877 1773 καὶ
909 1727 1165 1785 ἀμηχανο-

285 1794 449 1853 εργῶν.

338 1859 540 1899 6234-239.
587 1860 680 1898 Νοη
701 1870 774 1908 eqo
796 1858 896 1908 cet.]
920 1859 983 1896 De
1002 1867 1164 1907 genere

286 1921 464 1961 dicendi
495 1932 627 1972 agere
658 1921 823 1972 pergit,
858 1919 978 1970 quod
1008 1917 1166 1958 fabulis

285 1984 487 2033 satyricis
519 1983 767 2022 conveniat.
816 1982 881 2020 «Si
903 1991 1101 2031 unquam
1122 1981 1165 2018 in

285 2049 484 2086 mentem
515 2046 622 2084 mihi
653 2045 827 2084 veniret
850 2042 1021 2083 fabulas
1044 2043 1168 2092 Saty-

284 2110 399 2148 ricas
444 2107 707 2148 scriberet»
756 2118 779 2145 a
819 2117 906 2156 quo
940 2105 1166 2157 proposito

286 2170 489 2210 Horatius
520 2181 627 2209 sane
650 2168 947 2208 alienissimus
969 2169 1078 2217 erat,
1102 2169 1169 2206 ut-

286 2236 388 2285 pote
421 2233 494 2283 qui
526 2234 683 2271 natura
714 2242 793 2271 sua
824 2242 846 2270 a
878 2232 971 2271 toto
1003 2240 1166 2281 genere

286 2295 463 2335 scenico
486 2294 771 2343 abhorreret,
804 2305 975 2344 neque,
1009 2294 1057 2332 ut
1077 2292 1169 2343 opi-

287 2368 381 2404 nor,
407 2367 604 2407 unquam
624 2357 664 2395 in
683 2357 769 2395 hoc
785 2357 984 2407 satyrico
1002 2366 1166 2407 genere

288 2419 519 2459 elaborare
564 2418 790 2459 voluisset.
847 2442 890 2447 ——
942 2419 1166 2471 inornata]

287 2493 402 2533 quae
430 2493 543 2531 pura
573 2483 789 2521 vocantur
819 2482 908 2522 Sat.
937 2483 952 2520 4
978 2516 985 2530 ,
1018 2481 1064 2531 4,
1097 2482 1164 2522 54..

287 2545 381 2583 sine
413 2545 565 2594 tropis.
596 2567 638 2571 ᾖ
675 2544 969 2583 «dominantia
996 2545 1170 2584 nomina

288 2608 412 2654 sunt,
463 2617 577 2656 quae
609 2607 814 2662 κυρίοις,
856 2606 899 2645 id
931 2608 1020 2653 est,
1064 2617 1168 2657 pro-

288 2670 394 2720 priis
426 2669 651 2709 vocabulis
694 2669 824 2719 (quae
857 2672 1039 2720 propria
1075 2675 1170 2710 sant

288 2735 324 2770 et
353 2736 468 2771 ceria
498 2733 617 2781 quasi
648 2732 849 2772 vocabula
869 2743 1012 2772 reruni
1036 2744 1169 2783 paene

288 2805 374 2832 una
412 2798 514 2832 nata
550 2805 644 2833 cani
673 2795 793 2834 rebus
819 2796 939 2845 ipsis,
987 2797 1076 2835 Cic.
1111 2796 1166 2836 de

289 2857 404 2895 Orat.
431 2857 469 2905 3,
495 2857 560 2905 37,
586 2857 695 2907 1149.)
722 2861 1034 2910 nuncupantur
1056 2859 1168 2909 (nul-

290 2918 338 2957 lis
382 2920 653 2970 metaphoris
685 2920 931 2970 immixtis),
977 2923 1024 2960 ut
1049 2922 1164 2971 liber,

289 2992 437 3029 capsa,
458 2982 662 3032 pacina.»
686 2984 841 3021 Pomm.
888 2985 1032 3034 Atque
1055 2985 1166 3023 haec

292 3044 592 3094 interpretatio
625 3055 677 3083 ex
707 3045 989 3095 antiquorum
1017 3048 1169 3085 Gram-

291 3105 578 3154 maticorum,
602 3107 664 3145 uti
686 3106 880 3155 videtur,
905 3107 1067 3148 scholis
1090 3108 1170 3147 du-

291 3171 356 3206 cta
390 3165 518 3218 longe
544 3168 649 3207 mihi
672 3170 818 3208 verior
838 3169 1012 3209 videtur
1033 3181 1166 3221 quam

293 3229 623 3270 Forcelliniana:
660 3229 740 3270 «ab
764 3230 971 3272 omnibus
1002 3234 1167 3283 passim

292 3294 501 3343 usurpata
544 3296 588 3332 et
627 3293 960 3344 quodammodo
999 3296 1037 3333 in
1071 3306 1167 3335 scr-

292 3365 422 3394 monc
454 3354 567 3406 volgi
598 3356 857 3395 dominantia
890 3358 931 3395 et
963 3356 1168 3398 obtinen-

292 3418 390 3455 tia.»
430 3419 554 3467 {Acro
592 3421 631 3457 et
668 3417 728 3457 Gl.
760 3419 830 3457 T.:
877 3435 894 3454 «
910 3420 1170 3460 dominantia

292 3480 477 3529 nomina]
510 3482 709 3530 propria,
746 3480 1061 3531 significantia:
1097 3485 1170 3522 aut

1226 996 1340 1036 quae
1367 985 1522 1024 Graeci
1552 981 1694 1041 κύρια
1713 987 1875 1024 vocant
1894 986 1970 1025 aut
1991 996 2103 1036 quae

1224 1058 1353 1098 reges
1379 1046 1496 1097 loqui
1523 1046 1666 1086 solent
1690 1048 1715 1086 i.
1737 1058 1775 1087 e.
1800 1047 2028 1098 tumida»)
2057 1070 2101 1075 —-

1224 1110 1431 1148 nomina-
1452 1110 1673 1161 Verbaque]
1720 1111 1767 1148 ut
1809 1110 1963 1149 Graeci
2004 1110 2104 1149 ante

1225 1170 1508 1211 Aristotelem
1529 1170 1759 1211 vocabulis
1785 1166 2005 1224 ὀνόματα
2024 1172 2106 1211 καὶ

1226 1228 1420 1290 ῥήματα
1431 1244 1587 1273 omnes
1599 1234 1809 1273 orationis
1821 1235 1971 1285 partes
1988 1244 2108 1273 com-

1227 1295 1551 1349 plectebantur.
1588 1296 1650 1336 Cf.
1676 1297 1762 1336 Sat.
1789 1298 1804 1336 sl
1826 1329 1834 1344 ,
1859 1297 1907 1344 3,
1935 1295 2014 1336 403
2035 1307 2104 1347 sq.

1231 1382 1275 1386 —
1309 1359 1564 1408 Satyrorum
1603 1358 1799 1411 scriptor]
1847 1358 1951 1398 nihil
1989 1357 2106 1399 aliud

1228 1422 1475 1472 significare
1515 1422 1663 1472 potest
1705 1421 1788 1461 nisi
1827 1420 2108 1461 «fabularum

1229 1484 1531 1534 satyricarum
1574 1485 1814 1535 scriptor,»
1870 1484 1953 1524 etsi
1995 1484 2106 1524 mire

1229 1545 1423 1586 nonnulli
1442 1579 1449 1596 ,
1474 1548 1521 1586 ut
1542 1546 1719 1596 Gonod‚
1744 1546 2018 1597 distinguunt
2036 1559 2110 1586 no-

1227 1610 1346 1648 mina
1374 1609 1508 1648 solnm
1541 1608 1774 1658 Verbaque,
1805 1610 1988 1659 Pisones,
2023 1610 2109 1650 Sa-

1230 1674 1443 1720 tyrorum,
1490 1672 1670 1721 scriptor
1699 1672 1873 1721 amabo,
1916 1673 1984 1712 «le
2012 1673 2109 1712 lan-

1229 1743 1337 1782 yagje
1356 1733 1568 1773 ordinaire
1589 1735 1657 1773 des
1682 1734 1895 1783 Satyros.»
1922 1757 1966 1762 —
1990 1746 2110 1775 ama-

1230 1794 1291 1845 bo]
1333 1788 1631 1846 «ἀγαπήσω,
1676 1795 1836 1836 talibus
1874 1799 2109 1838 contentus

1232 1866 1352 1895 ero.»
1385 1857 1454 1895 Sic
1476 1858 1624 1896 iuven.
1648 1858 1688 1904 7,
1712 1857 1757 1895 9:
1788 1859 1900 1898 Nam
1919 1860 1953 1898 si
1971 1861 2112 1900 Pieria

1232 1919 1449 1967 quadrans
1479 1918 1551 1957 tibi
1578 1919 1717 1958 nullas
1738 1919 1780 1958 in
1801 1922 1952 1962 umbra
1972 1923 2111 1963 Osten-

1232 1982 1379 2029 datur,
1428 1991 1541 2020 ames
1579 1992 1728 2020 nomen
1755 1983 1990 2034 victumque
2016 1988 2111 2026 Ma-

1232 2044 1420 2082 chaerae.
1452 2065 1496 2070 —
1519 2044 1603 2082 ,Nec
1631 2043 1690 2082 sic
1718 2045 1827 2094 cet.]
1860 2048 2039 2098 «Neque
2074 2050 2110 2089 si

1236 2104 1430 2144 fabulam
1463 2106 1703 2155 satyricam
1732 2117 2002 2158 componere
2023 2109 2112 2150 vel-

1231 2168 1335 2217 lem,
1361 2169 1592 2219 tantopere
1614 2169 1752 2208 vitare
1774 2169 2004 2211 studerem
2026 2175 2112 2213 tra-

1232 2232 1315 2283 gici
1345 2232 1565 2271 sermonis
1595 2230 2032 2283 magniloquentiam,
2063 2238 2112 2276 ut

1233 2297 1345 2335 cet.»
1370 2318 1414 2322 —
1439 2295 1607 2344 differre
1626 2294 1768 2346 colori]
1792 2296 2026 2338 Notissima
2044 2302 2112 2339 est

1233 2357 1501 2398 constructio
1523 2356 1764 2396 verborum
1786 2357 2109 2411 discrepantiae

1234 2431 1336 2460 cum
1359 2420 1506 2459 dativo
1531 2418 1599 2469 (cf.
1624 2420 1710 2459 Sat.
1734 2421 1772 2468 4,
1791 2419 1830 2469 4,
1851 2420 1960 2472 48.);
1994 2422 2109 2464 male

1233 2481 1430 2522 nonnulli
1459 2482 1616 2530 colore,
1658 2483 1796 2522 nostri
1828 2483 1967 2524 Codd.
2000 2484 2112 2525 alte-

1232 2556 1333 2585 rum
1364 2545 1557 2584 firmant.
1612 2546 1676 2584 De
1706 2556 1804 2585 voc.
1838 2547 1953 2586 color
1992 2548 2107 2588 conf.

1219 2610 1342 2660 ¹Epp.
1368 2609 1404 2652 fl.
1432 2608 1496 2656 17,
1521 2608 1587 2647 23.
1617 2628 1660 2635 -
1686 2608 1847 2660 Davus]
1875 2609 1937 2649 Cf.
1961 2611 2048 2650 Sat.
2069 2611 2107 2659 ’1,

1235 2672 1309 2718 110,
1339 2670 1405 2710 40.
1436 2693 1479 2697 -—
1512 2674 1549 2709 el-
1579 2670 1740 2721 audaoe]
1790 2672 1882 2710 «Ita
1921 2671 2024 2722 (non
2054 2684 2111 2713 an

1233 2734 1397 2783 cruciate)
1429 2736 1497 2771 est
1525 2731 1788 2782 legendum;
1821 2743 1925 2772 nam
1955 2733 2112 2775 distin-

1233 2798 1426 2847 guuntur
1455 2795 1543 2834 duo
1565 2796 1735 2834 tantum
1757 2805 1964 2844 genera.»
1990 2797 2111 2836 HAND

1233 2860 1356 2898 Turs.
1382 2859 1412 2897 I.
1446 2869 1488 2908 p.
1515 2857 1607 2896 303.
1637 2880 1677 2885 —
1712 2856 1894 2909 Pythias]
1927 2869 2111 2910 «perso-

1233 2932 1285 2960 na
1305 2921 1474 2960 comica
1493 2921 1535 2959 in
1557 2920 1788 2960 comoedia
1809 2919 1974 2971 Lucilii,
1994 2933 2108 2974 quae

1232 2984 1456 3023 inducitur
1486 2994 1567 3034 per
1597 2984 1779 3023 astutias
1811 2983 2013 3034 accipere
2043 2996 2111 3025 ar-

1232 3048 1412 3097 gentum
1445 3058 1466 3085 a
1494 3046 1692 3095 Simone,
1727 3046 1906 3088 domino
1936 3058 2033 3097 suo,
2066 3048 2110 3087 in

1234 3109 1384 3149 dotem
1430 3119 1535 3148 suae
1582 3106 1747 3148 filiae.»
1794 3109 1934 3150 Comi.
1973 3110 2105 3155 CRUQ.

1234 3173 1330 3215 <Pro
1363 3170 1509 3209 Lucilii
1541 3169 1690 3210 malim
1721 3170 1911 3219 Caecilii3
1950 3171 2109 3212 eadem

1233 3232 1431 3273 confusio
1478 3236 1545 3273 cst
1588 3234 1631 3272 in
1668 3233 1886 3285 Spengelii
1918 3233 2109 3275 Caecilio

1233 3296 1367 3335 Statio
1408 3307 1449 3347 p.
1483 3296 1566 3346 60.)
1626 3297 1792 3346 Pythias
1821 3297 1888 3336 est
1915 3306 2109 3348 persona

1234 3358 1403 3398 comica
1435 3359 1568 3398 ctiam
1592 3358 1710 3409 apud
1730 3357 2044 3398 Phoenicidem
2065 3359 2108 3398 in

1233 3421 1433 3460 Meinckii
1466 3422 1529 3460 Fr.
1561 3421 1685 3460 Com.
1710 3421 1779 3460 lV.
1813 3431 1855 3472 p.
1879 3421 1997 3470 544..
2031 3419 2107 3459 ubi

1232 3483 1402 3523 Editor:
1440 3483 1665 3534 «Pythias,
1700 3482 1819 3533 quod
1841 3481 1946 3522 alias
1966 3482 2107 3522 hone—
