2231 3787
847 275 944 314 LlB.
980 276 1029 314 Il.

1093 275 1202 314 SAT.
1240 276 1287 314 ll.

239 408 346 460 Nec
387 423 572 460 scarus
613 416 701 459 aut
740 406 932 476 poterit
972 405 1256 476 peregrina
1299 406 1481 458 iuvare
1525 404 1706 474 lagois

240 508 331 559 Vix
372 517 546 561 tamen
587 508 836 578 eripiam,
880 507 1052 577 posito
1094 524 1301 577 pavone
1343 506 1475 560 velis
1516 507 1644 577 quin

244 611 355 663 IIoo
395 610 572 680 potius
612 627 772 681 quam
813 608 1004 680 gallina
1044 618 1255 680 tergere
1297 608 1558 679 palatum,

242 711 537 782 Corruptus
579 712 727 764 vanis
767 728 972 771 rerum,
1017 711 1143 782 quia
1182 720 1376 764 veneat
1413 728 1545 763 auro
1923 711 1989 762 ‘25

243 815 376 867 Rara
416 814 528 866 avis
569 822 621 867 et
660 814 798 884 picta
839 813 1036 884 pandat
1075 812 1383 883 spectacula
1421 811 1618 865 cauda:

240 917 533 986 Tamquam
560 915 625 968 ad
656 933 769 968 rem
798 916 1013 968 attineat.
1040 913 1352 986 quidquam.
1394 916 1529 966 Num
1555 913 1795 967 vesceris
1823 913 1934 975 ista,

240 1018 413 1080 Quam
456 1016 668 1078 laudaS,
712 1016 929 1088 pluma?
971 1018 1133 1071 Cocto
1174 1035 1300 1068 num
1340 1015 1493 1068 adest
1531 1015 1700 1068 honor
1739 1014 1919 1069 idem?

278 1181 342 1222 28.
378 1182 498 1222 Coelo
529 1193 600 1222 nec
631 1183 742 1221 adest
768 1178 815 1232 ξ,
851 1184 971 1221 (Ῑοοΐι)
1003 1193 1100 1220 num
1131 1186 1186 1220 est
1219 1195 1276 1224 ω,
1313 1180 1485 1220 Coetone
1516 1181 1641 1219 eliani
1670 1184 1725 1219 est
1754 1179 1938 1219 Bentleii

225 1245 355 1285 dubia
388 1246 595 1296 suspicio.
634 1268 676 1273 —
711 1245 854 1296 honor]
888 1245 1002 1283 color
1032 1244 1119 1283 duo
1152 1244 1391 1287 Torrentii.
1428 1254 1479 1282 ex
1512 1241 1642 1292 gloss.

166 1386 229 1424 hic
257 1385 387 1435 epulis
415 1391 539 1434 (itque
568 1386 660 1424 albo
690 1389 830 1424 ventre
859 1385 1042 1423 lavatur.

172 1471 215 1476 —-
259 1448 377 1487 albus
414 1447 534 1487 eolor
570 1451 637 1488 est.
682 1448 871 1487 hominis
909 1448 1047 1486 vitam

168 1509 347 1550 mollem
388 1514 520 1562 atque
561 1509 846 1550 umbratilem
878 1509 1048 1559 degen-

168 1575 244 1622 tis,
278 1569 752 1629 {ozzatpoquzdtog,
800 1573 870 1611 oui
902 1566 1047 1623 ἡλιω-

167 1637 338 1688 μένος,
389 1635 480 1676 sole
531 1636 739 1682 adustus,
795 1635 1043 1686 opponitur.

169 1700 237 1738 Sic
274 1698 460 1750 Sulpicia
502 1700 587 1738 Sat.
620 1710 661 1738 v,
698 1699 764 1738 36.
799 1697 853 1737 de
894 1697 1047 1737 Domi-

169 1763 306 1801 tiano:
353 1763 534 1813 inylzn'ie
578 1762 708 1801 albus.
776 1762 945 1800 Seneca
991 1758 1045 1798 de

167 1825 296 1864 BreV.
320 1825 434 1864 xitae
468 1837 504 1864 o.
530 1826 578 1864 2:
617 1826 753 1873 Quam
782 1823 900 1863 multi
921 1822 1050 1862 eonti-

168 1888 262 1926 nuis
274 1888 553 1938 voluptatibus
568 1888 724 1937 pallent
736 1889 748 1926 l
770 1886 892 1926 Idem
911 1886 1044 1936 Epist.

172 1951 271 1990 4022:
312 1952 406 1990 Non
435 1951 657 2001 speciosior
685 1951 766 1989 illis
787 1947 1045 2000 (luxuriosis)

169 2025 296 2063 quarn
341 2014 482 2054 morbo
519 2012 771 2063 pallentibus
809 2011 923 2050 color
959 2014 1045 2050 est:

167 2077 356 2128 lanyuicli
386 2081 421 2116 et
443 2077 616 2116 evanidi
637 2076 792 2124 albent,
826 2078 863 2113 et
887 2074 927 2112 in
945 2073 1050 2111 vivis

166 2150 269 2178 caro
299 2140 523 2179 morticina
552 2143 622 2178 est.
660 2161 704 2166 —-
732 2136 883 2187 ostrea]
915 2133 1051 2185 bisyl-

169 2200 335 2241 labum.
380 2202 504 2241 Cons.
529 2202 615 2240 Sat.
642 2202 656 2239 i
679 2232 687 2246 ,
712 2200 758 2247 8,
792 2198 858 2239 45.
886 2220 930 2226 —
954 2208 1050 2236 sea-

169 2264 255 2316 rus]
286 2265 418 2315 piscis
448 2265 694 2315 pretiosus,
743 2262 823 2301 sed
859 2262 1045 2311 ignotus.

169 2326 527 2366 Meerbrassen
557 2327 694 2371 Voss;
728 2323 797 2364 alii
827 2324 1046 2374 Lippfiseh.

172 2389 234 2429 Cf.
259 2389 396 2440 Epod.
422 2389 470 2436 ⁵2,
504 2390 570 2428 50.
604 2388 773 2427 Becker
795 2387 940 2426 Gallus
962 2385 1046 2434 (ed.

171 2450 259 2501 alt.)
291 2453 360 2490 Ill.
385 2462 427 2502 p.
454 2451 546 2491 485.
577 2474 622 2479 —
656 2449 801 2501 lagois]
837 2449 953 2488 «avis
985 2447 1049 2486 le-

171 2515 311 2566 porini
353 2513 554 2554 eoloris.»
615 2515 769 2553 Ponpn.
837 2511 1048 2551 Fortassis

172 2576 328 2616 eadem
362 2579 427 2616 est
459 2587 561 2614 oum
597 2576 664 2614 avi
711 2574 885 2626 Alpina,
934 2584 1047 2624 quae

170 2651 194 2678 a
225 2637 360 2678 Plinio
394 2639 457 2689 (H.
483 2640 531 2678 N.
559 2638 629 2686 110,
664 2637 746 2686 68.)
779 2637 955 2688 lagopus
981 2635 1050 2675 di—

170 2702 303 2750 citur,
330 2701 562 2750 praecipuo
581 2711 743 2750 sapore.
803 2700 925 2738 Pedes
943 2699 1052 2749 lepo-

170 2765 264 2803 rino
293 2764 390 2802 villo
420 2775 567 2802 nornen
596 2764 632 2802 ei
661 2763 735 2801 hoc
766 2763 934 2809 dedere,
982 2772 1050 2800 ce-

171 2830 258 2865 tero
286 2826 513 2875 candidae,
560 2824 847 2864 columbarum
881 2823 1050 2874 mayni-

170 2888 324 2927 tudine.
376 2887 734 2938 (Schneehuhn.
782 2886 925 2936 Voss.)
970 2883 1050 2925 Alii

173 2949 318 2989 minus
349 2951 468 2988 recte
498 2960 580 3000 pro
610 2949 732 3000 pisce
764 2947 946 2987 habent.

226 3010 372 3050 23-28.
424 3011 503 3049 Via:
542 3015 682 3050 tamen
723 3010 902 3060 eripiam
946 3009 1049 3060 oet]

174 3075 340 3122 «Aegre
371 3074 541 3121 tamen,
576 3073 690 3120 scio,
725 3071 927 3122 quamvis
948 3069 1052 3109 vali-

173 3135 240 3174 dis
276 3135 547 3184 argumentis
587 3144 769 3182 usurus,
817 3133 860 3172 id
895 3132 975 3173 abs
1006 3135 1048 3172 te

173 3195 406 3243 obtinebo,
442 3197 492 3234 ut
511 3196 711 3247 apposito
732 3195 777 3235 in
797 3205 954 3234 mensa
975 3205 1051 3245 pa-

170 3271 284 3300 vone
307 3257 513 3310 gallinam
532 3257 802 3309 praeferas.»
849 3259 1048 3297 Pavones

172 3324 322 3362 autem
338 3322 386 3370 Q.
401 3320 660 3360 Hortensius
676 3319 846 3371 primus
866 3320 911 3358 in
926 3330 1051 3358 men—

173 3385 233 3425 sis
254 3393 480 3435 apponere
507 3381 657 3422 docuit
678 3382 914 3421 Romanos.
957 3380 1044 3420 Cfr.

173 3447 261 3485 Sat.
295 3446 342 3493 4,
374 3446 421 3494 2,
469 3445 556 3484 116.
616 3443 705 3483 Cio.
744 3442 800 3481 ad
842 3443 960 3481 Fam.
999 3442 1045 3491 9,

173 3508 249 3552 ²20,
280 3508 333 3547 ⁶2:
387 3508 467 3547 Sed
504 3507 596 3547 vide
625 3506 880 3546 audaciam:
924 3505 1050 3544 etiam

1111 1384 1245 1422 Hirtio
1261 1394 1432 1422 coenant
1449 1383 1540 1421 decli
1556 1383 1827 1432 sinepavone.
1846 1382 1992 1422 Verbo

1106 1456 1260 1495 ponere
1281 1445 1442 1484 eadem
1473 1455 1558 1495 qua
1581 1444 1651 1484 hio
1673 1444 1991 1495 significatione

1112 1519 1218 1549 usus
1241 1510 1308 1547 est
1338 1510 1466 1558 poeta
1490 1507 1623 1546 etiam
1644 1508 1731 1546 Sat.
1761 1508 1806 1554 2,
1841 1507 1888 1556 4,
1924 1508 1989 1548 44.

1110 1571 1158 1619 ⁶2,
1207 1570 1253 1618 6,
1297 1569 1364 1610 64.
1416 1570 1461 1617 Ξ,
1505 1570 1554 1617 8,
1599 1570 1664 1609 91.
1717 1570 1840 1610 Coni'.
1877 1582 1990 1622 quae

1111 1632 1422 1672 adnotavimus
1453 1631 1507 1670 ad
1539 1633 1626 1671 Sat.
1660 1633 1699 1680 i,
1738 1633 1787 1680 ἱ),
1823 1634 1915 1672 406.
1945 1657 1989 1660 ——

1110 1695 1282 1747 temere]
1329 1695 1497 1734 eomiee
1544 1694 1599 1733 de
1646 1697 1768 1745 grato
1804 1706 1990 1746 sapore,

1112 1769 1198 1810 quo
1222 1757 1418 1809 palatum
1441 1756 1759 1808 permulcetur.
1807 1760 1994 1798 Contra-

1111 1822 1226 1861 rium
1266 1823 1333 1861 est
1363 1820 1498 1860 Persii
1535 1820 1582 1868 3,
1619 1819 1724 1859 tii-z
1775 1822 1882 1870 quod
1916 1821 1991 1871 (os)

1109 1884 1222 1923 haud
1252 1884 1390 1922 deceat
1414 1882 1578 1932 plebeia
1612 1883 1764 1922 radere
1798 1882 1903 1923 beta.
1942 1905 1985 1912 -

1110 1946 1230 1985 vanis
1255 1944 1411 1996 rerum]
1435 1943 1512 1984 Od.
1538 1943 1584 1992 4,
1621 1944 1694 1991 12,
1732 1944 1801 1984 49ῑ
1837 1957 1993 1987 amara

1111 2019 1327 2047 cararum.
1352 2008 1440 2046 Sat.
1465 2007 1504 2053 2,
1538 2006 1577 2054 8,
1611 2006 1682 2046 83:
1713 2008 1814 2057 ficta
1834 2019 1990 2049 rerum.

1113 2072 1287 2110 Lucret.
1309 2070 1354 2117 6,
1379 2069 1477 2108 332:
1526 2080 1634 2107 rara
1662 2069 1844 2109 viarum.
1873 2071 1989 2122 Virg.

1112 2136 1220 2173 Aen.
1247 2134 1294 2180 2,
1339 2132 1443 2171 332:
1493 2135 1673 2182 angusta
1709 2132 1891 2171 viarum.
1945 2135 1990 2183 5,

1114 2196 1213 2235 695:
1239 2196 1378 2234 ardua
1399 2198 1625 2233 terrarum.
1646 2217 1689 2221 —
1706 2199 1851 2234 veneat
1871 2198 1993 2248 aare]

1114 2260 1299 2298 Pacatus
1339 2260 1499 2308 Paneg.
1532 2255 1751 2297 Theodos.
1787 2257 1860 2298 44:
1907 2260 1995 2298 Ho-

1112 2333 1208 2360 rum
1236 2322 1360 2371 qulae
1389 2324 1590 2371 anqustiis
1618 2323 1711 2358 erat
1730 2319 1841 2358 orbis
1860 2325 1996 2361 terra—

1113 2396 1235 2423 rum:
1285 2393 1463 2432 namque
1493 2383 1706 2431 appositas
1747 2383 1875 2431 dapes
1912 2397 1994 2424 non

1111 2456 1286 2495 sapore,
1318 2446 1386 2483 secl
1412 2449 1579 2493 sumptu
1599 2444 1882 2492 aestimantes,
1915 2446 1996 2485 illis

1114 2509 1277 2547 demum
1305 2506 1404 2546 cibis
1433 2506 1768 2555 acquiescebant,
1802 2518 1903 2556 quos
1923 2519 1996 2548 eax-

1113 2575 1267 2610 tremus
1296 2571 1441 2609 Oriens
1470 2573 1543 2608 (tut
1567 2569 1728 2618 positus
1756 2573 1880 2609 extra
1910 2572 1993 2610 Ro—

1111 2643 1285 2671 manum
1333 2631 1556 2680 imperium
1600 2630 1769 2670 Colchus
1810 2636 1884 2671 aut
1923 2634 1995 2683 fa—

1112 2706 1231 2734 mosa
1259 2694 1500 2745 nansi-amis
1529 2692 1670 2732 maria
1698 2692 1916 2733 misissent.
1946 2719 1989 2724 ——

1106 2758 1223 2807 picta
1247 2756 1411 2806 pandat
1440 2755 1676 2805 spectacula
1705 2756 1856 2807 cauda]
1892 2768 1996 2796 «ex-

1113 2830 1251 2871 pansa
1283 2819 1423 2858 cauda
1453 2816 1776 2869 pulcherrimos
1797 2829 1902 2859 suos
1925 2831 1997 2860 co-

1113 2881 1229 2922 lores
1270 2881 1474 2922 ostendat
1518 2881 1757 2932 spectatori
1799 2892 1993 2933 eumque

1113 2944 1349 2985 delectet.»
1385 2966 1429 2971 —
1463 2947 1680 2992 tamquam
1709 2944 1873 2984 adrem
1893 2948 1996 2985 atti-

1112 3012 1207 3046 neat
1236 3005 1479 3057 quidquam]
1511 3004 1601 3046 scil.
1629 3006 1786 3046 caritas
1818 3009 1861 3045 et
1880 3018 1994 3058 pen-

1114 3079 1272 3109 narum
1310 3069 1438 3108 nitor.
1476 3091 1520 3096 —-
1555 3067 1689 3117 Coelo]
1724 3068 1886 3108 «Cocto
1909 3081 1993 3120 pa-

1113 3132 1214 3171 voni
1254 3142 1362 3170 num
1400 3133 1551 3169 manet
1590 3129 1749 3169 eadem
1794 3129 1992 3180 pulchri-

1111 3193 1243 3241 tudo,
1291 3203 1405 3243 quae
1449 3192 1592 3231 suerat
1634 3192 1764 3231 vivo?
1814 3193 1990 3234 Minime

1110 3266 1262 3295 vero.»
1287 3277 1334 3282 —
1369 3266 1469 3294 num
1498 3255 1626 3304 adest]
1657 3255 1720 3294 De
1752 3254 1837 3293 hoo
1869 3255 1990 3295 hiatu

1111 3319 1153 3358 in
1175 3329 1284 3358 voce
1307 3315 1614 3367 monosyllaba
1637 3316 1722 3355 vid.
1747 3316 1991 3356 Schneider

1110 3382 1201 3420 Lat.
1226 3380 1414 3420 Gramm.
1440 3380 1469 3418 Ι.
1492 3390 1536 3431 p.
1564 3379 1641 3418 ⁴55
1672 3389 1738 3428 sq.
1766 3398 1809 3405 -
1842 3378 1988 3430 honor]

1112 3443 1310 3494 «speeies
1341 3440 1518 3481 nitida.»
1563 3441 1661 3478 Tae.
1687 3441 1832 3478 Germ.
1857 3441 1904 3479 5:
1937 3451 1989 3481 ne

1111 3505 1310 3544 armentis
1338 3504 1500 3553 quidem
1528 3512 1626 3541 suus
1652 3501 1796 3540 honor.
