2231 3787
867 263 962 303 LIB.
999 264 1027 302 1.
1090 263 1252 303 EPIST.
1288 265 1355 304 111.

1928 263 2033 317 413

276 393 338 449 Ut
377 392 555 446 valet?
597 402 651 445 ut
699 393 938 447 meminit
977 393 1186 447 nostri?
1226 393 1517 448 Fidibusnc
1560 396 1756 449 Latinis

275 495 555 550 Thebanos
598 503 782 567 aptare
822 495 1013 550 modos
1055 496 1235 551 studet
1274 497 1496 568 auspice
1536 498 1710 561 Musa,

271 599 348 651 An
390 597 592 669 tragica
632 596 875 651 desaevit
913 605 966 652 et
1004 597 1326 670 ampullatur
1366 599 1418 652 in
1458 600 1615 654 arte?

200 748 310 789 sorte
340 749 476 788 Titius
498 747 553 788 de
576 748 741 788 Horatii
764 748 866 788 Odis
884 747 1084 800 aliquan-
1149 747 1340 789 clinati»
1390 748 1651 791 Fluctuabat
1680 751 1831 802 igitur,
1866 754 1913 793 ut
1944 763 2035 794 nla-

200 811 256 851 do
310 811 459 851 minus
512 810 755 851 honorifice
811 811 1086 851 iudicaverat
1149 811 1308 852 nifesto
1340 814 1551 864 apparet,
1595 814 1685 853 iam
1724 824 1826 854 cum
1868 816 2033 856 Romae

199 873 555 924 Pindarumque,
605 873 867 924 Lyricorum
915 874 1083 925 princi—

199 947 304 988 pem
333 937 588 988 poetarum,
622 936 753 976 unice
778 934 959 986 dignum
982 947 1080 977 esse

199 998 502 1047 dictitaverat,
538 998 612 1049 qui
643 998 729 1037 hoc
751 1000 985 1038 ornaretur
1006 1009 1083 1037 no-

197 1062 316 1101 mine
340 1061 505 1112 quique
538 1060 781 1100 imitatione
805 1061 1082 1112 exprimere-

197 1124 322 1163 tur‘?»
375 1122 488 1171 Quid
520 1124 672 1163 autem
703 1123 798 1174 ipse
831 1122 886 1162 de
918 1122 1081 1162 Pinda—

195 1186 285 1226 riea
329 1187 574 1226 imitatione
622 1186 835 1235 senserit,
889 1185 1080 1225 demon-

195 1251 306 1290 strat
336 1249 415 1289 Od.
439 1248 486 1298 4,
519 1248 576 1298 Ξ.)
603 1272 647 1276 -
679 1248 819 1299 fontis]
852 1249 1078 1299 Principes

193 1314 379 1364 poetae,
414 1322 466 1351 ex
498 1310 660 1362 quibus
691 1311 939 1350 imitatores
968 1311 1078 1350 hau-

192 1375 329 1424 riunl,
363 1384 498 1426 saepe
531 1384 634 1413 cum
665 1373 860 1413 fontibus
892 1383 1078 1424 compa-

192 1440 361 1478 rantur.
409 1437 532 1477 ovid.
557 1438 655 1476 Am.
679 1436 725 1486 3,
751 1437 795 1486 9,
829 1437 903 1476 25ῑ
936 1436 1077 1477 Adiice

190 1500 462 1549 Maeoniden,
496 1510 524 1538 a
553 1510 633 1549 quo
663 1510 737 1538 ceu
763 1499 876 1550 fonte
901 1500 1077 1550 perenni

194 1564 345 1603 Vatum
381 1562 529 1602 Pieriis
571 1572 650 1601 ora
692 1561 893 1612 riyantur
936 1562 1071 1612 aquis,

190 1624 397 1668 Martialis
419 1624 474 1665 de
497 1624 588 1665 suis
606 1623 879 1664 carminibus
897 1624 943 1674 9,
970 1625 1070 1674 400,

191 1689 240 1729 9:
286 1689 490 1738 Mullum,
537 1688 656 1727 crede
684 1687 807 1737 mihi,
852 1688 1003 1739 refert,
1047 1700 1074 1727 a

188 1752 300 1802 fonte
328 1751 494 1791 bibatur
535 1751 650 1801 Quae
687 1751 805 1802 fluit,
854 1761 910 1789 an
946 1751 1073 1802 piqro

190 1826 298 1864 quae
338 1818 472 1865 stupet
508 1814 625 1853 unda
663 1813 773 1852 lacu.
824 1812 959 1853 Lucil.
992 1813 1069 1863 30,

188 1877 265 1917 26:
301 1878 514 1928 Quantum
542 1877 716 1917 haurire
745 1877 912 1916 animus
929 1877 1074 1916 Musa-

187 1951 285 1980 rum
305 1952 325 1980 e
342 1940 515 1992 fontibu'
537 1940 671 1992 gestit.
694 1962 741 1968 -
759 1941 898 1980 Lacus
919 1938 1074 1992 (Was-

189 2001 527 2055 serbeha'lter)
560 2004 603 2042 et
632 2002 714 2042 rivi
744 2003 881 2053 aperti
911 2002 1073 2054 signifi-

189 2067 289 2105 cant
317 2077 406 2105 non
427 2066 584 2117 poetas
605 2064 770 2116 lyricos
792 2065 981 2105 Pindaro
1003 2066 1072 2105 in-

189 2128 393 2176 feriores,
441 2127 522 2168 sed
551 2128 701 2179 poesis
732 2139 898 2179 genera
930 2130 974 2168 et
1003 2128 1072 2168 fa-

189 2189 340 2229 ciliora
372 2191 415 2229 et
443 2188 623 2229 leviora.
674 2190 900 2240 (Ceterum
921 2190 1072 2241 imagi-

188 2263 293 2293 nem
327 2253 442 2291 rivos
478 2255 644 2302 apertos
680 2251 817 2292 nolim
847 2263 950 2292 cum
980 2252 1071 2292 Ob-

187 2315 312 2355 bario
358 2315 639 2366 interpretari
682 2314 738 2354 de
781 2315 886 2356 rivis
934 2325 1071 2354 manu

187 2378 313 2418 sactis
344 2389 380 2417 s.
415 2376 798 2428 aquaeductibus,
841 2378 890 2416 ut
921 2379 989 2417 est
1026 2378 1069 2416 in

188 2443 324 2481 Inscr.
349 2451 408 2480 m.
433 2441 522 2479 Lat.
556 2441 607 2479 N.
638 2440 704 2479 5-1.
738 2441 781 2479 et
807 2439 875 2479 53.
911 2439 1068 2480 collato

188 2500 428 2542 Forcellino
459 2502 503 2542 in
531 2502 574 2541 h.
594 2513 635 2541 v.
660 2502 833 2542 Etenim
854 2501 940 2542 hoc
961 2502 1069 2541 mihi

187 2566 308 2604 certe
325 2564 472 2604 minus
487 2565 713 2616 poeticum
725 2564 916 2614 videtur,
933 2575 1069 2616 quam

187 2627 224 2667 si
266 2625 481 2678 intelligas
522 2627 577 2668 de
620 2628 724 2668 rivis
768 2626 1066 2678 naturalibus,

187 2689 307 2730 aditu
337 2690 475 2731 cuivis
505 2689 730 2740 facilibus,
764 2701 868 2730 cum
898 2690 956 2730 ad
977 2689 1070 2730 son-

187 2755 279 2793 tem
307 2763 451 2803 usque
472 2763 555 2804 per
574 2753 690 2794 invia
711 2751 807 2793 loca
827 2754 1066 2805 penetrare

184 2825 403 2866 persaepe
443 2814 582 2855 multo
622 2815 854 2857 molestius
896 2815 982 2867 sit.)
1018 2839 1064 2844 —

190 2879 238 2917 Ul
264 2877 427 2930 valetP]
460 2879 596 2918 Recte
630 2879 876 2930 Cruquius:
928 2878 1066 2919 «haec

185 2938 317 2992 plena
334 2941 436 2980 sunt
450 2941 614 2981 amoris
634 2940 883 2981 benevoli.»
909 2942 1067 2992 (Quem

187 3001 224 3041 si
255 3011 357 3040 cum
385 3001 556 3052 perfida
586 3002 752 3043 malitia
787 3004 1062 3054 miscuisset,

187 3064 232 3103 in
262 3064 408 3102 semet
443 3062 537 3114 ipse
577 3063 682 3104 illud
713 3065 946 3106 edixisset:
990 3066 1068 3105 Hic

186 3125 308 3176 niyer
327 3128 408 3174 est,
431 3125 538 3163 hunc
557 3129 624 3175 tu,
646 3127 852 3178 Romane,
875 3132 1019 3169 cavelo
1033 3128 1064 3181 J)

193 3210 235 3217 -
271 3191 423 3238 aptare
449 3188 605 3240 modos]
647 3188 736 3228 Csr.
772 3189 852 3229 Od.
889 3191 940 3240 2,
987 3190 1063 3240 42,

187 3248 238 3290 4:
269 3250 421 3300 Aptari
450 3250 639 3290 citharae
657 3251 803 3290 modis.
830 3274 876 3280 ——
900 3253 1067 3302 auspice

186 3313 331 3365 Musa]
377 3313 477 3352 Sine
508 3313 721 3364 imagine:
772 3314 968 3365 «poetica
999 3314 1067 3355 fa-

190 3373 350 3416 cultate
393 3375 532 3415 fretus
577 3378 621 3415 et
662 3373 776 3415 felici
819 3386 921 3416 cum
962 3386 1066 3417 sue—

191 3448 322 3478 cessu
355 3437 653 3479 Pindarumne
689 3435 969 3477 aemulatur?
1009 3448 1065 3478 an

192 3498 247 3538 ad
276 3500 526 3551 tragoedias
546 3498 810 3541 scribendas
841 3499 981 3551 magis
1003 3499 1066 3540 in-

1148 875 1313 916 Horatii
1335 874 1628 917 familiaritate
1649 877 1873 928 uteretur,
1898 879 2032 919 Titius

1145 938 1259 977 inter
1288 939 1528 989 utrumque
1560 949 1729 991 genus,
1771 940 1906 981 modo
1940 943 2033 981 tra—

1146 1000 1352 1050 goediam
1383 999 1579 1051 aliquam
1601 1012 1905 1054 componens,
1938 1014 2033 1044 mo-

1146 1062 1202 1101 do
1234 1063 1430 1102 carmina
1461 1062 1624 1113 lyrica,
1666 1064 1861 1105 incertus
1894 1066 2032 1106 inter-

1145 1123 1274 1173 dum,
1295 1126 1444 1164 utrum
1465 1125 1749 1165 Pindaricum
1771 1138 1911 1177 genus
1931 1139 2033 1180 pro-

1142 1187 1242 1238 pter
1273 1187 1513 1226 novitatem
1546 1189 1717 1239 primus
1740 1190 1854 1229 inter
1873 1191 2032 1232 Roma-

1143 1260 1224 1288 nos
1247 1248 1486 1299 excoleret,
1511 1260 1568 1290 an
1588 1247 1888 1293 recentiorem
1910 1252 2030 1293 illam

1143 1311 1418 1363 tragoediam
1450 1313 1673 1362 Latinam,
1718 1314 1843 1355 cuius
1874 1317 2030 1356 auctor

1142 1374 1278 1415 fuisse
1314 1375 1492 1415 videtur
1528 1376 1674 1427 potius
1715 1387 1851 1427 quam
1890 1377 2026 1419 Pollio

1140 1437 1322 1485 Varius3
1371 1449 1508 1489 quem
1553 1438 1824 1480 subsecutus
1870 1442 1939 1481 est
1984 1442 2028 1482 in

1140 1500 1298 1542 Medea
1328 1501 1523 1541 Ovidius.
1574 1501 1676 1551 (Cir.
1714 1501 1925 1543 Welcker
1957 1515 2025 1555 qr.

1142 1564 1266 1615 Trag.
1290 1574 1334 1615 p.
1357 1563 1494 1615 4435.)
1521 1587 1566 1594 —-
1599 1565 1795 1617 desaevit]
1827 1567 1875 1606 ut
1904 1567 2023 1618 Virg.

1139 1627 1249 1666 Aen.
1287 1625 1334 1676 4,
1377 1627 1454 1666 52:
1505 1627 1619 1666 Dum
1650 1627 1804 1679 pelago
1847 1629 2027 1668 desaevit

1139 1688 1288 1737 hiems,
1324 1699 1391 1740 pr.
1418 1700 1500 1729 «ex
1530 1688 1667 1739 alto,»
1709 1690 1754 1729 id
1785 1691 1875 1740 est,
1921 1703 2026 1732 «ve-

1138 1751 1376 1791 hementer
1397 1752 1579 1792 saevit.»
1631 1752 1836 1792 Refertur
1858 1752 1915 1793 ad
1934 1754 2026 1794 vio-

1138 1812 1280 1854 lentas
1312 1814 1445 1854 animi
1475 1813 1840 1865 perturbationes
1873 1816 2021 1867 (iram,

1138 1878 1394 1927 saevitiam,
1442 1887 1670 1927 amorem,
1719 1877 1957 1931 furorem),
1999 1891 2023 1919 a

1137 1940 1315 1991 tragicis
1357 1950 1618 1991 expressas3
1668 1941 1898 1990 ampullari
1942 1953 2023 1982 au-

1138 2003 1249 2052 tem,
1279 2004 1329 2043 ut
1350 2005 1627 2043 Graecorum
1648 2001 1941 2056 ληκυθίζειν,
1966 2005 2022 2045 de

1137 2064 1284 2117 amplo
1316 2066 1361 2106 et
1390 2065 1625 2117 magnifico
1667 2068 1889 2108 sermonis
1930 2068 2023 2107 tra—

1136 2129 1220 2180 gici
1265 2129 1446 2179 ornatu,
1491 2129 1566 2179 qui
1605 2139 1754 2169 sermo
1795 2130 2021 2170 interdum

1136 2191 1191 2231 ab
1216 2191 1555 2242 exaggeratione
1578 2191 1699 2231 haud
1723 2189 1852 2243 longe
1874 2203 2022 2232 remo-

1135 2254 1206 2293 tus
1237 2255 1329 2301 est3
1371 2253 1511 2304 figura
1542 2254 1731 2305 repetita
1765 2265 1819 2293 ex
1848 2254 2020 2295 Aristo-

1133 2315 1291 2366 phanis
1338 2315 1469 2355 Ranis
1518 2326 1561 2355 v.
1601 2316 1727 2355 4208:
1784 2312 2020 2369 ληκύθιον

1134 2371 1396 2416 ἀπώλεσεν.
1454 2377 1523 2416 Sic
1568 2376 1863 2417 Callimachus
1903 2379 2017 2418 teste

1134 2439 1279 2480 Schol.
1300 2440 1357 2480 ad
1374 2440 1754 2491 Hephaestionem
1779 2452 1823 2492 p.
1849 2440 1915 2481 36.
1942 2440 2013 2481 ed.

1133 2503 1249 2554 Lips.
1264 2499 1748 2554 tragoecliamsslofioav
1758 2499 2018 2555 ληκύθειον

1134 2564 1396 2618 appellavit,
1442 2564 1744 2605 Theodoridas
1796 2566 1840 2606 in
1882 2567 2012 2606 Anth.

1133 2627 1221 2668 Pal.
1263 2629 1315 2667 ΙΙ.
1357 2639 1402 2679 p.
1427 2627 1527 2667 539:
1568 2626 2011 2686 ἑπιλακυθίστριαν.

1131 2691 1181 2730 A.
1207 2692 1253 2730 P.
1279 2690 1355 2730 97:
1386 2690 1557 2730 Proiicit
1576 2692 1786 2741 ampullas
1805 2695 1843 2731 el
1863 2691 2018 2742 sesqui-

1126 2753 1301 2804 pedalia
1328 2752 1466 2793 verba.
1517 2754 1611 2793 Iam
1639 2764 1748 2794 vero
1779 2765 1868 2794 non
1894 2754 2011 2794 ridet

1132 2816 1291 2856 Titium
1335 2815 1484 2867 ipsum
1513 2826 1622 2867 prae
1663 2816 1798 2856 nimio
1836 2817 2012 2857 tumore

1131 2878 1429 2919 desaevientem
1473 2880 1518 2918 et
1559 2879 1885 2929 ampullantem,
1933 2879 2015 2920 sed

1130 2942 1349 2992 tragicum
1380 2951 1520 2992 genus
1551 2941 1720 2992 ipsum,
1762 2943 1807 2981 et
1834 2942 2014 2994 potissi-

1129 3014 1254 3044 mum
1285 3002 1562 3054 tragoediam
1591 3004 1861 3054 Romanam,
1896 3014 2012 3055 quae

1129 3067 1236 3118 ipsi,
1286 3067 1336 3105 ut
1379 3064 1556 3105 aliunde
1601 3076 1781 3117 quoque
1826 3068 2014 3119 apparet

1132 3129 1255 3179 (Epp.
1278 3129 1325 3177 2,
1361 3128 1481 3178 l,55
1503 3138 1604 3179 sqq.
1627 3129 1678 3167 A.
1703 3130 1751 3168 P.
1774 3128 1854 3168 258
1876 3129 2008 3180 sqq.),

1130 3189 1251 3230 haud
1300 3190 1431 3230 nimis
1479 3188 1700 3242 placebat.
1765 3191 1835 3230 Sic
1883 3189 2006 3229 Ovid.

1130 3253 1258 3293 Trist.
1280 3253 1331 3302 2,
1364 3252 1466 3292 357:
1499 3253 1584 3292 Nec
1612 3252 1715 3293 liber
1733 3253 1932 3292 indicium
1953 3255 2011 3291 est

1129 3314 1286 3355 animi:
1315 3336 1339 3343 -
1377 3335 1401 3342 -
1441 3312 1680 3365 (alioquin)
1723 3313 1869 3353 Accius
1910 3315 2010 3352 esset

1129 3381 1273 3417 atrooe.
1324 3374 1450 3416 Nulla
1479 3377 1654 3424 autem,
1687 3377 1735 3415 ut
1763 3374 1912 3414 multis
1940 3374 2008 3413 vi—

1130 3449 1231 3479 sum
1261 3439 1348 3487 est,
1389 3438 1505 3478 inest
1540 3437 1585 3476 in
1614 3448 1656 3476 v.
1691 3437 1756 3476 42.
1789 3435 2008 3477 Fidibusne

1130 3502 1214 3541 cet.
1238 3502 1314 3541 aut
1340 3497 1630 3552 ταυτολογία
1658 3498 1798 3539 inanis
1820 3499 1895 3539 aut
1924 3498 2006 3540 de-
