2231 3787
249 262 348 313 668
845 258 1057 299 HonATu
1088 255 1453 296 Erisromnmi

320 397 508 448 Posset
544 392 634 463 qui
675 407 865 461 rupem
906 397 958 441 et
994 396 1214 459 puteum
1254 387 1418 437 vitare
1460 390 1743 453 patentem.
1973 380 2064 431 135

319 496 416 549 Hic
455 494 546 548 ubi
585 501 933 564 cognatorum
972 489 1164 560 opibus
1205 487 1458 556 curisque
1498 483 1729 537 refectus

318 596 529 668 Expulit
565 594 841 648 helleboro
883 590 1129 644 morbum
1167 587 1439 657 bilemque
1479 602 1694 639 meraco

320 701 381 752 Et
419 697 557 752 redit
596 696 660 750 ad
703 712 852 748 sese:
895 691 988 745 Pol
1029 707 1115 743 me
1155 688 1451 748 occidistiS‚
1494 686 1673 747 amici,

320 803 434 853 Non
473 797 750 854 servastis,
794 795 888 856 ait,
931 792 1016 847 cui
1057 793 1133 845 sic
1172 799 1378 844 extorta
1415 788 1661 859 voluptas

319 903 381 954 Et
419 900 667 970 demptus
706 914 804 968 per
842 895 948 947 vim
988 893 1179 946 mentis
1218 891 1553 963 gratissimus
1593 906 1760 943 error.
1966 887 2070 940 140

319 1003 577 1056 Nimirum
615 1015 809 1070 sapere
848 1005 929 1050 est
966 995 1187 1049 abiectis
1232 993 1357 1047 utile
1398 993 1552 1064 nugis

322 1106 382 1157 Et
418 1101 796 1173 tempestivum
839 1098 1024 1169 pueris
1063 1095 1366 1150 concedere
1403 1094 1616 1157 ludum,

322 1209 394 1259 Ac
433 1222 539 1257 non
576 1201 744 1256 verba
783 1199 937 1270 sequi
976 1197 1174 1252 fidibus
1212 1196 1539 1250 modulanda
1575 1196 1798 1259 LatiniS,

323 1306 431 1360 Sed
467 1321 631 1358 verae
669 1318 1035 1372 numerosque
1074 1299 1377 1370 modosque
1418 1297 1664 1352 ediscere
1703 1297 1859 1352 vitae.

367 1440 458 1481 144.
492 1440 572 1479 Sed
612 1439 724 1477 vitae
766 1446 1041 1484 numerosque
1082 1436 1305 1485 modosque
1350 1435 1526 1474 ediscere
1566 1445 1690 1473 verae
1728 1433 1867 1474 Codd.
1901 1434 2020 1485 apud

310 1505 427 1543 Cort.
452 1501 507 1541 ad
539 1503 702 1540 Lucan.
726 1499 764 1544 4,
790 1498 883 1538 346.
922 1521 966 1525 -
1002 1498 1094 1537 152.
1129 1498 1340 1536 donarunt
1360 1507 1473 1536 unus
1494 1497 1777 1544 Bersmanni,
1812 1497 2022 1535 donarant

308 1576 422 1605 unus
454 1576 506 1604 ex
536 1562 729 1613 Collegio
759 1561 977 1601 Trinitatis
1009 1562 1052 1600 et
1082 1561 1195 1599 Feae
1223 1558 1410 1610 aliquot,
1443 1557 1884 1598 donarintBentleius
1906 1559 2017 1598 coni.

1256 1674 1326 1715 141
1345 1674 1471 1715 -144,
1517 1675 1729 1715 Nimirum
1758 1674 1862 1726 cet]
1892 1658 2076 1714 Narrata

1198 1737 1283 1776 hac
1303 1737 1507 1787 historia,
1532 1748 1645 1788 quae
1667 1735 1872 1788 exemplo
1892 1735 2080 1778 illustrat

1200 1800 1467 1840 sententiam
1496 1811 1537 1839 v,
1564 1799 1684 1849 426„
1724 1798 1926 1839 ultimam
1957 1799 2079 1839 addit

255 1683 375 1722 bant.
424 1682 499 1720 Est
520 1680 669 1730 igitur:
706 1679 806 1729 «qui
829 1678 1026 1717 furenter
1046 1687 1134 1715 non
1168 1692 1170 1703 .

255 1745 524 1784 irasceretur
554 1743 600 1781 ut
628 1740 853 1792 plerique,
888 1750 992 1779 cum
1012 1737 1135 1788 lage-

256 1817 358 1846 nam
390 1803 639 1857 (λάγηνος,
680 1800 908 1856 λάγυνος,
952 1801 1133 1852 La9el,

255 1868 429 1919 Leqel)
459 1879 484 1906 a
515 1878 563 1907 se
593 1865 873 1916 obsignatam
894 1866 1139 1914 comperis-
1199 1862 1433 1910 rationem,
1459 1872 1537 1901 cur
1551 1860 1771 1913 relinquat
1784 1863 1938 1913 poesin
1957 1864 2077 1902 certe

257 1933 325 1971 set
376 1941 399 1969 a
445 1927 620 1969 servulo
665 1938 763 1967 esse
812 1927 1135 1976 resignatam.»
1199 1923 1406 1973 lyricam;
1443 1922 1686 1974 «reliquam
1715 1925 1834 1963 enim
1854 1924 1990 1964 vitam
2011 1934 2079 1964 sa-

260 1993 459 2032 Afferunt
502 1988 684 2030 Martial.
728 1989 773 2037 9,
815 1989 890 2036 88,
925 1988 970 2026 7:
1016 1988 1138 2026 Nunc
1168 1993 1171 2023 1
1201 1986 1390 2037 pientiae
1421 1986 1576 2025 studiis
1602 1996 1703 2025 esse
1726 1985 2005 2025 dicandam.»
2031 2009 2075 2013 -

256 2056 394 2106 siynat
434 2064 548 2092 meus
592 2052 773 2091 annulus
814 2051 1013 2101 layonam
1052 2050 1135 2098 (sic
1199 2047 1363 2098 sapere]
1421 2047 1507 2086 «ad
1552 2048 1795 2098 sapientiae
1838 2049 2079 2099 praecepta

258 2115 564 2159 Schneidew.].
602 2138 646 2142 —
690 2124 835 2162 rupem
879 2115 916 2151 et
948 2110 1135 2161 puteum]
1199 2109 1336 2147 vitam
1382 2120 1676 2159 componere,
1735 2110 1912 2149 omissis
1955 2110 2079 2149 vanis

259 2178 323 2219 Cf.
349 2180 434 2217 Sat.
455 2179 494 2225 2,
514 2177 553 2225 3,
573 2177 639 2215 55.
664 2177 711 2215 A.
732 2177 776 2214 P.
799 2173 893 2214 459.
917 2194 961 2200 --
986 2184 1139 2223 coqna—
1169 2167 1172 2184 ¹
1201 2170 1564 2219 oblectamentis,
1599 2172 1729 2210 etiam
1752 2171 1908 2211 studiis
1935 2172 2080 2223 poeti-

258 2240 408 2289 lornm]
441 2240 550 2290 Epp.
578 2239 615 2287 1,
641 2239 679 2285 1,
706 2237 798 2276 102.
828 2260 872 2264 -
907 2235 1064 2285 opibus]
1094 2235 1138 2274 in
1203 2234 1310 2273 cis.»
1343 2256 1388 2261 ——
1420 2234 1555 2284 nuqis]
1599 2233 1661 2272 Cf.
1701 2234 1810 2284 Epp.
1846 2234 1890 2282 1,
1929 2235 1972 2282 1,
2003 2233 2075 2273 10;

258 2314 390 2354 prosa
422 2302 619 2341 oratione
654 2310 787 2350 «ope,
831 2296 1050 2346 auxilio,»
1091 2298 1140 2336 ut
1201 2297 1323 2336 Nunc
1360 2296 1502 2345 itaque
1536 2299 1573 2335 et
1608 2306 1752 2335 versus
1780 2299 1817 2335 et
1845 2300 1984 2336 cetera
2012 2296 2080 2336 lu—

261 2366 368 2417 Epp.
396 2365 433 2412 1,
461 2364 526 2411 10,
551 2363 616 2402 36.
646 2386 690 2390 -
723 2361 901 2411 Expulit
930 2359 1031 2411 cet.]
1068 2359 1139 2398 Ti-
1203 2359 1323 2398 diora
1345 2370 1472 2408 pono.
1500 2382 1545 2387 ——
1580 2359 1862 2408 tempestivum
1881 2359 1984 2410 cet]
2014 2359 2076 2400 Cf.

260 2426 364 2467 bull.
389 2426 439 2476 4,
473 2425 518 2473 4,
554 2426 597 2464 sl:
648 2426 737 2464 Huc
776 2425 873 2463 ades
911 2427 948 2463 et
977 2427 1142 2461 tenerae
1204 2422 1313 2473 Epp.
1340 2422 1355 2460 1
1379 2453 1387 2470 ,
1423 2420 1498 2469 14,
1524 2420 1596 2461 36:
1641 2422 1735 2460 Non
1764 2421 1904 2461 lusisse
1928 2422 2077 2472 pudet,

259 2489 422 2529 morbos
451 2488 609 2538 expelle
632 2487 812 2537 puellae.
847 2509 892 2514 -—
924 2485 1138 2534 helleboro]
1202 2485 1272 2524 sed
1308 2496 1392 2524 non
1420 2485 1600 2524 incidere
1633 2484 1788 2523 ludum.
1844 2484 2079 2525 «Dativum

261 2551 386 2592 solito
431 2551 646 2590 adversus
685 2549 903 2589 insaniam
941 2547 1141 2589 medica—
1198 2547 1342 2596 pueris
1379 2546 1499 2586 refer
1536 2549 1579 2586 et
1626 2546 1682 2586 ad
1718 2547 2000 2596 tempestivum
2037 2548 2082 2586 et

263 2616 430 2654 mento.
480 2613 542 2653 Cf.
567 2614 654 2652 sat.
677 2613 722 2659 2,
757 2611 802 2660 3,
827 2612 893 2651 82.
920 2634 964 2639 —
999 2610 1142 2650 bilem·
1171 2601 1176 2680 Ι
1205 2610 1260 2650 ad
1291 2610 1522 2649 concedere.
1557 2609 1620 2649 Cf.
1655 2609 1744 2649 Cic.
1777 2610 1904 2650 Tusc.
1930 2610 1975 2658 1,
2009 2609 2077 2658 45,

262 2677 352 2728 que]
397 2674 628 2728 μέλαιναν
671 2672 848 2726 χολήν,
902 2684 1015 2724 quae
1061 2683 1140 2723 pro
1172 2682 1175 2697 ¹
1207 2672 1298 2712 109.
1346 2671 1468 2711 Ovid.
1501 2672 1602 2711 Met.
1635 2672 1681 2721 5,
1711 2671 1834 2711 500.»
1879 2672 2076 2710 DlLLENB.

263 2738 407 2777 morbi
441 2749 573 2777 causa
605 2736 870 2777 habebatur.
918 2737 1033 2775 Part.
1065 2745 1143 2784 que
1208 2758 1252 2762 —
1285 2734 1343 2773 Ac
1371 2733 1474 2784 non]
1517 2732 1643 2772 Hand
1677 2734 1801 2772 Turs.
1834 2734 1864 2771 1.
1897 2743 1940 2783 p.
1973 2731 2075 2772 473:

264 2802 354 2845 hic,
391 2803 435 2839 ut
459 2812 607 2851 saepe,
633 2796 914 2852 ἑπεξηγήσει
941 2798 1137 2838 inservit.
1206 2797 1310 2839 «Ubi
1341 2795 1470 2835 alicui
1499 2795 1664 2834 notioni
1693 2794 1774 2835 alia
1806 2805 1920 2846 quae
1950 2805 2083 2845 nega—

268 2886 310 2889 -—
342 2863 525 2911 meraco]
574 2873 716 2913 «puro
759 2864 802 2901 et
844 2859 956 2900 nulla
996 2859 1142 2900 sorbi—
1205 2863 1276 2899 tur
1315 2858 1581 2898 definitionis
1622 2868 1754 2897 causa
1800 2856 2078 2908 adiungenda

265 2925 379 2963 tione
411 2924 568 2965 diluto.
617 2935 704 2974 quo
735 2925 799 2963 vis
838 2924 932 2962 eius
962 2923 1015 2962 sit
1045 2921 1143 2961 effi-
1206 2921 1397 2971 ideoque
1447 2920 1490 2959 in
1539 2930 1682 2970 aequo
1731 2919 1939 2970 ponenda
1988 2920 2076 2967 est,

266 2987 453 3025 cae-ior.»
489 2988 608 3025 Pers.
635 2986 673 3034 4,
700 2986 774 3024 16ῑ
807 2985 1030 3033 Anticyras
1055 2995 1143 3023 me-
1173 2990 1177 3064 1
1207 2994 1307 3023 eam
1338 2982 1472 3021 Latini
1504 2992 1589 3021 non
1621 2992 1701 3033 per
1730 2992 1804 3020 nec
1829 2980 1909 3021 sed
1930 2992 2011 3032 per
2031 2991 2081 3020 ac

264 3050 343 3087 lior
378 3048 540 3087 sorbere
582 3058 782 3086 meracas.
844 3048 1062 3086 Lucianus
1093 3044 1143 3084 ἐν
1174 3067 1176 3114 ἰ
1206 3057 1286 3084 non
1307 3047 1401 3084 tum
1424 3045 1628 3093 nectunt,
1662 3054 1765 3083 cum
1785 3044 1898 3083 inter
1917 3044 2083 3082 utram-

266 3109 428 3163 Πλοὶῳ
451 3110 528 3150 45:
563 3107 705 3148 τοῦτο
737 3109 819 3147 καὶ
841 3104 866 3147 ὁ
890 3106 1143 3163 ἐλλέβορος
1174 3118 1176 3142 r
1206 3120 1292 3159 que
1324 3107 1558 3147 intercedit
1593 3106 1811 3157 oppositio
1847 3107 1993 3154 recta,
2036 3106 2080 3145 in

267 3170 432 3223 ἱκανὸς
476 3170 679 3224 ποιῆσαι
723 3169 909 3222 (παύειν
946 3183 1001 3210 σε
1039 3183 1142 3222 μω-
1174 3207 1176 3233 t
1206 3182 1291 3221 qua
1325 3170 1456 3209 etiam
1487 3167 1693 3220 copulam
1728 3168 1932 3207 omittere
1961 3165 2078 3208 licet.

266 3235 508 3293 φαίνοντα)
555 3231 814 3291 ζωρότερος
863 3234 1042 3282 ποθείς.
1095 3256 1138 3260 -
1206 3257 1229 3262 -
1250 3255 1272 3261 -
1303 3232 1456 3272 Differt
1486 3232 1555 3270 hic
1585 3241 1692 3270 usus
1713 3241 1734 3269 3
1756 3229 1906 3269 verbis
1926 3233 2078 3278 elnon,

267 3298 480 3349 occidistis]
529 3296 904 3336 «infelicissimum
934 3306 1005 3334 me
1038 3294 1144 3334 red-
1207 3296 1309 3346 quia
1346 3295 1386 3333 in
1424 3305 1474 3333 ac
1504 3305 1586 3332 non
1624 3294 1735 3333 inest
1766 3290 1942 3342 aliquod
1972 3301 2082 3330 con-

268 3361 496 3406 didistis;»
530 3362 575 3399 ut
595 3360 800 3408 occidere,
832 3369 1004 3398 enecare
1025 3358 1141 3409 apud
1206 3354 1527 3397 secutionisvel
1545 3353 1840 3394 conclusionis
1854 3351 2078 3392 indicium.

270 3424 487 3462 Comicos.
512 3424 685 3462 Terent.
711 3423 886 3462 Phorm.
914 3420 957 3469 4,
989 3420 1034 3468 3,
1063 3421 1137 3460 67:
1206 3421 1294 3459 Nos
1326 3418 1513 3458 dicimus
1542 3417 1628 3456 und
1656 3427 1700 3455 so
1728 3416 1866 3463 nicht,
1901 3414 1986 3453 und
2013 3424 2082 3453 so-

271 3486 393 3532 Geta,
428 3485 609 3524 occidisti
638 3495 702 3524 me
731 3484 810 3523 tuis
837 3482 1028 3533 fallaciis.
1207 3481 1312 3520 nach
1330 3481 1481 3520 nicht.»
1516 3479 1578 3519 Cf.
1604 3480 1688 3518 Sat.
1713 3479 1753 3526 ⁶2,
1779 3477 1816 3525 3,
1846 3476 1935 3516 135.
1969 3476 2076 3527 Epp.
