2231 3787
842 248 940 287 LlB.
974 248 1022 286 ll.

1088 247 1248 287 Episr
1285 249 1313 287 1.
1882 245 1973 296 (34.1

231 378 306 430 Ne
349 377 570 431 rubeam
611 378 792 449 pingui
834 379 1061 432 donatus
1103 396 1353 442 munere,
1398 388 1450 432 et
1488 378 1616 432 una'-

232 479 363 532 Cum
406 481 667 552 scriptore
708 498 828 534 meo
869 498 1033 553 capsa
1072 489 1354 552 porrectus
1395 489 1581 552 aperta

232 582 456 635 Deserar
495 583 545 635 in
584 583 762 637 vicum
801 584 1121 638 vendentem
1162 583 1283 637 thus
1324 592 1376 637 et
1413 583 1610 638 odores

231 685 293 737 Et
329 686 485 756 piper
524 694 575 738 et
614 685 878 756 quidquid
919 686 1116 740 chartis
1157 687 1401 740 amicitur
1442 687 1649 757 ineptis.

1882 688 1986 742 270

216 853 423 903 quattuor
453 851 686 899 Schmidii⁷
721 852 866 891 Lexic.
900 853 1018 899 Maii,
1054 854 1108 901 C,
1143 852 1365 893 Bentleius
1397 856 1441 893 et
1470 855 1524 894 M.
1563 877 1607 882 —
1640 855 1734 894 ⁶269.
1764 857 1932 895 odorem

217 914 304 953 duo
336 913 560 953 Schmidii.
592 936 635 942 —
671 914 766 954 0270.
801 915 1012 965 amicitur]
1043 916 1282 955 involvatur
1310 917 1481 967 priinus
1512 917 1721 957 Schmidii
1754 929 1776 957 c
1813 917 1932 969 glos-

217 980 402 1017 semate.
441 997 485 1004 -
520 977 711 1027 inemptis
743 977 852 1017 Cod.
878 976 949 1017 Sil.
973 988 1180 1029 unusque
1212 978 1340 1017 Feae.
1376 978 1439 1028 (V.
1466 979 1527 1028 P.)

161 1120 312 1158 manet
341 1119 486 1169 imago
517 1130 558 1158 v.
588 1123 826 1168 porrectus,
859 1118 895 1157 si
926 1115 1043 1156 mul—

159 1180 309 1232 titudo,
328 1183 589 1232 porrectum
619 1182 762 1229 videt,
799 1180 919 1232 quod
949 1180 1043 1219 fieri

160 1254 248 1283 non
277 1231 427 1295 psstest
451 1245 493 1284 in
516 1255 647 1296 capsa
672 1248 842 1294 operta,
877 1242 1040 1282 clausa.

160 1307 294 1346 Recte
324 1306 436 1346 Fea:
487 1309 672 1358 «Aptius
706 1309 773 1347 est
802 1318 842 1345 v.
877 1310 1041 1355 aperta,

159 1371 208 1409 ut
251 1369 365 1409 liber
407 1369 566 1410 nullius
607 1371 764 1422 pretii,
812 1372 1043 1420 tamquam

161 1431 353 1471 cadaver
376 1431 564 1483 ignobile
587 1433 642 1471 ad
666 1431 884 1484 put10ulas
906 1432 1046 1471 omni-

160 1493 244 1534 bus
273 1492 467 1542 visibile,
517 1493 684 1533 seratur
721 1495 763 1533 in
807 1504 941 1545 capsa
971 1492 1044 1532 vili

160 1559 312 1608 aperta
356 1556 527 1596 cunctis
569 1556 735 1596 derisui
767 1558 810 1595 et
841 1558 1044 1595 contem-

158 1619 250 1670 ptui
292 1619 335 1658 in
364 1619 511 1658 vicum
550 1619 799 1657 thurar1um
830 1619 1044 1657 amicien-

160 1680 227 1721 dis
271 1680 510 1729 scombris,
568 1681 775 1732 thurique
818 1682 861 1720 et
903 1681 1044 1732 piperi

160 1743 476 1795 excipiendis.»
529 1744 754 1794 (Ceterum
804 1745 1043 1782 auctoritas

160 1808 342 1845 externa
361 1807 592 1857 utriusque
614 1805 814 1845 lectionis
831 1810 981 1856 aperta
1000 1808 1046 1846 et

159 1873 319 1918 operta,
352 1870 401 1908 ut
430 1868 567 1908 habet
596 1869 706 1908 Ven.
732 1867 872 1917 448⁴„
904 1880 1043 1920 prope

160 1943 241 1983 par
285 1934 368 1971 est.
424 1933 632 1971 Nostram
672 1929 879 1982 praetulit
910 1932 1043 1970 etiam

160 1993 481 2045 Wyttenbach.
506 1995 627 2034 Misc.
647 1995 797 2033 Doctr.
812 1995 852 2033 2.
872 2005 915 2045 p.
931 1994 1042 2043 ⁶272.)

162 2058 243 2096 «In
287 2056 435 2096 multis
477 2058 521 2095 et
558 2055 688 2095 bonis
718 2055 839 2096 libris
872 2067 925 2095 ex
955 2055 1045 2095 fre-

160 2120 312 2170 quenti
335 2118 592 2158 confusione
616 2122 775 2167 operta,
802 2118 924 2168 quod
945 2120 1043 2169 qui-

160 2181 245 2221 bus
275 2180 445 2232 placet,
480 2181 530 2221 iis
554 2180 797 2219 videndum
830 2181 899 2219 est
927 2179 1042 2219 male

160 2242 406 2283 laceratum
456 2253 507 2282 ac
551 2242 778 2282 foedatum
828 2243 1041 2291 cadaver,

161 2306 311 2357 quod,
364 2317 419 2345 ne
469 2304 619 2345 oculos
662 2306 1042 2357 praetereuntium

161 2368 323 2418 laedat,
348 2369 517 2408 iniectis
539 2367 742 2418 stragulis
770 2369 944 2418 tegitur.
977 2367 1047 2408 Al-

163 2435 255 2471 tera
301 2433 450 2470 tamen
487 2429 619 2470 lectio
650 2430 790 2480 magis
822 2430 879 2470 ad
908 2430 1044 2470 libros

163 2492 503 2533 accommodata
535 2494 626 2541 est,
661 2493 760 2543 qui,
793 2494 829 2533 si
850 2492 957 2533 boni
979 2504 1046 2533 es-

1107 1126 1279 1157 BURGER.
1317 1138 1361 1145 -
1394 1118 1544 1167 vicum]
1577 1118 1783 1163 Tuscum.
1818 1119 1896 1160 Hic
1927 1122 1988 1160 vi-

1108 1191 1186 1219 cus
1219 1180 1319 1230 (Sat.
1343 1180 1390 1226 2,
1424 1180 1474 1227 3,
1508 1180 1619 1229 228.)
1666 1182 1706 1219 in
1747 1180 1844 1221 loco
1875 1184 1988 1223 infc-

1106 1244 1221 1282 riore
1244 1241 1370 1283 Urbis
1392 1245 1508 1291 e1·at;
1543 1243 1644 1282 hinc
1664 1247 1842 1295 proprie
1863 1257 1989 1285 usur-

1106 1307 1183 1358 pat
1214 1317 1251 1344 v,
1287 1305 1465 1355 deferar.
1496 1328 1534 1334 -
1574 1306 1731 1358 odores]
1767 1306 1988 1358 «liquores

1107 1369 1318 1408 odoratos
1349 1369 1482 1418 atque
1505 1371 1773 1418 unguenta.»
1802 1391 1846 1397 —
1873 1372 1991 1419 quid-

1107 1430 1219 1481 quid]
1252 1432 1299 1469 ut
1329 1429 1526 1469 scombri
1559 1430 1693 1480 (Pers.
1721 1432 1735 1469 4
1760 1463 1767 1478 ‚
1795 1431 1878 1483 43.)
1913 1444 1989 1471 ce—

1108 1496 1290 1543 teraque
1323 1490 1531 1542 salgama.
1577 1492 1662 1531 Cfr.
1696 1494 1820 1532 Mart.
1846 1495 1894 1540 6,
1919 1496 1985 1541 60,

1109 1556 1156 1594 7:
1194 1556 1329 1604 Quam
1358 1554 1477 1592 mulli
1508 1555 1641 1593 tineas
1669 1560 1850 1604 pascant
1880 1556 1990 1595 blat-

1108 1622 1253 1667 tasque
1283 1618 1445 1665 diserti,
1477 1617 1532 1656 Et
1561 1618 1767 1656 redimunt
1797 1619 1872 1657 soli
1895 1631 1990 1658 car-

1106 1681 1224 1719 mina
1245 1681 1366 1719 docta
1380 1680 1490 1718 coci!
1511 1702 1554 1707 —
1579 1680 1740 1731 ineptis]
1759 1682 1865 1720 Miro
1883 1693 1988 1722 casu

1107 1741 1382 1782 Wakefieldii
1405 1742 1517 1781 coni.
1545 1742 1736 1791 inemptis
1756 1743 1990 1782 confirma-

1108 1807 1178 1844 tur
1207 1816 1231 1843 a
1264 1804 1402 1844 Codd.
1428 1803 1528 1854 aliq.
1554 1806 1597 1842 et
1619 1804 1726 1843 Edsl.
1752 1806 1859 1845 vett.
1885 1806 1988 1855 (non

1107 1870 1256 1908 tamen
1279 1868 1387 1907 Ven.
1415 1866 1550 1917 lli-80¹.)
1594 1866 1706 1914 Sed,
1738 1868 1786 1906 ut
1815 1869 1988 1908 taccam

1106 1929 1325 1970 vocabulo
1368 1930 1537 1979 ineptis,
1585 1929 1704 1979 quod
1753 1928 1988 1969 subridere

1107 2005 1187 2034 nos
1219 1994 1358 2043 cogit,
1392 1990 1529 2031 multo
1562 1993 1704 2042 aptius
1727 1990 1871 2031 claudi
1900 1993 1991 2044 epi-

1107 2054 1264 2096 stolam
1304 2065 1439 2105 quam
1468 2066 1510 2092 v,
1543 2054 1754 2103 inemptis,
1797 2055 1986 2098 accedit,

1107 2117 1227 2168 quod
1274 2129 1315 2156 v,
1366 2118 1595 2165 inemptus,
1644 2115 1719 2155 ubi
1769 2118 1991 2167 reperitur

1108 2179 1258 2230 (Epod.
1283 2179 1322 2225 2,
1348 2177 1424 2217 48:
1458 2179 1599 2226 Dapes
1618 2178 1843 2226 inempta&
1868 2179 1984 2228 Yirg.

1107 2243 1182 2280 Ge.
1198 2240 1237 2287 4,
1256 2240 1356 2279 433:
1382 2240 1556 2288 dapibus
1570 2261 1620 2267 --
1635 2240 1874 2290 inemptis),
1900 2251 1987 2279 non

1106 2304 1322 2355 significat
1367 2313 1443 2351 ea,
1492 2314 1605 2353 quae
1651 2305 1834 2354 propter
1864 2314 1990 2341 sum-

1106 2378 1247 2413 mam,
1283 2367 1325 2405 in
1348 2377 1431 2417 qua
1460 2367 1626 2411 iacent,
1662 2364 1986 2416 neglectionem

1107 2443 1130 2470 a
1163 2428 1280 2468 nullo
1313 2430 1546 2473 emuntur„
1579 2440 1737 2467 verum
1759 2439 1872 2479 quae
1897 2439 1986 2467 non

1108 2494 1257 2543 empta
1288 2493 1414 2539 sunt,
1464 2491 1567 2540 sed,
1614 2492 1662 2530 ut
1692 2490 1830 2542 dapes
1862 2489 1982 2537 illae,

163 2557 282 2603 sent,
331 2555 476 2606 capsis
517 2556 644 2594 caute
677 2555 1042 2606 contegebantur,

163 2619 199 2657 si
229 2616 360 2667 viles,
409 2618 550 2669 aperti
580 2616 829 2658 iacebant.»
861 2619 1046 2657 DILLEN—

1108 2566 1161 2594 ex
1207 2553 1374 2593 domini
1418 2554 1556 2594 hortis
1601 2554 1834 2605 pascuisve
1880 2564 1985 2604 pro-

1106 2618 1341 2658 venerunt.

704 2929 1320 2978 EXCURSUS
1398 2931 1440 2974 1.

278 3067 416 3106 «Tres
446 3065 544 3106 libri
572 3066 703 3106 huius
734 3065 920 3106 secundi
949 3063 1202 3116 Epistolae»
1237 3063 1333 3114 (etsi
1363 3073 1444 3103 nos
1466 3061 1666 3103 consulto
1688 3062 1743 3102 ab
1766 3063 1850 3102 hoc
1871 3061 1984 3102 libro

167 3137 471 3187 separavimus
500 3136 640 3175 Artem
662 3135 892 3187 poeticam)
925 3133 1197 3174 «consimilis
1224 3133 1557 3184 quodammodo
1588 3134 1691 3174 sunt
1719 3134 1981 3184 argumenti,

167 3216 268 3245 cum
309 3205 506 3256 singulae
537 3205 590 3244 ad
631 3206 780 3256 po'e‘sis
812 3205 954 3245 studia
985 3205 1250 3256 pertineant.
1312 3205 1359 3243 In
1390 3204 1531 3255 prima
1563 3204 1681 3243 enim
1712 3203 1983 3252 antiquiores

166 3278 324 3326 poetae
346 3275 530 3315 Romani
552 3285 653 3314 cum
676 3274 999 3314 recentioribus
1021 3274 1176 3314 aetatis
1198 3276 1463 3325 Augusteae‚
1497 3275 1629 3324 atque
1652 3273 1832 3312 omnino
1854 3274 1985 3310 Grae—

168 3356 245 3384 cae
276 3346 423 3397 po‘esis
453 3345 632 3384 historia
666 3347 709 3384 et
739 3343 909 3384 indoles
941 3355 1044 3384 cum
1075 3346 1163 3383 toto
1193 3345 1417 3384 Romanae
1447 3355 1636 3395 genere,
1670 3342 1981 3389 conferuntur3

168 3415 210 3454 in
256 3415 391 3454 altera
438 3416 587 3454 narrat
631 3412 833 3454 Horatius
878 3413 932 3453 de
972 3415 1061 3454 suis
1092 3414 1247 3455 studiis
1277 3415 1485 3466 poeticis,
1532 3415 1638 3452 tunc
1668 3412 1849 3463 quidem
1880 3423 1903 3449 a
1934 3422 1982 3450 se

170 3483 404 3535 depositis,
452 3487 584 3536 atque
631 3484 685 3523 de
732 3482 973 3524 multorum
1011 3485 1076 3524 sui
1116 3485 1328 3536 temporis
1358 3484 1589 3535 poetarum
1620 3482 1910 3533 perversitate
1943 3483 1986 3520 et

316 3561 468 3597 HoRA'r.
498 3570 590 3597 voi„
621 3560 664 3596 II.
717 3570 782 3596 Ει).
812 3570 897 3597 Mal.
928 3559 986 3596 111.
1600 3556 1639 3594 4-’1
