2231 3787
3 2035 14 2044 ·
69 2023 158 2074 θος
187 2019 390 2081 ἄκαιρον
421 2027 501 2066 καὶ
533 2039 583 2065 κε
570 2023 696 2075 νόν,

795 282 892 320 Ans
929 281 1168 321 POETICA.

1801 281 1902 332 (³923

149 411 414 466 Deficiunt
453 412 749 483 animique,
794 412 1068 482 professus
1111 410 1330 482 grandia
1375 420 1570 482 turget,

148 514 324 584 Serpit
364 512 506 565 humi
550 521 692 566 tutus
732 514 951 566 nimium
995 513 1320 584 timidusque
1361 513 1655 584 procellae,

148 615 249 679 Qui
290 616 497 668 variare
538 616 683 686 cupit
722 633 835 669 rem
875 613 1241 686 prodigialiter
1288 633 1470 677 unam,

147 715 469 787 Delphinum
512 716 659 769 silvis
698 717 960 788 appingit,
1004 716 1253 771 fluctibus
1293 734 1497 788 aprum.
1835 719 1901 772 30

129 914 171 953 in
214 914 341 953 Curis
374 914 623 954 novissimis
655 924 809 953 rursus
850 913 1054 965 praetulit
1086 915 1225 964 leria.)
1262 939 1303 943 —
1351 916 1417 956 ⁶27.
1452 917 1697 965 animusque
1728 928 1840 957 corr.

130 975 173 1015 b.
212 999 255 1004 —
286 976 351 1016 30.
384 976 623 1029 Delfianum
655 976 743 1027 (sic)
777 977 822 1016 B.

76 1149 191 1200 epic.
215 1159 258 1200 p.
282 1147 348 1189 46.
402 1149 471 1188 Sic
501 1149 743 1198 Isocrates,
779 1150 814 1190 si
856 1150 954 1201 quis

75 1210 200 1259 alius,
235 1211 441 1251 levitatem
462 1210 628 1262 ubique
647 1214 842 1252 sectatus
864 1214 948 1252 est:

76 1273 271 1313 eundem
301 1274 425 1313 nervi
457 1273 697 1324 deficiunt.)
723 1297 769 1302 —
790 1275 954 1325 profes-

71 1347 140 1375 sus
167 1336 352 1386 qrandia
381 1335 484 1387 cet.]
519 1336 627 1384 «Qui
658 1335 848 1376 sublime
879 1348 952 1388 ge-

72 1409 154 1438 nus
185 1398 359 1438 (licendi
391 1399 587 1445 affectat,
630 1398 676 1438 fit
706 1399 950 1451 turgidus.»

74 1459 246 1506 Quintil.
274 1461 346 1508 110,
379 1462 425 1510 ⁶2,
462 1461 533 1500 116:
576 1461 823 1511 plerumque
845 1462 954 1512 (imi-

74 1522 259 1573 tatores)
307 1524 513 1563 declinant
559 1524 600 1562 in
630 1525 750 1574 peius
786 1529 823 1564 et
846 1536 953 1574 pro-

69 1584 191 1623 ιεἱηια
246 1586 468 1625 virtutibus
521 1587 627 1626 vilia
684 1588 953 1637 comprehen-

72 1646 174 1686 dunt
216 1649 402 1699 fiuntque
443 1659 525 1698 pro
577 1649 807 1700 yrandibus
858 1646 950 1698 (vel

70 1710 361 1760 qrandiloquis
391 1711 510 1762 apud
532 1711 620 1751 Cic.
647 1712 762 1751 Orat.
787 1713 830 1759 5,
865 1711 949 1761 20.)

71 1772 231 1811 tumidi.
284 1774 466 1824 Dionys
506 1775 640 1824 Long.
666 1773 713 1823 3,
745 1776 791 1813 5:
841 1774 950 1830 Τρί-

72 1846 154 1873 τον
183 1829 285 1875 ’ἔστι
321 1848 366 1876 τι
401 1838 575 1886 κακίας
613 1833 738 1887 εἰδος
769 1836 819 1876 ἐν
847 1840 951 1887 τοῖς

71 1897 383 1951 παθητικοῖς,
406 1892 527 1957 ἅπεο
548 1895 574 1939 ὁ
593 1899 654 1940 &c
642 1896 844 1957 όόωοος
865 1911 951 1939 πα-

71 1961 340 2032 ρένθυρσον
370 1959 507 2003 εκάλς
495 1975 543 2003 ι.
581 1958 719 2003 οἘστι
762 1961 812 2003 δὲ
857 1961 950 2002 πά-

731 2020 849 2065 ivea
877 2022 948 2079 μὴ

70 2085 143 2126 δεῖ
169 2084 358 2138 τάθους
388 2087 486 2128 γτλ.

123 2150 286 2190 28-34.
338 2151 478 2201 Serpit
519 2151 633 2190 humi
677 2152 779 2203 cet]
826 2152 947 2190 Duae

70 2213 284 2264 imagines
333 2216 435 2254 sunt
486 2216 769 2262 contractae,
823 2215 946 2262 eius,

71 2276 145 2326 qui
185 2286 414 2327 nunquam
453 2277 508 2316 ad
546 2275 697 2317 altiora
737 2277 839 2316 eniti
872 2287 950 2315 co-

70 2340 222 2387 natur,
271 2341 314 2378 et
358 2340 477 2389 eius,
529 2341 603 2391 qui
652 2338 950 2391 procellarum

70 2399 302 2442 formidine
340 2401 441 2443 litus
480 2402 609 2442 radit.
666 2403 758 2442 Hoc
799 2404 949 2442 autem

69 2462 221 2503 humile
250 2464 427 2504 dicendi
457 2475 596 2516 genus
628 2464 818 2516 (Quintil.
843 2465 882 2513 8,
907 2466 945 2514 5,

71 2525 142 2565 32:
175 2527 281 2566 Huic
312 2526 560 2577 quibusdam
579 2528 842 2567 contrarium
861 2531 950 2566 stu-

71 2588 206 2637 dium,
260 2590 331 2639 qui
371 2589 540 2641 fugiunt
581 2600 632 2628 ac
675 2590 952 2641 reformidant

71 2661 233 2690 omnem
261 2652 305 2691 in
335 2652 504 2692 dicendo
534 2651 809 2702 voluptatem,
849 2651 952 2691 nihil

68 2713 291 2762 probantes
325 2714 406 2754 nisi
443 2715 620 2765 planum
655 2719 693 2754 el
733 2715 886 2754 humile
914 2718 952 2754 et

71 2775 157 2815 sine
183 2780 351 2816 conatu.
384 2799 430 2805 —
462 2778 548 2827 Ita,
584 2778 683 2816 dum
712 2778 868 2827 timent,
900 2788 951 2816 ne

72 2837 301 2887 aliquando
348 2840 525 2889 cadant,
585 2851 745 2889 semper
797 2840 946 2879 iacent.

72 2900 180 2952 Epp.
204 2902 253 2950 2,
289 2902 334 2951 ’1,
369 2902 473 2942 250:
521 2913 728 2942 sermones
765 2906 952 2952 repentes

68 2973 144 3012 per
183 2963 388 3015 humum.)
447 2965 602 3005 Graeci
648 2963 849 3005 similiter
892 2959 948 3003 τὸ

72 3026 394 3076 χαμαιτυπές,
438 3028 731 3079 χαμαιπετές
769 3028 946 3066 vocant.

77 3111 120 3116 —
144 3090 269 3138 tulus]
292 3089 361 3129 Sic
382 3083 635 3141 ἀσφαλής,
669 3088 790 3129 Plato
813 3089 946 3140 Soph.

72 3159 114 3200 p.
137 3150 232 3190 234.
255 3152 325 3198 A„
359 3162 438 3203 pro
461 3153 663 3191 «cauto»
697 3173 741 3177 —
766 3151 952 3190 timidus-

73 3222 149 3261 que
189 3213 423 3264 procellae]
472 3213 640 3253 Eadem
689 3213 950 3264 metaphora

73 3273 150 3313 Od.
175 3275 222 3324 2,
258 3275 330 3324 40,
365 3275 410 3314 4:
444 3275 606 3315 Rectius
633 3275 765 3324 vives,
797 3274 947 3324 Licini,

71 3346 202 3385 neque
229 3337 362 3376 altum
382 3337 553 3387 Semper
581 3338 767 3389 urgendo
795 3343 947 3386 neque,

73 3397 171 3438 dum
193 3400 403 3449 procellas
433 3400 587 3441 Cautus
615 3400 838 3449 horrescis,
881 3400 949 3439 ni-

73 3460 202 3500 mium
225 3463 451 3511 premendo
484 3463 599 3502 Litus
632 3463 836 3512 iniquum.
884 3463 947 3502 De

75 3522 263 3571 genitivo
295 3523 348 3564 cf.
387 3524 511 3564 Ovid.
544 3526 719 3566 Metam.
758 3526 807 3574 5,
845 3525 944 3565 400:

1018 1150 1268 1200 timidusque
1303 1151 1487 1191 deorum.
1542 1153 1735 1192 Lactant.
1769 1154 1899 1193 Insti-

1019 1213 1096 1251 tut.
1121 1211 1167 1261 3,
1200 1212 1282 1251 26:
1317 1213 1506 1253 timidum
1538 1215 1691 1254 doloris
1720 1227 1900 1254 aemor-

1017 1274 1080 1313 lis.
1106 1296 1148 1302 —
1176 1274 1255 1324 Qui
1275 1276 1450 1315 variare
1472 1277 1576 1326 cet]
1608 1278 1714 1324 «Qui
1745 1288 1896 1317 amore

1017 1337 1223 1377 novitatis
1264 1338 1434 1377 variare
1474 1340 1787 1389 argumentum
1820 1350 1898 1378 cu-

1017 1399 1079 1450 pit
1121 1400 1284 1450 partim
1316 1399 1472 1440 sabulis
1513 1412 1695 1452 prorsus
1739 1402 1898 1453 ineptis

1017 1462 1150 1511 atque
1182 1461 1538 1512 incredibilibus,
1584 1463 1745 1514 partim
1786 1465 1898 1504 ima-

1016 1523 1190 1574 ginibus
1222 1525 1351 1565 nimis
1381 1525 1649 1573 audacibus,
1685 1537 1737 1565 eo
1760 1526 1898 1567 deve-

1018 1586 1101 1634 nit,
1139 1588 1187 1625 ut
1221 1589 1556 1628 monstruosum
1592 1587 1753 1627 evadat
1787 1594 1897 1640 poc-

1017 1660 1133 1689 ma.»
1198 1650 1375 1690 Variare
1406 1652 1577 1699 autem,
1620 1649 1893 1700 ποικίλλειν,

1017 1713 1086 1751 est
1131 1711 1333 1761 efficere,
1382 1715 1429 1751 ut
1469 1724 1557 1751 una
1599 1713 1788 1764 (eadem)
1832 1726 1899 1755 res

1016 1774 1109 1812 sine
1134 1776 1402 1814 necessitate
1427 1786 1479 1814 ac
1501 1776 1595 1815 sine
1619 1774 1798 1816 lectoris
1821 1777 1899 1816 ob-

1015 1834 1250 1876 lectatione
1290 1836 1507 1888 praebeat
1543 1836 1694 1888 plures
1732 1839 1897 1891 adspe-

1016 1901 1134 1946 ctus;
1185 1899 1228 1938 in
1273 1899 1391 1950 quod
1436 1900 1592 1940 vitium
1637 1901 1753 1940 haud
1796 1913 1896 1941 raro

1014 1961 1267 2000 inciderunt
1304 1961 1505 2011 Oxidius,
1555 1963 1725 2004 Seneca
1761 1966 1897 2016 tragi-

1015 2035 1117 2073 cus,
1144 2025 1369 2073 Lucanus,
1395 2025 1581 2074 Statius,
1607 2027 1681 2076 qui
1704 2027 1895 2068 eandem

1014 2087 1283 2126 sententiam
1315 2086 1621 2138 compluribus
1653 2089 1798 2130 modis
1821 2101 1894 2130 ex-

1013 2149 1210 2200 primunt
1230 2149 1451 2200 variisque
1473 2150 1758 2201 imaginibus,
1793 2164 1898 2204 ope-

1013 2221 1115 2250 rose
1137 2209 1402 2261 plerumque
1422 2212 1652 2262 quaesitis,
1679 2224 1895 2255 exornare

1014 2272 1215 2319 student,
1250 2284 1337 2324 quo
1370 2273 1538 2313 scilicet
1562 2285 1718 2315 omnes
1740 2278 1814 2326 qui
1836 2275 1897 2317 le-

1014 2337 1893 2388 gantpo'etarumingeniumadmirentur,

1013 2400 1151 2438 immo
1173 2400 1392 2450 stupeant.
1418 2400 1512 2438 Non
1534 2400 1751 2450 significat
1774 2413 1897 2442 «mu-

1015 2464 1152 2510 tare,»
1184 2464 1233 2501 ut
1260 2461 1461 2513 plerique
1492 2465 1671 2503 vertunt
1705 2468 1895 2505 veran—

1015 2526 1152 2565 dern.
1177 2525 1548 2576 —prcdiqialilenj
1568 2526 1745 2566 hochst
1762 2539 1894 2567 wun-

1015 2587 1216 2627 derbar.
1266 2588 1359 2626 Hoc
1380 2586 1520 2626 verbo
1541 2598 1648 2628 usus
1669 2591 1737 2628 est
1759 2590 1892 2630 etiam

1017 2647 1258 2689 Columella
1291 2648 1335 2697 3,
1371 2648 1414 2697 3,
1462 2649 1500 2688 3.
1552 2651 1808 2700 Rutgersius
1850 2654 1894 2692 et

1015 2711 1084 2751 alii
1122 2723 1164 2751 v,
1190 2711 1488 2762 procliyialiler
1525 2712 1723 2752 referunt
1762 2713 1819 2753 ad
1848 2725 1891 2755 v.

1015 2774 1225 2825 appingit,
1261 2773 1381 2824 quod
1412 2775 1562 2813 tamen
1592 2776 1777 2828 propter
1796 2788 1895 2817 ver-

1014 2837 1178 2876 borum
1223 2835 1425 2876 ordinem
1469 2838 1649 2877 omnino
1694 2838 1790 2878 fieri
1820 2851 1897 2880 ne-

1015 2899 1122 2950 quit.
1160 2919 1203 2926 —-
1239 2898 1502 2948 Delphinum]
1536 2900 1611 2939 Est
1639 2899 1759 2940 velut
1789 2913 1895 2953 pro-

1014 2961 1234 3001 verbium.
1270 2960 1357 3001 Cfr.
1382 2960 1632 3002 Archilochi
1656 2963 1721 3003 Fr.
1746 2964 1889 3004 XXXI.

1014 3024 1093 3064 Ed.
1147 3022 1312 3063 Liebel.
1360 3035 1402 3075 p.
1450 3024 1544 3064 400.
1589 3026 1681 3065 sive
1723 3026 1790 3065 Fr.
1824 3027 1890 3066 66.

1015 3085 1288 3125 Schneidew.
1322 3085 1416 3126 Del.
1441 3098 1485 3138 p.
1513 3087 1591 3127 488
1623 3098 1690 3138 sq.
1715 3089 1792 3128 lon
1819 3100 1889 3140 ap.

1015 3147 1124 3188 Plut.
1148 3149 1380 3189 Demosth.
1401 3149 1446 3189 3:
1480 3147 1704 3201 δελφῖνος
1720 3149 1770 3191 ἐν
1788 3151 1893 3207 χέρ-

1014 3223 1084 3264 σῳ
1114 3209 1213 3260 βία.
1267 3211 1448 3253 Rufinus
1483 3211 1656 3252 Anthol.
1690 3212 1823 3253 Palat.
1856 3214 1885 3252 Ι.

1014 3285 1058 3326 p.
1082 3274 1170 3315 89.:
1205 3272 1453 3327 Βοσκήσει
1482 3272 1709 3325 δελφῖνας
1739 3270 1766 3313 ὁ
1796 3272 1893 3314 δεν-

1014 3333 1261 3394 δροκόμης
1286 3332 1590 3395 Ἐρύμανθος
1610 3337 1701 3376 Καὶ
1723 3333 1893 3377 πολιὸν

1015 3399 1196 3441 πόντου
1227 3398 1360 3454 κῦμα
1380 3396 1504 3449 θοὰς
1525 3397 1752 3450 ἐλάφους.
1790 3401 1892 3440 Ter-

1015 3463 1122 3503 tium
1152 3464 1265 3512 iam,
1308 3462 1389 3503 sed
1417 3461 1537 3501 varie
1569 3472 1772 3513 semper,
1818 3472 1890 3501 res

1014 3526 1196 3566 naturae
1228 3525 1472 3565 contrarias
1494 3525 1536 3563 et
1558 3526 1794 3576 propterea
1815 3523 1890 3564 ab·
