2231 3787
751 261 848 300 Lm.
884 262 912 300 l.

977 260 1137 300 EPIST.
1173 260 1297 300 XVH.

1830 258 1931 310 543

178 393 485 447 Mordaoem
526 394 787 466 Cynicum
827 393 903 446 sic
943 391 1223 454 eludebat,
1264 400 1322 444 ut
1361 392 1531 445 aiunt:

177 496 407 548 Scurror
445 514 546 566 ego
589 497 703 566 ipse
745 495 899 555 mihi,
942 494 1142 565 populo
1182 503 1265 559 tu,
1306 495 1505 548 rectius
1545 494 1647 548 hoo
1686 504 1738 548 et

177 596 525 667 Splendidius
553 596 717 650 multo
755 606 850 650 est.
908 597 1092 668 Equus
1121 604 1177 649 ut
1202 613 1288 649 me
1312 604 1502 667 portet,
1534 596 1638 650 alat
1670 614 1786 658 rex,
1865 598 1932 649 ΞΟ

175 698 426 752 Officium
469 698 626 752 facio:
679 707 732 751 tu
772 699 953 770 poscis
990 698 1114 751 vilia
1153 716 1357 757 rerum,

216 866 282 906 48.
319 866 513 905 illudebat
546 866 575 905 C
609 866 754 905 tacite.
792 887 838 892 —
872 865 939 904 20.
973 869 1052 913 est,
1086 876 1213 915 equus
1255 869 1300 903 ut
1342 876 1406 904 me
1443 870 1601 915 portet,
1647 866 1737 905 alat
1780 878 1873 907 rex.

163 928 353 980 Officium
380 928 492 979 facio
523 929 623 968 LCt.
652 952 696 956 —
719 928 787 968 ⁶24.
820 928 946 967 vilia:
984 938 1130 967 verum
1151 928 1228 978 Ep,
1253 928 1344 967 tres
1366 929 1581 977 Pottierii,
1617 939 1670 968 ex
1700 928 1794 968 aliis
1827 930 1874 977 C,

157 990 281 1029 vilia:
312 1002 456 1030 verum
486 1002 527 1030 es
557 991 750 1030 Pottierii
780 989 1003 1042 plerique,
1037 991 1308 1042 Porphyrio,
1342 991 1511 1031 Veneta
1543 992 1683 1041 4484„
1716 994 1777 1032 tF.
1815 993 1877 1043 (Ut

159 1064 238 1093 nos
268 1053 355 1094 bSc
389 1055 432 1093 et
462 1054 655 1093 Pottierii
687 1053 774 1093 duo
809 1054 888 1103 (40.
918 1053 1016 1102 12),

106 1195 146 1233 iu
178 1205 266 1245 quo
295 1194 494 1245 habitas,
528 1194 656 1235 dictis
683 1193 985 1245 mordacibus,

1050 1054 1157 1092 item
1189 1054 1233 1102 L,
1266 1053 1425 1102 Bentl.,
1458 1055 1590 1105 Mos.)

1052 1206 1144 1235 που
1190 1191 1575 1252 στρατευόμενον
1625 1195 1796 1245 ἱππέα,
1846 1194 1933 1250 τῆς

104 1258 226 1297 miris
258 1258 461 1309 corporis
492 1257 906 1306 exercitationibus,
940 1259 989 1296 ut
1049 1253 1234 1315 μητρὸς
1250 1256 1484 1311 δεομένης
1500 1254 1800 1311 αἰτήσασθαι
1816 1253 1934 1308 ἄφε-

105 1331 207 1360 eum
252 1322 421 1360 aestate
468 1321 509 1359 in
555 1320 720 1360 fervida
760 1331 896 1360 arena
943 1322 985 1360 te
1015 1320 1019 1386 ἰ
1051 1333 1129 1360 σιν
1158 1318 1244 1373 τῆς
1275 1322 1548 1378 στρατείας,
1590 1322 1738 1361 εἰπεῖν
1767 1319 1928 1363 τοῦτο.

103 1382 300 1427 volutas,
348 1383 496 1422 hieme
538 1385 705 1423 statuas
745 1384 844 1423 nive
877 1394 987 1423 con-

104 1447 245 1486 tectas
277 1444 571 1497 amplexaris,
605 1445 834 1486 interdum
864 1440 986 1484 ἅνα-

104 1506 246 1547 παλιν
277 1511 565 1565 περιπατεῖς.
603 1508 739 1559 (Stob.
759 1510 803 1548 T.
828 1508 874 1557 4,
899 1508 983 1558 84.)

102 1573 255 1622 Itaque
287 1571 381 1619 hoc,
416 1571 536 1622 quod
569 1583 648 1623 ego
681 1572 812 1619 facio,
846 1570 985 1611 multo

104 1638 148 1673 et
178 1634 343 1674 rectius
375 1636 419 1673 et
448 1633 608 1675 lautius
631 1637 717 1683 est,
753 1645 888 1685 quam
909 1635 984 1672 tua

103 1695 388 1736 scurrilitas.»
442 1697 552 1736 «Hoc
591 1697 877 1737 referendum
920 1668 1015 1736 est¹

102 1759 157 1799 ad
201 1759 339 1798 verba
386 1759 571 1799 Scurror
613 1771 687 1811 eqo
731 1761 818 1808 ipse
856 1759 980 1807 anilii,

102 1833 247 1872 neque
278 1833 385 1861 vero
428 1822 485 1861 ad
526 1834 596 1862 vv.
623 1823 781 1872 populo
822 1826 890 1869 tu,
937 1823 985 1860 ut

100 1885 281 1924 Bothius
296 1883 489 1933 volebat,
511 1886 585 1935 qui
606 1886 844 1936 propterea
866 1886 981 1934 (cum

101 1945 337 1995 Lambino,
363 1948 578 1997 Cruquio,
613 1946 855 1995 Torrentio>
883 1947 984 1997 post

19 2014 29 2023 “
101 2014 146 2049 tu
175 2011 219 2048 et
248 2020 326 2048 rex
355 2012 597 2060 punctum,
638 2011 739 2061 post
768 2009 896 2048 multo
927 2012 985 2048 esc

103 2081 278 2111 comma
321 2072 483 2122 posuit.
536 2072 622 2111 Sed
662 2073 696 2112 si
726 2084 799 2111 νγ.
831 2071 985 2111 rectius

102 2156 123 2162 -
144 2156 167 2162 -
187 2134 315 2173 multo
345 2137 402 2172 esc
440 2135 643 2174 Horatius
675 2145 779 2174 cum
807 2146 877 2173 vv.
901 2145 984 2183 po-

97 2197 198 2247 pulo
228 2200 272 2235 tu
302 2196 483 2246 iungere
512 2195 746 2245 voluisset,
781 2196 985 2247 scripsis-

102 2262 171 2300 set
213 2259 366 2298 rectt’us
400 2259 504 2298 illud
543 2261 627 2298 cet.
680 2259 852 2299 Etenim
893 2270 982 2298 non

102 2323 223 2361 recte
255 2324 462 2369 monent,
496 2322 538 2360 in
570 2321 746 2362 duobus
777 2322 983 2362 enuntia-

101 2385 157 2424 tis
188 2383 494 2424 discernendis
534 2395 783 2435 pronomen
821 2385 896 2423 hoc
926 2383 982 2423 ad

101 2448 346 2499 posterius,
389 2447 492 2485 illud
531 2447 588 2486 ad
618 2448 833 2487 remotius
863 2447 983 2487 rese-

102 2509 294 2549 rendum
326 2519 439 2549 esse.
492 2510 633 2548 Immo
671 2510 745 2548 hoc
783 2509 985 2560 designat

106 2571 172 2620 id,
221 2571 340 2622 quod
373 2571 516 2621 potius
546 2572 614 2611 est
644 2573 688 2611 et
719 2573 897 2622 propius
926 2572 983 2612 ad
1011 2572 1014 2632 Ι

103 2633 360 2685 loquentem
379 2635 594 2686 pertinet,
617 2634 721 2674 illud
739 2637 891 2675 autem
911 2636 955 2675 id
972 2667 980 2685 ‚

1055 1407 1099 1411 —-
1133 1384 1225 1435 rer]
1273 1385 1342 1423 Sic
1385 1386 1539 1423 Graeci
1580 1380 1664 1423 τὸν
1694 1381 1933 1438 δεσπότην

1051 1448 1281 1498 opponunt
1310 1443 1373 1500 τῷ
1397 1448 1662 1504 παρασίτῳ.
1711 1447 1933 1499 Crobylus

1049 1509 1091 1547 in
1124 1509 1259 1548 Grotii
1293 1510 1394 1548 Exc.
1428 1521 1470 1560 p.
1501 1509 1601 1549 829:
1653 1507 1933 1567 Παράσιτος

1049 1567 1199 1611 αὑτὸν
1243 1567 1360 1625 γοῦν
1391 1572 1580 1627 τρέφων
1625 1569 1694 1612 Τὰ
1732 1572 1933 1614 πλεῖστα

1049 1634 1352 1692 συνερανιζεν
1373 1628 1433 1673 ἂν
1457 1632 1518 1688 τῷ
1541 1633 1767 1693 δεσπότῃ.
1803 1637 1930 1685 Quod

1048 1699 1111 1738 sio
1141 1699 1271 1737 vertit
1293 1698 1489 1737 Grotius:
1521 1699 1759 1749 Parasitus,
1793 1700 1877 1749 ipse
1897 1701 1931 1739 si

1046 1772 1087 1801 se
1106 1761 1294 1810 nutriat,
1315 1761 1411 1800 Plus
1431 1772 1559 1810 quam
1581 1763 1803 1810 quisquam
1823 1762 1934 1802 alius

1047 1825 1238 1875 conferat
1263 1824 1372 1875 regyi
1401 1835 1489 1862 suo.
1513 1847 1557 1852 —
1584 1824 1774 1875 Officium
1802 1825 1928 1878 facio]

1050 1888 1303 1927 «Amicitiae
1325 1886 1469 1927 officio
1489 1887 1669 1938 fungor,
1705 1889 1825 1927 omni
1848 1889 1933 1929 ob-

1048 1951 1273 1991 servantia
1291 1949 1442 1990 colens
1464 1961 1619 2001 regem
1642 1961 1815 2000 meum,
1841 1952 1932 1991 ani·

1048 2012 1108 2051 mi
1157 2014 1309 2051 tamen
1364 2011 1569 2051 libertate
1621 2016 1929 2054 conservata.»

1046 2077 1142 2114 Non
1174 2076 1243 2114 est
1271 2071 1327 2114 τὸ
1349 2072 1573 2127 καθῆκον
1595 2076 1825 2125 universe,
1849 2076 1927 2117 sed

1048 2147 1344 2188 quaecunque
1375 2138 1419 2177 in
1448 2138 1566 2188 regis
1604 2138 1823 2178 honorem
1862 2141 1931 2178 at-

1047 2211 1134 2250 que
1166 2199 1223 2238 ad
1255 2199 1349 2239 eius
1379 2198 1591 2250 placitum
1622 2200 1752 2248 fiunt3
1792 2201 1932 2251 facere

1047 2264 1198 2301 autem
1228 2261 1412 2312 officium
1451 2273 1532 2313 pro
1572 2261 1739 2312 volgari
1772 2274 1931 2303 «exse-

1047 2325 1121 2374 qui
1153 2323 1400 2372 officium,»
1435 2323 1717 2364 «satisfacere
1740 2324 1928 2374 officio,»

1050 2387 1271 2426 «officium
1298 2385 1489 2426 colere.»
1524 2387 1660 2438 (Ovid.
1686 2388 1809 2427 Rem.
1829 2390 1924 2429 Am.

1047 2449 1160 2499 628.)
1210 2447 1345 2489 Simul
1377 2449 1444 2489 his
1475 2461 1545 2488 vv.
1578 2451 1755 2501 corrigit
1792 2451 1930 2491 ironi-

1047 2524 1151 2553 cum
1172 2511 1277 2552 illud
1297 2513 1503 2552 Scurror:
1542 2515 1661 2553 «Non
1685 2523 1783 2553 sum
1808 2525 1931 2554 sour-

1045 2586 1137 2625 ra‚»
1171 2575 1335 2626 inquit,
1379 2586 1563 2615 «verum
1593 2576 1728 2616 homo
1760 2576 1930 2617 officio-

1047 2648 1166 2678 sus.»
1190 2660 1234 2665 —
1263 2637 1413 2689 poscis]
1444 2638 1569 2688 Diog.
1595 2639 1740 2678 Laert.
1766 2639 1814 2687 6,
1848 2639 1924 2680 46:

105 2697 229 2736 euius
259 2695 377 2736 nulla
407 2698 482 2736 aut
511 2696 657 2736 minor
687 2698 755 2737 est
784 2708 888 2737 eum
916 2696 984 2737 lo-
1046 2696 1326 2757 Χρημάτων
1341 2696 1570 2751 δεόμενος
1592 2695 1812 2740 ἀπαιτεῖν
1833 2696 1926 2741 ἕλε-

106 2762 268 2811 quente
296 2760 567 2808 coniuncti03
603 2762 646 2800 et
664 2761 759 2800 tum
781 2761 980 2811 demum,

106 2834 208 2863 cum
250 2825 491 2874 utrumque
537 2825 813 2865 enuntiatum
862 2825 983 2865 idem

104 2884 242 2933 valet,
279 2886 353 2924 hoc
378 2885 434 2924 ad
463 2886 717 2936 proximum
737 2887 894 2927 referri
915 2899 987 2928 so-

105 2945 178 2986 let.
231 2947 299 2985 Sic
330 2947 418 2986 Sat.
441 2947 491 2996 2,
524 2948 572 2997 2,
607 2948 674 2988 36.
709 2948 831 2989 mulli
870 2951 911 2989 hi
942 2953 986 2990 et

106 3008 197 3060 lupi
240 3008 301 3047 illi
330 3009 557 3057 dicuntur,
606 3012 815 3061 quoniam
852 3014 984 3064 poeta

106 3082 371 3122 magnorum
400 3072 638 3113 mullorum
668 3086 869 3116 amorem
892 3087 987 3116 car-

105 3135 183 3186 pit.
229 3132 347 3174 Mulli
376 3134 504 3184 igitur
525 3135 584 3174 ibi
607 3138 710 3176 sunt
727 3137 873 3188 potior
892 3150 980 3187 res,

109 3198 153 3236 et
179 3197 319 3247 magis
337 3207 472 3247 quam
492 3195 582 3247 lupi
604 3197 661 3236 ad
680 3201 858 3249 poetam
879 3211 986 3252 per-

108 3259 291 3298 tinent.»
342 3260 458 3297 ΙΑΗΝ.

162 3321 310 3361 ‘zo-22.
343 3322 501 3371 Equus]
533 3321 828 3362 proverbium
849 3325 986 3364 Grae-

112 3391 227 3422 cum.
274 3383 570 3435 Diogenianus
593 3385 640 3433 5,
675 3384 748 3423 34:
791 3378 986 3435 Ἵππος

109 3456 180 3496 με
222 3447 402 3503 φέρει,
448 3443 722 3497 βασιλεύς
763 3458 830 3499 με
865 3448 985 3503 τρέ-

1047 2775 1099 2817 y&
1128 2759 1243 2813 τοὺς
1273 2761 1467 2813 φίλους,
1501 2758 1591 2804 οὐκ
1617 2764 1782 2803 αἰτεῖν.
1815 2763 1925 2803 Ibid.

1048 2825 1123 2866 49:
1174 2823 1328 2865 Αἰτῶν
1371 2838 1477 2865 τινα
1521 2825 1618 2877 (καὶ
1663 2822 1754 2884 γὰρ
1783 2825 1929 2867 τοῦτο

1049 2884 1237 2944 πρῶτον
1266 2887 1468 2941 ἐποίησε
1495 2885 1571 2928 διὰ
1593 2885 1681 2942 τὴν
1702 2885 1928 2947 ἀπορίαν)

1048 2946 1167 3004 ἔφη,
1206 2951 1268 2990 Εἰ
1301 2950 1391 3003 μὲν
1420 2953 1503 2991 καὶ
1533 2945 1662 3007 ἄλλῳ
1693 2951 1926 3004 δέδωκας,

1047 3010 1131 3064 δὸς
1174 3008 1352 3066 κάμοί·
1405 3014 1448 3053 εἰ
1489 3012 1540 3054 δὲ
1581 3013 1781 3068 μηδενί,
1828 3011 1928 3056 ἀπὸ

1048 3073 1168 3130 ἐμοῦ
1215 3072 1371 3135 ἄρξαι.
1410 3098 1454 3105 -
1486 3078 1590 3117 vilia
1629 3080 1787 3129 rerum]
1831 3090 1929 3119 «res

1046 3140 1202 3180 viles.»
1252 3140 1350 3179 Vid.
1374 3138 1431 3179 ad
1453 3141 1540 3179 Sat.
1565 3141 1611 3189 2,
1637 3140 1681 3190 8,
1715 3141 1791 3181 83:
1822 3142 1930 3193 fictis

1045 3213 1211 3251 rerum,
1237 3203 1281 3242 et
1302 3202 1356 3242 ef.
1382 3202 1460 3241 od.
1485 3201 1532 3251 4,
1559 3203 1632 3252 42,
1667 3203 1740 3242 49:
1774 3213 1928 3242 amara

1047 3275 1262 3304 curarum.
1317 3265 1443 3313 Quod
1488 3275 1590 3304 cum
1634 3275 1722 3304 non
1766 3263 1926 3304 intelli-

1048 3328 1225 3377 gerent,
1258 3329 1347 3366 iam
1368 3328 1469 3366 ante
1490 3326 1844 3378 Porphyrionem
1864 3328 1927 3366 in-

1048 3388 1342 3440 terpolarunt:
1375 3390 1499 3438 vilia,
1531 3399 1678 3429 verum
1697 3399 1750 3428 es.
1798 3388 1928 3429 Intel-

1047 3448 1130 3500 lige
1153 3453 1304 3492 autem
1332 3463 1491 3503 poma,
1536 3452 1728 3500 caricas,
1769 3462 1926 3503 saper—

112 3519 234 3556 φει·
266 3504 507 3567 Κορῥαῖόν
537 3522 689 3559 φασιν
712 3504 813 3570 ὑπρ
828 3508 987 3549 Φιλίπ-
1049 3511 1150 3561 das,
1192 3524 1357 3564 panem
1389 3512 1724 3562 secundarium,
1771 3515 1926 3554 cento-
