2231 3787
208 266 308 318 3⁶24

282 397 525 451 Solveret
563 395 806 467 hospitiis
846 395 1095 448 animum.

850 265 1065 305 HORATII
1095 264 1395 306 SATIRARUM

1174 394 1314 459 Quid
1353 392 1558 445 multa?
1597 409 1774 464 neque
1815 390 1902 446 ille

280 499 509 570 Sepositi
548 498 739 552 ciceris
778 514 877 551 neo
917 496 1108 568 longae
1152 495 1337 548 invidit
1373 511 1603 556 avenae,

278 600 498 654 Aridum
537 609 589 654 et
626 617 720 654 ore
759 599 937 653 ferens
986 597 1199 651 acinum
1237 613 1559 668 semesaque
1597 595 1731 650 lardi

1962 595 2028 647 85

280 705 468 755 Frusta
509 701 683 763 dedit,
733 700 957 771 cupiens
996 698 1144 751 varia
1183 697 1393 751 fastidia
1431 715 1602 752 coena

279 804 502 857 Vincere
545 802 809 874 tangentis
853 800 991 854 male
1031 799 1241 871 singula
1280 799 1439 853 dente
1479 799 1743 871 superb03

281 907 413 960 Cum
452 914 604 977 pater
643 904 757 976 ipse
799 902 992 957 domus
1029 901 1187 973 palea
1223 909 1507 973 porrectus
1549 901 1598 954 in
1638 901 1805 954 horna

280 1009 435 1061 Esset
473 1006 607 1060 ador
644 1005 964 1077 loliumque,
1008 1004 1163 1076 dapis
1203 1003 1426 1058 meliora
1464 1002 1794 1074 relinquens.

280 1110 514 1163 Tandem
536 1107 777 1161 urbanus
801 1106 866 1160 ad
889 1106 1055 1161 huno:
1087 1105 1230 1172 Quid
1253 1114 1303 1159 te
1328 1106 1485 1167 iuvat,
1516 1104 1702 1176 inquit,
1734 1104 1920 1168 amice,
1960 1104 2029 1155 90

280 1211 560 1282 Praerupti
599 1209 835 1264 nemoris
875 1209 1166 1281 patientem
1203 1208 1386 1262 vivere
1426 1206 1633 1261 dorso?

278 1314 364 1367 Vis
404 1324 458 1366 tu
497 1312 743 1366 homines
782 1311 1083 1382 urbemque
1122 1310 1248 1365 feris
1286 1326 1626 1381 praeponere
1665 1308 1852 1362 silvis?

317 1481 383 1521 83.
416 1480 495 1531 ille]
528 1480 587 1519 illl
619 1479 719 1519 LCt.
760 1502 802 1506 —-
836 1477 903 1519 84.
937 1477 1021 1530 nee]
1055 1487 1184 1526 neque
1213 1476 1296 1516 LC.
1335 1497 1377 1504 —
1413 1476 1479 1516 90.
1515 1475 1634 1527 Quid]
1666 1476 1777 1524 quod
1816 1476 1862 1525 E,
1897 1476 1975 1526 Qui

262 1545 345 1584 LC.
381 1567 426 1572 —-
461 1543 525 1583 92.
565 1543 635 1582 Vin
669 1543 749 1582 LC.

209 1717 250 1722 —
288 1693 366 1743 ille]
402 1694 474 1732 «ut
511 1692 585 1743 qui
623 1693 712 1731 tam
747 1690 968 1741 benignus
1008 1700 1081 1730 es-

205 1758 329 1804 set3»
369 1754 526 1795 melius
558 1766 664 1795 sane
697 1765 830 1805 quam
863 1754 942 1803 illl,
978 1764 1078 1792 cum

202 1819 362 1870 partim
405 1830 445 1857 v.
489 1818 555 1858 80.
598 1829 697 1858 mus
742 1816 938 1857 urbanus
982 1818 1080 1868 ipso

201 1880 445 1919 verborum
467 1880 620 1919 ordine
642 1881 953 1931 postponatur,
978 1890 1083 1930 par-

202 1943 296 1991 tim,
320 1942 390 1981 hic
411 1942 517 1993 quid
540 1943 691 1993 egerit,
724 1944 929 1981 narretur
948 1953 986 1980 v.
1012 1941 1078 1980 87.

202 2006 266 2045 De
284 2006 369 2045 hoe
385 2017 467 2045 usu
489 2005 763 2056 pronominis
781 2005 846 2043 llle
862 2003 939 2043 cfr.
954 2005 1085 2043 Bent-

203 2067 362 2113 leium,
409 2068 671 2107 afferentem
711 2067 789 2107 Od.
826 2066 875 2115 4,
920 2067 967 2114 9,
1011 2067 1077 2106 54.

203 2132 290 2170 Sat.
328 2131 374 2178 ⁶2,
424 2131 467 2178 3,
516 2130 609 2171 204.
663 2132 806 2170 Haase
851 2131 893 2169 in
938 2130 1082 2180 Reisig

202 2194 294 2232 Lat.
338 2193 555 2243 Sprachw.
599 2204 642 2244 p.
681 2193 776 2232 377.
827 2215 870 2220 —
918 2191 1079 2243 longae]

205 2255 374 2296 «Habet
405 2256 521 2295 enim
563 2254 761 2306 glumam
794 2255 931 2306 (grani
971 2252 1083 2294 folli-

203 2317 364 2367 culum,
397 2317 618 2369 longam.»
665 2319 804 2358 Comi.
830 2319 960 2363 CRUQ.
986 2317 1084 2368 Epi-

201 2381 354 2420 theton
385 2382 583 2432 picturae
616 2381 816 2428 inservit,
850 2382 896 2419 ut
928 2382 1082 2420 eontra

202 2445 289 2483 sat.
314 2444 361 2492 ¹2,
396 2443 441 2492 4,
475 2443 549 2483 29:
601 2443 762 2493 lapathi
793 2442 958 2482 brevis
986 2443 1082 2482 her-

202 2506 267 2546 ba.
297 2530 340 2534 —
370 2507 516 2545 inridit
545 2506 715 2558 avenae]
749 2506 1080 2546 constructione

202 2571 366 2609 Graeca
393 2567 581 2619 (Quintil.
607 2568 653 2618 9,
677 2568 722 2617 3,
757 2569 856 2619 47.),
890 2570 939 2608 ut
960 2568 1082 2618 φθο-

202 2635 299 2671 νεῖν
344 2631 435 2670 τινί
477 2643 621 2680 τινος.
690 2631 807 2681 Virg.
850 2633 959 2670 Aen.
1003 2631 1077 2680 44,

204 2694 305 2732 426:
352 2693 590 2732 Iustitiaene
620 2693 743 2742 prius
779 2693 910 2732 mirer
939 2692 1082 2732 belline

201 2755 423 2794 laborum?
470 2756 670 2795 Latinam
703 2756 1081 2795 constructionem

202 2817 302 2857 vide
342 2819 426 2856 Sat.
458 2819 501 2866 4,
543 2818 588 2866 6,
633 2817 706 2858 49:
754 2818 952 2857 honorem
986 2819 1082 2857 [ure

202 2881 303 2919 mihi
332 2881 515 2919 invideat
545 2880 692 2929 quivis.
755 2879 841 2920 Cfr.
883 2881 992 2932 Epp.
1033 2881 1078 2928 4,

206 2942 275 2982 44.
310 2942 376 2982 44.
428 2965 473 2971 -
520 2943 700 2994 acinum]
747 2954 859 2982 uvae
903 2953 1078 2993 passae.

210 3028 246 3034 —
287 3004 492 3055 tangentis
513 3004 631 3055 male]
657 3005 750 3043 «vix
773 3016 824 3043 ae
856 3004 1081 3045 fastidiose

205 3069 548 3119 contingentis.»
615 3069 754 3107 Com.
795 3069 924 3114 Caro.
993 3068 1079 3107 Cfr.

206 3131 333 3172 Hand
363 3132 487 3170 Turs.
521 3131 588 3169 ΙΙΙ.
624 3140 662 3180 p.
697 3130 791 3169 385.
843 3129 935 3169 Noli
983 3131 1084 3169 iun-

206 3206 309 3246 gere
342 3205 443 3233 cum
475 3191 568 3231 aliis
597 3192 706 3231 male
735 3192 928 3241 superbo3
955 3192 1084 3232 nimis

208 3258 327 3296 enim
358 3256 522 3296 distant
551 3253 705 3293 verba.

262 3319 408 3359 88-92.
463 3318 565 3358 Cum
591 3321 714 3366 paler
744 3317 826 3366 ipse
857 3318 958 3366 cet]
990 3318 1083 3357 Non

210 3382 302 3422 sine
335 3381 488 3420 festiva
521 3378 604 3419 stili
635 3378 847 3429 gravitate
886 3380 1084 3429 patrem-

210 3442 395 3483 familias
427 3442 527 3482 facit
556 3443 743 3481 stratum
775 3451 873 3480 esse
919 3442 959 3480 in
1006 3452 1084 3492 pa-

1145 1687 1273 1739 longe
1304 1686 1500 1736 viliores,
1541 1688 1648 1728 ador
1678 1687 1859 1740 (Spelt)
1892 1690 1935 1728 et
1965 1688 2030 1728 lo-

1144 1752 1246 1791 lium
1273 1750 1658 1803 (Taumelloleh).
1703 1752 1783 1800 Qui
1804 1751 1876 1791 hic
1900 1756 2029 1802 pater

1145 1816 1291 1854 (lomus
1309 1816 1511 1863 vocatur,
1545 1825 1695 1853 coenae
1717 1819 1845 1864 pater
1871 1813 2030 1854 dicitur

1147 1879 1232 1917 Sat.
1258 1878 1302 1926 2,
1336 1877 1383 1927 8,
1417 1878 1456 1917 7.
1483 1899 1529 1906 —-
1557 1877 1799 1931 patientem]
1834 1889 2030 1935 «καρτε-

1146 1937 1342 1997 ροῦντα,
1392 1940 1499 1979 dum
1543 1951 1727 1991 parcam
1772 1951 1824 1980 ao
1868 1941 2029 1980 duram

1145 2003 1282 2042 vitam
1304 2003 1438 2053 agis.»
1474 2001 1537 2041 Cf.
1559 2002 1637 2041 Od.
1665 2003 1709 2051 4,
1734 2003 1780 2050 7,
1806 2003 1871 2042 40.
1904 2002 2027 2053 Virg.

1148 2064 1235 2104 Ecl.
1261 2066 1332 2114 40,
1357 2065 1432 2104 52:
1468 2065 1670 2105 Certumst
1690 2065 1733 2104 in
1762 2065 1889 2115 silvis,
1922 2065 2032 2106 inter

1144 2128 1309 2177 spelaea
1336 2127 1528 2178 ferarum
1553 2127 1681 2166 Malle
1704 2128 1814 2177 pall.
1860 2129 2025 2168 Lucan.

1147 2193 1192 2241 ὅ,
1227 2191 1328 2231 313;
1363 2192 1470 2231 disce
1497 2192 1582 2231 sine
1613 2192 1747 2231 armis
1775 2193 1893 2232 Posse
1915 2192 2025 2243 pati.

1151 2277 1195 2283 -—
1233 2255 1298 2293 Vis
1328 2255 1393 2306 tu]
1438 2254 1534 2293 Vid.
1573 2253 1630 2294 ad
1667 2255 1754 2294 Sat..
1795 2256 1841 2304 4,
1875 2255 1924 2305 9,
1959 2255 2026 2295 69.

1151 2339 1195 2346 -α
1228 2318 1410 2357 homines
1437 2317 1676 2368 urbemque]
1709 2318 1800 2357 Cic.
1826 2317 1882 2358 de
1904 2317 2026 2358 Offic.

1147 2381 1194 2431 3,
1229 2381 1303 2430 34,
1341 2382 1439 2421 ΜΞῑ
1475 2380 1792 2421 Ονὶηιὶηαόαίαν
1811 2382 1937 2421 etiam
1958 2383 2026 2433 (M.

1146 2444 1416 2496 Pomponius
1440 2445 1484 2483 L.
1506 2443 1745 2495 Manlium),
1771 2445 1881 2494 quod
1898 2445 2031 2484 Tilwm

1143 2507 1278 2559 fillum
1297 2529 1320 2535 -
1341 2529 1364 2535 -
1385 2506 1437 2545 ab
1476 2506 1708 2546 hominibus
1742 2507 1964 2558 relegasset
1993 2511 2031 2547 et

1146 2570 1239 2608 ruri
1278 2569 1468 2608 habitare
1504 2569 1697 2609 iussisset.
1761 2568 1825 2609 Cf.
1857 2580 1900 2621 p.
1939 2570 2027 2609 Ro·-

1147 2633 1237 2672 scio
1268 2633 1366 2671 Am.
1390 2632 1462 2679 27,
1497 2630 1564 2671 74.

1200 2694 1375 2734 93-400.
1428 2693 1563 2743 Carpe
1592 2693 1717 2744 vlam]
1753 2692 1815 2733 Cf.
1850 2695 1938 2733 Sat.
1979 2695 2026 2743 4,

1147 2758 1194 2805 5,
1228 2756 1294 2796 95.
1346 2755 1468 2794 Ovid.
1503 2756 1628 2796 Trist.
1666 2756 1710 2804 4,
1760 2756 1832 2803 40,
1883 2755 1922 2796 4.
1971 2756 2027 2797 de

1147 2829 1258 2858 nave
1290 2816 1548 2858 celerrima:
1601 2818 1696 2858 Sive
1736 2829 1838 2868 opus
1866 2823 1924 2858 est
1958 2831 2031 2859 re-

1145 2892 1234 2929 mo,
1259 2881 1417 2930 remige
1437 2880 1574 2930 carpit
1595 2881 1688 2920 iter.
1710 2903 1755 2908 -—
1772 2881 1874 2921 mihi
1894 2880 2026 2933 erede]

1150 2943 1399 2993 «Sequere,
1448 2953 1643 2993 quaeso,
1691 2942 1831 2983 fidum
1875 2954 2029 2983 meum

1149 3003 1429 3044 eonsilium:»
1477 3016 1590 3052 non,
1640 3007 1687 3045 ut
1717 3004 1806 3044 alii:
1858 3005 2028 3046 «Crede

1149 3069 1190 3106 te
1245 3077 1373 3105 meae
1428 3066 1530 3106 fidei
1579 3068 1713 3118 atque
1762 3066 2028 3119 praesidio.»

1151 3128 1213 3168 Cf.
1257 3129 1343 3167 Sat.
1389 3129 1443 3177 ⁶2,
1491 3129 1543 3178 3,
1592 3130 1658 3169 75.
1715 3151 1761 3157 —
1813 3130 2031 3169 terrestria

1150 3191 1316 3240 quando
1330 3192 1431 3241 cet]
1450 3191 1561 3231 Satis
1583 3190 1738 3232 festive
1755 3192 1827 3231 hic
1843 3202 1944 3232 mus
1961 3203 2032 3231 ur-

1150 3253 1293 3293 banus
1309 3252 1623 3305 philosophum
1643 3254 1910 3305 Epicureum
1924 3255 2025 3305 agit,

1150 3316 1357 3356 omnibus
1404 3315 1689 3356 terrestribus
1730 3314 2028 3366 (animalibus)

1151 3378 1237 3418 fato
1287 3379 1543 3430 contingere
1599 3379 1768 3418 animas
1820 3377 2029 3422 mortales

1151 3440 1331 3480 docens.
1369 3461 1412 3468 —
1446 3451 1577 3489 neque
1605 3440 1693 3479 ulla
1721 3444 1778 3480 est
1814 3439 1917 3492 cet.]
1948 3439 2025 3479 Od.

211 3504 278 3544 lea
328 3505 559 3544 hornotina
603 3505 734 3554 atque
781 3502 914 3542 edere
961 3502 1084 3542 cibos
1151 3505 1195 3551 4,
1230 3502 1276 3553 4,
1312 3503 1379 3543 ⁴3:
1413 3503 1576 3543 Pallida
1606 3503 1722 3542 Mors
1742 3513 1874 3552 aequo
1890 3501 2032 3553 pulsat
