2231 3787
242 236 341 287 738
1044 234 1259 274 Homru

508 368 551 406 In
582 366 715 406 verbis
744 367 867 406 etiam
900 367 1030 406 tenuis
1059 370 1289 415 cautusque
1318 365 1519 413 serendis,

511 437 596 476 Hoc
626 441 760 485 amet,
791 437 866 475 hoc
895 440 1067 486 spernat
1090 435 1286 485 promissi
1316 435 1516 474 carminis
1546 438 1708 473 auctor.

513 507 688 547 Dixeris
719 507 882 557 eyreyte
913 508 998 545 cet.

239 587 432 627 eumque
465 575 588 616 multi
621 577 758 616 secuti
791 577 914 622 sunt,
951 576 1013 614 sic
1046 573 1364 626 explicantem:
1401 575 1525 614 «Hoc
1558 573 1775 625 (verbum)
1801 575 1850 613 ut
1868 573 2059 625 probum

237 647 445 698 recipiat,
479 645 583 685 illud
613 648 660 685 ut
690 640 843 684 κακοῦ
867 639 1121 696 κόμματος
1151 644 1358 696 repudiet
1387 645 1520 695 atque
1551 643 1770 683 abiiciat.»
1810 643 1896 683 Sed
1916 645 2061 684 teme-

237 718 380 757 rariae
425 719 529 757 sunt
572 726 729 755 omnes
773 714 1029 755 huiusmodi
1070 714 1436 765 transpositiones
1472 715 1515 753 in
1557 714 1795 765 scriptore,
1843 714 1967 753 cuius
1998 715 2062 753 tot

237 789 420 838 tamque
451 786 618 836 antiqui
652 786 826 824 exstant
855 784 1034 824 codices
1057 785 1118 835 (ut
1138 782 1232 832 illa,
1266 795 1403 834 quam
1424 784 1630 835 proponit
1649 785 1844 834 Wagner
1863 782 1920 823 ad
1939 783 2056 834 Virg.

236 859 346 897 Aen.
384 855 432 905 3,
473 855 605 904 43⁰),
658 857 701 894 et
739 866 808 895 W.
842 856 890 894 In
916 854 1336 902 verbis--verbum,
1379 864 1514 905 quam
1545 854 1671 905 quasi
1706 847 1962 910 ἀναφορὰν
1990 851 2061 894 ille

238 927 402 967 acriter
431 925 747 977 reprehendit,
782 924 938 965 similia
969 926 1070 965 sunt
1099 923 1274 964 illorum
1303 935 1374 963 vv.
1402 923 1468 964 41.
1494 923 1560 964 42.
1594 924 1708 963 ordo.
1743 923 1922 962 Ordinis.

346 996 537 1046 Dignus,
584 996 658 1046 qui
703 994 758 1035 de
804 995 890 1035 hoc
935 994 1032 1035 loco
1078 994 1268 1045 legatur,
1317 996 1384 1034 est
1418 993 1714 1034 Mitscherlich
1745 993 1789 1033 in
1819 994 2058 1034 Racematt.

238 1067 403 1105 Venus.
436 1065 525 1104 VII.
558 1076 601 1116 p.
636 1065 659 1104 6
689 1076 816 1116 seqq.
883 1066 945 1105 Ex
975 1064 1105 1116 longa
1136 1065 1228 1105 eius
1259 1065 1621 1115 interpretatione
1652 1064 1766 1103 haec
1795 1062 1954 1104 saltem
1984 1075 2063 1104 ex-

239 1146 449 1187 cerpam:
487 1135 758 1183 «Quaerenti
787 1133 1008 1183 BentleiO,
1043 1145 1157 1185 quae
1188 1136 1271 1175 ista
1302 1135 1407 1183 sint,
1442 1145 1555 1185 quae
1588 1145 1765 1183 amare,
1799 1144 1912 1185 quae
1934 1145 2063 1185 sper-

238 1217 345 1246 nere
378 1204 541 1245 debeat
571 1206 748 1248 auctor,
784 1205 827 1243 in
859 1206 1065 1255 promptu
1098 1206 1165 1245 est
1193 1204 1498 1256 respondere3
1543 1204 1629 1244 hoc
1670 1203 1910 1244 diiudicatu
1941 1202 2064 1244 facil-

238 1275 392 1315 limum
425 1276 503 1314 erit
538 1275 600 1316 ei,
635 1275 702 1313 cui
732 1275 838 1314 lecta
862 1278 1052 1324 potenter
1083 1275 1160 1314 erit
1188 1286 1277 1321 res;
1312 1286 1416 1314 nam
1437 1274 1492 1314 de
1513 1275 1599 1314 hoc
1619 1273 1813 1325 loquitur
1833 1274 2061 1321 Horatius3

240 1357 322 1385 nec
353 1344 479 1385 facile
512 1347 746 1396 exspectes
780 1345 1013 1395 speciatim
1044 1355 1095 1383 ea
1118 1356 1141 1383 a
1162 1347 1294 1395 po'e'ta
1316 1345 1488 1393 afferri,
1524 1355 1638 1395 quae
1665 1355 1747 1396 pro
1768 1344 1890 1383 vario
1911 1355 2063 1384 rerum

239 1414 571 1455 tractandarum
603 1425 767 1465 genere
799 1413 1104 1454 diversissima
1136 1417 1262 1462 sunt;
1296 1416 1357 1454 uti
1380 1425 1463 1454 nec
1485 1416 1612 1454 antea
1637 1414 1808 1461 docuit,
1842 1424 2063 1465 quaenam

240 1487 327 1525 iam
359 1497 476 1525 nunc
509 1484 594 1524 dici
626 1495 831 1535 quaeque
864 1484 1028 1524 differri
1061 1484 1270 1524 debeant.
1318 1484 1396 1524 Vel
1427 1486 1490 1524 sic
1522 1487 1672 1524 tamen
1694 1484 1814 1523 dictu
1835 1483 1957 1524 facile
1980 1486 2061 1531 est,

241 1566 355 1606 quae
387 1557 545 1606 poetae
578 1555 767 1594 amanda
800 1555 906 1603 sint,
943 1566 1057 1606 quae
1090 1554 1361 1606 spernenda3
1396 1554 1585 1595 amanda
1610 1565 1661 1594 ea
1692 1555 1915 1602 nimirum,
1948 1565 2063 1605 quae

244 1625 448 1665 ordInem
479 1625 686 1665 carminis
716 1625 946 1674 adiuvent,
993 1626 1041 1664 ut
1071 1636 1123 1664 ea
1166 1625 1449 1675 potissimum
1478 1626 1521 1664 in
1553 1624 1669 1664 clara
1698 1623 1796 1664 luce
1827 1625 2062 1675 ponantur,

245 1697 495 1743 emineant,
529 1696 571 1735 in
604 1694 764 1746 quibus
797 1695 931 1735 cardo
961 1706 1114 1735 rerum
1143 1697 1347 1736 versetur
1369 1696 1468 1745 (non
1492 1697 1666 1743 autem,
1701 1694 1821 1746 quod
1841 1693 2063 1734 Bentleius

241 1765 441 1813 volebat,
493 1777 606 1816 quae
652 1767 836 1805 tractata
881 1766 1100 1806 nitescant
1143 1766 1235 1806 sive
1280 1765 1507 1816 poeticum
1541 1766 1747 1804 ornatum
1788 1764 2061 1812 admittant);

242 1835 492 1886 spernenda
527 1837 700 1884 autem,
735 1847 848 1886 quae
881 1835 1024 1875 obiter
1054 1837 1224 1876 tantum
1257 1835 1406 1884 attingi
1437 1833 1655 1883 debeant,
1690 1846 1744 1874 ne
1777 1834 1923 1886 operis
1955 1833 2063 1873 ordo

243 1904 578 1946 conturbetur.»

770 2131 1384 2180 ExcURSUS
1444 2135 1538 2179 lv.

886 2255 939 2281 AD
971 2245 1018 2281 Α.
1054 2245 1096 2282 P.
1132 2255 1203 2282 xv.
1238 2243 1409 2283 63-69.

355 2328 485 2367 «Fuit
530 2328 605 2378 qui
648 2340 689 2366 v.
725 2327 791 2367 64.
826 2327 881 2366 de
925 2327 1111 2368 Ostiensi
1153 2331 1284 2379 portu
1315 2340 1339 2368 a
1370 2328 1550 2369 Claudio
1583 2329 1764 2370 demum
1794 2329 1992 2382 perfecto
2023 2331 2067 2369 et

243 2410 283 2436 ν.
318 2398 383 2437 67.
418 2397 473 2437 de
520 2408 655 2438 cursu
693 2396 863 2437 Tiberis
901 2397 1122 2437 flectendo
1160 2397 1436 2448 intelligeret.
1499 2399 1610 2439 Cum
1652 2401 1769 2440 enim
1806 2398 2066 2440 Plutarchus

245 2468 386 2517 (Caes.
421 2467 503 2517 58.)
538 2466 725 2516 referat,
771 2465 928 2506 Iulium
970 2467 1208 2507 Caesarem
1253 2469 1533 2509 constituisse
1564 2469 1757 2510 Tiberim
1787 2480 1927 2522 prope
1957 2469 2066 2509 infra

244 2536 405 2577 urbem
434 2536 654 2588 profundo
686 2535 810 2576 alveo
843 2537 1108 2587 intercipere
1142 2539 1185 2575 et
1215 2536 1272 2576 ad
1303 2538 1497 2578 Circeios
1530 2538 1793 2587 deflectere,
1827 2543 1876 2579 ut
1896 2550 2068 2580 merca-

245 2606 416 2647 toribus
458 2608 642 2647 Romam
676 2606 932 2658 petentibus
972 2607 1181 2646 tutiorem
1219 2609 1263 2647 et
1300 2607 1539 2649 faciliorem
1582 2610 1794 2650 redderet
1823 2610 2069 2661 navigatio-

247 2687 376 2725 nem,
411 2679 454 2715 et
484 2677 726 2727 Pomptinis
757 2675 993 2728 paludibus
1025 2677 1257 2717 exsiccatis
1287 2688 1443 2728 agrum
1473 2677 1619 2718 multis
1640 2679 1870 2719 hominum
1891 2679 2068 2720 milibus

247 2746 484 2786 colendum
514 2745 736 2795 reddere,
771 2746 964 2796 denique
997 2747 1141 2787 Ostiae
1171 2746 1407 2798 aggeribus
1438 2748 1481 2786 in
1511 2759 1635 2788 mare
1658 2749 1869 2789 coniectis
1891 2752 2068 2800 portum

249 2819 291 2855 et
323 2816 501 2855 navium
534 2817 771 2856 stationem
794 2815 987 2855 condere
1010 2828 1016 2853 :
1051 2817 1185 2864 haec,
1219 2817 1421 2866 inquam,
1455 2816 1547 2856 Iulii
1570 2818 1770 2858 Caesaris
1796 2818 1972 2859 consilia
1996 2830 2064 2868 eo,

250 2896 338 2935 quo
384 2887 586 2926 Horatius
635 2885 865 2937 epistolam
904 2887 1155 2937 scripserit,
1203 2888 1405 2936 tempore
1446 2886 1500 2925 ab
1529 2889 1724 2937 Augusto
1755 2891 1963 2940 suscepta
1993 2891 2067 2929 aut

253 2957 505 3006 exspectata
537 2956 622 2995 hoc
653 2955 749 2996 loco
779 2957 941 3007 respici
970 2954 1336 2996 verisimillimum
1369 2966 1483 2996 esse.
1531 2957 1650 3004 Quae
1682 2956 1927 3009 explicandi
1956 2959 2066 2998 ratio

251 3024 402 3065 verbis
435 3025 622 3074 iniquum
650 3025 861 3076 frugibus,
895 3025 1056 3076 quibus
1089 3035 1244 3064 cursus
1266 3024 1435 3066 Tiberis
1456 3026 1655 3066 mutandi
1677 3037 1812 3066 causa
1832 3028 2064 3077 indicatur,

253 3093 466 3134 refellitur
498 3096 539 3133 et
571 3105 750 3134 omnem
782 3094 835 3134 de
867 3106 907 3133 v.
935 3095 984 3134 63
1008 3105 1073 3144 sq.
1098 3093 1421 3135 dubitationem
1442 3094 1604 3146 Virgilii
1632 3095 1755 3136 locus
1778 3098 1941 3137 eximit.
1989 3098 2070 3138 Ce-

254 3167 398 3204 terum
432 3164 634 3204 Horatius
666 3163 865 3203 consulto
897 3164 1011 3202 inter
1041 3163 1128 3203 duo
1150 3175 1284 3216 opera
1317 3166 1404 3204 iam
1434 3165 1629 3216 perfecta
1655 3167 1965 3217 gravissimum
1995 3178 2071 3219 pa-

254 3232 408 3272 ludum
440 3234 770 3285 Pomptinarum
802 3233 1164 3273 exsiccandarum
1198 3233 1430 3274 consilium
1458 3234 1633 3275 videtur
1660 3237 1906 3287 posuisse.»
1950 3237 2070 3276 Diiu-

258 3313 369 3341 Tzssss.
418 3303 623 3352 Tangitur
652 3302 719 3342 his
749 3301 897 3341 verbis
928 3302 1181 3343 doctissima
1212 3305 1258 3343 L.
1283 3302 1459 3344 Prelleri
1491 3304 1725 3356 disputatio
1755 3307 1799 3345 in
1828 3302 2071 3345 Schneide—

259 3372 354 3411 wini
385 3370 535 3411 Philol.
569 3370 662 3410 Vol.
687 3372 737 3410 11.
771 3382 811 3422 p.
842 3370 920 3411 483
950 3382 1068 3422 sqq..
1102 3383 1238 3423 quam
1269 3384 1371 3412 cum
1402 3374 1604 3424 egregiae
1635 3374 1860 3414 doctrinae
1891 3375 1946 3415 sit
1974 3374 2070 3426 ple—

262 3441 466 3487 nissima,
500 3441 570 3479 hic
602 3442 737 3479 totam
770 3440 1088 3481 subjiciendam
1121 3443 1387 3483 curavimus.
