2231 3787
246 259 347 309 338

887 256 1098 295 HORATII
1130 255 1428 295 SATIRARUM

319 390 429 442 Hoc
454 388 621 458 magis
644 385 809 439 ullum
839 385 981 438 alind
999 405 1095 439 —2
1121 385 1307 454 pipere
1337 382 1471 443 albo,
1503 398 1606 434 non
1631 381 1745 434 sine
1774 389 1938 441 acetO,

318 488 474 553 Quod
515 488 940 559 Methymnaeam
978 486 1103 537 vitio
1145 483 1425 536 mutaverit
1463 500 1635 535 uvam.
1984 482 2051 532 50

319 592 518 644 Erucas
558 588 780 641 virides,
826 586 995 639 inulas
1036 602 1136 656 ego
1176 585 1381 655 primus
1421 600 1630 637 amaras

319 691 601 745 Monstravi
644 691 960 759 incoquere,
1004 686 1197 739 inlutos
1231 684 1480 739 Curtillus
1521 684 1766 744 echinos,

320 794 382 848 [t
420 792 610 845 melius
650 790 821 843 muria
860 789 1006 860 quod
1045 797 1180 840 testa
1218 787 1423 840 marina
1462 786 1704 840 remittat.

320 895 527 946 Interea
566 908 830 962 suspensa
869 907 1059 961 graves
1098 888 1287 942 aulaea
1325 888 1506 941 ruinas

319 997 374 1046 ln
413 993 647 1064 patinam
685 992 881 1053 fecere,
926 990 1188 1044 trahentia
1224 988 1462 1060 pulveris
1501 990 1597 1042 atri

318 1097 585 1160 Quantum
628 1112 733 1148 non
771 1093 962 1165 Aquilo
1002 1091 1285 1163 Campanis
1326 1090 1518 1144 excitat
1556 1091 1714 1161 agris.

316 1198 421 1249 Nos
460 1196 631 1249 maius
670 1195 848 1254 veriti,
892 1203 1177 1266 postquam
1214 1191 1340 1245 nihil
1380 1209 1502 1246 esse
1544 1190 1729 1263 pericli

355 1347 420 1385 50.
454 1349 691 1384 mutaverat
721 1346 783 1384 Lt.
832 1368 875 1373 —
923 1345 990 1384 52.
1022 1344 1174 1384 inlutos
1202 1342 1270 1383 vel
1301 1343 1437 1383 illatos
1466 1342 1641 1382 LCtFM.
1676 1341 1839 1393 (inlotos
1867 1342 2002 1382 Bent-

301 1407 409 1448 leius
441 1410 480 1447 et
511 1408 547 1446 J.
609 1408 671 1447 De
705 1406 843 1446 Codd.
877 1407 990 1446 meis
1020 1417 1137 1446 nunc
1168 1417 1255 1445 non
1285 1405 1498 1454 memini.)
1545 1428 1589 1432 —
1626 1403 1693 1443 53.
1727 1405 1837 1453 quod
1864 1403 1998 1455 bScp,

302 1470 409 1511 Cod.
435 1471 640 1520 Franeq.:
676 1481 755 1519 quo
786 1468 892 1509 Cod.
917 1467 1068 1508 Bland.
1092 1471 1441 1519 vetustissimus,
1475 1479 1602 1518 quam
1623 1469 1730 1518 LCt,
1762 1466 1999 1515 Bentleius‚

248 1610 398 1651 citabit
427 1609 666 1661 palatum.»
718 1610 823 1650 Mire
853 1610 1121 1661 interpreta-

248 1678 316 1713 tus
363 1676 427 1712 est
465 1670 691 1712 Wieland:
745 1672 971 1712 Chierwein
1012 1673 1122 1711 wird

245 1735 354 1774 nicht
382 1735 457 1773 mit
492 1734 751 1785 ein-qekocht,·
795 1745 841 1774 cr
868 1745 979 1773 muss
1017 1734 1122 1774 betm

246 1798 371 1836 Essen
393 1798 503 1836 daza
521 1797 747 1848 yetrunken
767 1797 946 1837 werden.
973 1819 1018 1824 —-
1036 1798 1122 1837 Me-

248 1859 532 1910 thymnaeam]
580 1870 604 1897 a
656 1859 936 1908 Methymna,
990 1858 1121 1898 Lesbi

249 1922 425 1974 oppido.
477 1923 539 1961 De
571 1923 670 1961 vino
701 1921 860 1961 Lesbio
891 1921 944 1961 cf.
971 1921 1049 1961 Od.
1073 1923 1118 1969 4,

251 1986 320 2032 Π,
353 1985 421 2024 24.
450 2005 493 2012 —
517 1985 617 2023 vitio
646 1983 882 2035 mutaverit]
917 1985 1122 2023 «acetum

250 2058 302 2086 ex
323 2047 425 2086 vino
456 2045 614 2086 Lesbio
642 2046 895 2085 consectum
923 2046 1045 2093 vitio,
1078 2044 1122 2084 id

250 2111 341 2156 est,
389 2107 626 2154 fermento,
678 2108 925 2157 Gc'z'hruny.»
996 2105 1119 2146 Conf.

248 2172 334 2210 Sat.
362 2171 407 2217 Ξ,
441 2170 486 2213 ⁵2,
521 2170 585 2209 58.

303 2294 442 2334 51-53.
473 2293 648 2344 Erucas]
672 2293 748 2333 Est
766 2293 966 2334 brassica
989 2305 1122 2334 eruca

252 2356 394 2403 Linn.,
427 2356 609 2394 Raulce.
671 2356 757 2395 Has
787 2355 950 2395 virides
981 2366 1122 2407 appo-

252 2428 358 2457 nere
390 2428 437 2457 se
470 2416 675 2457 docuisse
706 2427 793 2456 non
824 2417 917 2456 sine
948 2415 1123 2466 φιλαυ-

251 2481 328 2533 τίᾳ
358 2481 528 2527 narrat,
575 2489 679 2519 cum
719 2481 848 2518 antea
878 2479 1123 2520 seminibus

251 2541 479 2580 dumtaxat
507 2540 563 2580 ad
593 2540 866 2582 condiendos
888 2541 1010 2582 cibos
1031 2544 1125 2582 ute-

251 2604 418 2643 rentur.
462 2602 548 2643 Cfr.
571 2603 773 2654 Apicium
794 2604 810 2642 ⁴
834 2635 842 2651 ‚
866 2604 933 2642 27.
969 2604 1123 2654 (Eruca

252 2667 400 2704 autem
414 2675 630 2704 venerem
650 2665 823 2704 excitat.
859 2664 981 2704 ovid.
997 2666 1120 2705 Rem.

252 2730 348 2766 Am.
381 2725 484 2765 799:
526 2726 610 2765 Nec
638 2726 774 2765 minus
803 2737 951 2766 erucas
980 2731 1125 2777 aptum

251 2793 307 2827 est
326 2789 460 2828 vitare
479 2788 656 2838 salaces,
683 2789 737 2828 Et
757 2790 957 2839 quidquid
982 2791 1127 2831 Veneri

250 2861 430 2900 corpora
458 2855 602 2890 nostra
626 2851 793 2902 parat.)
830 2875 874 2880 —
903 2852 1042 2892 inulas
1060 2875 1082 2881 -
1102 2875 1124 2881 —

253 2911 439 2962 amaras]
483 2912 656 2952 Alani.
723 2914 810 2952 Sat.
851 2913 900 2962 2,
948 2915 998 2962 2,
1043 2913 1119 2954 44:

254 2975 397 3013 acidas
416 2995 433 3001 -
452 2974 600 3013 inulas.
644 2976 705 3014 De
728 2973 870 3014 inulae
893 2975 1124 3016 conditura

253 3035 348 3086 lege
373 3034 542 3075 Colum.
569 3037 639 3082 42,
670 3036 735 3076 48.
760 3060 801 3066 —-
822 3037 984 3088 inlutos]
1011 3048 1123 3076 «non

253 3108 366 3148 aqua
398 3096 512 3136 dulci
545 3096 675 3142 lotos,
709 3109 797 3148 quo
829 3100 1023 3138 marinae
1052 3109 1125 3138 sa-

254 3173 336 3212 por
370 3161 421 3201 iis
459 3160 723 3210 decederet,
771 3163 953 3202 echinos
992 3173 1125 3213 prae—

254 3225 523 3265 stantissimo
559 3225 660 3264 huic
701 3226 780 3264 iuri
820 3227 987 3265 muriae
1028 3225 1123 3267 loco

254 3286 423 3336 primus
445 3287 683 3337 incoquere
706 3286 855 3326 docuit
875 3285 1122 3335 Curtillus,»

253 3345 398 3386 helluo
420 3348 611 3398 ignotus,
634 3349 702 3387 cui
724 3346 928 3398 gloriolae
950 3350 1123 3399 partem

254 3408 442 3448 libenter
473 3410 613 3458 cedit,
647 3421 734 3461 quo
764 3409 997 3450 artificium
1026 3421 1125 3461 per-

252 3471 408 3511 fecisse
431 3473 523 3523 ipse
544 3472 760 3512 videatur.
825 3471 1122 3513 (Nasidienum

1186 1620 1362 1661 quoque
1394 1609 1546 1649 inlutos
1564 1609 1725 1648 echinos
1752 1607 2057 1659 incoquendos

1185 1682 1364 1711 curasse
1414 1670 1698 1711 manifestum
1748 1670 1836 1717 est3
1886 1680 2059 1721 nequa-

1185 1743 1320 1784 quam
1350 1734 1468 1772 enim
1489 1733 1580 1782 his,
1611 1734 1661 1771 ut
1679 1730 1874 1772 nonnulli
1895 1732 2059 1783 opinati

1185 1798 1309 1843 sunt,
1361 1794 1567 1835 substitui
1614 1795 1819 1846 poterant
1866 1793 2058 1845 erucae.)

1185 1858 1393 1897 Ceterum
1438 1856 1704 1897 Doederlein
1734 1856 1889 1905 synon.
1924 1857 1974 1895 II.
2012 1866 2056 1907 p.

1184 1918 1251 1960 46.
1295 1919 1520 1969 distinguit
1557 1930 1626 1958 w.
1668 1919 1833 1968 illutus,
1879 1918 2056 1968 bespt'ilt,

1186 1985 1229 2022 et
1285 1982 1455 2021 illautus
1510 1980 1580 2021 vel
1637 1981 1797 2031 illotus,
1855 1991 2061 2032 wnyewa-

1183 2045 1316 2084 schen.
1379 2042 1502 2083 Conf.
1536 2045 1686 2083 tamen
1717 2044 1803 2082 Sat.
1827 2043 1876 2091 2,
1909 2042 1956 2092 4,
1989 2042 2055 2083 84.

1189 2128 1233 2134 -
1270 2107 1317 2144 Ut
1346 2105 1502 2154 melitis]
1535 2099 1599 2154 (ὃς
1619 2108 1848 2162 κρεῖσσον
1869 2097 1940 2143 ὅν.
1993 2103 2056 2145 Cf.

1184 2178 1226 2206 v.
1250 2167 1326 2207 89:
1358 2171 1405 2206 ut
1431 2167 1560 2206 mutto
1589 2167 1773 2206 suavius.
1809 2189 1854 2195 -
1879 2167 1988 2216 quod
2006 2169 2062 2206 te-

1184 2234 1249 2269 sta
1287 2232 1456 2269 marina
1492 2229 1702 2280 remittat]
1743 2229 1866 2268 Hanc
1903 2227 2061 2268 lectio-

1185 2302 1289 2333 nem
1311 2291 1510 2342 volgatae
1533 2302 1662 2340 quam
1686 2295 1714 2330 t.
1737 2302 1793 2330 m.
1815 2290 1988 2330 remittit
2007 2300 2061 2333 ex

1187 2353 1325 2394 Codd.
1337 2354 1563 2405 antiquiss.
1584 2354 1840 2393 auctoritate
1857 2351 2057 2404 praetuli.

1189 2417 1322 2465 «Quia
1353 2415 1511 2456 melius
1531 2416 1588 2456 sit
1615 2426 1750 2466 quam
1773 2415 1916 2456 muria
1938 2425 1963 2454 a
1983 2425 2062 2455 ce-

1186 2479 1295 2519 tario
1338 2480 1624 2530 praeparata,
1671 2488 1806 2529 quam
1844 2477 1914 2517 alii
1957 2477 2061 2517 huic

1185 2541 1268 2581 iuri
1295 2540 1570 2589 admiscent,
1604 2540 1662 2589 id,
1697 2539 1817 2591 quod
1836 2540 1949 2580 testa
1969 2549 2062 2579 ma-

1187 2603 1304 2648 rina,
1351 2601 1498 2642 illutus
1537 2602 1720 2642 echinus
1758 2612 1841 2653 per
1875 2611 1924 2642 se
1964 2601 2059 2652 ipse

1186 2665 1380 2705 remittat
1419 2665 1565 2715 (sucus
1603 2665 1697 2703 eius
1732 2661 1940 2703 naturalis
1971 2673 2060 2703 non

1188 2727 1351 2768 dilutus
1381 2738 1494 2779 aqua
1525 2726 1700 2778 dulci).»
1750 2726 1899 2766 Lectio
1933 2737 2062 2776 quam

1188 2792 1285 2831 orta
1329 2792 1396 2831 est
1439 2801 1492 2829 ex
1543 2788 1952 2829 accommodatione
2004 2789 2062 2829 ad

1186 2862 1284 2893 voc.
1308 2853 1508 2903 proxime
1540 2851 1832 2900 antecedens;
1874 2852 1918 2892 et
1951 2862 2061 2892 con-

1186 2914 1404 2953 iunctivus
1435 2914 1650 2964 significat
1679 2914 1795 2953 hanc
1824 2924 1848 2952 a
1879 2911 2059 2954 Curtillo

1187 2976 1332 3016 afferri
1383 2977 1614 3016 rationem.
1681 2976 1856 3016 Codicis
1902 2973 2056 3015 Bland.

1187 3037 1315 3078 lectio
1360 3050 1440 3088 quo
1466 3061 1482 3067 -
1509 3060 1528 3067 -
1555 3038 1748 3085 remittit,
1795 3038 1889 3077 orta
1934 3047 2060 3077 mero

1186 3099 1350 3140 librarii
1398 3111 1548 3141 errore
1598 3111 1650 3140 ex
1707 3111 1812 3140 vera
1869 3098 2059 3139 lectione

1188 3164 1318 3212 quod,
1371 3163 1491 3203 omni
1536 3173 1669 3202 sensu
1714 3161 1922 3202 destituta
1966 3163 2057 3209 est,

1189 3225 1270 3265 etsi
1301 3225 1450 3265 nescio
1489 3224 1586 3275 quis
1624 3222 1841 3275 explicare
1877 3224 2059 3264 conatus

1189 3288 1256 3326 est
1287 3297 1388 3335 «eo,
1427 3286 1590 3337 quod.»
1639 3284 1866 3336 volgatam
1906 3283 2059 3324 lectio-

1186 3359 1290 3388 nem
1321 3359 1448 3398 [ματη
1466 3348 1587 3388 varie
1609 3345 1846 3399 explicant:
1881 3346 1918 3396 4)
1942 3356 2061 3386 «me-

1186 3409 1267 3449 lius
1306 3410 1466 3458 muria,
1514 3419 1628 3460 quae
1673 3408 1961 3459 praeparatur
2005 3417 2058 3446 ex

1186 3470 1412 3512 conchulis
1433 3472 1612 3512 marinis
1627 3482 1662 3518 3»
1685 3471 1723 3519 2)
1745 3470 1924 3518 «muria,
1944 3477 2057 3519 quae
