2231 3787
396 248 495 298 (304

467 378 686 430 Vincere
729 376 990 430 Caecilius
1031 376 1305 445 gravitate,
1346 374 1620 427 Terentius
1660 380 1786 425 arte.

468 479 574 530 llos
613 476 802 530 ediscit
840 486 891 529 et
930 477 1025 528 hos
1065 485 1177 527 arto
1217 476 1406 544 stipata
1447 473 1649 526 theatro

999 248 1207 287 llOllATll
1241 246 1599 287 EPISTOLARUM

2128 471 2194 522 60

468 581 680 648 Spectat
718 580 879 630 Roma
920 585 1133 646 potens,
1173 574 1332 627 hahet
1370 574 1466 627 hos
1507 580 1857 642 numeratque
1897 576 2081 640 poetas

466 679 539 731 Ad
583 687 817 730 nostrum
858 686 1066 745 teinpus
1104 675 1214 727 Livi
1256 673 1528 744 scriptoris
1567 673 1633 725 ab
1674 689 1823 725 aevo.

469 777 736 830 lniordum
774 775 960 845 volgus
1000 783 1203 828 rectum
1241 774 1412 836 videt,
1454 782 1535 827 est
1571 773 1661 826 ubi
1701 781 1901 844 peccat.

466 879 516 929 Si
558 886 767 930 veteres
809 876 877 928 ita
915 876 1134 928 miratur
1172 874 1459 945 laudatque
1499 880 1710 944 po‘e'taS,

464 979 525 1032 Ut
564 976 686 1028 nihil
727 976 1006 1037 anteferat,
1048 975 1172 1027 nihil
1215 974 1315 1028 illis
1355 983 1654 1045 comparet3
1695 982 1859 1028 errat:

2131 975 2197 1026 65

503 1143 567 1180 6⁴2.
593 1142 695 1179 Livii
715 1139 779 1179 bE
801 1143 844 1179 et
866 1142 954 1180 tres
976 1139 1199 1188 Schmidii,
1231 1140 1327 1179 Levi
1347 1140 1388 1179 S.
1424 1140 1488 1189 (Ut
1508 1150 1603 1186 nos,
1637 1139 1691 1187 c.)
1718 1161 1761 1166 —
1786 1138 1852 1178 63.
1871 1141 2009 1188 peccet
2028 1149 2141 1177 corr.

450 1204 493 1241 ii.
528 1205 682 1252 (peccat
714 1202 888 1240 tirmant
919 1202 1050 1241 etiam
1082 1200 1220 1241 Codd.
1255 1201 1390 1241 nostri
1426 1199 1542 1251 bScp
1578 1202 1621 1239 et
1656 1210 1723 1250 pr.
1758 1200 1803 1247 E,
1843 1200 1950 1239 item
1989 1209 2145 1239 omnes

450 1265 638 1303 Pontici-ii
668 1267 711 1303 et
741 1263 980 1311 Schmidii.)

448 1403 514 1441 59.
565 1402 778 1450 Caecilius]
825 1402 872 1441 C.
910 1400 1125 1441 Caecilius
1170 1402 1267 1440 Sta-

396 1465 502 1511 iius,
550 1464 720 1502 natione
750 1462 936 1502 Insuber
967 1461 1136 1510 Gallus,
1171 1473 1268 1502 ser-

395 1537 475 1564 vus
505 1535 692 1575 genere,
739 1525 861 1564 Ennii
893 1523 1139 1571 familiaris,
1186 1535 1269 1575 po—

394 1587 577 1626 steriore
623 1588 746 1636 parte
791 1584 926 1625 seculi
970 1586 1152 1624 Romani
1196 1585 1264 1624 Vi.

396 1647 541 1685 floruit
581 1650 625 1685 et
653 1658 767 1686 anno
797 1649 898 1698 post
927 1646 1050 1686 Ennii
1082 1645 1266 1694 obitum,

393 1720 432 1747 a.
457 1720 498 1747 u.
524 1720 560 1747 c.
591 1709 709 1757 586.,
741 1710 942 1748 mortuus
965 1710 1045 1747 est.
1100 1708 1188 1747 Cic.
1213 1707 1268 1747 de

395 1773 483 1820 opt.
517 1781 614 1820 gen.
647 1770 730 1809 dic.
765 1771 811 1818 1,
845 1771 895 1809 2:
943 1770 1033 1809 licet
1071 1771 1205 1809 dicere
1234 1773 1271 1808 et

395 1832 575 1869 Ennium
603 1843 808 1870 summum
838 1832 998 1881 epicum
1020 1833 1206 1880 poetam,
1237 1833 1271 1869 si

394 1894 460 1931 cui
490 1894 549 1931 ita
578 1894 761 1941 videtur,
808 1898 844 1932 et
884 1893 1110 1932 Pacuvium
1139 1892 1270 1943 tra9i-

394 1965 486 1992 cum
520 1959 558 1993 et
588 1955 811 1994 Caecilium
848 1955 1023 2005 fortasse
1052 1954 1265 1993 comicum.

395 2016 480 2054 Sed
512 2016 629 2055 idem
660 2016 715 2055 ad
746 2018 831 2055 Att.
862 2016 911 2064 7,
943 2015 988 2063 3,
1023 2015 1092 2054 1οε
1136 2015 1271 2053 malus

394 2083 542 2116 auctor
572 2079 810 2117 Latinitatis
829 2082 898 2116 est.
950 2075 1169 2115 Volcatius
1191 2077 1271 2114 Se-

395 2140 554 2189 digitus
585 2139 699 2190 apud
733 2138 837 2178 Gell.
865 2140 936 2186 15,
972 2137 1049 2177 ⁶24:
1096 2137 1271 2177 Caecilio

391 2202 581 2251 palmam
601 2206 736 2240 statuo
758 2202 942 2239 dandam
961 2201 1129 2248 comico,
1151 2200 1273 2239 Plau-

393 2267 457 2301 tus
485 2264 684 2301 secundus
710 2263 833 2312 facile
853 2266 1077 2312 exsuperat
1102 2265 1268 2300 ceteros.

396 2325 562 2363 Charis.
587 2335 629 2375 p.
655 2325 758 2363 ⁵245:
783 2319 934 2375 7'Hz977,
971 2327 1017 2362 ul
1045 2324 1105 2362 ait
1139 2324 1271 2363 Varro

395 2388 443 2425 de
472 2387 619 2424 Latino
647 2397 833 2425 sermone
862 2385 948 2425 Lib.
978 2387 1038 2435 V.,
1070 2386 1173 2425 nulli
1197 2386 1271 2424 alii

394 2459 561 2487 servare
597 2449 784 2487 convenit
825 2459 951 2497 quam
982 2448 1148 2496 Titinio,
1199 2448 1271 2486 Te-

395 2511 549 2558 rentio,
592 2510 710 2548 Attae
726 2521 739 2556 ,·
785 2507 918 2561 πάθη
954 2521 1050 2548 vero
1095 2509 1266 2558 Trabea,

393 2571 564 2620 Atilius,
622 2571 822 2610 Caecilius
867 2572 990 2621 facile
1037 2575 1265 2610 moverant.

397 2633 533 2672 Varro
576 2633 691 2684 apud
734 2635 842 2672 Non.
884 2634 927 2672 in
957 2645 996 2672 v,
1028 2634 1196 2672 Poscere
1223 2644 1265 2684 p.

396 2694 489 2734 374.
515 2696 568 2733 M.
587 2707 595 2733 :
631 2695 677 2733 In
699 2696 954 2745 arqumentis
976 2695 1175 2735 Caecilius
1191 2707 1269 2745 po-

395 2757 467 2794 scit
491 2757 701 2805 palmam,
739 2758 782 2795 in
812 2757 930 2796 ethesi
963 2758 1192 2805 Terentius,
1225 2759 1269 2796 in

396 2819 648 2856 sermonibus
675 2818 857 2857 Plautus.
887 2842 929 2846 —
967 2819 1186 2870 Terentius]
1220 2820 1264 2857 P.

398 2880 625 2917 Terentius
656 2880 757 2918 Afer
779 2880 1038 2930 Karthagine
1066 2881 1193 2918 natus
1225 2891 1264 2918 a.

395 2951 436 2978 u.
473 2951 509 2977 c.
545 2940 636 2978 ἵ3ἵ39.
671 2943 869 2980 mortuus
909 2943 976 2980 est
1011 2942 1051 2980 in
1084 2941 1267 2980 Arcadia

395 3013 431 3038 a.
457 3001 550 3039 595.
599 3002 659 3039 Ι)6
693 3013 744 3040 60
778 3002 979 3041 Afranius
1010 3002 1124 3053 apud
1156 3004 1269 3042 Sue-

396 3064 482 3100 ton.
508 3062 589 3099 vit.
614 3063 710 3100 Ter.
735 3064 782 3101 5.
832 3063 1012 3101 Terentio
1042 3075 1124 3102 non
1151 3064 1267 3102 simi—

394 3124 471 3162 lem
501 3124 607 3162 dices
636 3125 883 3172 quempiam.
930 3125 1089 3164 Contra
1117 3124 1268 3164 Volca—

398 3186 502 3224 tius:
548 3186 588 3223 in
618 3189 733 3224 sexto
762 3187 946 3234 sequitur
974 3187 1045 3224 hos
1073 3187 1159 3225 loco
1194 3187 1266 3225 Te-

396 3247 573 3285 rentius:
619 3246 659 3284 in
699 3246 859 3296 quibus
891 3247 1094 3287 omnihus
1127 3248 1265 3287 habes

395 3308 771 3358 comparationum
831 3309 1010 3347 istarum
1064 3308 1262 3360 exempla

397 3368 628 3406 Horatiano
682 3367 777 3408 loco
833 3379 1046 3419 perquam
1093 3369 1261 3409 similia.

399 3451 441 3456 —
475 3430 697 3478 ,qi-civitate]
746 3431 1061 3470 sententiarum
1113 3432 1265 3482 impri-

1330 1402 1429 1450 mis,
1462 1401 1624 1452 quibus
1645 1397 1776 1453 πάθη
1798 1400 2037 1450 excitabat,
2068 1400 2203 1440 Nach-

1331 1463 1473 1502 druch.

1385 1524 1531 1563 60-62.
1565 1524 1673 1573 arto]
1702 1525 1883 1575 propter
1901 1524 2202 1575 spectatorum

1331 1584 1670 1625 multitudinem.
1691 1585 1873 1636 Cf.Epp.
1891 1586 1906 1624 1
1920 1617 1928 1634 ,
1943 1586 2008 1635 19,
2023 1585 2203 1635 41;ερ1”ε-

1329 1647 1586 1686 sis-theatris.
1613 1669 1659 1675 —
1682 1647 1834 1698 ediscit]
1859 1646 2139 1698 «frequenter
2159 1649 2204 1687 et

1331 1708 1518 1758 legendo
1540 1710 1584 1747 et
1603 1708 1888 1759 spectando.»
1917 1709 2033 1748 Vera
2054 1710 2203 1749 autem

1331 1771 1455 1818 ratio,
1477 1781 1555 1809 cur
1575 1771 1804 1821 tantopere
1820 1771 2112 1810 amarentura
2127 1781 2204 1822 po-

1331 1830 1433 1882 pulo
1463 1833 1645 1881 poetae,
1679 1842 1790 1881 quos
1816 1833 2060 1880 enumerat,
2094 1831 2204 1871 haec

1333 1894 1448 1940 erat,
1482 1891 1600 1941 quod
1631 1893 1732 1943 post
1752 1893 1933 1932 Accium
1963 1893 2202 1944 tragoedia,

1331 1955 1431 2005 post
1459 1954 1682 1993 Afranium
1705 1954 1935 1993 comoedia
1958 1954 2108 1994 Latina
2129 1954 2205 1994 de-

1333 2017 1585 2065 generarat,
1609 2026 1692 2055 nec
1715 2025 1767 2054 eo
1789 2025 1876 2065 quo
1901 2016 2076 2066 scripsit
2094 2018 2205 2056 tem-

1331 2087 1439 2127 pore
1469 2074 1554 2115 ulla
1594 2087 1732 2127 prope
1765 2075 1909 2116 sabula
1938 2087 2043 2116 vera
2074 2075 2202 2117 laude

1334 2138 1461 2189 digna
1491 2138 1716 2189 prodierat
1733 2140 1910 2189 praeter
1933 2138 2044 2178 Varii
2064 2139 2206 2189 Thye-

1334 2202 1472 2247 stem;
1519 2211 1622 2240 nam
1659 2201 1792 2240 etiam
1828 2201 1962 2240 Asinii
2002 2199 2203 2241 Pollionis

1333 2261 1584 2312 tragoediae
1617 2263 1745 2303 nimis
1776 2262 1913 2302 durae
1943 2264 1988 2302 et
2019 2272 2203 2314 asperae

1333 2324 1468 2364 fuisse
1497 2325 1702 2364 videntur
1729 2323 1797 2364 vel
1838 2323 1995 2364 saltem
2028 2323 2204 2364 lectioni

1333 2397 1467 2436 quam
1506 2397 1667 2426 scenae
1707 2387 1899 2437 aptiores
1929 2397 2074 2437 neque
2104 2386 2204 2426 atti-

1332 2448 1446 2497 gisse
1482 2446 1684 2487 laudibus
1723 2448 1905 2499 poeticis
1936 2448 2203 2488 Pacuvianas

1333 2512 1465 2560 atque
1487 2511 1720 2550 Accianas:
1754 2509 1809 2549 de
1828 2509 2036 2549 Fundanii
2053 2511 2203 2550 autem

1332 2572 1499 2611 meritis
1521 2573 1561 2611 in
1585 2571 1815 2611 comoedia
1841 2569 1944 2610 nihil
1966 2569 2081 2610 aliud
2102 2581 2204 2611 con-

1331 2634 1431 2680 stat,
1455 2633 1536 2673 nisi
1557 2633 1784 2672 Horatium
1806 2633 1845 2672 ei
1870 2631 1986 2671 hene
2009 2632 2199 2683 cupisse.

1333 2694 1432 2742 (Sat.
1458 2695 1503 2742 1,
1537 2695 1612 2742 10,
1646 2694 1729 2743 42.)
1763 2716 1807 2722 —
1839 2693 1942 2745 Livi]
1977 2693 2083 2732 Livii
2110 2694 2202 2733 An-

1331 2754 1518 2803 dronici,
1551 2755 1793 2803 Tarentini,
1826 2756 1875 2793 ut
1892 2753 2087 2803 videtur,
2119 2753 2202 2794 sal-

1330 2819 1420 2856 tem
1452 2816 1509 2855 ibi
1540 2828 1562 2855 a
1585 2817 1788 2856 Romanis
1819 2817 1959 2868 capti,
1992 2827 2017 2855 a
2039 2817 2086 2856 C.
2113 2816 2203 2868 (po—

1330 2879 1414 2917 tius
1455 2889 1587 2928 quam
1627 2890 1651 2917 a
1689 2879 1761 2928 M.)
1806 2878 1925 2917 Livio
1961 2876 2200 2918 Salinatore

1329 2939 1386 2978 ob
1418 2940 1576 2989 ingenii
1599 2940 1806 2979 meritum
1830 2939 2032 2979 libertate
2053 2938 2202 2979 donati

1331 3002 1367 3051 (a
1398 3012 1484 3051 quo
1516 3001 1623 3039 Livii
1653 3012 1813 3040 nomen
1843 3001 2109 3051 assumpsit).
2159 3001 2200 3040 Is

1329 3074 1367 3101 a.
1401 3074 1443 3101 u.
1474 3073 1511 3101 c.
1547 3062 1667 3110 544„
1715 3073 1829 3101 anno
1869 3063 1968 3101 ante
2013 3061 2200 3101 Ennium

1329 3126 1503 3171 natum,
1537 3124 1705 3174 primus
1727 3126 1890 3163 Romae
1915 3121 2106 3163 fabulam
2127 3122 2204 3162 do-

1330 3185 1432 3231 cuit,
1456 3185 1794 3235 Odysseamque
1817 3185 1857 3223 in
1878 3184 2078 3224 Latinum
2098 3193 2202 3223 con-

1329 3247 1459 3285 vertit
1478 3246 1682 3286 versibus
1703 3246 1928 3285 Saturniis.
1966 3245 2055 3285 Cio.
2077 3244 2196 3284 Brut.

1330 3309 1403 3356 18,
1427 3309 1471 3346 71
1493 3319 1500 3346 :
1535 3309 1715 3357 Odyssea
1744 3307 1897 3346 Latina
1923 3310 1981 3346 est
2008 3306 2065 3344 sic
2089 3309 2200 3345 tam-

1329 3381 1455 3419 quam
1485 3381 1586 3419 opus
1624 3370 1794 3418 aliquod
1819 3367 2020 3415 Daedali,
2061 3371 2099 3407 el
2126 3367 2199 3406 Li-

1326 3431 1476 3470 vianae
1494 3430 1662 3479 fabulae
1681 3441 1763 3469 non
1781 3429 1882 3469 satis
1903 3428 2067 3480 dianae,
2091 3438 2199 3478 quae
