2231 3787
751 259 849 298 ΜΒ.
884 260 913 298 1.
975 259 1140 299 EP1sT.
1172 259 1279 298 xix.
1836 257 1938 308 577

183 390 409 444 Ostendi
449 390 621 453 Latio,
664 408 918 445 numeros
964 390 1284 461 animosque
1325 399 1543 443 secutus

180 491 508 554 Archilochi,
550 509 656 545 non
696 510 783 546 res
823 501 876 546 et
913 493 1124 563 agentia
1165 491 1329 545 verba
1366 492 1692 566 Lycamben.
1871 494 1964 555 25,

180 595 255 647 Ac
293 611 361 647 ne
401 611 487 647 me
525 594 662 647 foliis
702 594 825 648 ideo
852 588 1207 647 'brevioribus
1254 612 1437 657 orneS,

182 694 341 759 Quod
379 695 529 748 timui
568 704 776 749 mutare
816 696 1007 749 modos
1047 705 1099 749 et
1136 696 1388 750 carminis
1433 705 1627 750 artem:

182 799 466 867 Temperat
504 796 803 851 Archilochi
844 798 1050 851 Musam
1089 797 1230 868 pede
1270 797 1509 853 mascula
1548 799 1792 871 Sappho,

112 1062 182 1099 tus
214 1059 252 1108 4,
286 1059 352 1098 42.
402 1058 631 1100 Cornelius
663 1061 815 1099 autem
845 1062 993 1111 Nepos

113 1123 196 1173 (ap.
232 1120 417 1161 Gellium
440 1123 506 1171 47,
540 1122 607 1171 24,
640 1121 696 1172 8.)
737 1133 841 1162 eum
872 1121 993 1161 Tullo

111 1183 292 1224 Hostilio
313 1185 478 1224 Romae
501 1186 715 1235 regnante
740 1184 878 1236 (annis
897 1185 996 1225 673-

34 1255 49 1267 ·
112 1245 223 1297 642.)
255 1246 392 1286 fuisse
419 1248 640 1298 poematis
663 1245 831 1286 clarum
855 1248 899 1287 et
920 1258 996 1286 no-

110 1307 250 1348 bilem
289 1308 435 1348 tradit.
496 1309 563 1348 Ad
596 1308 770 1349 Romuli
800 1311 994 1350 aetatem

112 1382 217 1412 eum
246 1370 383 1410 refert
414 1371 570 1411 Cicero
598 1372 725 1412 Tusc.
753 1373 791 1420 4,
816 1373 854 1421 4,
879 1372 917 1411 3.
946 1394 991 1400 -

111 1446 195 1474 hon
222 1445 289 1473 res
311 1434 413 1485 cet.]
447 1435 734 1485 «neutiquam
754 1445 863 1474 vero
886 1435 996 1475 sim-

109 1497 284 1550 pliciter
311 1498 354 1537 in
384 1498 589 1537 Latinum
620 1498 819 1538 converti
838 1498 996 1537 Archi-

110 1559 228 1600 lochi
287 1561 331 1600 in
373 1560 608 1609 Lycamben
652 1561 840 1611 eiusque
885 1558 995 1599 filias

111 1623 332 1664 iambos.»
368 1624 419 1662 V.
445 1623 500 1663 ad
524 1623 661 1674 Epod.
687 1624 726 1672 6,
753 1623 817 1662 43.
866 1622 991 1662 Ovid.

110 1685 175 1725 ΙΙ).
203 1686 277 1725 53:
311 1687 355 1725 in
385 1690 422 1725 te
450 1686 551 1725 mihi
581 1685 683 1725 liber
711 1685 874 1724 iambus
907 1685 998 1724 Tin-

111 1752 181 1788 cta
198 1748 428 1797 Lycambeo
457 1749 664 1799 sanquine
690 1748 772 1787 tela
791 1747 919 1786 dabit.
947 1770 992 1774 -

112 1811 297 1862 ayentia]
342 1811 580 1861 «agitantia
597 1843 605 1859 ,
646 1809 964 1862 persequentia
984 1821 992 1856 3

112 1885 226 1925 quae
273 1885 379 1914 eum
417 1874 471 1913 ad
505 1873 800 1925 suspendium
829 1873 997 1924 adege-

36 1976 40 1977 .
112 1939 259 1977 runt.»
291 1938 468 1977 Terent.
494 1937 573 1977 Ad.
598 1937 638 1985 3,
662 1937 703 1985 2,
727 1938 772 1977 24
795 1949 802 1975 ;
837 1937 998 1977 Ceteros

29 2006 39 2015 ‘
111 2011 301 2049 ruerem,
335 2011 565 2051 a9e=rem‚
598 2010 813 2049 raperem,
847 2001 997 2039 tande—

113 2074 224 2111 rem,
241 2066 564 2112 prosternerem.
597 2061 736 2113 Epod.
757 2063 798 2112 5,
818 2062 889 2102 89:
923 2063 999 2102 Di-

114 2126 175 2164 ris
196 2136 324 2176 aqam
342 2135 426 2164 vos.
456 2145 500 2151 —
525 2124 582 2164 Ac
604 2125 667 2174 ne]
689 2124 785 2163 Vid.
811 2124 868 2163 ad
884 2125 993 2175 Epp.

115 2188 154 2236 4,
181 2188 219 2236 4,
245 2186 311 2226 43.
340 2209 384 2214 —
406 2185 701 2238 foliis-ornes]
728 2186 807 2225 Od.
830 2185 871 2235 4,
896 2186 936 2234 3,
956 2186 994 2224 6;

114 2250 246 2290 Deliis
276 2249 483 2288 Ornatam
509 2249 620 2300 foliis
646 2250 804 2288 dacem.
833 2270 878 2276 —-
911 2248 1000 2288 bre-

114 2311 313 2364 vioribus]
343 2311 616 2352 «minoribus
634 2324 641 2359 ;
661 2327 680 2346 υ
712 2322 825 2360 non,
860 2312 908 2350 ut
930 2309 1000 2350 alii

115 2373 290 2423 volunt,
327 2385 455 2414 «mox
475 2372 900 2422 flaccescentibus,»
933 2374 1000 2412 et-

116 2438 153 2478 si
197 2437 403 2477 novimus
448 2437 568 2477 breve
609 2437 771 2486 lilium,
825 2436 1001 2475 nimium

116 2500 256 2540 breves
296 2502 421 2552 flores
462 2511 598 2539 rosae.
664 2500 818 2550 Neque
854 2497 1002 2538 afferri

118 2562 315 2603 debebat
350 2561 513 2613 Virgilii
551 2566 671 2601 tonsa
699 2572 859 2601 corona
888 2562 997 2601 Aen.

118 2627 158 2674 5,
190 2625 284 2665 556.
320 2626 365 2664 et
395 2626 471 2665 Ge.
507 2624 546 2673 3,
579 2625 656 2664 24:
704 2628 832 2674 caput
861 2627 1002 2663 tonsae

117 2687 227 2737 foliis
242 2691 418 2726 ornatus
435 2687 582 2726 olivae.
615 2688 748 2727 Recte
767 2687 856 2726 iam
874 2687 1003 2726 Com-

119 2751 341 2790 mentator
371 2750 577 2801 Cruquii:
627 2761 708 2790 «ne
730 2750 902 2790 minore
925 2760 1003 2789 co-

119 2822 231 2850 rona
261 2823 334 2851 me
365 2812 618 2862 decores3»
657 2815 701 2853 et
729 2812 998 2864 Porphyrio:

123 2884 212 2912 «ne
243 2884 315 2913 me
345 2876 523 2925 parcius
553 2874 733 2923 laudes,
772 2877 1002 2926 tamquam

121 2936 166 2974 in
207 2936 362 2975 metris
405 2937 511 2976 nihil
551 2938 764 2978 innovare
800 2949 1002 2978 ausum.»

124 2999 213 3037 «Ne
245 2999 316 3046 tu,
361 3000 654 3051 Maecenas,»
699 3002 862 3053 inquit,
904 3000 1005 3040 «id-

124 3059 244 3098 circo
275 3060 496 3100 minorem
515 3061 696 3102 laudem
716 3063 824 3103 mihi
843 3064 1009 3114 imper-

124 3121 230 3169 tias,
273 3121 394 3173 quod
429 3122 548 3162 nolui
578 3134 849 3175 componere
889 3135 1005 3164 nova

124 3185 268 3222 metra
299 3185 343 3223 et
364 3184 562 3225 invenire
585 3197 724 3236 genus
745 3188 894 3238 poesis
913 3199 1007 3227 me—

123 3245 233 3285 licae
280 3257 304 3285 a
350 3248 516 3286 Graeca
561 3258 746 3298 prorsus
777 3248 1007 3288 diversum

127 3307 243 3358 (quia
277 3308 418 3360 probe
457 3319 798 3360 perspexeram,
847 3310 1008 3349 eadem

125 3371 297 3417 metra,
349 3371 511 3422 quibus
561 3371 715 3413 Graeci
761 3372 831 3411 usi
878 3373 1005 3421 sunt,

127 3432 351 3482 aptissima
374 3445 474 3474 esse
497 3435 674 3473 Latinae
697 3444 875 3484 quoque
897 3437 1010 3485 poe-

127 3493 194 3543 si),
220 3496 329 3535 scito
350 3497 636 3548 temperare»
661 3498 745 3536 cet.
779 3496 1009 3537 Manifesto

276 3573 426 3611 Honxr.
456 3584 546 3611 voi..
576 3574 618 3609 11.
672 3583 737 3609 ΕΒ.
767 3583 850 3611 MAI.
881 3573 942 3609 ΙΙΙ.

1870 1064 1941 1103 hic

1060 1124 1368 1163 Maecenatem
1404 1123 1662 1174 alloquitur,
1703 1126 1760 1164 ita
1792 1128 1942 1166 tamen

1059 1186 1107 1223 ut
1152 1185 1294 1236 quivis
1339 1185 1479 1225 lector
1524 1186 1607 1226 sibi
1648 1198 1827 1238 quoque
1858 1189 1945 1228 hoc

1060 1247 1146 1286 dici
1177 1246 1302 1287 facile
1336 1247 1561 1299 intelligat.

1115 1311 1181 1350 28.
1205 1311 1273 1349 29.
1316 1312 1532 1361 Temperat
1562 1313 1666 1361 cet]
1716 1312 1811 1352 Noli
1842 1325 1945 1353 con⁴

1059 1374 1232 1424 struere
1266 1384 1367 1412 cum
1400 1373 1521 1414 aliis:
1559 1375 1727 1424 Sappho
1755 1378 1947 1417 mascula

1059 1439 1264 1484 temperat
1300 1437 1406 1484 pede
1447 1436 1555 1486 (suo)
1594 1438 1763 1476 Musam
1795 1438 1946 1478 Archi-

1059 1498 1190 1545 lochi,·
1223 1497 1326 1537 sed:
1376 1498 1546 1548 Sappho
1576 1500 1767 1539 mascula
1796 1505 1946 1551 tempe-

1058 1563 1130 1598 rat
1171 1561 1340 1599 Musam
1385 1560 1540 1611 (suam)
1581 1562 1686 1610 pede
1713 1562 1947 1603 Archilochi

1061 1623 1215 1673 sicque
1239 1623 1373 1662 etiam
1394 1625 1799 1675 temperatAlcaeas,
1823 1627 1946 1666 idem

1061 1684 1163 1724 facit
1184 1685 1383 1736 poetriae
1406 1685 1604 1736 aequalis
1626 1686 1828 1728 Alcaeus.
1863 1690 1947 1728 Par

1060 1747 1146 1786 hoc
1168 1746 1316 1786 nobile
1339 1746 1540 1787 referunt
1559 1760 1678 1788 nunc
1695 1749 1751 1788 ad
1768 1749 1942 1802 Olymp.

1061 1808 1128 1858 42,
1152 1810 1191 1848 2.
1219 1809 1328 1859 (644.
1353 1820 1391 1848 a.
1418 1810 1538 1862 Chr.)
1573 1811 1786 1863 «Sappho
1809 1814 1853 1852 et
1872 1812 1948 1853 Al-

1062 1882 1259 1921 caeus,»
1305 1871 1471 1922 inquit,
1517 1874 1820 1914 «carminibus
1856 1876 1947 1916 suis

1062 1936 1171 1975 scite
1204 1935 1549 1975 immiscuerunt
1593 1947 1806 1978 numeros
1846 1934 1947 1995 (ῥυ-

1062 1994 1237 2050 θμούς)
1284 1998 1329 2036 et
1356 1998 1479 2036 varia
1508 2009 1726 2039 versuum
1755 2011 1944 2051 genera,

1063 2060 1226 2111 quibus
1256 2059 1549 2101 Archilochus
1583 2062 1644 2113 (ut
1663 2061 1734 2102 vel
1766 2075 1819 2103 ex
1851 2065 1946 2105 eius

1062 2122 1259 2174 reliquiis
1304 2124 1497 2174 constat)
1548 2128 1729 2176 praeter
1770 2126 1946 2168 iambos

1062 2196 1172 2225 usus
1203 2187 1272 2225 est
1303 2186 1404 2235 (vid.
1428 2186 1707 2237 Bentleium),
1741 2189 1823 2229 sed
1853 2190 1949 2230 dis-

1064 2258 1196 2299 pares
1217 2249 1320 2288 sunt
1352 2247 1411 2287 illi
1440 2249 1584 2298 rebus,
1619 2261 1693 2299 eo,
1723 2252 1844 2302 quod
1865 2252 1948 2292 alia

1065 2311 1327 2361 argumenta
1377 2312 1645 2361 tractarunt,
1714 2316 1758 2353 et
1805 2316 1950 2356 ordine

1064 2383 1279 2412 versuum
1300 2372 1356 2412 ab
1373 2373 1637 2414 Archilocho
1654 2376 1947 2429 inventorum,

1066 2447 1120 2475 ex
1150 2435 1312 2487 quibus
1344 2436 1490 2477 Lesbii
1534 2440 1693 2489 poetae
1726 2451 1813 2480 una
1845 2453 1948 2483 cum

1059 1062 1232 1109 autem,
1281 1062 1362 1101 etsi
1414 1061 1547 1112 negat
1594 1062 1815 1112 Diintzer,

1065 2500 1116 2539 iis
1160 2510 1454 2539 numerorum
1485 2511 1537 2539 ac
1566 2511 1782 2541 versuum
1811 2514 1951 2553 gene—

1066 2562 1212 2612 ribus,
1247 2573 1362 2613 quae
1394 2563 1478 2614 ipsi
1506 2563 1798 2615 invenerunt,
1833 2569 1950 2606 stro-

1066 2625 1179 2677 phas
1224 2636 1328 2665 suas
1375 2628 1742 2676 composuerunt.
1803 2628 1948 2679 Atque

1066 2688 1251 2739 propter
1280 2687 1366 2726 hoc
1396 2687 1612 2737 maxime,
1646 2688 1767 2738 quod
1794 2688 1876 2728 alia
1908 2693 1953 2730 et

1069 2760 1182 2789 nova
1214 2751 1476 2800 argumenta
1496 2749 1580 2789 sibi
1605 2754 1949 2801 proposuerunt,

1069 2811 1261 2852 eandem
1311 2811 1491 2851 laudem
1546 2815 1776 2852 merentur
1818 2816 1951 2866 atque

1068 2872 1380 2922 Archilochus,
1425 2875 1557 2915 totius
1589 2877 1763 2926 generis
1794 2877 1953 2917 inven-

1068 2938 1182 2976 tor.»
1209 2959 1254 2964 -
1271 2937 1389 2988 pede]
1424 2939 1692 2978 «numeris»
1727 2938 1791 2978 Cf.
1811 2939 1889 2978 Od.
1910 2939 1951 2989 4,

1070 3000 1110 3049 6,
1136 2999 1209 3039 35;
1243 2999 1433 3039 Lesbium
1452 3005 1614 3040 servate
1635 3002 1796 3051 pedem.
1831 3003 1879 3042 A.
1905 3004 1949 3042 P.

1070 3062 1146 3102 79:
1191 3062 1482 3103 Archilochum
1504 3065 1682 3114 proprio
1710 3064 1849 3104 rabies
1877 3076 1954 3104 ar—

1069 3126 1202 3164 mavit
1230 3125 1397 3165 iambo:
1432 3126 1552 3165 Hunc
1581 3126 1688 3166 socci
1717 3137 1859 3176 cepere
1881 3138 1955 3176 pe-

1071 3188 1164 3227 dem
1194 3187 1390 3238 (versum
1421 3189 1660 3239 senarium)
1692 3189 1955 3240 mandesque

1071 3250 1276 3289 cothurni.
1304 3273 1348 3278 —-
1370 3251 1562 3290 mascula
1582 3250 1764 3301 Sappho]
1796 3260 1951 3299 «quae,

1073 3322 1347 3363 quamquam
1385 3311 1564 3362 mulier,
1614 3315 1761 3351 tamen
1794 3311 1955 3361 ingenii

1071 3373 1241 3413 viribus
1273 3385 1325 3413 ac
1365 3374 1514 3414 furore
1544 3385 1649 3414 vere
1679 3374 1854 3424 poetico
1883 3371 1954 3412 vel

1072 3437 1480 3486 praestantissimos
1509 3437 1664 3487 poetas
1695 3435 1953 3486 aequavit;»

1073 3497 1138 3537 die
1171 3499 1603 3550 masnntich-kraftiqe.
1665 3496 1759 3537 Noli
1804 3498 1956 3537 autem

1592 3575 1637 3611 37
