2231 3787
235 301 336 352 470

310 433 416 484 Cur
454 447 539 482 me
582 429 791 482 funesto
831 434 1122 498 properent
1160 442 1346 478 arcere
1386 431 1637 487 veterno,

846 297 1061 337 HORATH
1090 295 1457 336 EPISTULARUM

1988 421 2052 474 40

310 534 461 596 Quae
502 547 737 584 nocuere
781 546 1006 599 sequar,
1047 527 1246 597 fugiam
1284 542 1425 596 quae
1464 523 1679 596 profore
1721 523 1964 588 credam3

312 636 512 687 Romae.
554 632 715 685 Tibur
755 648 930 683 amem
966 637 1247 690 ventosuS,
1290 626 1484 680 Tibure
1523 629 1760 681 Romam.

307 736 437 788 Post
476 735 632 787 haec.
675 742 732 784 ut
768 730 971 791 valeat,
1013 747 1122 800 quo
1165 738 1322 800 pacto
1362 746 1477 782 rem
1515 736 1665 799 gerat
1702 735 1755 781 et
1793 745 1876 790 se,

349 870 413 907 41.
441 867 561 918 quae]
585 868 693 916 ‹Juoci
713 878 755 917 p.
780 889 823 894 —
847 866 912 904 42.
935 869 1134 904 venturus
1154 865 1232 914 Ep,
1256 875 1321 915 pr.
1347 863 1390 912 d,
1415 865 1512 915 y'gz,
1537 862 1677 903 Codd.
1702 861 1870 913 aliquot
1890 862 2004 902 Cru-

291 932 394 981 quii.
419 931 546 974 Fcae.
571 929 778 968 Pottierii.
815 929 879 978 (Ut
898 938 995 976 nos,
1019 927 1196 967 Servius
1218 925 1273 965 ad
1293 926 1411 976 Virg.
1429 927 1537 965 Aen.
1556 924 1596 973 4,
1621 924 1735 973 224„
1758 923 1861 974 bSc,
1887 935 2001 965 corr.

294 993 321 1030 d
353 995 396 1030 ct
426 1003 513 1042 mg.
549 992 611 1040 E.)

237 1101 318 1140 lico
364 1101 595 1140 Goethiuin
637 1099 800 1139 dixisse
844 1100 965 1138 notat
995 1099 1119 1137 Diin—

238 1167 355 1202 tzer:
392 1163 550 1203 «illeine
570 1162 781 1211 Freuncle,
814 1164 913 1200 stati
937 1159 1045 1199 mich
1063 1170 1119 1200 zu

235 1229 387 1264 trb'slen
415 1225 502 1263 uncl
523 1224 678 1262 wieder
706 1234 763 1262 an
783 1223 867 1262 sich
886 1234 942 1261 zu
959 1222 1116 1271 ziehen,

237 1288 431 1326 bracliten
481 1286 589 1325 mich
638 1297 719 1325 zur
769 1286 1116 1337 Is'erzweislunq.»

236 1350 343 1400 Opp.
379 1348 444 1388 36.
478 1360 521 1400 p.
559 1349 642 1399 92.)
680 1372 723 1375 —
766 1348 849 1387 Cur
877 1348 954 1398 me]
998 1347 1118 1386 idem

235 1411 328 1449 fere
360 1421 412 1449 ac
443 1412 708 1462 «propterea
741 1409 884 1460 quod3
904 1424 923 1445 »
957 1409 1038 1449 sed
1064 1407 1119 1448 il-

235 1472 311 1512 lud
357 1475 423 1513 est
467 1472 730 1521 discrimen,
779 1471 900 1523 quod
929 1472 1015 1512 hoc
1045 1482 1119 1511 ra-

236 1535 403 1574 tionem
435 1533 694 1585 simpliciter
723 1534 966 1585 significat,
1008 1533 1120 1573 alte—

236 1608 337 1636 rum
377 1597 565 1637 ductum
610 1598 676 1637 est
706 1609 759 1636 ex
790 1597 958 1637 directa
988 1598 1122 1636 inter-

238 1660 493 1709 rogatione:
548 1659 632 1699 Cur
652 1682 675 1687 -
699 1658 977 1710 properatis?
1026 1659 1115 1699 Cic.

240 1721 295 1760 ad
326 1722 411 1761 Att.
444 1721 490 1770 3,
526 1721 600 1769 43,
630 1722 682 1760 2ῑ
735 1723 852 1771 Quocl
893 1733 958 1761 me
1000 1732 1122 1771 saepe

240 1795 440 1833 accusas,
473 1796 549 1822 cur
577 1785 684 1822 hunc
712 1795 850 1824 meum
869 1796 1014 1824 casum
1034 1789 1121 1823 tam

238 1846 427 1896 graviter
446 1846 602 1896 feram,
627 1845 743 1884 debes
762 1847 985 1896 iynoscere.
1009 1845 1116 1884 Plin.

238 1907 347 1958 Epp.
372 1907 417 1955 3,
442 1908 491 1955 5,
517 1907 590 1946 116:
622 1908 771 1956 Repeto
800 1919 865 1947 mc
884 1911 1121 1956 correptum

239 1969 290 2007 ab
333 1980 407 2018 eo,
467 1981 543 2008 cur
591 1969 865 2008 ambularem.
942 1969 1122 2008 Dixerat

241 2029 512 2070 avunculus:
578 2031 704 2069 «Cur
742 2031 924 2070 tandem
959 2030 1121 2070 ambu—

240 2092 368 2133 las‘?»
417 2092 479 2133 Cf.
513 2093 590 2131 Od.
618 2094 665 2142 4,
698 2092 775 2142 33,
808 2094 845 2133 3.
884 2117 927 2121 —
959 2095 1120 2145 funesto

241 2166 387 2194 arcere
414 2154 593 2205 veterno]
625 2155 675 2194 V.
700 2167 847 2195 arcere
872 2167 975 2195 cum
996 2154 1120 2194 abla-

238 2218 326 2256 tivo
358 2217 451 2256 sine
480 2228 687 2268 praepos.
713 2229 740 2256 a
761 2218 894 2257 etiam
924 2219 966 2257 in
985 2228 1119 2269 prosa

240 2280 349 2318 orat.
384 2280 472 2319 Cic.
507 2279 690 2331 Philipp.
726 2281 772 2330 5,
807 2280 885 2329 43,
926 2280 1006 2319 37:
1044 2280 1120 2319 ho—

239 2347 340 2381 stem
359 2344 497 2381 arcuit
518 2343 670 2382 Gallia.
699 2344 760 2391 (Α.
785 2346 829 2383 P.
852 2343 904 2384 64
925 2355 931 2381 :
965 2344 1121 2392 Neptu-

240 2416 317 2443 nus
335 2405 482 2444 classes
502 2405 764 2453 aquilonibus
783 2406 925 2455 arcet.)
963 2406 1119 2445 Mentis

238 2471 429 2506 veternus
471 2478 649 2507 marcor
679 2470 723 2508 et
752 2470 906 2519 torpor
935 2469 1003 2507 est
1031 2466 1116 2516 ille,

241 2540 330 2579 quo
362 2529 507 2569 affecti
538 2528 641 2568 nihil
673 2541 850 2578 eorum,
892 2541 1007 2581 quae
1038 2540 1121 2568 no-

242 2591 310 2631 bis
346 2593 680 2643 proposuimus,
726 2592 945 2644 perficere
987 2594 1118 2642 atque

244 2653 474 2694 elaborare
503 2665 757 2706 possumus.
809 2656 926 2706 Virg.
961 2657 1116 2705 Georg.

246 2719 284 2764 4,
311 2717 387 2756 423
409 2729 416 2755 ;
451 2718 563 2756 curis
583 2729 735 2757 acuens
753 2718 954 2757 mortalia
972 2718 1117 2766 corda,

242 2780 326 2817 Nec
355 2783 518 2828 torpere
546 2781 669 2830 ,aravi
701 2791 851 2829 passus
880 2791 959 2818 sua
985 2790 1120 2830 regna

242 2845 419 2879 veterno.
455 2841 516 2880 Cf.
543 2843 629 2880 sat.
654 2843 699 2889 2,
725 2842 771 2889 3,
797 2841 888 2882 1145.
922 2843 1122 2881 Funestus

245 2904 394 2940 autem
425 2902 606 2951 dicitur,
640 2903 762 2953 quia,
800 2906 845 2941 ut
877 2904 937 2941 ait
967 2902 1121 2943 Celsus

244 2964 283 3011 3,
306 2964 392 3011 2Ο.,
418 2964 458 3001 in
477 2965 550 3002 hoc
572 2963 927 3014 (lethargicorum
949 2963 1120 3013 morbo)

243 3036 415 3064 marcor
442 3029 479 3064 et
507 3026 843 3076 ineoepuynabilis
864 3037 998 3075 paene
1028 3026 1125 3064 clor-

245 3087 396 3126 miendi
426 3088 654 3126 necessitas.
687 3084 948 3143 Λήθαργον
973 3088 1123 3127 Graeci

247 3149 529 3187 nominarunt.
591 3150 636 3187 Icl
673 3159 834 3198 quoque
862 3160 990 3199 ¹qenwus
1018 3160 1123 3187 acu-
1153 3163 1156 3179 ι

244 3215 331 3249 tum
364 3214 421 3249 est
450 3215 511 3259 et,
555 3211 631 3248 nisi
660 3212 944 3258 succurritur,
977 3211 1121 3250 celeri-

244 3278 305 3312 ter
334 3273 511 3324 iugulat.
572 3272 860 3324 Demophilus
898 3274 941 3313 in
978 3272 1121 3313 Orellii

245 3336 432 3386 Opuscc.
471 3337 583 3375 sent.
618 3336 649 3373 l.
682 3345 724 3385 p.
751 3335 824 3374 36:
862 3330 1122 3392 Ἄγρυπνος

1183 1098 1265 1136 lido
1285 1101 1452 1136 veterno
1473 1097 1608 1147 iungit
1625 1096 1820 1137 Catullus
1842 1097 1908 1145 47,
1922 1095 1975 1137 24
1989 1107 2056 1148 sq.

1188 1184 1232 1188 —
1265 1161 1418 1199 Romae
1453 1159 1556 1211 cet]
1602 1159 1728 1199 Idem
1767 1159 1945 1199 Horatio
1983 1170 2062 1199 ex-

1182 1222 1368 1274 probrat
1386 1223 1534 1262 Davus
1559 1223 1646 1261 Sat.
1670 1223 1710 1271 2,
1735 1222 1775 1270 7,
1798 1221 1876 1261 28;
1907 1222 2063 1262 Romae

1181 1297 1255 1324 rus
1285 1289 1431 1335 optas,·
1476 1284 1681 1323 absentem
1712 1284 1893 1323 rusticus
1919 1283 2063 1323 urbem

1186 1347 1304 1385 Tollis
1341 1348 1398 1386 acl
1436 1351 1556 1386 astra
1584 1346 1695 1385 levis.
1731 1368 1777 1374 —
1813 1345 1950 1397 Tibur]
1994 1344 2058 1385 Cf.

1182 1409 1292 1460 Epp.
1325 1410 1370 1458 4,
1401 1409 1447 1458 7,
1480 1408 1546 1449 45.
1583 1430 1629 1436 -
1660 1407 1862 1460 ventosus]
1909 1405 2059 1456 «levis,

1183 1471 1456 1519 inconstans,
1476 1469 1734 1510 instabilis.»
1769 1470 1908 1510 COMM.
1928 1469 2059 1515 CRUQ.

1184 1534 1293 1584 Epp.
1318 1534 1355 1582 4,
1382 1533 1447 1582 49,
1472 1534 1544 1573 37:
1584 1537 1776 1573 ventosae
1797 1531 1941 1583 plebis.
1993 1532 2063 1571 Sic

1185 1596 1273 1634 Cic.
1298 1594 1354 1634 ad
1376 1596 1494 1635 Fam.
1520 1596 1585 1644 44,
1615 1596 1655 1644 9,
1680 1596 1718 1635 4.
1752 1593 1968 1646 Lepidum
1987 1594 2063 1633 ho-

1182 1657 1335 1697 minem
1352 1657 1679 1696 ‘uentosissimum
1700 1655 1905 1708 appellat.
1937 1655 2063 1704 Quod

1186 1730 1288 1758 cum
1332 1730 1420 1758 non
1463 1717 1780 1769 intelligerent,
1825 1728 2064 1769 perperam

1186 1780 1381 1820 nonnulli
1425 1781 1701 1831 scripserunt
1753 1785 1966 1820 venturus.
2015 1803 2060 1808 —

1187 1843 1345 1893 Tibure]
1395 1843 1470 1882 «in
1501 1842 1663 1882 Sabino
1692 1853 1794 1882 meo
1823 1853 1964 1895 prope
1993 1843 2064 1882 Ti-

1186 1905 1314 1944 bur.»
1344 1903 1498 1944 Catull.
1522 1904 1590 1953 44,
1617 1906 1661 1944 l:
1697 1905 1728 1944 O
1755 1906 1883 1957 funde
1909 1909 2062 1955 noster,

1185 1979 1255 2006 seu
1284 1966 1436 2005 Sabine
1464 1978 1536 2007 seu
1567 1966 1722 2006 Tiburs.
1767 1968 1926 2008 «Recte
1954 1967 2065 2008 vidit

1185 2029 1464 2079 Rutgersius,
1517 2029 1751 2081 praedium
1795 2030 1960 2070 Horatii
2003 2030 2066 2082 (ut

1188 2090 1354 2141 Catulli)
1399 2092 1443 2130 in
1484 2091 1683 2132 confiniis
1720 2093 1812 2142 agri
1842 2091 1991 2132 Sabini
2021 2095 2066 2133 et

1185 2153 1399 2192 Tiburtini
1429 2155 1563 2194 situm
1592 2154 1861 2205 putandum,
1901 2157 1950 2194 ut
1977 2154 2064 2195 du-

1185 2214 1310 2255 bium
1342 2218 1484 2263 esset,
1516 2218 1616 2256 utro
1647 2218 1932 2268 pertineret.»
1980 2219 2064 2258 FEA

1185 2278 1326 2318 Praei.
1366 2289 1409 2329 p.
1442 2279 1568 2318 XXX.
1608 2279 1687 2319 Ed.
1720 2280 1846 2320 Rom.
1892 2278 1974 2320 Alii
2001 2281 2066 2320 in-

1185 2339 1385 2391 telligunt
1414 2340 1469 2380 de
1500 2341 1631 2381 amici
1661 2339 1843 2382 alicuius
1871 2341 1969 2382 villa
1993 2343 2065 2382 Ti·-

1184 2402 1382 2452 burtina,
1424 2404 1468 2442 in
1499 2415 1587 2454 qua
1616 2404 1863 2454 interdum,
1909 2407 1959 2445 ut
1987 2406 2065 2445 ho-

1186 2477 1318 2518 spes,
1367 2465 1551 2517 degerit.
1612 2468 1779 2506 Rursus
1817 2466 1889 2506 alii
1917 2468 2064 2509 minus

1185 2527 1475 2580 probabiliter
1542 2530 1779 2580 opinantur
1834 2531 2063 2570 Horatium

1187 2591 1335 2630 Tiburi
1379 2591 1588 2632 habuisse
1635 2592 1820 2632 domum
1856 2591 1927 2632 vel
1955 2603 2063 2645 pro-

1185 2655 1328 2706 priam
1359 2653 1430 2694 vel
1461 2655 1806 2704 conducticiam,
1840 2655 1961 2707 quod
1989 2667 2064 2695 re-

1186 2716 1351 2756 futatur
1380 2716 1457 2756 Od.
1491 2718 1537 2765 2,
1573 2718 1648 2766 48,
1679 2717 1752 2757 44;
1784 2718 1897 2757 Satis
1924 2718 2065 2758 beatus

1185 2779 1319 2818 unicis
1338 2779 1516 2818 Sabinis.
1556 2780 1767 2818 Ceterum
1790 2779 1934 2819 Tibure
1961 2791 2064 2832 pro-

1187 2843 1286 2892 pter
1315 2842 1509 2880 metrum
1539 2851 1619 2892 pro
1653 2840 1804 2880 Tiburi.
1857 2842 1944 2882 Cfr.
1967 2842 2062 2883 Rei-

1188 2904 1252 2953 sig
1280 2904 1372 2942 Lat.
1407 2903 1623 2952 Sprachw.
1655 2914 1699 2954 p.
1725 2904 1817 2943 627.

1246 3027 1259 3064 4
1272 3026 1391 3066 3-47.
1437 3031 1483 3065 ut
1509 3026 1661 3077 valeat]
1709 3026 1771 3066 Cf.
1804 3027 1912 3078 Epp.
1940 3028 1955 3065 4
1979 3059 1987 3076 ,
2011 3027 2056 3077 3,

1187 3089 1251 3128 42.
1280 3111 1323 3116 -
1356 3100 1445 3128 rem
1472 3089 1605 3141 yerat]
1638 3089 1889 3140 «quomodo
1919 3088 2062 3129 officia

1186 3162 1238 3190 ac
1267 3152 1440 3201 negotia
1471 3162 1551 3191 sua
1582 3152 1731 3200 curet,
1765 3153 1809 3190 et
1837 3149 1977 3201 qualis
2007 3151 2062 3190 sit

1153 3194 1155 3247 i
1186 3215 1319 3253 animi
1351 3214 1445 3254 eius
1476 3215 1658 3253 status.»
1685 3233 1729 3241 —-
1753 3212 1906 3264 iuveni]
1935 3211 2062 3252 Tibe-

1185 3276 1250 3315 rio
1280 3277 1385 3316 tunc
1414 3276 1540 3315 XXII.
1564 3286 1704 3315 annos
1724 3276 1841 3314 nato.
1868 3294 1914 3302 —
1936 3278 2062 3324 utque

1185 3338 1355 3389 cohorti]
1381 3337 1466 3378 Csr.
1492 3339 1577 3377 Sat.
1603 3338 1640 3386 4,
1665 3338 1704 3385 7,
1723 3336 1789 3376 23.
1824 3337 1933 3389 Epp.
1960 3338 1998 3386 4,
2017 3336 2056 3383 3,

246 3391 332 3435 ’έσο
352 3393 475 3436 κατὰ
491 3394 636 3437 νοῦν·
673 3393 906 3449 συγγενὴς
925 3394 1015 3454 γὰρ
1035 3395 1120 3437 τοῦ
1153 3389 1156 3474 ι
1187 3401 1224 3439 6.
1260 3398 1413 3440 Catull.
1446 3401 1518 3449 40,
1553 3400 1618 3439 40.
1651 3400 1695 3438 et
1722 3399 1790 3448 28,
1822 3399 1866 3438 4τ
1906 3399 2062 3438 Pisonis

247 3454 480 3510 ἀληθινοῦ
512 3456 723 3499 θανάτου
759 3455 786 3496 ὁ
818 3460 919 3515 περὶ
950 3457 1122 3499 τοῦτον
1185 3462 1365 3511 comites,
1384 3461 1528 3501 cohors
1547 3461 1698 3500 inanis.
1724 3461 1824 3500 Sen.
1843 3460 1898 3500 de
1917 3459 2054 3501 Clem.

249 3515 410 3570 ὕπνος.
462 3523 666 3572 Supinum
695 3522 879 3561 amineum
912 3533 1014 3562 cum
1039 3526 1123 3562 sto-
1154 3513 1157 3554 ῗ

1190 3525 1205 3563 4
1228 3556 1235 3571 ,
1267 3525 1325 3573 ΙΟ,
1353 3525 1395 3563 4;
1435 3524 1639 3562 cohortem
1662 3523 1848 3572 primam
1879 3521 2061 3573 [interio-
