2231 3787
792 267 888 305 LlB.
925 268 952 305 l.

1016 266 1178 305 EPIST.
1213 267 1322 306 XIX.
1877 268 1977 318 57ἕὸ

217 397 427 467 Decipit
465 396 739 467 exemplar
777 396 915 448 vitiis
959 396 1239 461 imitabile,
1283 397 1477 468 quodsi

215 497 478 552 Pallercm
518 516 671 559 casu,

727 498 973 552 biberent
1011 516 1285 570 exsangue
1327 500 1615 553 cuminum.

215 601 261 654 O
303 601 620 659 imitatores.
667 619 883 654 servum
923 619 1120 673 pecus,
1163 611 1220 655 ut
1258 602 1384 654 mihi
1427 620 1591 674 saepe

197 751 315 792 unde
339 752 470 802 proh,
503 752 537 790 si
567 752 786 791 Sanadon.
832 775 875 780 ——
920 753 983 791 1¹9.
1018 753 1084 792 20.
1119 758 1165 792 ut
1193 754 1293 793 mihi
1324 754 1463 804 bilem,
1502 755 1550 793 Ut
1578 755 1677 794 mihi
1706 766 1826 806 saepe
1855 757 1919 795 io-

196 826 290 854 cum
322 814 430 854 Cod.
466 813 571 854 Coll.
606 815 719 854 Trin.

141 941 285 980 taniae
317 951 495 990 regern,
531 940 587 979 de
611 951 698 991 quo
722 951 869 990 nemo,
905 941 1024 992 quod

140 1004 300 1050 sciam,
335 1001 492 1042 melius
516 1003 602 1053 egit
622 1003 847 1042 Viscontio
870 1004 912 1042 in
933 1005 1025 1043 Ico-

138 1067 335 1117 noyrafla
363 1077 491 1116 preca
519 1067 588 1105 ΙΙΙ.
622 1077 665 1117 p.
691 1066 785 1106 388.
832 1066 886 1105 At
915 1077 1023 1106 vero

138 1126 507 1169 litteratissimum
539 1127 670 1168 simul
700 1130 834 1179 atque
866 1128 1026 1168 ditissi-

137 1201 262 1230 mum
302 1202 456 1241 regem
493 1202 596 1230 cum
628 1190 843 1231 Graeculo
875 1192 1023 1230 Tima-

137 1265 250 1305 gene
281 1265 479 1306 unquam
513 1255 555 1294 in
588 1253 881 1294 declamando
913 1265 1023 1294 con-

137 1318 332 1358 tendisse
363 1329 583 1369 perquam
610 1316 904 1369 improbabile
929 1319 1017 1364 est3

136 1391 284 1432 neque
316 1392 423 1420 vero
462 1391 662 1431 unquam
694 1380 798 1419 mibi
831 1390 1021 1431 persua-

136 1443 254 1484 debo
305 1443 534 1482 Horatium
578 1442 646 1483 vel
691 1443 793 1482 ficto
838 1443 1017 1482 nomine

135 1507 229 1547 sine
274 1504 359 1545 ulla
406 1516 540 1546 causa
578 1505 784 1546 deridere
824 1504 1016 1546 voluisse

133 1580 311 1620 regem,
337 1569 406 1608 cui
427 1571 650 1619 Augustus
672 1567 800 1608 valde
822 1567 1013 1608 favebat.

131 1633 228 1672 Non
272 1632 367 1672 sine
413 1642 546 1671 causa
590 1633 786 1671 Diintzer
826 1630 880 1670 de
927 1632 1017 1670 tota

132 1693 201 1733 illa
225 1694 357 1734 Codri
388 1693 457 1734 vel
481 1693 614 1734 Cordi
645 1692 790 1733 fabula
816 1692 1013 1741 dubitat;

132 1758 334 1809 precario
364 1768 474 1796 vero
505 1757 714 1796 Iarbitam
743 1768 830 1795 non
863 1756 1016 1795 fictum

131 1820 212 1860 sed
242 1819 400 1860 servile
433 1830 597 1859 nomen
633 1819 825 1859 rhetoris
856 1830 1017 1858 manu—

131 1883 274 1930 missi,
304 1883 497 1922 hominis
519 1881 748 1929 maledici,
774 1881 909 1922 fuisse
930 1892 1013 1933 pu-

130 1946 206 1984 tat.
239 1945 306 1985 Ad
325 1957 367 1984 v,
392 1956 587 1994 rumpere
607 1944 661 1984 cf.
687 1945 774 1984 Sat.
801 1945 837 1993 4,
859 1944 897 1992 3,
919 1944 1011 1983 436.

133 2029 177 2035 -
215 2007 375 2058 linqua]
409 2008 668 2047 Lectionem
698 2007 1015 2058 Porphyrionis

134 2071 177 2108 et
198 2069 338 2109 Codd.
364 2069 463 2120 aliq.
485 2081 507 2109 a
527 2069 762 2109 Sanadono
782 2072 1014 2121 receptam

130 2133 298 2172 aemula
340 2144 468 2172 coena
512 2131 815 2183 interpolatori
860 2132 1016 2171 deberi

131 2194 345 2242 arbitror,
381 2195 455 2245 qui
486 2193 677 2244 ingluvie
700 2195 848 2245 potius
880 2205 1013 2245 quam

130 2256 424 2297 declamando
469 2255 678 2296 Iarbitam
711 2256 901 2307 dirumpi
932 2267 1015 2307 po-

129 2321 266 2360 tuisse
298 2320 567 2371 opinaretur.
607 2342 652 2347 —
684 2318 884 2369 urba-nus]
916 2319 959 2358 h.
984 2317 1011 2358 l.

130 2394 216 2423 non
262 2385 354 2422 tam
399 2383 455 2422 ad
500 2382 783 2421 dicacitatem
823 2381 1015 2421 refertur

130 2456 264 2496 quam
296 2446 349 2484 ad
375 2444 640 2495 elegantiam
664 2445 899 2492 sermonis,
925 2455 1012 2495 quo

128 2507 353 2556 utebatur,
366 2510 409 2547 et
424 2508 480 2547 ad
498 2508 701 2559 peritiam
716 2506 1010 2548 declamandi.

187 2570 251 2609 47.
278 2570 343 2610 48.
379 2570 558 2622 Decipit]
591 2569 818 2617 absolute,
851 2571 901 2609 ut
927 2570 1014 2620 fal-

130 2633 226 2672 lere.
279 2635 467 2673 Gronov.
493 2633 621 2673 Obss.
656 2633 696 2682 3,
730 2633 797 2672 20.
827 2657 871 2661 -
901 2634 1014 2673 vitiis

129 2695 340 2747 imitabile]
374 2695 659 2747 «Exemplar,
691 2695 835 2746 quod,
869 2697 1011 2737 totum

130 2759 165 2798 si
187 2761 389 2810 spectes,
422 2770 529 2799 sane
550 2758 904 2810 pulcherrimum
928 2761 1009 2808 est,

130 2819 210 2859 sed
258 2822 408 2860 tamen
455 2822 558 2861 vitia
608 2821 832 2872 quaedam
876 2822 1013 2863 habet

130 2881 300 2921 imitatu
336 2882 500 2933 facilia,
549 2896 602 2924 eo
642 2895 777 2935 saepe
807 2885 851 2923 in
885 2896 1011 2924 erro—

129 2954 227 2983 rem
257 2945 373 2995 rapit
391 2946 658 2995 imitatores,
692 2946 813 2998 quod
831 2949 1012 2998 praeter

131 3007 279 3046 cetera
302 3007 412 3046 haec
434 3008 530 3059 ipsa
549 3010 651 3048 vitia
679 3009 761 3049 sibi
784 3010 1011 3050 aemulan-

130 3068 186 3108 da
215 3071 471 3120 proponunt
500 3080 552 3109 ac
579 3070 845 3122 plerumque
874 3074 1008 3113 etiam

129 3133 318 3182 augent,
362 3132 482 3171 veris
522 3130 760 3174 luminibus
791 3133 1009 3185 eloquen-

129 3195 216 3234 tiae
246 3192 558 3245 posthabitis.»
601 3195 652 3233 V.
673 3196 786 3234 vitiis
811 3196 930 3236 refer
965 3199 1009 3237 et

129 3257 186 3296 ad
227 3267 269 3296 v.
317 3255 466 3305 decipit
513 3256 559 3295 et
601 3255 658 3295 ad
699 3267 742 3295 v.
789 3258 1003 3299 imitabile.

131 3317 355 3370 (Exempla
400 3316 588 3369 duplicis
630 3318 761 3358 huius
802 3321 1008 3359 constru-

130 3381 286 3422 ctionis
301 3380 546 3421 admodum
559 3379 866 3420 memorabilia
880 3392 1009 3432 prae-

129 3441 207 3482 het
236 3442 479 3496 Sophocles
501 3442 607 3482 Oed.
629 3441 720 3483 Col.
744 3442 817 3482 66⁴
839 3454 847 3480 :
878 3442 1006 3484 Κεί-

131 3515 258 3555 νοις
300 3504 336 3545 δ’
372 3502 489 3555 ἴσως
518 3505 593 3545 κεί
619 3502 728 3545 δείν’
761 3498 1006 3562 ἐπερῥώ-

1092 942 1204 995 0977
1235 941 1286 983 λε’
1264 958 1336 997 ey
1318 955 1386 983 ειν
1412 942 1507 996 Της
1528 956 1620 997 οης
1642 940 1849 999 ἀγωγῆς,
1885 943 1970 987 οἰδ

1115 1002 1199 1058 γώ,
1224 1018 1340 1054 (pai
1354 1018 1455 1057 isos
1435 1019 1557 1046 ctat
1578 1005 1777 1065 Μακρὸν
1797 1005 1853 1049 τὸ
1874 1008 1952 1049 (56⁹
1928 1024 1975 1051 v-

1090 1079 1146 1124 ρο
1191 1066 1412 1121 πελαγος.
1473 1071 1615 1120 Antig.
1662 1071 1766 1111 960·
1813 1086 1864 1112 κε
1851 1075 1973 1123 ῖνος

1089 1129 1269 1184 ἐπέγνω
1299 1132 1497 1183 μανίαις
1533 1129 1708 1173 vocem
1738 1131 1822 1173 τὸν
1855 1133 1972 1176 θεὸν

1089 1192 1139 1234 ἐν
1168 1196 1444 1251 κερτομίοις
1474 1192 1738 1247 γλώσσαις,
1785 1201 1829 1238 et
1861 1198 1968 1239 ibid.

1089 1257 1227 1307 4455.)
1288 1257 1353 1296 Ad
1396 1259 1661 1299 sententiam
1701 1260 1753 1299 cf.
1791 1262 1879 1301 Cic.
1915 1263 1969 1303 de

1087 1319 1204 1358 Orat.
1229 1319 1275 1368 2,
1300 1320 1366 1359 22.
1396 1342 1440 1348 -
1469 1322 1696 1374 exsanyue]
1731 1324 1876 1373 «quod
1900 1336 1973 1363 ex-

1086 1393 1276 1432 sangues
1318 1382 1467 1422 reddit
1510 1383 1774 1425 bibentes.»
1846 1386 1972 1427 Clau-

1086 1444 1202 1484 dian.
1227 1445 1271 1484 in
1293 1444 1434 1484 Rufin.
1455 1446 1495 1495 2,
1517 1446 1617 1486 l130:
1643 1449 1871 1498 exsanguis
1889 1451 1971 1489 Ru-

1081 1509 1214 1559 finum
1248 1508 1431 1557 perculit
1458 1509 1625 1548 horror.
1664 1533 1709 1537 ——
1741 1512 1967 1565 cuminum]

1087 1570 1410 1620 «ptisanarium
1452 1572 1659 1612 cumini.»
1706 1573 1814 1614 Plin.
1839 1575 1890 1615 H.
1916 1578 1965 1616 N.

1083 1632 1151 1680 20,
1185 1632 1252 1681 44,
1280 1634 1352 1672 57:
1397 1633 1524 1673 Omne
1554 1634 1800 1688 (cuminum)
1825 1637 1969 1687 pallo-

1080 1706 1171 1734 rem
1201 1695 1425 1742 bibentibus
1452 1697 1598 1747 yiym‘t.
1664 1699 1730 1737 Ita
1769 1704 1878 1740 certe
1903 1701 1967 1751 fe-

1080 1762 1180 1797 runt
1208 1759 1344 1797 Porcii
1373 1760 1570 1798 Latronis
1600 1760 1707 1799 clari
1740 1761 1850 1801 inter
1877 1773 1969 1802 ma-

1079 1820 1232 1871 9istros
1269 1821 1428 1860 dicendi
1473 1826 1744 1862 assectatores
1771 1824 1967 1864 similitu-

1081 1883 1219 1921 dinem
1247 1883 1399 1922 eoloris
1426 1885 1572 1924 studiis
1599 1887 1803 1925 contracti
1822 1887 1966 1926 imita—

1081 1949 1163 1984 tos:
1209 1947 1283 1997 qui
1332 1957 1435 1986 cum
1479 1958 1517 1987 a.
1548 1959 1592 1987 u.
1627 1959 1664 1988 c.
1699 1950 1792 1988 752.
1829 1960 1965 1990 senex

1082 2010 1285 2050 mortuus
1317 2010 1395 2059 sit,
1443 2021 1550 2050 sane
1581 2010 1675 2050 fieri
1707 2014 1878 2063 potest,
1918 2015 1966 2052 ut

1081 2071 1163 2111 hos
1200 2072 1319 2122 ipsos
1349 2074 1587 2113 Porcianos
1628 2074 1670 2113 h.
1702 2073 1729 2114 l.
1762 2074 1966 2115 derideat

1080 2135 1226 2184 poeta.
1271 2134 1479 2175 Similiter
1498 2137 1671 2176 iocatur
1692 2136 1899 2176 Martialis
1921 2138 1959 2185 7,

1080 2194 1128 2234 4:
1160 2196 1296 2244 Esset,
1322 2197 1526 2246 Castrice,
1559 2209 1653 2237 cum
1671 2199 1776 2237 mali
1796 2199 1960 2247 coloris,

1088 2259 1231 2297 Versus
1245 2259 1422 2298 scribere
1437 2261 1571 2310 coepit
1586 2261 1815 2310 Oppianus.
1851 2262 1965 2302 Emi-

1079 2323 1273 2361 nuerunt
1317 2323 1467 2361 autem
1504 2323 1545 2361 in
1576 2323 1831 2363 huiusmodi
1862 2324 1963 2364 imi-

1079 2384 1273 2423 tatorum
1303 2395 1437 2434 grege
1469 2387 1648 2436 proprio
1679 2387 1855 2436 ingenio
1886 2397 1962 2426 ca-

1078 2447 1205 2485 rente
1229 2445 1278 2485 οἱ
1294 2441 1382 2498 τὴν
1403 2443 1664 2498 Πλάτωνος
1687 2443 1964 2500 ἀπομιμού-

1078 2521 1217 2561 μενοι
1246 2506 1517 2565 κυρτότητα
1546 2510 1627 2549 καὶ
1648 2507 1736 2563 τὴν
1760 2506 1963 2568 Ἀριστο-

1078 2570 1245 2622 τέλους
1274 2569 1590 2629 τραυλότητα.
1641 2572 1752 2613 Plut.
1778 2573 1833 2614 de
1855 2574 1957 2614 aud.

1077 2637 1196 2686 poet.
1221 2647 1263 2686 p.
1290 2635 1355 2674 97.
1378 2637 1448 2676 W.

1134 2697 1199 2736 49.
1225 2697 1292 2737 20.
1340 2708 1505 2738 servum.
1530 2699 1672 2751 pecus]
1702 2699 1791 2757 θοέ
1790 2712 1960 2753 inuata

1077 2755 1437 2815 ἀπὸραποόώὸη.
1494 2761 1605 2800 Cum
1637 2772 1813 2802 summa
1842 2764 1958 2804 indi-

1077 2823 1280 2873 gnatione
1313 2823 1356 2862 et
1387 2823 1652 2864 contumelia
1678 2824 1819 2867 malos
1848 2831 1959 2879 poe-

1075 2887 1141 2924 tas
1173 2885 1385 2935 increpat.
1446 2885 1647 2926 «Servilis
1675 2887 1857 2928 imitatio
1888 2888 1957 2930 illa

1076 2947 1200 2986 anxia
1247 2948 1291 2986 et
1335 2958 1513 2987 morosa
1557 2951 1648 2998 est,
1697 2961 1799 2989 cum
1832 2953 1956 3002 quasi

1075 3009 1388 3060 superstitione
1414 3010 1609 3060 quadam
1631 3010 1687 3051 ab
1710 3023 1787 3060 eo,
1821 3023 1956 3063 quem

1073 3071 1338 3111 imitandum
1359 3073 1700 3123 proposuimus,
1733 3085 1789 3114 ne
1815 3076 1958 3117 trans-

1071 3146 1255 3176 versum
1286 3135 1468 3186 quidem
1499 3147 1696 3187 unguem
1721 3137 1954 3178 discedere

1073 3197 1310 3238 audemus.
1369 3199 1557 3249 Ingenua
1598 3210 1728 3249 vero,
1776 3200 1954 3251 quando

1072 3260 1135 3301 sic
1166 3258 1309 3300 aliena
1337 3261 1602 3309 tractamus,
1637 3263 1685 3300 ut
1715 3273 1802 3301 non
1832 3263 1874 3301 in
1896 3261 1955 3301 al—

1071 3322 1209 3362 terius
1245 3323 1580 3374 possessionem
1616 3323 1826 3371 irruisse,
1872 3323 1952 3363 sed

1070 3384 1166 3424 iure
1229 3386 1382 3425 nostro
1443 3385 1620 3424 venisse
1688 3384 1949 3434 credamur,

1072 3456 1278 3497 quaeque
1316 3445 1457 3486 aliena
1499 3447 1621 3494 sunt,
1669 3445 1726 3485 ob
1758 3446 1952 3486 dissimi-

1070 3505 1160 3548 lem
1189 3507 1350 3548 faciem
1379 3518 1468 3547 non
1510 3518 1592 3559 pro
1626 3505 1779 3548 alienis
1808 3507 1952 3549 habe-
