2231 3787
799 257 896 297 ΗΒ.
932 258 978 296 11.
1041 258 1151 297 SAT.
1186 260 1252 297 nt.
1844 261 1945 311 ‘2353

200 387 379 439 Dones
421 386 684 458 quidquid
726 385 921 445 habes,
964 405 1029 439 an
1072 405 1343 458 nunquam
1385 397 1534 441 utare
1578 391 1812 460 paratis?

201 487 422 540 Servius
462 487 728 559 Oppidius
770 487 965 540 Canusi
1006 487 1115 539 duo
1156 488 1404 558 praedia,
1448 489 1600 542 dites

200 589 431 660 Antiquo
472 607 664 646 censu,
706 589 877 659 gnatis
917 587 1116 641 divisse.
1157 589 1371 641 duobus

205 691 391 742 Fertur
429 699 480 742 et
523 690 622 742 hoc
662 690 896 743 moriens
937 690 1120 761 pueris
1159 689 1360 743 dixisse
1401 693 1602 745 voeatis
1853 695 1944 747 170

199 789 276 842 Ad
319 790 539 843 lectum:
587 792 874 862 Postquam
915 800 963 844 te
1012 790 1168 849 talos,
1211 791 1366 850 Aule,
1412 810 1687 865 nucesque

202 893 360 943 Ferre
401 892 518 944 sinu
560 890 702 949 laxo,
745 892 949 945 donare
988 901 1038 945 et
1078 891 1264 945 ludere
1306 893 1437 950 vidi,

183 1041 335 1079 latroni
367 1045 508 1080 Acron
550 1040 683 1086 1481.,
717 1041 804 1080 duo
838 1042 1118 1087 Bersmanni,
1154 1042 1193 1080 1³.
1231 1043 1291 1091 (l't
1326 1054 1424 1089 nos,
1461 1044 1595 1082 nostri
1628 1047 1670 1084 et
1701 1047 1891 1085 l'otticrii

183 1113 363 1143 onmes.
401 1103 502 1141 item
536 1105 707 1142 tlomm.
744 1104 894 1154 (Iruq.)
922 1127 964 1131 —
999 1104 1094 1143 467.
1117 1104 1302 1143 Damnes
1333 1106 1519 1153 (servata
1552 1105 1736 1147 lectione
1768 1109 1894 1147 bara-

183 1165 341 1213 !hrnne)
374 1164 505 1203 dubia
539 1164 718 1205 Bentleii
752 1166 958 1216 suspirio.
989 1188 1032 1193 —
1068 1167 1159 1205 «168.
1194 1168 1408 1217 Oppimius
1439 1170 1528 1217 (sic)
1563 1169 1604 1208 l).
1635 1194 1676 1198 —
1704 1173 1795 1211 470.
1819 1173 1893 1211 hoc

187 1226 290 1279 bsp,
327 1227 515 1266 l’ottierii
548 1238 729 1274 omnes,
765 1230 802 1276 t,
838 1237 966 1266 «cum
998 1227 1264 1268 editionibus
1295 1231 1477 1270 xetustis
1509 1234 1549 1269 et
1582 1236 1891 1286 manuscriptis

184 1289 274 1329 tere
305 1288 537 1329 omnibus»
572 1289 814 1328 Bentleius:
848 1290 948 1328 haec
979 1291 1180 1337 e,LCFM.
1218 1315 1261 1319 —
1304 1292 1388 1331 172.
1422 1297 1458 1331 e!
1488 1294 1645 1335 donare
1674 1295 1716 1335 b.
1756 1319 1795 1326 —
1832 1298 1893 1336 lu-

183 1352 290 1401 dere]
318 1352 492 1401 perdere
522 1350 746 1392 Bentleius
777 1352 890 1391 coni.

128 1486 248 1532 erat,
301 1483 525 1535 piaculum
569 1484 710 1524 hostia
755 1485 1000 1534 caedebat,

128 1557 213 1585 non
264 1549 412 1586 tamen
468 1545 672 1593 Laribus,
733 1550 863 1598 puto,
924 1548 1004 1588 sed

127 1607 387 1660 Aesculapio
442 1607 591 1649 aliisve
639 1609 704 1649 dis
744 1609 1001 1651 maioribus.

129 1671 279 1721 (Plaut.
299 1673 575 1714 Menaechm.
596 1674 635 1721 ⁶2,
659 1674 699 1722 2,
725 1674 806 1724 45.)
841 1675 1004 1714 Verum

127 1735 198 1774 hic
218 1733 334 1775 clare
352 1735 475 1783 dicit,
501 1746 587 1775 non
609 1736 835 1787 periurum
858 1748 1004 1788 neque

127 1796 355 1837 sordidum
389 1808 475 1837 non
507 1798 713 1838 insanire.
753 1821 796 1826 —
829 1800 1007 1851 Naviyet

125 1859 383 1909 Anticyram]
427 1859 506 1899 «ad
544 1858 791 1900 elleborum
821 1872 1007 1901 sumen-

128 1920 279 1961 dum.»
314 1919 427 1960 Cels.
453 1921 501 1970 3,
537 1921 609 1962 48:
643 1923 688 1960 ln
709 1923 878 1962 tristitia
902 1924 1006 1973 (me-

129 1981 362 2032 lancholia)
387 1983 555 2034 nigrum
584 1989 801 2024 veratrum
822 1986 1008 2025 deiectio-

127 2045 191 2084 nis
219 2056 373 2091 causa,
422 2045 461 2084 in
504 2045 717 2086 hilaritate
753 2047 870 2096 (cum
915 2048 1006 2087 risu

129 2106 451 2158 desipientium)
476 2107 614 2146 album
637 2109 692 2147 ad
716 2109 916 2148 farnitum
935 2121 1007 2149 ea·—

128 2169 340 2207 citandum
369 2169 464 2207 dari
485 2169 609 2208 debet.
645 2169 766 2209 Cons.
795 2181 837 2209 v.
862 2171 914 2211 82
935 2182 1002 2222 sq.

184 2230 386 2270 466-169.
439 2232 545 2279 Quid
582 2232 691 2270 enim
726 2233 862 2282 differt
902 2233 1003 2284 cet.]

133 2290 266 2332 «Nihil
307 2292 424 2330 enim
465 2292 610 2332 differt
653 2294 707 2333 ad
763 2295 1004 2341 insaniam,

52 2396 55 2397 ⁷
130 2354 170 2393 in
215 2355 358 2392 utram
404 2356 577 2404 partem
621 2353 777 2405 aliquis
822 2356 1005 2396 modum

130 2415 331 2462 excedat;
356 2426 498 2465 aeque
522 2416 702 2456 insanus
725 2419 792 2457 est
813 2419 886 2468 qui
908 2429 1005 2457 rem

130 2477 354 2529 profundit
401 2479 533 2528 atque
584 2479 658 2528 qui
707 2478 866 2529 opibus
915 2480 1006 2519 suis

131 2549 357 2590 nunquam
379 2539 556 2578 utitur.»
607 2539 858 2580 Ambitione
881 2543 924 2580 et
946 2544 1007 2581 te-

131 2602 348 2648 meritate,
370 2612 484 2651 quae
505 2602 606 2640 vitia
625 2603 854 2654 superiore
876 2614 1005 2643 versu

131 2664 359 2714 tetigerat,
420 2661 583 2704 relictis
641 2675 722 2715 per
779 2665 1006 2716 proximos

130 2724 367 2765 duodecim
398 2736 556 2765 versus
593 2726 763 2777 Oppidii
803 2727 951 2767 verbis
983 2738 1006 2765 a

130 2786 407 2839 prodigentia
433 2798 575 2838 aeque
602 2787 863 2828 dehortatur
875 2792 1008 2840 atque

131 2848 188 2888 ab
219 2849 424 2896 avaritia3
472 2851 565 2889 tum
611 2850 666 2900 (v.
706 2850 816 2900 479.)
849 2851 1009 2891 eodem

134 2910 319 2963 oppidio
349 2910 462 2951 duce
484 2911 596 2952 redit
626 2912 682 2951 ad
719 2912 1010 2953 ambitionem

133 2972 449 3023 castigandam.
494 2994 537 3000 —
579 2974 844 3025 barathrone]
878 2986 1011 3027 «pro-

133 3033 293 3074 fundae
313 3045 363 3073 ac
387 3036 552 3074 taetrae
574 3037 786 3086 voragini,
811 3037 853 3076 in
875 3048 1010 3088 quam

134 3107 248 3149 quae
271 3095 534 3135 deiieiuntur
555 3097 598 3136 in
621 3099 889 3149 perpetuum
911 3110 1010 3139 eva-

134 3161 364 3198 nescunt.»
426 3157 652 3207 (Barathro
692 3161 850 3200 donare
887 3162 1011 3201 Diiu—

135 3223 255 3260 tzero
286 3231 337 3259 ex
369 3219 607 3270 proverbio
638 3219 804 3261 dictum
836 3222 1011 3262 videtur

134 3292 215 3333 pro
251 3274 549 3332 profandefie.)
626 3283 767 3323 Minus
810 3285 1008 3335 apposite

136 3341 205 3382 alii
235 3342 509 3396 explicarunt
540 3342 609 3383 vel
632 3343 687 3384 de
709 3345 861 3384 ventre
883 3355 918 3385 s.
943 3346 1012 3386 in·

137 3403 302 3455 gluvie,
334 3404 405 3445 vel
437 3405 492 3445 de
511 3404 675 3457 populo
694 3407 891 3446 Romano
912 3409 1012 3448 uni-

135 3477 268 3506 verso
290 3477 393 3507 eum
423 3467 638 3507 immensa
663 3468 872 3519 voragine
895 3477 1014 3508 com-

1069 1489 1245 1538 parato,
1279 1489 1404 1538 quasi
1436 1500 1542 1530 vero
1569 1490 1624 1531 de
1657 1492 1790 1531 nimio
1812 1504 1945 1533 aurae

1068 1548 1293 1601 popularis
1335 1551 1480 1591 studio
1519 1553 1589 1593 hic
1627 1557 1857 1605 ageretur,
1904 1555 1946 1595 id

1070 1611 1189 1662 quod
1221 1623 1275 1652 ne
1307 1624 1395 1653 uno
1418 1614 1599 1665 quidem
1620 1616 1759 1655 verbo
1780 1618 1946 1667 signiti-

1070 1675 1139 1712 cat
1170 1676 1324 1725 poeta;
1359 1687 1440 1714 nec
1473 1679 1593 1717 recte
1615 1677 1681 1717 alii
1714 1679 1943 1725 balan-one,

1072 1738 1245 1776 «utrum
1288 1739 1335 1776 ut
1373 1736 1566 1787 balatro,
1614 1739 1828 1788 nel2ulon3
1875 1741 1945 1781 alii

1068 1798 1300 1849 balatroni‚
1334 1799 1401 1840 vel
1424 1801 1740 1851 significatione
1765 1805 1941 1855 propria

1071 1870 1278 1900 «scurrae
1310 1859 1437 1901 alicui
1477 1863 1683 1913 inepto»,
1729 1863 1796 1903 vel
1839 1876 1946 1916 «po-

1066 1921 1168 1973 pulo
1206 1924 1428 1971 Romano,
1477 1922 1716 1964 balatronis
1761 1925 1941 1975 simili»,

1066 1984 1213 2035 legere
1245 1983 1508 2024 maluerunt.
1546 2009 1588 2013 —
1613 1987 1703 2026 Ser.
1729 1987 1941 2040 Oppidius]

1069 2057 1208 2097 eques
1239 2047 1314 2085 Ro.
1339 2046 1514 2086 videtur
1543 2047 1699 2095 fuisse,
1734 2050 1857 2089 cuius
1878 2049 1946 2089 ul-

1071 2110 1201 2148 timae
1234 2108 1586 2158 exhortationes,
1631 2109 1791 2161 quibus
1836 2111 1946 2151 tilios

1069 2182 1093 2210 a
1135 2171 1220 2209 vita
1258 2181 1468 2221 perversa
1508 2182 1720 2212 revocare
1761 2176 1947 2213 conatus

1070 2235 1184 2279 erat,
1220 2233 1421 2280 Horatio,
1456 2233 1550 2273 eius
1580 2234 1748 2283 vicino,
1782 2238 1825 2275 et
1856 2236 1946 2275 for-

1069 2296 1186 2333 tasse
1237 2304 1289 2333 ex
1339 2294 1499 2333 Horatii
1550 2296 1800 2336 narratione
1861 2298 1947 2337 iam

1069 2354 1267 2406 pluribus
1306 2355 1599 2396 innotuerant.
1660 2356 1836 2397 Talibus
1866 2370 1946 2397 au-

1071 2419 1161 2456 tem
1192 2416 1527 2457 narratiunculis
1548 2419 1679 2458 Stoici
1701 2419 1944 2460 exhilarare

1071 2479 1284 2518 tristiores
1323 2488 1426 2518 suas
1467 2478 1785 2530 disputationes
1825 2481 1945 2522 sole-

1070 2541 1191 2580 bant.
1237 2563 1279 2567 —
1325 2540 1491 2591 Canusi]
1534 2542 1655 2582 Cons.
1689 2544 1775 2583 sat.
1810 2545 1854 2592 1,
1895 2546 1943 2593 5,

1070 2604 1136 2642 Ol.
1176 2625 1214 2631 -
1261 2603 1438 2652 Antiqua
1481 2604 1617 2656 censu]
1665 2606 1777 2645 uiam
1821 2609 1947 2657 pater

1071 2665 1352 2715 maioresque
1385 2666 1478 2706 cius
1509 2678 1562 2705 ex
1592 2677 1730 2706 censu
1769 2667 1946 2719 publico

1072 2728 1229 2767 divites
1259 2726 1584 2768 habebantur.»
1633 2728 1769 2769 Aliter
1806 2730 1946 2782 expli-

1073 2790 1142 2829 cat
1161 2791 1326 2838 Acron,
1352 2800 1487 2840 quem
1509 2792 1710 2842 sequitur
1732 2793 1944 2832 Diintzer:

1074 2852 1209 2900 «Quia
1240 2852 1275 2891 si
1306 2852 1404 2902 quis
1434 2853 1674 2904 antiquitus
1705 2853 1792 2894 duo
1821 2865 1948 2906 prae-

1073 2913 1142 2953 dia
1187 2912 1403 2962 habebat,
1451 2913 1576 2955 dives
1620 2914 1944 2963 censebatur»;

1073 2977 1120 3014 ut
1139 2975 1215 3015 sit:
1252 2974 1424 3022 «dives,
1449 2977 1497 3015 ut
1517 2978 1638 3016 certe
1660 2977 1851 3017 maiores
1873 2988 1949 3017 no-

1072 3037 1149 3077 stri
1179 3036 1380 3076 arbitrari
1412 3036 1658 3078 solebant.»
1700 3061 1743 3066 —
1785 3039 1945 3089 divisse]

1071 3098 1271 3151 populari
1291 3097 1462 3139 licentia
1483 3111 1565 3151 pro
1593 3101 1788 3141 divisisse.
1849 3101 1944 3141 Vid.

1074 3161 1130 3201 ad
1161 3163 1247 3201 Sat.
1274 3163 1320 3209 ⁴,
1355 3162 1400 3209 9,
1434 3161 1500 3201 73.

1130 3223 1322 3263 472-478.
1355 3224 1448 3262 sinu
1466 3222 1582 3274 laxo]
1607 3223 1827 3264 «Nucibus
1845 3234 1946 3263 cum

1074 3284 1226 3325 ludere
1270 3283 1401 3324 vellet
1442 3283 1602 3332 Aulus,
1660 3296 1734 3325 eas
1778 3283 1948 3324 serebat

1074 3346 1172 3386 sinu
1201 3345 1299 3386 laxo
1330 3357 1382 3393 s.‚
1401 3346 1553 3394 soluto,
1594 3348 1642 3385 ut
1670 3347 1727 3384 ait
1765 3346 1864 3384 Sen.
1890 3344 1946 3384 de

1074 3407 1223 3448 Benef.
1254 3407 1303 3457 4,
1336 3407 1422 3457 24„
1468 3419 1522 3448 ex
1552 3418 1640 3459 quo
1670 3405 1793 3447 facile
1825 3407 1948 3446 exci-

1075 3468 1183 3510 dere
1214 3471 1440 3521 poterant,
1487 3468 1605 3520 quod
1637 3469 1779 3519 ipsum
1811 3465 1948 3518 negli-
