2231 3787
906 238 1002 276 Llss.
1038 238 1067 276 I.

277 370 391 420 Non
434 386 534 439 ego
582 386 701 421 sum
744 367 900 438 Capri
942 384 1120 438 neque
1162 365 1332 420 Sulci:
1375 383 1471 419 cur
1511 374 1718 419 metuas
1760 369 1884 418 ine?

1131 237 1241 276 ΒΧΓ.
1278 238 1343 276 lv.

277 469 430 522 Nulla
481 469 707 524 taberna
746 487 895 523 111005
935 468 1133 522 habeat
1172 486 1350 539 neque
1390 467 1499 538 pila
1538 467 1773 525 libellos,

278 572 409 635 Quis
451 589 640 624 manus
683 571 897 624 insudet
934 570 1074 641 volgi
1114 570 1581 640 Hermogenisque
1622 569 1830 641 Tigelli:

275 675 385 727 Nec
425 673 592 726 recito
635 674 890 744 cuiquam
929 673 1028 725 nisi
1069 672 1281 733 01111015,
1327 671 1489 742 idque
1530 680 1774 730 coactus,

274 776 389 827 Non
427 775 604 828 ubivis
645 792 898 828 coramve
938 773 1285 846 quibuslibet.

275 876 482 947 Scripta
521 876 635 930 soro
680 877 928 939 recitent,
972 884 1094 929 sunt
1132 874 1280 929 multi
1322 875 1526 946 quique
1566 874 1829 929 lavantes:
1978 897 2033 928 14)

313 1034 378 1073 70.
426 1045 517 1073 suin
563 1034 702 1074 Codd.
738 1034 839 1086 aliq.
874 1034 1112 1074 Torrentii:

1363 775 1421 825 111
1459 773 1637 827 medio
1679 774 1770 844 qui

1969 878 2028 890 ιο..)

1158 1034 1236 1072 siin
1279 1033 1634 1084 BScdp,LCtFM,
1683 1033 1824 1073 Bentl.
1862 1036 1978 1085 (cum

260 1096 483 1144 omnibus,
509 1099 556 1135 ut
586 1097 776 1145 videtur,
812 1096 933 1147 suis),
966 1097 1002 1135 J.
1045 1119 1089 1123 —
1124 1096 1268 1145 Capi-ii·
1290 1108 1353 1134 νω
1377 1098 1420 1135 01
1449 1107 1515 1146 pr.
1550 1109 1592 1144 κ,
1629 1098 1669 1136 κ’.
1699 1120 1743 1124 —
1783 1098 1849 1136 73.
1872 1098 1971 1149 Nec]

258 1160 351 1197 Non
382 1160 593 1209 quattuor
616 1160 825 1205 Pottierii,
846 1161 947 1199 LCt.
972 1155 1045 1208 '(Ut
1067 1168 1162 1205 nos,
1196 1157 1363 1208 bScdp,
1397 1156 1579 1197 Bentleii
1612 1158 1750 1198 Codd.
1786 1161 1976 1210 omnes.)

264 1243 307 1249 ——
349 1221 514 1260 recitem
558 1232 661 1260 eum
710 1221 849 1261 Codd.
901 1219 1100 1261 Lambini
1143 1219 1381 1260 Bentleius.
1433 1241 1477 1248 -
1527 1222 1752 1270 quicquam
1797 1234 1819 1261 0
1867 1223 1975 1262 Cod.

257 1281 443 1333 Magdal.
480 1283 532 1334 (v)
566 1283 701 1323 idem.
739 1283 883 1335 (recito
914 1284 1113 1333 cuiqnam
1143 1283 1279 1322 nostri
1303 1285 1347 1322 et
1380 1284 1572 1323 Pottierii
1603 1286 1794 1335 omnes.)
1832 1308 1875 1312 —
1910 1286 1976 1324 75.

257 1346 438 1385 recitant
467 1344 530 1386 bd
564 1347 666 1397 (non
697 1346 813 1398 Sep).

202 1477 453 1530 bibliopolis
491 1490 579 1519 non
618 1480 938 1520 commisisset:
987 1490 1086 1519 me—

201 1543 353 1580 mento
391 1541 526 1581 modo
566 1543 815 1589 Sosiorum3
864 1553 915 1581 ac
951 1543 986 1581 si
1032 1552 1085 1581 ea

200 1602 270 1642 vel
319 1603 440 1643 domi
495 1605 749 1644 retinuisset
802 1603 871 1644 vel
929 1605 1085 1656 paucis

201 1665 431 1706 dumtaxat
480 1678 583 1706 011111
632 1668 785 1707 01111015
832 1666 1086 1706 0011111111111-

202 1730 368 1777 005501,
403 1729 545 1778 unde,
580 1740 774 1781 quaeso,
807 1731 993 1781 repente
1022 1730 1087 1767 tot

202 1801 359 1829 eorum
379 1792 739 1843 vituperatores?
770 1814 814 1820 —
843 1791 947 1842 pila]
972 1792 1083 1830 Ante

200 1853 411 1894 tabernas
461 1853 503 1893 111
553 1853 797 1906 porticibus
848 1853 1084 1893 collocatas

199 1914 365 1955 librarii
408 1916 635 1956 habebant
673 1918 803 1967 pilas,
853 1916 1084 1957 columnas

200 1979 396 2030 porticus
434 1980 730 2028 sustinentes,
780 1979 942 2030 quibus
986 1977 1084 2030 pilis

201 2040 369 2081 indices
400 2040 641 2090 librorum,
676 2052 788 2092 quos
814 2043 857 2081 in
888 2041 1084 2081 tabernis

201 2103 476 2153 xendebant,
511 2104 627 2143 affixi
651 2107 789 2143 erant.
841 2105 890 2143 A.
915 2106 960 2143 P.
985 2103 1081 2143 373.

201 2165 381 2205 Martial.
409 2167 453 2215 11,
489 2167 590 2215 447,
627 2167 699 2206 40:
743 2167 899 2206 Contra
930 2166 1085 2206 Caesa-

203 2228 261 2266 ris
289 2232 347 2267 est
373 2228 514 2278 forum
549 2229 748 2279 taberna,
792 2229 968 2279 Scriptis
1000 2241 1086 2279 po-

201 2290 326 2329 stibus
360 2291 454 2329 hinc
489 2294 527 2329 et
565 2291 659 2330 inde
698 2292 813 2340 totis,
863 2292 1012 2331 Omnes
1039 2295 1085 2330 ut

202 2353 281 2391 cito
306 2352 500 2403 perleqas
527 2355 690 2402 poetas.
726 2354 778 2393 Et
800 2353 854 2392 de
886 2354 987 2393 vino
1018 2353 1080 2393 Id.

204 2415 247 2463 7,
283 2415 356 2463 61,
406 2415 455 2453 5:
507 2415 637 2454 Nulla
682 2416 886 2455 catenatis
908 2416 1002 2465 pila
1030 2420 1087 2455 est

198 2478 443 2527 praecincta
486 2478 645 2529 laqenis
688 2477 743 2517 ab
789 2478 1081 2518 institoribus.

202 2538 335 2579 Paulo
367 2538 492 2579 aliter
513 2538 803 2579 scholiastae:
839 2538 1086 2591 «bibliopo—

202 2601 269 2642 lae
300 2601 369 2642 vel
400 2602 609 2642 tabernas
640 2602 867 2642 habebant
904 2602 975 2643 vel
1013 2614 1086 2642 ar-

202 2665 340 2704 maria
371 2665 490 2716 apud
520 2663 675 2716 pilas.»
711 2688 755 2692 —
792 2666 1088 2716 Hermoqenis-

203 2739 280 2777 que
312 2727 463 2779 Tisselli]
497 2728 661 2767 diversi
690 2728 843 2780 utique
875 2739 900 2767 a
930 2729 985 2768 M.
1016 2728 1088 2767 Ti-

203 2788 330 2840 gellio
362 2790 525 2839 Sardo,
558 2791 664 2829 tune
694 2792 893 2839 mortuo,
927 2792 974 2830 ut
1005 2789 1087 2830 de-

203 2853 466 2892 monstravit
495 2853 765 2893 Kirchnerus
799 2853 847 2900 Q.
872 2853 922 2892 H.
947 2863 990 2904 p.
1015 2851 1082 2892 42.

203 2912 457 2954 Admodum
515 2913 630 2955 salse
688 2915 906 2966 signifieat
967 2915 1086 2955 hunc

205 2974 532 3016 modulatorem
567 2977 610 3016 in
652 2976 789 3018 rebus
830 2977 886 3016 ad
929 2978 1084 3029 poesin

206 3037 508 3089 spectantibus
530 3049 672 3089 aeque
705 3040 962 3091 imperitum
985 3050 1086 3080 esse

205 3111 256 3140 00
286 3098 479 3150 volgum.
540 3101 603 3140 De
634 3101 814 3141 homine
850 3102 938 3141 iam
970 3112 1088 3142 mor—

207 3166 280 3202 tuo
312 3162 481 3203 dictum
513 3164 633 3202 esset
660 3163 904 3203 inficetum.
933 3186 977 3192 —-
1002 3165 1087 3204 Nec

204 3225 331 3264 recito
370 3224 581 3273 cuiquam]
623 3224 688 3264 Ad
728 3236 769 3264 v.
801 3226 929 3265 recito
959 3225 1084 3265 facile

207 3286 468 3336 cogitatione
495 3284 726 3337 suppletur
748 3296 801 3325 ex
822 3298 862 3325 v.
889 3287 955 3326 71.
978 3298 1088 3327 meos

206 3347 377 3398 libellos,
411 3359 494 3387 1100
523 3348 785 3399 propterea,
834 3347 954 3398 quod
983 3359 1088 3388 ver-

207 3408 316 3449 bum
365 3410 617 3450 accusativo
668 3420 820 3448 carere
884 3408 1084 3458 videtur,

210 3481 312 3510 cum
351 3483 439 3511 uno
480 3472 587 3511 Cod.
628 3470 766 3511 Bentl.
813 3471 869 3521 (et
904 3472 1088 3511 Gesneri

1152 1477 1268 1528 SaX.)
1292 1475 1532 1527 legendum
1554 1477 1794 1527 quicquain,
1819 1489 1922 1518 cum
1945 1480 2037 1519 cui—

1152 1550 1300 1588 quam,
1334 1541 1383 1578 ut
1403 1540 1505 1579 huie
1527 1538 1623 1579 1000
1647 1541 1875 1589 convenit,
1908 1553 2037 1592 prae-

1152 1602 1288 1642 fracte
1336 1604 1491 1653 neget:
1553 1614 1641 1642 «ne
1687 1603 1761 1641 uni
1808 1603 2035 1654 quidem.»

1150 1667 1304 1715 Neque
1337 1675 1444 1703 vero
1476 1675 1861 1715 supervacaneum
1893 1668 1960 1705 est
1989 1678 2030 1705 v.

1152 1726 1415 1776 quibuslibet,
1450 1727 1660 1777 quoniam
1691 1727 1906 1777 significat
1938 1740 2034 1768 1110-

1151 1788 1217 1829 105
1256 1790 1411 1840 [100105
1443 1787 1828 1839 qualibuscunque
1859 1789 2036 1829 audito—

1153 1851 1275 1892 ribus
1308 1852 1539 1891 contentos
1571 1862 1685 1891 esse.
1748 1851 1923 1902 Epicuri
1955 1864 2036 1892 au-

1151 1917 1242 1955 tem
1274 1915 1370 1954 erat
1398 1914 1715 1964 praeceptum,
1757 1909 1841 1952 τὸν
1870 1910 2033 1964 σοφὸν

1149 1977 1230 2016 καὶ
1280 1973 1637 2032 συγγράμματα
1694 1974 2032 2028 καταλείψειν,

1151 2034 1207 2079 οὗ
1254 2041 1563 2096 πανηγυριεῖν
1603 2036 1668 2078 δέ.
1730 2039 1853 2089 Diog.
1889 2040 2030 2079 Laert.

1151 2102 1223 2150 40,
1260 2102 1353 2142 449.

1204 2226 1352 2267 74-80.
1386 2227 1434 2265 In
1462 2226 1596 2265 'medio
1627 2225 1730 2278 cet]
1762 2227 1857 2266 Non
1879 2226 2037 2267 adver-

1150 2289 1316 2329 sarium
1347 2287 1606 2339 loquentem
1639 2289 1827 2338 inducit,
1868 2292 1916 2329 ut
1945 2289 2037 2329 volt

1151 2352 1325 2391 Comm.
1344 2353 1496 2402 Cruq.,
1517 2352 1596 2391 sed
1615 2352 1698 2391 hoc
1713 2351 1838 2391 dicit:
1865 2351 2033 2391 «Probe

1150 2414 1250 2452 novi
1282 2423 1408 2462 esse,
1453 2414 1526 2463 qui
1556 2412 1626 2452 vel
1658 2413 1701 2452 in
1732 2412 1881 2452 medio
1914 2412 2032 2460 foro,

1150 2475 1194 2515 id
1232 2476 1300 2515 est
1336 2474 1517 2526 dempta
1557 2474 1830 2526 hyperbola,
1880 2486 2034 2515 coram

1151 2538 1343 2577 maxima
1374 2537 1628 2576 auditorum
1650 2549 1811 2577 corona
1835 2539 2033 2577 carmina

1152 2601 1382 2640 recitent.»
1420 2623 1459 2629 —
1498 2599 1706 2651 lavantes]
1741 2601 1807 2638 «in
1846 2599 2032 2649 balneis,

1152 2662 1254 2713 quia
1284 2663 1327 2701 in
1357 2661 1455 2701 loco
1486 2662 1700 2701 fornicato
1731 2662 1927 2702 suaviter
1961 2673 2036 2701 re—

1151 2726 1280 2764 sonat
1318 2725 1545 2764 recitantis
1579 2735 1709 2764 1οΧ.»
1769 2722 1952 2765 Martial.
1987 2724 2032 2773 3,

1151 2786 1224 2836 44,
1260 2787 1326 2827 4⁶2.
1368 2786 1424 2826 ad
1445 2787 1753 2826 recitatorem:
1786 2787 1833 2826 In
1856 2787 2038 2826 thermas

1149 2849 1292 2901 fayio:
1337 2860 1463 2888 sonas
1505 2849 1561 2887 ad
1598 2859 1760 2888 aurem.
1820 2847 2037 2889 Videlicet

1152 2912 1321 2952 circum
1380 2910 1557 2951 labrum
1616 2911 1658 2950 in
1717 2910 1887 2951 balneis
1941 2914 2036 2951 erat

1152 2973 1324 3023 schola,
1359 2985 1496 3026 quam
1515 2973 1760 3024 vocabant,
1783 2974 1860 3013 ubi
1881 2975 2034 3014 amieis

1152 3037 1348 3077 carmina
1389 3037 1470 3075 ista
1510 3036 1723 3075 audituris
1764 3034 1887 3075 locus
1919 3037 2030 3074 erat.

1151 3100 1320 3138 Vltruv.
1345 3100 1392 3148 5,
1429 3099 1501 3138 1οῑ
1536 3098 1712 3138 Scholas
1737 3102 1876 3137 antem
1897 3097 2034 3136 labro-

1149 3174 1246 3201 rum
1276 3162 1338 3200 ita
1372 3161 1467 3212 fieri
1497 3164 1657 3210 oportet
1694 3161 1921 3210 spatiosas,
1963 3164 2032 3208 ut,

1150 3235 1245 3264 cam
1267 3224 1433 3273 priores
1462 3223 1758 3272 occupaverint
1786 3223 1902 3270 loca,
1945 3222 2033 3260 cir-

1150 3289 1474 3336 camspectantes
1501 3286 1652 3333 reliqui
1683 3289 1788 3324 recte
1808 3289 1918 3323 stare
1931 3294 2035 3332 pos—

1150 3350 1245 3388 sint.
1308 3350 1477 3388 Seneca
1512 3349 1589 3399 Ep.
1614 3347 1681 3387 56.
1706 3348 1819 3386 inter
1848 3344 2033 3384 balnea—

1152 3421 1251 3450 rum
1292 3409 1574 3450 incommoda
1609 3410 1695 3448 hoc
1727 3418 1904 3458 quoque
1935 3418 2033 3446 me-

1154 3474 1322 3511 morat:
1377 3472 1517 3511 Adiice
1546 3494 1568 3499 -
1598 3493 1620 3499 -
1650 3470 1786 3517 illum,
1841 3469 1908 3508 cai
1948 3481 2034 3508 voa·

1453 3559 1475 3575 ἢ
