2231 3787
227 281 327 332 348

859 285 1070 324 IIORATII
1102 285 1400 327 SATIRARUM

838 631 1185 682 SATmA
1226 631 1422 680 vul:-

298 751 359 805 [t
397 750 666 803 Nasidieni
707 749 836 801 iuvit
874 757 925 801 te
963 765 1133 802 coena
1172 748 1353 802 beati?

331 899 442 938 sAT.
476 900 582 937 VIII.

648 900 682 937 t.
720 899 767 936 L't
796 902 832 937 te
859 898 1074 936 Nasidieni
1104 898 1207 937 iuvit
1237 909 1291 937 ex
1321 897 1459 938 Codd.
1485 897 1556 938 Sil.
1583 901 1626 939 et
1657 901 1779 939 Mart..
1805 902 1852 948 C,
1885 901 1979 940 Na-

275 961 417 1000 sidieni
449 961 517 1009 (μα’
548 960 649 998 iuvit
679 964 715 998 te
745 970 768 998 e
802 958 940 999 Codd.
976 959 1019 998 F.
1057 961 1122 1010 (Ut
1151 971 1253 1008 nos,
1286 959 1471 1012 bSEcp.)

276 1085 381 1123 VIII.
433 1083 661 1123 Mirificam
713 1083 936 1123 Nasidieni
991 1094 1098 1123 coe-

222 1157 324 1186 nam
354 1147 500 1185 narrat
533 1146 709 1186 Horatio
734 1146 997 1185 Fundanius.
1048 1145 1100 1184 Il-

219 1208 293 1247 lud
324 1211 473 1247 autem
505 1209 706 1258 quamvis
739 1218 915 1247 summo
951 1207 1096 1247 studio

221 1272 371 1319 ageret
402 1270 530 1309 huius
563 1270 747 1309 convivii
780 1269 1007 1318 dominus,
1050 1271 1098 1308 ut

221 1343 371 1371 coram
402 1333 676 1376 Maecenate,
721 1332 761 1370 in
801 1332 924 1371 cuius
955 1333 1098 1371 hono-

220 1406 316 1434 rem
339 1394 549 1442 dabatur,
583 1394 753 1434 divitias
775 1405 898 1442 suas,
932 1395 1099 1444 magni-

221 1456 440 1496 ficentiam
486 1460 617 1507 atque
664 1456 842 1507 elegans
887 1456 1096 1496 iudicium

221 1522 484 1565 ostentaret,
520 1522 668 1558 tamen
692 1530 876 1569 operam
907 1521 998 1558 tam
1020 1519 1098 1558 mi-

221 1591 319 1620 sere
369 1581 582 1632 perdidit,
642 1584 689 1620 ut
734 1582 804 1620 xlx
854 1581 1097 1632 quidquam

219 1644 430 1694 ineptius,
475 1644 712 1694 agrestius,
757 1644 895 1694 magis
934 1644 1097 1683 ridicu-

220 1704 367 1744 culum
399 1705 576 1755 cogitari
607 1707 780 1756 posset,
820 1716 955 1756 quam
985 1706 1096 1744 haec

219 1770 311 1819 ipsa
358 1779 494 1807 coena
543 1771 585 1807 et
629 1769 703 1818 qui
748 1779 847 1807 eam
892 1768 1095 1819 praebuit

219 1831 479 1871 Nasidienus
525 1842 578 1869 ea:
622 1832 764 1881 infima
804 1831 1001 1880 fortuna,
1049 1833 1097 1869 ut

219 1895 365 1933 omnia
409 1895 618 1942 arguunt,
655 1897 894 1942 provectum
937 1893 1091 1940 homo⁷

219 1959 263 1995 ut
313 1954 545 1994 Wielandii
592 1955 739 1995 verbis
789 1957 909 2003 utar,
963 1965 1093 1993 avare

218 2017 450 2068 prodigus,
492 2016 685 2067 superbe
717 2017 988 2065 submissus,
1022 2028 1095 2055 ar-

224 2081 430 2129 roganter
464 2077 697 2126 credulus,
747 2077 1009 2129 elegantiam
1054 2080 1097 2117 et

219 2141 515 2180 urbanitatem
543 2139 724 2179 ridicule
749 2141 985 2189 affectans,
1016 2141 1095 2180 sed

219 2203 337 2242 idem
368 2204 563 2253 Ineptus‚
608 2202 741 2241 taedii
779 2201 956 2253 plenus,
1001 2205 1094 2242 sto-

218 2264 353 2307 lidus.
402 2265 519 2304 omni
565 2276 698 2304 sensu
749 2266 1003 2314 communi,
1051 2266 1098 2306 li-

218 2326 435 2366 beraliore
468 2327 729 2366 educatione
761 2338 812 2366 ae
854 2329 967 2366 vttae
1013 2339 1093 2368 usu

218 2389 466 2429 destitutus.
552 2388 629 2428 Vel
685 2389 906 2440 hodieque
959 2388 1096 2429 lector

219 2452 379 2491 Horatii
419 2452 488 2489 vix
526 2452 569 2489 in
603 2449 686 2489 ulla
719 2451 801 2490 alia
832 2452 925 2491 eius
956 2453 1093 2491 Satira

218 2517 306 2552 tam
337 2512 470 2552 multa
502 2512 685 2552 ridicula
714 2517 756 2552 et
787 2514 1029 2553 deridenda
1052 2515 1092 2553 in

217 2586 354 2614 unum
371 2574 553 2615 collecta
574 2576 789 2615 inveniet:
815 2578 977 2626 quanto
995 2575 1093 2627 plus

216 2640 438 2677 Romanus
481 2636 620 2677 lector
663 2638 914 2677 Invenerit‘?
958 2640 1093 2677 Prae-

217 2701 369 2738 sertim
401 2700 517 2738 enim
548 2700 591 2738 in
635 2700 709 2747 iis,
761 2711 874 2750 quae
911 2699 965 2739 de
1002 2700 1090 2739 fer-

217 2760 416 2800 culorum
455 2761 607 2800 ordine
647 2764 949 2812 apparatuque
986 2772 1091 2800 nar-

216 2825 393 2870 rantur,
441 2824 511 2861 vix
554 2834 668 2862 nunc
701 2823 827 2863 nobis
858 2823 1090 2864 derisionis

214 2884 304 2922 vim
341 2883 407 2923 vel
454 2885 702 2923 coniectura
744 2886 921 2935 assequi
966 2884 1086 2933 licet,

217 2956 361 2995 neque
394 2944 587 2984 Salmasii
620 2949 693 2985 aut
727 2947 962 2996 Boettigeri
994 2957 1092 2985 eru-

217 3006 321 3045 ditio
364 3009 568 3057 suppetat
609 3008 663 3046 ad
705 3019 860 3048 omnes
906 3009 1090 3059 ineptias

216 3069 610 3117 demonstrandas,
636 3069 796 3119 qulbus
820 3070 930 3109 haec
952 3081 1089 3109 coena

216 3130 494 3170 laboraverit.
564 3131 670 3168 Zeti.
717 3143 769 3169 ex
814 3132 1086 3169 lIr21xDonF10.

215 3192 348 3232 Aliter
392 3193 460 3230 vix
505 3191 598 3230 fieri
643 3195 814 3242 potest,
868 3204 999 3242 quam
1045 3195 1089 3232 ut

215 3254 434 3295 Nasidieni
458 3264 619 3293 nomen
643 3255 813 3292 finxerit
834 3258 987 3304 pocta:
1012 3255 1090 3293 nii-

217 3318 332 3356 nime
371 3317 488 3356 enim
529 3316 843 3363 conveniebat.
891 3319 935 3355 ut
981 3328 1087 3356 vero

217 3380 393 3419 nomine
416 3379 669 3418 traduceret
690 3379 915 3419 hominem
939 3381 1090 3420 etiam—

213 3445 318 3480 tunc
338 3442 505 3490 vivum,
541 3442 609 3480 cui
641 3440 782 3492 aliqua
807 3440 962 3481 saltem
986 3454 1085 3482 cum

217 3505 469 3543 Maecenate
509 3503 792 3543 necessitudo
838 3504 1088 3544 intercede-

1162 1083 1251 1123 bat.
1313 1084 1385 1124 Sin
1407 1095 1564 1124 verum
1587 1087 1656 1125 est
1676 1096 1864 1135 nomen,
1897 1088 1945 1126 ut
1965 1097 2040 1126 vo-

1161 1145 1254 1186 lunt
1283 1145 1576 1195 scholiastae,
1610 1159 1698 1187 non
1728 1149 1785 1187 ita
1807 1147 1943 1188 multo
1965 1160 2040 1188 an-

1161 1210 1231 1247 tea
1253 1210 1443 1248 mortem
1466 1208 1626 1249 obierit
1652 1211 1720 1258 N.,
1746 1221 1930 1250 necesse
1954 1212 2035 1250 est.

1162 1269 1398 1320 Singularis
1430 1274 1580 1310 autem
1612 1273 1656 1310 et
1687 1283 1757 1312 ars
1790 1274 1834 1311 et
1863 1272 2038 1312 urbani-

1162 1334 1226 1371 tas
1257 1333 1299 1372 in
1331 1344 1383 1373 eo
1407 1334 1622 1382 cernitur,
1657 1334 1775 1384 quod
1798 1333 1912 1374 nulla
1934 1345 2035 1384 vox,

1161 1393 1303 1434 nullus
1334 1397 1483 1445 gestus
1514 1396 1782 1435 Maecenatis
1812 1406 2038 1435 memora-

1161 1458 1251 1505 tur,
1293 1459 1445 1508 utpote
1478 1458 1551 1508 qui
1583 1458 1820 1499 comitibus
1850 1459 2038 1498 iocanti-

1160 1517 1244 1558 bus
1275 1521 1407 1570 atque
1439 1521 1675 1569 paroehum
1705 1519 1817 1560 salse
1848 1520 2038 1560 irriden-

1160 1579 1301 1629 tibus,
1335 1581 1427 1632 ipse
1461 1583 1593 1621 etiam
1624 1582 1826 1622 convivio
1856 1583 2039 1622 tamin-

1161 1644 1262 1693 epto
1284 1643 1586 1694 maximopere
1606 1642 1887 1693 ethlaratus,
1908 1655 2036 1684 suam

1161 1704 1418 1754 dIgnitatem
1448 1704 1646 1745 illaesam
1676 1706 1877 1745 servarit.
1930 1707 2038 1745 Per-

1159 1765 1328 1806 tinebat
1348 1770 1497 1807 autem
1518 1766 1644 1816 illud,
1679 1768 1856 1819 opinor,
1890 1767 1946 1807 ad
1967 1769 2038 1807 to-

1160 1831 1249 1867 tam
1280 1829 1378 1867 novi
1409 1830 1680 1880 principatus
1710 1830 1947 1876 rationem,
1989 1831 2038 1870 ut

1161 1893 1325 1931 Caesar
1364 1892 1587 1931 interdum
1627 1894 1748 1932 certe
1781 1893 2037 1932 comitatem

1160 1964 1287 1992 suam
1318 1955 1361 1993 et
1391 1953 1565 1993 clvilem
1596 1955 1792 1993 animum
1813 1965 1895 2005 per
1916 1956 2037 1995 Mae—

1161 2017 1364 2054 cenatem
1395 2016 1497 2054 huic
1528 2016 1593 2054 rei
1626 2016 1902 2066 aptissimum
1940 2014 2038 2055 tali-

1158 2076 1243 2117 bus
1275 2088 1452 2128 quoque
1487 2077 1740 2117 hominibus
1772 2077 2037 2129 comproba-

1160 2140 1248 2186 ret;
1283 2140 1376 2190 ipse
1409 2140 1528 2178 enim
1558 2140 1898 2179 Nasidienorum
1930 2150 2036 2179 coe-

1159 2202 1225 2241 nis
1258 2202 1473 2242 interesse
1506 2213 1593 2241 non
1622 2204 1808 2253 poterat.
1871 2202 1957 2242 Sed
1978 2214 2034 2243 ne

1158 2265 1385 2306 molestiae
1417 2264 1756 2314 succumberet,
1797 2265 2034 2305 Maecenas

1160 2331 1203 2367 et
1233 2328 1400 2367 amicos
1432 2329 1476 2366 et
1505 2326 1688 2366 umbras
1721 2325 1792 2366 tali
1827 2327 1923 2366 ioco
1953 2337 2035 2378 pa-

1157 2401 1229 2430 res
1289 2388 1522 2439 deligebat.
1608 2389 1827 2428 Nasidieni
1884 2391 2035 2429 autem

1156 2453 1292 2503 Ipsius
1323 2461 1512 2502 persona
1546 2462 1570 2490 a
1601 2462 1766 2491 coenae
1808 2452 1929 2492 initio
1963 2462 2036 2491 us-

1158 2525 1243 2565 que
1275 2513 1330 2553 ad
1362 2513 1498 2553 finem
1528 2514 1643 2553 Inter
1673 2524 1896 2554 summam
1924 2513 2035 2553 bea-

1158 2575 1389 2615 titudinem
1441 2585 1756 2625 summamque
1808 2575 2033 2614 miseriam

1158 2638 1364 2677 continuo
1395 2640 1577 2685 nutans,
1622 2635 1735 2676 ultra
1767 2648 1902 2687 quam
1933 2648 2034 2677 cre-

1157 2699 1287 2739 dibile
1330 2701 1424 2748 est,
1471 2698 1654 2738 ridIcula
1691 2701 1856 2738 manet.
1917 2699 2034 2738 Fun-

1156 2763 1284 2802 danto
1315 2762 1449 2810 item,
1484 2762 1659 2811 egregio
1681 2763 1838 2812 poetae
1861 2761 2032 2801 comico

1157 2826 1255 2874 (Sat.
1295 2824 1339 2871 I,
1386 2824 1459 2872 40,
1502 2822 1554 2863 40
1587 2825 1720 2874 sqq),
1762 2825 2033 2864 convenien-

1156 2887 1321 2925 tissime
1354 2887 1487 2925 totam
1528 2886 1827 2925 narrationem
1866 2885 2028 2926 tribuit.

1153 2948 1261 2987 VIde
1280 2947 1487 2999 denique,
1512 2959 1565 2987 ne
1589 2948 1700 2988 haee
1723 2948 1861 2987 Satira
1884 2959 2033 2988 exem-

1154 3009 1248 3061 plar
1279 3010 1407 3050 suerit
1446 3012 1733 3050 Petronianae
1764 3009 1876 3050 illius
1917 3011 2032 3051 Coe-

1155 3083 1236 3111 nae
1259 3071 1614 3120 Trimalchionis,
1648 3073 1806 3112 merIto
1827 3071 2031 3112 celebra-

1154 3134 1364 3174 tissimae.
1425 3136 1520 3174 Non
1552 3135 1646 3174 sine
1688 3134 1831 3174 fructu
1867 3145 2031 3174 consu-

1153 3195 1216 3236 les
1246 3197 1439 3247 Bo'ttiger
1467 3197 1521 3235 kl.
1547 3197 1751 3247 Schriften
1770 3197 1840 3236 III.
1863 3207 1905 3248 p.
1930 3197 2024 3236 247:

1153 3259 1230 3297 Eiav
1270 3259 1433 3298 anah-er
1470 3259 1758 3298 Ktoehenzettel
1797 3269 1874 3297 aus
1911 3259 2025 3297 Rom.

1156 3319 1370 3361 (Mac-rob.
1412 3322 1583 3359 Saturn.
1624 3321 1670 3368 Ξ,
1716 3319 1780 3369 9.)
1827 3319 1942 3359 B'ahr
1985 3319 2027 3358 In

1154 3384 1346 3421 Creuzer
1386 3382 1526 3421 Abriss
1565 3382 1638 3421 der
1675 3385 1780 3420 ro'm.
1812 3381 1948 3429 Antiq.
1981 3391 2024 3432 p.

1152 3444 1244 3483 407.
1279 3444 1446 3483 Becker
1478 3444 1621 3483 Gallus
1654 3442 1736 3492 (ed.
1763 3441 1850 3493 alt.)
1883 3443 1950 3482 111.
1980 3452 2022 3493 p.

1154 3506 1222 3545 474
1261 3516 1359 3556 sqq.
