2231 3787
834 273 930 312 LlB.
969 274 1015 312 ll.
1059 275 1222 315 EPIST.
1259 278 1305 315 11.

1888 282 1990 332 659

235 400 507 454 Gracchus
548 411 604 454 ut
644 401 728 456 liic
771 402 866 466 illi,
910 403 1044 458 foret
1083 404 1206 459 huic
1246 416 1301 459 ut
1339 408 1545 461 Mucius
1587 410 1687 463 1116.

234 502 336 565 Qui
377 503 552 555 minus
593 513 810 575 argutos
850 515 1007 559 vexat
1045 508 1192 560 furor
1231 510 1330 561 istc
1369 512 1599 580 poetas?

231 603 482 657 Carmina
522 622 815 677 compono,
858 606 944 661 hic
984 608 1184 680 elegos,

1920 517 1987 566 90

1266 611 1546 666 «Mirabile
1586 614 1704 667 visu

233 704 620 776 Caelatumque
660 725 854 761 novem
893 710 1057 763 Musis
1098 712 1304 782 opusl»
1368 713 1602 785 Adspice
1641 717 1897 787 primum,

211 871 420 922 suspicio.
457 895 501 900 —
558 873 623 912 hic
665 877 710 912 ut
745 873 912 913 Mucius
948 875 1008 913 illi
1043 875 1159 924 bSd,
1201 879 1393 917 Pottierii
1423 891 1476 919 ac
1508 881 1719 921 Schmidii
1749 895 1926 935 omnes,

211 933 380 973 Veneta
412 934 534 975 4484.
571 938 614 974 et
646 936 712 976 Ct.
751 957 795 964 -
830 937 892 975 illi
911 938 1038 988 foret,
1070 940 1165 978 huic
1185 941 1331 981 minus
1353 945 1474 982 recte
1497 955 1598 983 cum
1619 945 1839 987 nonnullis
1861 949 1930 988 di-

212 997 360 1036 stinxit
389 1009 423 1037 s.
458 998 732 1038 Adversatur
761 1011 919 1040 versus
952 1012 1150 1040 caesura.
1203 1024 1248 1031 —

1298 1004 1364 1043 90.
1397 1010 1536 1044 versat
1565 1006 1788 1049 Bentleius
1820 1021 1928 1050 con—

208 1061 391 1101 iectura.
429 1085 473 1089 —
508 1063 574 1102 92.
607 1063 916 1113 Sacratumque
944 1062 1170 1103 Bentleius
1201 1066 1315 1104 coni.

151 1201 342 1241 stionem
373 1204 604 1252 omittere,
637 1204 696 1242 ita
726 1205 774 1243 ut
802 1205 863 1243 Ti.
887 1203 957 1243 vel
985 1204 1032 1245 C.

151 1264 376 1304 Gracchus
407 1262 606 1318 γενικῶς
635 1277 715 1317 pro
747 1264 901 1306 illustri
933 1277 1035 1305 ora—

149 1328 272 1375 tore,
318 1328 489 1368 Mucius
520 1339 600 1379 pro
632 1329 900 1379 peritissimo
930 1329 1032 1368 ICto

148 1393 358 1440 ponatur.
386 1391 507 1440 (Nos:
534 1392 598 1430 ein
614 1392 792 1440 Mucius,
817 1392 881 1431 ein
904 1392 1036 1431 Grac-

148 1451 282 1503 chus.)
308 1452 518 1491 Ceterum
540 1451 781 1492 lectionem
800 1456 1033 1504 receptam

146 1514 242 1553 huic
278 1518 324 1554 ut
360 1516 525 1555 Mucius
555 1516 644 1565 ille,
692 1527 808 1567 quae
839 1517 882 1556 in
913 1516 1031 1556 nullo

148 1576 257 1618 Cod.
296 1580 473 1629 reperta
511 1589 611 1618 esse
649 1578 851 1626 videtur,
900 1581 1034 1618 Lam-

145 1639 251 1679 bino
284 1640 373 1691 (qui
403 1640 458 1680 de
479 1641 694 1680 varietate
717 1644 847 1692 tacet)
880 1641 1033 1681 tribuit

145 1701 392 1751 Bentleius,
416 1704 666 1743 Britannico
684 1704 1030 1755 Cuninghamius

143 1765 406 1805 Animadvv.
430 1775 474 1816 p.
499 1766 565 1805 77.
598 1768 660 1805 Ac
680 1768 794 1806 teste
821 1767 905 1806 Fea
929 1777 1030 1806 eam

145 1827 327 1867 exhibet
358 1829 630 1868 Britannicus
662 1840 701 1867 a.
729 1829 849 1868 4546.
886 1827 1027 1877 4520.)

145 1902 256 1942 quas
278 1891 388 1930 Edd.
409 1891 659 1941 Schweiger
680 1903 768 1931 non
788 1893 1025 1931 memorat.

144 1954 258 1993 Sane
300 1957 391 1993 tam
422 1954 683 1993 inconcinna
716 1955 783 1994 est
812 1952 1028 1993 librorum

143 2016 288 2064 lectio,
313 2019 360 2055 ut
381 2018 483 2067 post
500 2016 750 2056 Bentleium
773 2027 905 2056 nemo
928 2027 1028 2056 eam

142 2080 398 2118 restituerit.
427 2101 471 2106 —
506 2080 586 2129 Qui
612 2080 764 2129 minus]
804 2080 923 2127 «Qua
954 2090 1028 2118 ra—

142 2142 259 2181 tione
291 2153 326 2182 s.
361 2142 586 2193 quomodo
616 2142 799 2181 minus‘?
819 2157 837 2177 n
884 2140 1024 2180 Plaut.

141 2204 359 2255 Amphitr.
394 2202 507 2244 Prol.
541 2204 614 2243 76:
665 2205 745 2254 Qut
771 2205 909 2243 minus
936 2204 1028 2242 Ea-

141 2268 233 2306 dem
261 2267 453 2306 histrt'oni
490 2267 542 2305 sit
579 2266 672 2315 lez,
721 2278 828 2316 quae
867 2277 1027 2305 summo

139 2328 270 2369 viro?
314 2330 403 2369 Cic.
440 2340 521 2380 pro
561 2328 678 2369 Cael.
718 2329 792 2377 27,
828 2328 901 2369 64:
948 2330 1029 2378 Qui

140 2392 279 2431 ‘minus
306 2392 415 2431 enim
444 2392 628 2431 Licinius
648 2391 936 2442 comprehendi
952 2403 1028 2441 po-

141 2456 221 2494 tuit
239 2478 262 2483 -
281 2454 340 2493 -P
372 2454 434 2494 Cf.
459 2455 548 2494 Sat.
573 2455 612 2503 ⁶2,
637 2454 677 2504 3,
697 2454 792 2494 344.
825 2455 866 2504 2,
890 2455 930 2503 7,
955 2454 1022 2494 96.

143 2518 231 2569 («In
276 2528 362 2568 qua
405 2527 454 2556 re
498 2517 646 2557 minus
685 2517 827 2556 insani
863 2518 1024 2568 po'e'tae

142 2581 314 2619 suntsi»
362 2578 551 2630 explicat
590 2579 849 2630 Porphyrio.
911 2579 1025 2619 Voss

141 2653 245 2683 cum
267 2643 526 2682 convertat:
563 2642 654 2681 Wie
675 2640 812 2681 demi?
840 2642 1026 2692 weniyer

133 2705 258 2756 plaqt
285 2704 571 2756 hellstimmigye
590 2704 755 2755 Scinqer
775 2705 848 2743 der
870 2705 1026 2743 Wahn—

138 2766 262 2807 sinn?
305 2767 529 2807 Schmidio
570 2767 634 2808 sic
674 2767 925 2807 distinxisse
956 2767 1024 2809 vi-

141 2828 292 2868 detur:
329 2828 440 2879 Qui?
468 2830 607 2869 minus
629 2830 730 2881 cet.)
756 2851 803 2857 —
836 2828 1021 2880 aryutos]

142 2902 406 2940 «canoros.,»
429 2895 477 2931 ut
496 2893 648 2933 Musae
670 2893 793 2943 ipsae
816 2889 873 2931 δι’
895 2886 1023 2945 ᾠδῆς

139 2949 264 3004 εἶδος
284 2952 470 3007 λίγειαι.
513 2953 620 2994 Plat.
643 2954 832 2995 Phaedr.
856 2966 900 3006 p.
924 2954 1019 2994 ⁶237.

138 3019 187 3056 A.
223 3016 286 3056 Cf.
311 3016 388 3056 Od.
412 3016 453 3065 4,
478 3017 518 3065 6,
542 3017 619 3056 25:
652 3018 812 3056 Doctor
841 3020 1021 3067 ar9utae

136 3078 285 3129 fidicen
331 3079 518 3128 Thaliae,
564 3078 729 3118 Phoebe.
774 3101 820 3106 —
863 3075 1016 3127 vexat]

141 3140 296 3189 Utique
342 3140 477 3179 etiam
519 3150 562 3178 V.
593 3143 733 3180 versat
762 3139 1020 3178 conveniret

140 3203 412 3251 sententiae,
444 3204 508 3242 uti
538 3203 846 3243 demonstrant
869 3213 1020 3242 exem-

137 3264 208 3317 pla
239 3277 263 3305 a
293 3264 490 3306 Bentleio
520 3264 648 3305 allata
679 3267 722 3304 et
747 3267 1018 3304 Graecorum

139 3326 362 3385 στροβεϊν
402 3327 621 3379 (Aeschyl.
654 3327 851 3378 Choeph.
887 3328 1014 3366 405⁴:

141 3389 273 3439 Τίνες
302 3403 357 3430 σε
386 3386 525 3442 δόξαι
554 3413 577 3420 -
596 3413 620 3419 -
650 3385 1014 3447 Στροβοῦσιν;),

139 3462 298 3491 verum
336 3454 406 3493 est
435 3453 691 3493 coniectura
725 3461 909 3503 prorsus
940 3462 1018 3493 su-

140 3523 434 3563 pervacanea.

1155 1203 1302 1244 911-94.
1337 1205 1539 1247 Carmina
1559 1209 1662 1261 cet.]
1688 1211 1880 1262 «Statim,
1904 1214 1979 1254 ubi

1099 1277 1181 1307 nos
1203 1269 1527 1319 conspicimus,
1561 1270 1672 1311 alter
1692 1272 1816 1314 alteri
1833 1276 1981 1316 accla—

1098 1330 1214 1368 mat:
1250 1331 1457 1370 Carmina
1489 1333 1562 1371 tua
1590 1332 1753 1384 lyrica,
1787 1339 1849 1376 tui
1870 1338 1980 1390 elegi

1097 1393 1200 1430 sunt
1221 1403 1331 1443 opus
1352 1404 1536 1444 prorsus
1556 1396 1829 1448 perfectum,
1854 1404 1981 1451 quasi

1097 1463 1122 1491 a
1143 1454 1278 1494 Musis
1308 1455 1417 1506 ipsis
1438 1457 1667 1507 caelatum,
1700 1459 1744 1499 id
1767 1463 1849 1510 est,
1882 1473 1981 1503 ma—

1097 1526 1180 1566 gna
1221 1527 1324 1558 cum
1355 1521 1449 1559 arte
1481 1519 1761 1563 elaboratum
1792 1535 1844 1563 ac
1873 1537 1981 1576 pro-

1097 1580 1252 1630 pterea
1273 1591 1449 1621 summa
1471 1582 1762 1625 admiratione
1780 1586 1977 1637 dignum.

1098 1641 1176 1691 (Cf.
1209 1653 1323 1692 quae
1363 1643 1405 1682 in
1434 1644 1581 1685 Diario
1619 1647 1860 1688 universali
1888 1653 1979 1689 Au-

1096 1706 1281 1754 gustano
1319 1705 1450 1745 huius
1486 1708 1623 1758 ipsius
1656 1710 1758 1748 anni
1787 1712 1898 1763 App.
1931 1724 1975 1764 p.

1095 1766 1218 1806 2844.
1249 1766 1455 1818 leguntur
1475 1781 1482 1807 :
1518 1785 1536 1805 «
1550 1770 1689 1811 Neben
1707 1773 1886 1813 Platen’s
1904 1786 1979 1814 αη-

1094 1828 1151 1867 tilc
1171 1830 1398 1879 qedachten
1417 1833 1503 1870 und
1522 1833 1767 1884 gyeformten‚
1789 1837 1868 1875 wie
1888 1848 1978 1876 aus

1092 1892 1129 1930 E
1138 1902 1195 1931 νῆ
1224 1893 1558 1943 qetriebenen
1586 1897 1798 1937 Distichen
1826 1900 1977 1949 spielen

1093 1953 1275 1994 Hebbel’s
1305 1956 1587 1997 lendenlahme
1610 1959 1863 2000 Heaeameter
1890 1963 1978 2002 eine

1093 2017 1284 2068 trauriye
1310 2019 1485 2069 Fiqur.»
1523 2020 1691 2061 Eadem
1713 2022 1903 2073 imagine
1923 2027 1972 2064 A.

1092 2081 1138 2118 P.
1163 2079 1236 2120 444
1257 2092 1264 2118 :
1298 2081 1335 2119 E
1339 2085 1353 2119 t
1380 2082 1490 2121 ‘male
1510 2086 1698 2123 tornatos
1718 2085 1859 2124 incudi
1877 2088 1976 2125 red-

1093 2143 1188 2181 dere
1206 2153 1363 2182 versus.
1388 2144 1651 2195 Crinagoras
1668 2147 1797 2186 Anth.
1818 2147 1906 2187 Pal.
1921 2151 1972 2190 II.

1091 2214 1135 2255 p.
1161 2204 1261 2243 493:
1296 2203 1523 2262 τορευτὸν
1544 2201 1692 2258 ἔπος.)
1736 2210 1844 2256 Iam,
1869 2221 1973 2250 cum

1091 2267 1270 2306 mutuas
1301 2266 1456 2308 laudes
1487 2269 1551 2309 sic
1571 2268 1873 2318 cumulamus,
1905 2273 1974 2311 vi-

1091 2328 1241 2369 cissim
1258 2341 1337 2371 nos
1351 2331 1559 2382 superbia
1571 2330 1824 2372 inflamus.»
1841 2334 1975 2384 Egre-

1090 2392 1158 2444 gia
1196 2404 1300 2434 cum
1338 2395 1476 2434 ironia
1506 2405 1553 2434 se
1584 2394 1678 2445 ipse
1711 2396 1974 2447 aequiparat

1090 2458 1224 2507 atque
1256 2457 1477 2497 immiscet.
1494 2458 1729 2507 poetarum
1751 2455 1809 2496 illi
1830 2460 1972 2498 cater-

1089 2529 1193 2567 vae,
1228 2530 1364 2570 quam
1395 2518 1580 2558 deridet.
1608 2542 1652 2547 —
1681 2519 1827 2572 eleyos]
1859 2522 1969 2561 Miro

1090 2591 1197 2621 casu
1228 2581 1411 2629 accidit,
1443 2582 1491 2619 ut
1522 2580 1654 2620 etiam
1681 2581 1862 2622 Horatio
1894 2595 1971 2623 an-

1089 2643 1271 2693 tiquitus
1315 2640 1665 2681 attribuerentur
1705 2642 1839 2694 elegi,
1886 2646 1969 2685 sed

1086 2706 1297 2757 volgares,
1331 2704 1443 2743 teste
1468 2705 1678 2743 Suetonio
1700 2706 1743 2744 in
1765 2707 1861 2745 Vita
1883 2708 1969 2747 Ho-

1087 2769 1198 2807 ratii.
1228 2788 1270 2795 —
1304 2776 1450 2804 novem
1477 2765 1620 2817 Musis]
1654 2766 1734 2806 «ab
1758 2768 1965 2809 omnibus

1085 2831 1218 2871 Musis
1248 2827 1440 2878 ideoque
1477 2826 1774 2869 absolutum.»
1822 2831 1965 2872 Minus

1087 2894 1208 2931 recte
1240 2889 1310 2928 alii
1340 2890 1617 2941 interpretati
1647 2893 1751 2931 sunt
1782 2892 1850 2943 (ex
1877 2895 1966 2934 Lu-

1085 2954 1208 2992 ciano
1229 2951 1339 2991 Adv.
1365 2952 1459 2992 Ind.
1483 2952 1522 2992 8.
1542 2964 1550 2991 :
1573 2950 1965 3011 κιθάραν-λίθοις

1083 3013 1320 3065 ποικίλοις
1340 3017 1731 3070 κεκοσμημένην,
1753 3016 1964 3058 Μουσῶν

1080 3073 1259 3130 μεταξὺ
1302 3079 1385 3118 καὶ
1422 3072 1716 3130 Ἀπόλλωνος
1753 3081 1836 3120 καὶ
1861 3076 1963 3138 Ὀρ-

1081 3142 1211 3191 φέως
1241 3139 1667 3199 ἐντετορευμένων,
1679 3142 1696 3194 )
1743 3154 1888 3194 «opus
1918 3145 1962 3182 in

1082 3214 1169 3253 quo
1215 3203 1409 3244 caelatae
1455 3206 1717 3256 comparent
1764 3205 1962 3255 ipsarum

1079 3267 1306 3307 Musarum
1322 3267 1581 3317 imagines.»
1596 3265 1819 3306 Bentleius
1831 3267 1875 3305 in
1887 3266 1963 3305 ad-

1079 3329 1302 3369 notatione
1320 3329 1378 3369 ad
1392 3329 1436 3368 h.
1449 3327 1475 3368 1.
1497 3330 1540 3367 et
1556 3327 1613 3367 ad
1629 3326 1797 3367 Callim.
1810 3328 1877 3367 Fr.
1891 3328 1957 3366 66.

1079 3389 1234 3431 Blomf.
1251 3402 1377 3431 suam
1387 3391 1499 3431 coni.
1514 3391 1576 3430 sic
1587 3388 1790 3440 explicat:
1813 3389 1962 3440 «Aspi-

1081 3464 1148 3503 ce,
1172 3463 1276 3493 cum
1297 3455 1462 3504 quanto
1485 3452 1599 3492 fastu
1617 3452 1955 3502 circumspecte-

1080 3525 1180 3555 mus
1211 3525 1321 3567 opus
1350 3515 1448 3555 visu
1484 3512 1688 3554 mirabile
1720 3515 1764 3553 et
1798 3523 1959 3553 novem
