2231 3787
300 280 400 332 630

913 276 1124 316 llORATll
1163 273 1524 314 EPISTULARUM

372 413 631 475 Quattuor
670 417 759 460 aut
799 406 979 477 plures
1021 405 1209 458 aulaea
1249 409 1562 474 premuntur
1604 400 1653 451 in
1693 398 1877 459 horas,

373 513 508 564 Dum
547 510 751 581 fugiunt
789 510 1027 579 equitum
1069 517 1273 559 turmae
1313 503 1663 574 peditumque
1702 509 1974 561 catervae3
2024 497 2117 550 190

371 615 488 666 Mox
527 611 749 665 trahitur
788 609 1033 662 manibus
1074 624 1262 676 regum
1301 605 1510 658 fortuna
1548 602 1786 663 retortiS,

376 714 578 768 Esseda
616 713 883 771 festinant,
927 709 1146 780 pilenta,
1188 706 1467 778 petorrita,
1510 722 1708 762 naves,

376 816 653 886 Captivum
692 820 933 883 portatur
970 810 1131 868 ebur,
1175 808 1383 879 captiva
1427 805 1727 861 Corinthus.

377 918 429 971 Si
470 918 604 969 foret
643 915 694 966 in
733 913 913 973 terriS,
958 911 1159 964 rideret
1197 909 1557 968 Democritus,
1604 924 1702 961 seu

377 1018 659 1070 Diversum
702 1015 922 1068 confusa
961 1030 1131 1084 genus
1170 1010 1429 1083 panthera
1468 1009 1703 1069 cameIO,

307 1204 644 1246 incredibilibus
666 1203 932 1244 coniecturis
963 1202 1185 1253 (ingratos,

312 1271 505 1315 incestos,
539 1268 593 1305 ad·
622 1268 797 1306 intentos
825 1266 963 1305 ocutos
989 1265 1034 1303 iu
1063 1275 1102 1315 9.
1125 1276 1184 1312 v„

310 1332 364 1369 act
404 1331 578 1368 intortos
607 1329 744 1368 oculos
772 1329 816 1366 in
845 1340 885 1379 9.
918 1326 978 1377 v.)
1010 1325 1188 1376 elegans

310 1395 442 1443 atque
487 1403 610 1443 sane
639 1392 918 1441 aptissimum
968 1388 1189 1429 ἐπίθετον

309 1454 534 1494 eliminare
567 1454 712 1492 eonati
740 1454 842 1492 sunt
862 1452 1022 1491 Critici.
1059 1451 1190 1500 (Con-

308 1520 526 1557 iecturam
572 1527 700 1555 suam
744 1515 934 1565 ingratos
966 1512 1190 1553 Bentleius

312 1592 365 1619 ex
396 1579 651 1618 Callimachi
683 1578 749 1617 Fr.
780 1577 873 1616 406.
907 1575 1081 1624 Blomf.‚
1114 1574 1191 1613 ubi

313 1642 524 1697 ιέιαίρην
554 1635 821 1695 ἀχάριστον
850 1640 981 1689 poeta
1011 1636 1192 1688 opponit

311 1708 415 1755 ταῖς
446 1699 672 1752 ἆκουαῖς,
715 1702 893 1741 firmare
924 1701 1085 1741 frustra
1116 1711 1192 1739 co-

313 1768 473 1816 natur.)
508 1791 551 1794 -
599 1766 752 1805 aulaea
790 1763 1053 1814 premuntur]
1102 1763 1192 1802 «Ea

314 1828 466 1868 aulaea
520 1827 844 1878 significantur,
905 1837 1019 1877 quae
1069 1827 1194 1865 erant

315 1894 414 1931 ante
461 1890 746 1941 proscenium
792 1891 834 1928 et
876 1888 1192 1938 premebantur,

316 1955 399 1992 hoc
422 1955 503 2000 est,
539 1963 591 1990 ex
614 1950 698 1990 alto
722 1950 1086 1998 demittebantur,
1120 1949 1191 1996 ita,

316 2018 364 2055 ut
395 2014 607 2065 quamdm
638 2014 677 2052 in
707 2023 839 2052 scena
863 2014 1083 2063 ageretur,
1117 2011 1197 2049 hu-

316 2078 375 2117 mi
400 2077 617 2123 iacerent;
641 2075 909 2114 tollebantur
925 2077 1090 2121 autem,
1111 2075 1196 2113 hoc-

318 2142 404 2187 est,
440 2140 482 2178 in
512 2138 647 2177 altum
679 2137 992 2186 trahebantur,
1027 2139 1074 2176 ut
1103 2146 1197 2176 sce-

318 2212 421 2240 nam
452 2199 729 2240 obducerent
751 2198 894 2239 fabula
917 2199 1051 2238 finita.
1085 2199 1197 2237 Voss

319 2263 375 2302 ad
405 2264 562 2313 Georg.
597 2262 645 2311 3,
676 2263 742 2301 25.
764 2277 781 2295 »
823 2263 996 2301 Rffimzt.
1046 2261 1197 2311 «Sipa-

319 2328 434 2365 rium
492 2327 664 2372 autem,
736 2324 964 2363 mimicum
1022 2321 1195 2371 velum,

320 2386 588 2434 obsistebat,
638 2386 743 2425 dum
786 2385 1036 2425 fabularum
1074 2387 1199 2424 actus

321 2447 753 2490 commutabantur.»
804 2448 952 2489 Libell.
984 2449 1039 2489 de
1070 2451 1196 2499 Trag.

323 2516 367 2552 et
409 2510 625 2551 Comoed.
674 2520 716 2560 p.
757 2510 938 2550 XXXIII.
988 2512 1065 2551 Ed.
1115 2513 1201 2551 Te-

324 2576 436 2613 rent.
464 2572 601 2613 Lond.
637 2572 757 2611 4820.
811 2573 932 2612 Conf.
962 2575 1010 2612 A.
1034 2576 1079 2613 Ρ.
1106 2574 1197 2614 ¹¹54.

325 2638 417 2676 Hoc
456 2636 583 2685 igitur
629 2634 760 2673 dicit:
809 2635 887 2673 «In
929 2645 1015 2674 una
1055 2635 1201 2676 fabula

324 2698 494 2749 agenda
546 2699 755 2748 quattuor
801 2699 875 2735 aut
922 2695 1072 2747 plures
1122 2699 1204 2737 ho-

322 2773 399 2801 rae
451 2760 671 2799 interdum
731 2761 1055 2800 consumuntur
1100 2771 1205 2811 pro-

326 2827 423 2875 pter
453 2824 596 2862 varias
626 2833 813 2874 pompas
837 2833 1062 2873 pugnasve
1085 2822 1207 2874 pedi-

326 2890 442 2926 tatus
475 2888 516 2925 et
547 2887 769 2936 equitatus
803 2885 907 2935 (Cic.
933 2885 989 2925 ad
1019 2887 1136 2925 Fam.
1163 2887 1202 2932 7,

327 2950 380 2999 4.)
427 2947 570 2987 oblata
617 2948 852 2987 occasione
904 2949 985 2999 ipsi
1029 2946 1204 2988 fabulae

327 3013 570 3058 insertas‚»
617 3009 749 3049 veluti
794 3021 895 3049 cum
940 3011 980 3049 in
1022 3010 1206 3049 Troasin

328 3074 482 3114 Graeci
515 3072 728 3124 praedam
748 3074 978 3112 Troianam
1004 3074 1045 3111 in
1068 3082 1205 3111 naves

329 3136 633 3187 importarent,
658 3135 699 3173 in
717 3135 1086 3185 Epinausimache
1104 3145 1205 3172 cum

328 3199 524 3238 Troianis
553 3206 747 3248 pugnam
770 3199 1030 3247 pugnarent.
1064 3195 1108 3234 Id
1133 3206 1208 3234 au-

329 3264 419 3300 tem
442 3260 654 3311 temporis
675 3260 913 3310 punctum,
946 3268 1032 3307 quo
1053 3258 1206 3297 hostes

328 3323 498 3362 varium
543 3323 642 3372 post
678 3319 894 3372 proelium
927 3320 1107 3360 tandem
1140 3320 1206 3359 su-

330 3396 433 3435 gere
465 3383 756 3435 incipiebant,
800 3382 901 3422 illud
934 3384 1066 3423 fuisse
1099 3394 1206 3422 con-

331 3449 594 3486 sentaneum
627 3450 713 3494 est,
758 3446 874 3497 quod
907 3447 1206 3497 spectatorum

331 3507 482 3549 oculos
523 3510 713 3548 maxime
746 3509 785 3548 in
819 3519 865 3548 se
899 3509 1203 3553 vom-esteret3

2023 1007 2042 1060 fl
2058 1008 2126 1059 95

1250 1201 1384 1247 adeo,
1418 1202 1465 1240 ut
1487 1199 1591 1240 nihil
1612 1198 1780 1248 obstet,
1809 1209 1897 1249 quo
1920 1199 2066 1238 minus
2084 1209 2125 1237 v.

1248 1263 1415 1314 fuqiunt
1443 1263 1622 1314 proprie
1645 1260 1933 1313 explicemus.
1970 1259 2048 1300 Alii
2069 1261 2132 1299 ta-

1251 1338 1357 1366 men
1386 1326 1752 1377 interpretantur:
1793 1322 2022 1363 «celeriter
2049 1333 2132 1374 per

1253 1400 1435 1429 scenam
1478 1387 1861 1439 praeterieruntur
1881 1397 1889 1433 ;
1908 1401 1928 1421 »
1973 1387 2022 1425 ut
2065 1387 2134 1425 est

1254 1463 1359 1492 sane
1381 1451 1499 1503 apud
1519 1452 1637 1503 Virg.
1664 1451 1738 1490 Ge.
1764 1449 1803 1497 3,
1827 1448 1900 1489 464
1921 1460 1929 1487 :
1956 1459 2134 1498 acerque

1256 1514 1434 1554 Gelonus
1462 1513 1565 1553 Cum
1598 1513 1707 1563 fu9tt
1742 1512 1786 1550 in
1814 1511 2035 1561 Rhodopen
2063 1514 2134 1550 at-

1256 1587 1334 1625 que
1362 1576 1405 1614 in
1434 1576 1597 1614 deserta
1627 1574 1842 1614 Getarum.

1313 1637 1513 1677 491-193.
1554 1637 1659 1676 Mox
1685 1636 1789 1687 cet.]
1823 1636 1952 1675 «Post
1979 1632 2136 1686 proelii

1257 1698 1544 1740 simulacrum
1562 1698 1810 1749 triumphus
1827 1697 1968 1748 agitur
1982 1697 2024 1736 in
2041 1707 2139 1737 sce-

1257 1774 1356 1802 na.»
1378 1763 1498 1802 RIED.
1523 1785 1566 1789 —
1591 1761 1788 1810 trahitur]
1811 1760 1980 1800 Eodem
1995 1758 2136 1799 verbo

1259 1824 1313 1863 de
1346 1824 1529 1874 captivis
1558 1834 1640 1874 per
1668 1822 1944 1873 triumphum
1974 1821 2140 1861 ducen-

1260 1886 1326 1925 dis
1370 1896 1477 1925 usus
1522 1886 1590 1924 est
1626 1884 1760 1924 etiam
1790 1883 1868 1923 Od.
1899 1883 1946 1933 4,
1978 1884 2025 1932 2,
2058 1882 2134 1923 34:

1259 1949 1506 1997 quaudoque
1535 1947 1669 1986 trahet
1700 1946 1949 1998 (Augustus)
1985 1946 2140 1997 feroces

1257 2012 1333 2050 Per
1362 2021 1530 2049 sacrum
1550 2009 1701 2048 clivum
1720 2031 1743 2037 -
1760 2031 1784 2037 -
1803 2007 2073 2059 Suqambros.
2089 2030 2136 2036 -

1258 2072 1449 2112 manibus
1469 2093 1483 2101 ·
1499 2093 1518 2100 -
1536 2070 1726 2122 retortis]
1757 2070 1820 2110 Cf.
1843 2070 1923 2111 Od.
1942 2070 1982 2120 3,
2001 2071 2041 2121 5,
2059 2071 2111 2110 22
2129 2082 2136 2109 :

1260 2137 1429 2175 Retorta
1467 2138 1581 2184 tet-90
1615 2133 1787 2172 brachia
1815 2132 1958 2173 libero.
1991 2153 2036 2160 —
2069 2144 2140 2173 re-

1259 2210 1359 2250 qum
1387 2196 1572 2249 fortuna]
1607 2206 1768 2247 «reges
1791 2194 1894 2235 olim
1916 2195 2139 2244 fortunati,

1262 2273 1381 2302 nunc
1412 2260 1614 2311 captivi.»
1643 2282 1687 2287 —
1709 2259 1880 2309 Esseda]
1914 2257 2141 2298 «vehicula

1262 2336 1285 2364 a
1322 2322 1465 2374 Belgis
1509 2323 1702 2374 primum
1736 2323 1932 2373 reperta,
1980 2320 2142 2372 quihus

1264 2387 1401 2427 ceteri
1424 2383 1529 2425 Galli
1550 2386 1684 2435 atque
1706 2384 1900 2424 Britanni
1919 2384 1963 2423 in
1984 2383 2143 2435 pugnis

1264 2449 1547 2489 utebantur.»
1604 2446 1787 2487 Duabus
1807 2447 1916 2486 rotis
1937 2446 2143 2498 imposita

1266 2514 1360 2552 erat
1391 2511 1496 2551 sella
1527 2512 1703 2563 aperta,
1746 2510 1789 2549 in
1829 2507 2069 2561 quamiles
2101 2510 2145 2548 et

1265 2575 1412 2625 auriga
1436 2573 1639 2614 sedebat.
1664 2594 1707 2600 —
1730 2572 1900 2622 pilenta,
1917 2571 2141 2623 petorrita]

1266 2636 1508 2684 Pilentum‚
1553 2633 1744 2675 vehiculi
1788 2644 1927 2684 genus
1958 2634 2141 2680 tectum,

1269 2710 1357 2750 quo
1380 2700 1609 2738 matronae
1632 2696 1906 2743 ferebantur,
1932 2695 1989 2734 ita
2008 2693 2145 2734 libra-

1268 2763 1362 2800 tum
1395 2759 1570 2799 duabus
1599 2758 1734 2805 rotis,
1781 2758 1829 2796 ut
1862 2755 2145 2796 considentes

1269 2825 1311 2862 in
1351 2822 1540 2874 pulvinis
1570 2821 1613 2859 in
1644 2824 1747 2859 aere
1778 2828 2023 2870 suspensae
2053 2819 2147 2869 agi—

1270 2886 1351 2924 tari
1381 2884 1658 2931 viderentur,
1693 2880 1930 2921 differebat
1949 2891 1975 2920 a
1994 2882 2146 2932 petor-

1270 2947 1376 2993 rito,
1411 2944 1528 2995 quod
1552 2945 1761 2995 quattuor
1787 2944 1906 2984 rotas
1927 2942 2142 2990 hahebat;

1268 3007 1484 3060 pilentum
1516 3006 1594 3046 suit
1623 3007 1850 3046 inventum
1879 3003 1950 3045 vel
1979 3006 2147 3046 Tusco-

1270 3081 1369 3109 rum
1407 3068 1475 3109 νο]
1521 3069 1839 3120 Hispanorum,
1886 3067 2147 3119 petorritum

1271 3132 1506 3172 Gallorum.
1533 3132 1737 3182 (apitenta
1756 3129 1959 3169 vehicula
1981 3130 2148 3168 matro-

1270 3205 1451 3243 narum,
1475 3195 1589 3234 sicut
1612 3192 1821 3242 petorrita
1840 3189 2146 3230 famularum.»

1271 3260 1410 3298 Comi-
1437 3256 1582 3305 Can.)
1618 3254 1739 3295 Cous.
1762 3255 1848 3294 Sat.
1871 3253 1966 3302 ’1,6,
1988 3251 2080 3292 404.
2100 3275 2144 3279 —

1269 3320 1408 3371 naves]
1440 3321 1515 3358 aut
1546 3318 1722 3358 navium
1755 3318 1983 3368 captarum
2015 3314 2150 3354 simu-

1269 3382 1387 3422 lacra
1426 3383 1502 3421 aut
1538 3382 1735 3432 ipsarum
1767 3380 1905 3417 rostra
1937 3374 2150 3416 vehiculis

1271 3445 1490 3496 imposita.
1538 3441 1615 3482 Alii
1637 3440 1855 3493 explicant
1876 3440 1992 3491 ipsas
2013 3448 2148 3477 naves

1272 3507 1484 3547 machinis
1528 3517 1608 3556 per
1652 3513 1833 3543 scenam
1881 3500 2050 3540 ductas.
2103 3521 2144 3526 -—
