2231 3787
291 257 391 308 628

889 254 1101 294 llORATll
1136 253 1499 293 EPISTOI..-xnUM

359 389 445 441 Sic
485 387 625 442 leve.
669 387 743 438 sic
772 402 994 456 parvum
1024 392 1128 440 est,
1172 384 1405 435 animum
1433 380 1579 452 quod
1612 378 1785 432 laudis
1814 395 2033 432 avarum

358 489 577 543 Subruit
615 496 704 540 aut
743 486 925 540 reficit.

1004 484 1183 538 Valeat
1221 501 1306 537 res
1347 483 1577 544 ludicra,
1620 482 1663 534 si
1698 498 1785 534 me

2004 480 2104 532 480

356 590 537 644 Palma
576 597 765 660 negata
806 604 1070 647 macrum,
1115 586 1311 638 donata
1350 583 1560 637 reducit
1597 583 1852 654 opimum.

357 695 531 763 Saepe
572 691 732 745 etiam
772 688 1029 742 audacem
1070 687 1215 757 fugat
1252 686 1354 739 hoc
1392 693 1665 756 terretque
1704 690 1946 756 poetam,

356 794 513 858 Quod
553 808 775 845 numero
817 789 1026 860 plures,
1068 789 1261 841 virtute
1302 795 1354 841 et
1391 786 1596 840 honore
1636 786 1900 850 minoreS‚

394 960 485 998 180.
522 965 610 1009 aut]
643 968 693 996 ac
722 970 750 995 κ
783 966 910 995 «cum
942 954 1118 994 duobus
1147 952 1282 1002 aliis,»
1314 964 1429 993 unus
1451 953 1644 994 Pottierii
1676 952 1772 1003 (⁴6.)
1804 953 2052 1004 tertiusque

336 1019 568 1069 Schmidii,
609 1017 854 1066 Bentleius,
894 1021 932 1056 et
962 1015 1186 1057 secundus
1217 1015 1441 1055 Schmidii.
1478 1017 1540 1067 (Ut
1570 1026 1676 1064 nos,
1720 1016 1882 1064 nostri,
1915 1016 2052 1054 ceteri

336 1083 549 1132 Pottierii,
597 1082 684 1122 duo
716 1079 958 1130 Schmidii.)
1010 1103 1053 1109 —
1102 1080 1194 1120 485.
1243 1079 1453 1118 discordat
1482 1080 1523 1118 S.
1573 1079 1636 1128 (Ut
1665 1088 1771 1127 nos,
1805 1077 1856 1127 b,
1895 1088 2052 1118 omnes

281 1251 413 1300 atque
445 1248 628 1297 faciunt,
661 1248 708 1286 ut
738 1244 1010 1298 superbiat.»
1071 1244 1162 1283 Ho-

279 1312 416 1351 ratius
453 1311 547 1362 ipse
581 1320 760 1361 quoque
791 1309 870 1349 fuit
898 1308 1034 1347 laudis
1054 1317 1162 1345 ava—

278 1385 376 1423 νιιε,
411 1373 492 1414 sed
521 1384 610 1412 non
641 1371 783 1411 laudis
815 1369 934 1422 apud
964 1368 1162 1409 multitu-

280 1436 428 1475 dinem
453 1435 715 1487 captandae,
750 1434 875 1473 cuius
896 1429 1161 1484 applausum

279 1498 534 1538 necessario
557 1498 772 1549 appetunt
798 1497 956 1547 poetae
979 1493 1158 1534 scenici.

281 1561 497 1608 Quocirca
528 1560 571 1598 in
603 1560 669 1599 his
701 1560 910 1609 quattuor
931 1554 1162 1595 versiculis

277 1623 439 1662 horum
470 1622 610 1673 magis
641 1623 756 1661 inest
778 1619 1003 1660 excusatio
1026 1629 1161 1670 quam

278 1684 584 1736 reprehensio.
612 1707 655 1711 —-
691 1683 876 1734 Subruit]
912 1679 1158 1734 «percellit,

278 1757 484 1786 maerore
524 1746 657 1785 afficit
694 1748 737 1785 et
767 1745 973 1795 affligit;»
1020 1754 1162 1795 oppo-

279 1811 395 1849 nitur
426 1809 578 1859 reficit,
615 1809 814 1847 «recreat
834 1809 966 1858 atque
991 1805 1160 1856 erigit.»

282 1894 326 1899 —
354 1869 442 1920 aut]
475 1869 601 1908 Hand
633 1870 758 1908 Turs.
783 1870 813 1906 Ι.
838 1879 880 1918 p.
908 1867 1000 1907 462.
1035 1878 1162 1918 prae-

279 1933 393 1972 ferre
438 1931 614 1970 videtur
658 1941 730 1979 ae,
788 1929 910 1980 quod
952 1928 1164 1968 exhibent

278 1994 408 2046 pauci
441 1992 579 2033 Codd.
621 1993 787 2032 Verum
820 1992 954 2031 tutius
974 1990 1162 2030 videba-

278 2060 350 2096 tur
369 2055 743 2107 praestantiorum
767 2054 1074 2093 auctoritatem
1093 2064 1164 2093 se-

280 2120 369 2170 qui.
421 2118 663 2158 Conferunt
693 2115 876 2167 quidem
906 2119 954 2155 Α.
984 2118 1028 2155 P.
1055 2116 1157 2155 459:

280 2183 392 2221 iram
433 2181 596 2231 Colligit
625 2191 675 2219 ac
706 2179 828 2229 ponit
857 2182 1034 2218 temere:
1081 2177 1162 2218 sed

280 2245 366 2284 1100
397 2254 449 2283 ex
479 2244 571 2282 toto
603 2241 828 2281 diversum
861 2243 953 2280 est:
1005 2238 1164 2280 «colli-

279 2307 338 2358 git
376 2303 697 2355 collectamque
735 2313 891 2342 rursus
930 2302 1160 2353 deponit.»

280 2369 443 2409 Contra
473 2367 517 2405 h.
541 2365 596 2406 l.:
641 2376 814 2404 «unum
845 2367 918 2404 aut
949 2363 1160 2410 alterum,

281 2433 355 2469 aut
385 2428 580 2477 subruit,
614 2430 691 2467 aut
715 2427 900 2467 reficit.»
932 2449 975 2454 -
1003 2425 1161 2477 Valeat]

278 2494 328 2530 ut
370 2491 572 2548 χαιρέτω
616 2501 697 2542 pro
741 2483 927 2546 ε’ῥρέτω.
992 2487 1165 2540 (Fahr

280 2553 365 2592 hin
403 2552 829 2602 -nichtsnutziqes
857 2550 1025 2600 Spiel!
1057 2552 1165 2589 Pas-

284 2616 405 2665 sow.)
431 2616 520 2655 Cic.
545 2613 601 2654 ad
621 2615 707 2653 Att.
732 2614 771 2662 8,
797 2613 836 2662 8,
855 2614 901 2652 ⁶2:
935 2612 985 2652 At
1006 2613 1073 2652 ille
1093 2612 1164 2651 tibi

282 2673 435 2716 πολλὰ
481 2678 665 2734 χαίρειν
708 2673 772 2730 τῷ
821 2672 951 2729 καλῷ
1001 2676 1160 2723 dicens,

276 2741 413 2791 pergit
456 2739 741 2779 Brundisium.
779 2761 823 2766 —
869 2749 935 2777 res
974 2736 1162 2788 ludicra]

283 2801 490 2842 «fabulae
522 2802 752 2849 scenicae,
786 2810 898 2852 opus
928 2811 1092 2839 vanum
1121 2801 1165 2839 et

282 2863 478 2903 inutile.»
498 2887 539 2892 —
558 2863 765 2915 macrum]
780 2862 1018 2902 «afflictum
1032 2865 1074 2902 et
1090 2863 1166 2901 tri-

283 2929 440 2965 stem.»
464 2948 507 2953 —
528 2926 699 2977 reducit]
723 2925 929 2973 domum,
950 2926 999 2964 ut
1019 2923 1167 2974 olym-

282 2989 487 3039 pionicen
519 2988 596 3028 Od.
622 2987 668 3037 4,
702 2989 750 3037 2,
784 2988 848 3027 47.
886 3009 931 3015 -
965 2986 1163 3038 opimum]

287 3049 484 3089 «laetum
515 3061 567 3090 ac
596 3049 823 3089 beatum.»
856 3050 1008 3089 Senon.
1056 3047 1163 3089 Plin.

285 3112 396 3163 Epp.
421 3112 459 3159 7,
484 3112 551 3161 26,
577 3111 623 3151 3:
656 3112 820 3151 mollem
840 3112 879 3150 in
899 3115 1111 3161 posterum
1131 3114 1167 3149 et

280 3175 540 3225 pinquem
562 3195 658 3217 --.
705 3173 777 3212 hoc
820 3177 900 3221 est,
946 3173 1168 3212 innoxiam

289 3237 532 3287 beatamque
561 3236 735 3276 destinat
764 3236 909 3274 vitam.

347 3361 547 3401 482-486.
582 3361 715 3410 Saepe
743 3360 867 3399 etiam
897 3359 1001 3411 cet]
1035 3361 1168 3399 «Per-

290 3434 473 3463 versum
504 3424 545 3462 in
575 3421 799 3474 plerisque
822 3431 923 3460 cum
945 3422 1000 3461 sit
1019 3420 1169 3472 populi

1225 1236 1407 1287 poetae,
1441 1235 1536 1285 qui,
1571 1235 1773 1285 quamvis
1800 1235 1991 1286 possint,
2033 1237 2110 1274 aut

1227 1295 1392 1337 nullam
1436 1307 1598 1337 scenae
1641 1308 1823 1348 operam
1864 1297 1993 1346 dant,
2033 1299 2110 1337 aut

1228 1362 1261 1400 si
1304 1360 1429 1408 dant,
1470 1370 1560 1398 non
1596 1359 1702 1399 satis
1738 1357 1990 1399 elaboratas
2023 1369 2110 1410 po-

1225 1421 1416 1473 litasque
1461 1420 1631 1461 fabulas
1679 1421 1885 1472 imperito
1931 1419 2108 1472 popello

1228 1484 1457 1530 exhibent,
1505 1484 1667 1535 quippe
1718 1484 1789 1523 cui
1833 1482 1914 1522 alia
1961 1483 2109 1523 omnia

1228 1546 1351 1586 cordi
1382 1547 1489 1593 sint,
1524 1556 1659 1596 quam
1687 1547 1736 1584 ut
1763 1546 1846 1585 rite
1874 1547 2108 1597 poetarum

1227 1609 1384 1649 merita
1406 1609 1652 1647 aestimet.»
1680 1605 1725 1636 -4
1757 1608 1974 1660 audacem]
2009 1608 2111 1658 «qui

1228 1671 1481 1722 despiciens
1525 1669 1640 1720 volgi
1676 1669 1927 1719 levitatem,
1968 1668 2109 1710 semel

1228 1745 1363 1775 ausus
1392 1736 1458 1774 est
1503 1731 1699 1772 fabulam
1729 1732 1903 1772 deferre
1934 1733 1978 1772 in
2008 1742 2110 1772 sce-

1228 1807 1354 1844 nam,
1388 1795 1470 1836 sed
1498 1793 1759 1847 plebeculae
1781 1793 2010 1834 stultitiam
2032 1805 2103 1834 ex-

1227 1862 1382 1912 pertus
1412 1859 1455 1898 in
1484 1860 1715 1910 posterum
1748 1869 1771 1897 a
1798 1857 1956 1898 sabulis
1988 1868 2111 1898 com—

1227 1921 1447 1974 ponendis
1486 1931 1670 1972 prorsus
1702 1919 2023 1960 absterretur.»
2060 1941 2103 1947 -

1228 1983 1481 2035 depugnare]
1517 1993 1706 2023 «manus
1736 1983 2010 2030 intentare;»
2045 1984 2111 2022 de—

1227 2051 1388 2086 certare
1420 2057 1474 2086 ex
1505 2044 1772 2096 glossemate
1804 2046 1898 2085 erat
1926 2046 1968 2085 in
1998 2045 2107 2086 Cod.

1230 2109 1442 2148 Lambini.
1477 2109 1661 2147 Fauste
1690 2119 1753 2147 zu
1779 2109 1970 2148 weisen
1998 2110 2110 2149 Pas-

1228 2182 1331 2212 sow.
1361 2194 1404 2199 —
1439 2171 1572 2223 eques]
1607 2171 1806 2221 «equites
1827 2169 1898 2210 vel
1926 2173 2112 2222 propter

1228 2234 1497 2274 domesticas
1519 2232 1748 2273 facultates
1768 2232 1924 2274 litteris
1944 2234 2111 2274 instru-

1229 2298 1286 2337 cti
1316 2299 1448 2348 atque
1481 2297 1660 2336 omnino
1693 2295 1826 2348 plebe
1855 2295 1985 2347 longe
2015 2295 2111 2336 cul-

1228 2361 1406 2399 tiores.»
1439 2360 1527 2399 Sat.
1549 2360 1586 2406 4,
1614 2360 1679 2409 10,
1703 2360 1776 2399 76:
1800 2359 1903 2399 satis
1923 2363 1981 2398 e-st
1998 2360 2111 2409 equi-

1227 2427 1307 2462 tem
1342 2422 1443 2461 mihi
1473 2422 1692 2472 plaudere.
1748 2422 1810 2462 Cf.
1848 2423 1897 2462 A.
1932 2423 1977 2461 P.
2014 2421 2107 2461 ⁴⁴3.

1227 2484 1307 2525 ⁶248
1325 2495 1425 2534 sqq.
1450 2505 1491 2511 —
1513 2484 1672 2534 ursum]
1696 2495 1891 2536 quocum
1911 2486 2112 2536 pugnent

1228 2545 1422 2586 molossi.
1457 2547 1546 2585 Liv.
1572 2545 1637 2594 44,
1664 2546 1728 2586 ⁴8.
1777 2547 1847 2587 Sic
1871 2547 2110 2599 Pompeius

1228 2610 1463 2649 sexcentos
1500 2606 1644 2647 mulos
1681 2608 1723 2647 in
1756 2607 2108 2660 Clytaemnestra

1228 2672 1396 2712 induxit
1429 2672 1532 2721 (Cic.
1558 2670 1612 2710 ad
1633 2671 1752 2711 Fam.
1778 2672 1825 2721 7,
1851 2673 1889 2721 i,
1912 2672 1985 2721 2.),
2017 2674 2109 2712 Au-

1228 2736 1380 2786 gustus
1425 2733 1626 2784 tigridem
1669 2734 1711 2772 in
1761 2743 1895 2773 scena
1943 2733 2107 2786 populo

1229 2796 1427 2836 exhibuit
1448 2797 1641 2845 (Sueten.
1666 2796 1757 2835 Oct.
1776 2795 1875 2846 43.).
1900 2795 2026 2836 Haud
2046 2797 2110 2837 in—

1230 2860 1359 2899 docte
1382 2858 1627 2910 porphyrio
1660 2857 1730 2909 (ad
1750 2869 1820 2897 vv,
1843 2859 1982 2898 media
1999 2859 2117 2899 inter.

1229 2922 1435 2971 carmina)
1456 2933 1463 2958 :
1500 2921 1658 2960 «Recte
1678 2933 1685 2968 ;
1720 2922 1821 2973 quia
1843 2921 1989 2962 adhuc
2009 2933 2108 2963 am—

1229 2984 1468 3036 phitheatri
1498 2993 1604 3024 usus
1634 2994 1722 3023 non
1754 2986 1850 3024 erat
1879 2985 1923 3024 et
1956 2985 2001 3024 in
2031 2996 2109 3025 ea-

1232 3047 1336 3087 dem
1377 3057 1512 3086 cavea
1555 3046 1687 3086 etiam
1717 3046 1914 3087 ferarum
1942 3046 2109 3098 gladia-

1231 3112 1467 3161 torumque
1509 3120 1697 3149 munera
1727 3109 2067 3160 spectabantur;
2087 3126 2105 3145 »

1231 3171 1475 3211 dummodo
1505 3171 1563 3210 ita
1594 3171 1864 3222 corrIgatur:
1906 3173 1956 3212 A.
1989 3183 2032 3211 u.
2065 3182 2104 3212 c.

1231 3235 1323 3273 725.
1356 3234 1446 3273 XX.
1479 3233 1604 3274 annis
1645 3235 1745 3273 ante
1785 3233 1902 3273 hanc
1930 3234 2108 3285 Episto-

1229 3296 1317 3336 lam
1349 3296 1562 3347 scriptam
1593 3294 1784 3335 Statilius
1819 3295 1987 3335 Taurus
2015 3295 2108 3346 pri-

1232 3368 1357 3398 mum
1401 3357 1774 3408 amphitheatrum
1809 3355 2032 3408 lapideum
2063 3357 2108 3397 in

1233 3422 1401 3472 Campo
1422 3420 1575 3461 Martio
1595 3418 1782 3459 absolvit
1802 3418 1894 3469 (Dio
1915 3419 1983 3466 5⁴,
2002 3418 2103 3469 23.);

295 3486 518 3536 iudicium,
543 3485 644 3525 ideo
662 3485 793 3524 etiam
810 3483 1048 3523 excusandi
1067 3485 1169 3523 sunt
1233 3493 1334 3522 cum
1372 3483 1494 3533 prius
1533 3480 1697 3521 ultimis
1733 3480 1898 3520 liberae
1928 3480 1990 3521 rei
2021 3491 2107 3533 pu·-
