2231 3787
860 269 957 307 ΗΒ.
993 270 1041 307 ll.
1105 269 1266 308 EPIST.
1305 271 1333 308 Ι.

1902 267 2001 317 633

252 397 384 449 Cum
423 406 566 451 recte
607 405 831 451 tractent
870 397 982 460 alii,
1025 397 1247 452 laudare
1289 399 1541 470 maligne:

250 498 340 552 Ille
383 517 480 570 per
522 508 792 553 extentum
833 500 1010 554 sunem
1052 501 1173 553 mihi
1215 519 1378 572 posse
1418 502 1628 556 videtur

1898 502 2001 554 210

248 601 330 653 Ire
370 607 554 671 poeta,
599 619 778 655 meum
817 603 907 673 qui
950 611 1137 674 pectus
1178 604 1404 657 inaniter
1442 605 1612 676 angit,

225 702 443 764 .lrritat,
487 701 706 765 mulcet,
748 703 893 757 salsis
935 705 1233 759 terroribus
1274 706 1480 777 implet,

249 805 312 859 Ut
350 822 565 875 maguS,
609 814 661 858 et
698 805 858 859 modo
899 824 984 860 me
1025 807 1242 870 Thebis,
1285 808 1445 862 modo
1484 810 1634 880 ponit
1657 808 1890 863 Athenis.

249 908 444 959 Verum
483 923 581 977 age
622 915 675 960 et
712 905 820 968 his,
862 908 953 979 qui
994 926 1052 962 se
1092 909 1278 963 lectori
1319 910 1545 964 credere
1586 911 1788 964 malunt

247 1009 421 1073 Quam
461 1010 780 1079 spectatoris
819 1009 1030 1063 fastidia
1067 1010 1208 1064 serre
1248 1011 1496 1082 superbi,

1899 1013 2004 1065 215

250 1110 444 1164 Curam
484 1110 653 1165 redde
691 1111 940 1175 brevem,
984 1112 1026 1165 si
1068 1131 1263 1166 munus
1302 1113 1544 1183 Apolline
1584 1114 1803 1185 dignum

232 1262 457 1302 Schmidii.
495 1286 538 1290 —
579 1262 674 1302 240.
716 1267 933 1303 extensum
968 1273 1035 1314 pr.
1068 1262 1113 1302 b.
1151 1284 1195 1290 —-
1238 1263 1333 1302 ⁶246.
1376 1263 1532 1303 Curam
1561 1264 1749 1314 impende
1778 1278 1800 1305 e
1838 1267 1945 1306 Cod.

232 1324 338 1365 Coll.
364 1326 479 1364 Trin.
504 1323 743 1365 Bentleius.
779 1326 843 1376 (Ut
875 1337 980 1373 nos,
1015 1336 1172 1365 omnes
1204 1326 1363 1375 nostri,
1399 1327 1615 1377 Pottierii,
1650 1328 1892 1379 Schmidii.)

175 1443 337 1494 gyern).
384 1443 460 1482 Est
482 1442 629 1493 igitur:
668 1441 885 1491 «nolim‚»
910 1442 1057 1482 addita
1122 1441 1323 1494 plerique
1367 1441 1521 1496 μῦθοι
1564 1456 1589 1484 a
1627 1446 1802 1496 tragicis
1834 1447 2006 1487 tractati

176 1508 327 1546 tamen
359 1516 518 1553 causa3
561 1516 673 1554 non,
707 1507 756 1545 ut
785 1504 852 1544 alii
883 1504 1055 1545 volunt:

179 1586 196 1605 «
213 1581 299 1609 non
330 1569 542 1621 possim.»
580 1592 623 1597 —
657 1570 833 1609 laudare
862 1570 1057 1620 maligne]

178 1633 395 1684 «propter
425 1632 574 1672 nescio
607 1642 740 1682 quam
773 1631 1059 1671 invidentiam

176 1706 310 1747 parce
332 1706 384 1734 ac
404 1694 559 1746 frigide
581 1693 786 1742 laudare,
822 1696 866 1733 et
889 1694 945 1733 ita
968 1695 1062 1745 qui-

177 1757 306 1807 dem,
354 1759 401 1796 ut
445 1768 560 1808 quae
598 1755 693 1796 laus
735 1756 962 1805 videatur,
1011 1767 1059 1795 re

175 1831 279 1860 vera
312 1820 367 1859 sit
393 1817 567 1858 occulta
598 1819 785 1858 irrisio.»
813 1840 857 1846 —
883 1818 965 1869 Ille]
999 1819 1061 1858 Ex

177 1883 478 1923 recentiorum
522 1880 771 1932 linguarum
818 1880 964 1921 indole
997 1881 1060 1920 sic

177 1944 456 1997 pergendum
479 1944 619 1984 foret:
652 1944 726 1983 hoc
755 1945 878 1993 scito,
912 1945 970 1983 sic
989 1944 1063 1983 ha—

177 2008 288 2057 beto,
325 2007 445 2046 illum
472 2007 573 2045 mihi
594 2029 616 2034 -
634 2029 656 2035 -
675 2007 823 2045 videri.
872 2007 936 2046 Cf.
968 2007 1058 2046 Sat.

177 2070 217 2118 ⁶2,
243 2071 281 2117 t,
306 2069 372 2109 80.
408 2069 496 2108 Cic.
522 2068 579 2108 ad
600 2069 719 2108 Fam.
745 2070 791 2117 5,
825 2070 900 2116 Μ,
928 2069 972 2108 9;
1005 2068 1062 2107 Ac

177 2143 228 2171 ne
254 2132 362 2182 forte
390 2131 565 2180 mirere,
599 2143 676 2170 cur
696 2153 756 2159 —-
777 2142 805 2169 α
835 2135 871 2170 te
900 2132 942 2169 id
972 2135 1064 2170 tan-

177 2199 317 2245 topere
354 2198 576 2244 petamus:
622 2193 696 2232 illa
740 2204 813 2232 nos
856 2193 1063 2243 cupiditas

177 2256 378 2296 accendit.
408 2279 452 2283 —
480 2267 560 2306 per
589 2259 802 2295 extentum
820 2256 962 2306 funem
982 2255 1060 2307 Ire]

178 2318 471 2359 proverbium
503 2318 559 2358 de
591 2318 767 2370 incepto
810 2317 972 2358 difficili
1010 2329 1062 2358 ac

178 2381 445 2435 periculose.
493 2382 665 2421 Arrian.
691 2382 828 2433 Epict.
854 2381 893 2430 3,
920 2382 985 2430 402,
1011 2382 1059 2420 2:

179 2441 434 2486 Δύσκολόν
477 2443 579 2485 ἐστι
618 2444 698 2484 καὶ
730 2440 787 2484 τὸ·
816 2443 892 2484 ἐπὶ
924 2456 1064 2492 σχοι-

179 2511 286 2550 νίου
334 2511 638 2565 περιπατεῖν·
685 2508 766 2548 καὶ
810 2502 868 2548 οὗ
909 2505 1064 2560 μόνον

179 2569 450 2620 δύσκολον,
484 2566 605 2610 ἀλλὰ
636 2572 718 2611 καὶ
745 2569 1061 2611 ἐπικίνδυνον.

183 2634 291 2675 «Ille
322 2645 420 2674 rem
450 2633 568 2673 factu
598 2644 818 2686 perquam
841 2632 1065 2674 difficilem

180 2698 409 2750 praestare
447 2708 594 2748 neque
626 2695 695 2736 vel
736 2696 952 2737 tantillum
983 2697 1067 2736 ab-

181 2770 332 2800 errare
377 2759 433 2799 ab
480 2760 585 2799 artis
634 2758 813 2810 regula,
861 2770 1066 2800 summus

181 2823 312 2873 igitur
359 2823 489 2873 poeta
540 2832 641 2862 esse
692 2822 797 2861 mihi
846 2821 1065 2861 videtur.»

184 2885 408 2935 «Exponit
457 2884 644 2933 deinde,
707 2884 813 2936 quid
863 2886 1067 2925 scenicus

182 2949 315 2998 poeta
336 2947 380 2987 in
401 2948 674 2988 audientium
693 2949 863 2989 animos
879 2947 1065 2988 valeat.»

184 3010 382 3048 DlLLENB.
411 3032 456 3054 ,-
478 3009 675 3061 inaniter]
702 3011 805 3062 quia
826 3011 980 3050 fictum
1002 3012 1070 3050 est

184 3072 511 3122 argumentum.
537 3095 579 3100 —
605 3073 766 3123 Irritat]
793 3073 1069 3112 «Vehemen-

186 3136 253 3174 tes
299 3133 432 3173 animi
479 3133 664 3173 affectus
710 3137 882 3182 movet3
902 3150 920 3170 »
981 3146 1068 3175 non

128 3236 144 3246 ‚
185 3195 465 3248 simpliciter:
502 3195 583 3234 «ad
615 3197 726 3235 iram
757 3195 983 3247 impellit.»
1020 3221 1064 3225 —

189 3259 237 3298 Ut
264 3257 426 3309 maqus]
462 3258 537 3299 «Ut
567 3258 682 3308 magi
714 3256 905 3309 exempli
933 3269 1068 3298 causa

185 3320 357 3360 umbris
391 3332 445 3360 ex
475 3320 588 3359 Orco
621 3319 840 3367 excitatis,
875 3319 1069 3360 cadave-

186 3382 310 3423 ribus
340 3383 395 3422 ad
426 3384 605 3434 tempus
630 3383 671 3421 in
692 3382 826 3421 vitan]
849 3383 1068 3423 revocatis

188 3445 465 3486 consultores
482 3443 897 3497 perterrefaciunt.»
914 3467 957 3471 -
977 3445 1070 3484 The-

1124 1505 1281 1546 sedem
1313 1517 1439 1547 suam
1470 1507 1712 1548 habebant.
1766 1508 1924 1549 Similis
1947 1509 2007 1549 lo—

1124 1578 1202 1607 cus
1236 1570 1305 1609 est
1334 1569 1377 1608 in
1408 1568 1599 1611 Platonis
1628 1572 1732 1610 Ione
1764 1583 1806 1623 p.
1831 1572 1925 1612 535.
1956 1573 2003 1613 C.

1178 1630 1394 1671 ζ2114--21172
1440 1633 1590 1672 Verum
1620 1645 1697 1685 aye
1727 1639 1763 1673 et
1794 1635 1895 1686 cet.]
1938 1636 2006 1674 Sic

1125 1695 1215 1734 Cic,
1241 1694 1296 1733 de
1328 1696 1377 1734 N.
1402 1696 1452 1734 D.
1479 1696 1519 1744 4,
1554 1695 1631 1744 30,
1656 1695 1732 1736 84ῑ
1765 1696 1849 1747 Ape
1879 1700 1915 1736 et
1945 1697 2006 1735 his

1121 1756 1336 1796 vocabulis
1365 1758 1458 1797 deos
1487 1769 1571 1797 esse
1597 1758 1826 1808 faciamus,
1861 1758 2007 1808 quibus

1125 1831 1153 1858 a
1182 1818 1297 1858 nobis
1316 1820 1602 1859 nominantur.
1639 1820 1702 1860 Cf.
1728 1820 1854 1859 Hand
1879 1822 2004 1861 Turs.

1124 1883 1173 1921 ΙΙ.
1212 1894 1254 1934 p.
1284 1882 1378 1923 544.
1435 1884 1528 1922 lam
1572 1894 1596 1922 a
1635 1884 1778 1935 poetis
1819 1885 2007 1924 scenicis

1124 1946 1356 1997 imperitae
1388 1945 1650 1997 plebeculae
1681 1946 1864 1987 fastidiis
1887 1957 2010 1986 sem-

1123 2019 1205 2060 per
1236 2008 1447 2059 expositis
1479 2008 1535 2048 ad
1567 2019 1668 2058 eos,
1713 2009 1788 2060 qui
1819 2008 1900 2048 alia
1931 2021 2009 2060 ge—

1125 2082 1230 2110 nera
1262 2069 1437 2120 colunt,
1472 2072 1629 2112 transit
1659 2082 1827 2123 eosque
1858 2073 2009 2122 Augu-

1125 2133 1180 2172 sti
1195 2131 1534 2173 benevolentiae
1553 2144 1604 2172 ac
1620 2134 1866 2184 patrocinio
1883 2145 2008 2173 com-

1124 2194 1321 2234 mendat.
1350 2219 1391 2223 —
1414 2207 1455 2235 se
1484 2196 1625 2235 lectori
1645 2196 1824 2248 credere]
1849 2195 2010 2236 «lecto-

1125 2258 1184 2297 ris
1216 2257 1430 2297 iudicium
1457 2260 1741 2310 exspectare,
1776 2258 1894 2309 quod
1918 2258 2009 2310 ple-

1125 2330 1316 2370 rumque
1356 2320 1496 2370 magis
1532 2320 1753 2371 integrum
1787 2323 1830 2360 et
1861 2321 2010 2361 consi-

1127 2383 1334 2424 deratum
1365 2394 1465 2423 esse
1497 2382 1611 2423 solet
1631 2394 1766 2435 quam
1788 2383 1943 2423 turbae
1966 2384 2009 2423 in

1126 2446 1300 2485 theatro
1323 2447 1660 2496 congregatae.»
1689 2469 1734 2474 -—
1757 2457 1817 2495 sp.
1835 2445 2011 2496 fastidia

1125 2509 1237 2559 ferre
1257 2507 1435 2560 superbi]
1458 2509 1575 2559 Virg.
1600 2506 1690 2547 Ecl.
1715 2509 1755 2557 2,
1781 2506 1853 2548 44:
1886 2509 2012 2548 Ama-

1126 2571 1370 2620 ryllidis—-
1395 2570 1574 2620 superba
1605 2571 1699 2620 pati
1735 2571 1923 2621 fastidia.
1962 2594 2007 2599 --

1127 2632 1264 2684 redde]
1297 2633 1478 2672 Reddere
1507 2643 1595 2672 non
1617 2634 1685 2672 est
1715 2632 1832 2672 idem
1865 2643 1917 2671 ao
1947 2643 2012 2672 re-

1127 2695 1316 2743 stituere,
1363 2693 1419 2733 ab
1465 2693 1548 2734 alio
1593 2694 1714 2745 quod
1758 2695 2008 2745 acceperis,

1129 2768 1213 2797 nec
1244 2757 1347 2796 dare
1367 2755 1646 2808 simpliciter,
1680 2756 1761 2797 sed
1784 2756 1917 2796 «dare
1941 2767 2008 2806 ea,

1130 2831 1244 2870 quae
1299 2820 1374 2858 aut
1426 2821 1610 2870 propter
1653 2817 2011 2870 qualemcunque

1131 2893 1312 2923 causam
1344 2880 1566 2921 debentur
1596 2881 1672 2930 iis,
1706 2880 1868 2932 quibus
1898 2881 2011 2921 dan-

1129 2947 1224 2995 tur,
1273 2945 1348 2983 aut
1377 2943 1433 2983 ad
1468 2955 1545 2983 eos
1576 2954 1844 2995 quocunque
1877 2944 2010 2984 modo

1128 3008 1375 3060 pertinent,
1414 3004 1537 3046 velut
1564 3006 1734 3046 reddere
1763 3006 1826 3044 dis
1852 3010 2008 3055 votum,

1128 3072 1301 3111 reddere
1331 3069 1458 3109 alicui
1487 3069 1718 3119 epistolam.
1773 3068 1864 3119 (Od.
1888 3070 1934 3117 2,
1968 3069 2007 3116 7,

1132 3134 1208 3173 117:
1266 3132 1493 3183 obliqatam
1534 3132 1658 3171 redde
1698 3131 1785 3170 Iovi
1828 3131 2011 3181 dapem.)

1131 3197 1180 3235 H.
1207 3194 1232 3235 l.
1258 3194 1588 3235 modestissime
1620 3193 1779 3234 suadet
1798 3193 2008 3242 Augusto,

1130 3259 1182 3296 ut
1210 3268 1290 3309 pro
1319 3258 1553 3309 poetarum
1585 3255 1752 3295 meritis
1784 3254 1839 3304 (V.
1871 3252 2008 3303 448.)‚

1132 3320 1265 3359 etiam
1309 3331 1390 3371 pro
1435 3318 1602 3366 studio,
1651 3327 1739 3367 quo
1769 3315 1907 3366 ipsius
1938 3326 2010 3354 res

1132 3384 1278 3433 gestas
1310 3381 1561 3429 celebrent,
1609 3380 1779 3427 reddat,
1827 3377 1869 3416 id
1916 3379 2007 3425 est,

1132 3445 1324 3485 vicissim
1377 3443 1605 3495 impendat
1653 3443 1701 3481 iis
1748 3451 1901 3480 curam
1932 3438 2011 3478 ali—

190 3507 530 3559 bis--Athenis]
583 3506 745 3559 quibus
790 3507 829 3545 in
878 3505 1067 3547 urbibus
1131 3518 1265 3558 quam
1315 3505 1502 3546 brevem
1553 3505 1780 3544 dumtaxat
1828 3504 2011 3555 propter
