2231 3787
250 186 350 238 760

1050 150 1262 222 llORATll

320 317 471 370 Grais
513 314 806 384 ingenium,
851 312 1002 365 Grais
1044 312 1189 365 dedit
1227 327 1320 363 ore
1361 309 1588 363 rotundo

320 419 466 469 Musa
507 415 680 486 loqui,
723 423 936 485 praeter
977 412 1188 465 laudem
1229 410 1425 463 nullius
1463 410 1652 463 avaris.

319 517 535 571 Romani
578 517 727 587 pueri
769 515 937 584 longis
976 511 1272 564 rationibus
1311 528 1486 564 assem

318 620 539 672 Discunt
579 618 629 668 in
670 624 847 687 partes
886 622 1099 667 centum
1137 611 1411 665 diducere.

1958 511 2060 561 325

1490 611 1640 664 Dicat

360 784 452 822 323,
488 782 612 821 Grais
631 803 648 808 -
666 802 682 809 -
705 780 830 819 Grais
860 778 966 817 bed:
1017 777 1158 817 Graiis
1177 797 1195 804 -
1213 798 1231 804 -
1252 776 1393 816 Graiis
1422 776 1517 815 BST
1540 777 1582 814 et
1603 776 1642 815 M
1665 786 1765 815 cum
1787 775 1895 816 Edd.
1920 775 2011 828 ple-

305 847 469 895 risque.
505 843 627 883 cons.
652 842 729 883 Od.
756 842 794 889 2,
827 840 865 890 4,
899 841 962 879 1¹2.
1001 862 1045 867 —-
1079 839 1172 878 326.
1207 839 1332 877 Dicas
1361 835 1580 876 Bentleius
1612 837 1724 877 coni.
1753 860 1796 865 —
1820 837 1914 877 2227.
1937 838 2011 877 Ae-

304 907 400 946 bani
431 905 491 945 Bb
526 910 628 953 {non
658 903 806 953 STed).
845 926 887 930 -
921 902 1014 942 328.
1055 905 1224 951 superat
1259 900 1447 940 BbSTcd
1487 901 1532 939 et
1561 910 1716 939 omnes
1747 900 1938 940 Pottierii
1969 902 2013 939 et

308 968 574 1015 llochederi‚
609 968 749 1007 LCtF:
783 969 964 1015 superest
987 975 1125 1004 «unus
1148 966 1190 1004 et
1212 962 1343 1003 alter»
1368 961 1575 1010 Bentleii,
1607 966 1768 1012 superet
1796 959 1844 1011 ὁ,
1876 962 2012 1002 Bent—

308 1107 402 1147 323.
440 1106 533 1146 324.
588 1106 712 1146 Grais
743 1106 845 1155 cet]
893 1105 1127 1152 «Verum,»

255 1172 408 1222 inquit,
445 1171 660 1209 «maximo
696 1169 1016 1220 impedimento
1055 1168 1131 1207 La-

254 1236 370 1273 tinae
416 1233 540 1284 po'esi
586 1234 653 1271 cst
698 1232 791 1282 ipsa
831 1232 1130 1270 Romanorum

256 1295 471 1335 educatio.
534 1295 645 1332 Sane
679 1293 831 1331 Graeci
868 1291 922 1331 illi
964 1292 1130 1342 antiqui

255 1358 310 1396 ab
343 1358 534 1396 Homero
565 1366 706 1406 usque
743 1354 798 1393 acl
840 1354 1131 1394 Menandrum

257 1421 299 1458 in
320 1417 527 1457 omnibus
548 1417 622 1464 iis,
648 1427 760 1466 quae
783 1416 835 1455 ad
860 1418 1014 1467 poesin
1036 1427 1135 1466 spe-

259 1483 399 1526 etant,
443 1479 569 1529 longe
612 1478 741 1518 nobis
781 1478 997 1518 feliciores
1037 1478 1134 1517 fue-

260 1546 389 1589 runt,
438 1542 602 1592 quippe
650 1540 811 1591 quibus
855 1543 1009 1580 natura
1042 1542 1134 1591 ipsa

258 1605 481 1655 ingenium
521 1614 625 1642 vere
665 1604 887 1654 poeticum
926 1605 969 1642 et
1000 1602 1137 1643 facili—

259 1671 397 1707 tatem
428 1667 560 1705 etiam
592 1665 845 1705 reconditos
877 1666 1011 1704 animi
1032 1676 1138 1705 sen-

259 1740 334 1769 sus
384 1728 490 1767 scite
543 1727 817 1778 exprimendi
865 1727 1015 1777 largita
1066 1728 1134 1767 sit.

260 1791 413 1839 Neque
463 1800 569 1827 vero
614 1788 707 1828 illos
757 1788 883 1828 ullius
933 1788 1041 1828 alius
1073 1791 1137 1828 rei

266 1859 399 1899 quam
431 1858 566 1886 verae
598 1847 760 1898 gloriae
788 1849 971 1898 cupidos
1003 1850 1137 1888 fuisse

260 1911 486 1949 videmus:
519 1911 669 1948 nostra
702 1920 910 1960 perversa
934 1910 1138 1949 educatio

263 1974 475 2023 quaestus
507 1974 606 2010 ante
639 1973 788 2010 omnia
827 1974 869 2010 et
907 1971 1015 2011 lueri
1045 1974 1140 2012 stu-

264 2035 387 2073 dium
418 2033 574 2072 animis
611 2032 843 2079 instillans,
877 2034 965 2072 vim
996 2035 1141 2084 poeti-

265 2107 364 2137 cam
395 2094 591 2134 debilitat
622 2098 753 2145 atque
792 2095 1023 2146 infringit.»
1075 2097 1141 2135 Si-

266 2157 379 2198 milis
412 2160 477 2195 est
507 2156 629 2196 locus
660 2158 767 2208 Epp.
792 2159 838 2206 ἱ),
874 2160 921 2206 l,
956 2159 1007 2197 93
1039 2170 1137 2210 sqq.

266 2218 508 2261 Menander
538 2219 656 2269 apud
687 2218 830 2259 Schol.
865 2220 1040 2260 Aristid.
1067 2221 1137 2260 ed.

266 2280 483 2323 Frommel
528 2291 571 2331 p.
609 2280 708 2319 3³16:
752 2276 974 2335 Ἕλληνές
1023 2284 1142 2323 εἰσιν

267 2341 434 2401 ἄνδρες
465 2337 554 2382 οὐκ
584 2337 861 2395 ἀγνώμονες
898 2345 990 2385 Καὶ
1020 2343 1141 2398 μετὰ

269 2403 503 2460 λογισμοῦ
524 2400 680 2443 πάντα
694 2402 986 2461 πράττουσίν
997 2421 1139 2459 τινος.

274 2494 316 2498 —
352 2479 423 2508 ore
459 2466 664 2518 rotundo]
713 2463 811 2506 «Τὸ
852 2468 1144 2525 στρογγύλον

272 2533 472 2572 rhetores
494 2531 646 2569 Graeci
670 2531 709 2569 in
732 2541 895 2580 genere
923 2531 1142 2580 dixerunt,

272 2592 486 2645 quidquid
532 2591 681 2631 verbis
728 2596 772 2632 et
814 2595 1043 2633 sententiis
1089 2595 1145 2632 ita

272 2656 547 2697 enuntiatum
579 2655 720 2702 esset,
755 2656 802 2693 ut
823 2656 863 2694 in
886 2666 1038 2694 eorum
1063 2656 1148 2694 for-

273 2730 342 2758 ma
375 2717 669 2765 concinnitas,
705 2716 917 2767 elegantia
950 2720 993 2756 et
1016 2717 1148 2756 artifi-

273 2782 389 2820 cium
412 2780 660 2830 appareret.
695 2779 822 2829 Apud
844 2780 1024 2829 Dionys.
1052 2779 1142 2819 Hal.

275 2843 329 2883 de
352 2844 392 2880 vi
409 2841 637 2881 Demosth.
659 2852 695 2879 c.
717 2842 780 2880 49.
799 2838 858 2880 τὰ
879 2838 1148 2898 στρογγύλα

276 2906 560 2956 opponuntur
588 2906 690 2952 τοῖς
720 2901 947 2942 τιλατέσιν
982 2906 1026 2943 et
1053 2917 1148 2955 μα-

276 2970 461 3023 κροῖς.»
494 2965 684 3004 Enssssri.
722 2966 1001 3016 Aristophan.
1027 2966 1148 3017 apud

279 3028 386 3068 Plut.
420 3027 475 3066 de
507 3026 607 3065 aud.
639 3028 757 3077 poet.
791 3037 836 3079 p.
861 3027 954 3066 ⁴43.
988 3029 1057 3067 W.
1092 3027 1146 3066 de

277 3088 503 3141 Euripide:
542 3084 734 3144 χρῶμαι
762 3083 854 3145 γὰρ
883 3085 1032 3129 αὐτοῦ
1063 3087 1147 3129 τοῦ

277 3150 521 3204 στόματος
540 3147 604 3203 τῷ
626 3148 916 3207 στρογγύλῳ.
950 3153 1145 3192 Demetr.

278 3214 396 3255 Phal.
419 3214 491 3253 20:
525 3210 611 3264 τῆς
640 3209 691 3252 δὲ
710 3207 966 3269 ῥητορικῆς
987 3211 1150 3269 περιό-

280 3275 365 3317 &ov
396 3274 818 3331 συνεστραμμένον
848 3271 903 3313 τὸ
925 3272 1049 3325 εἶδος
1069 3278 1149 3314 καὶ

279 3333 504 3378 κυκλικὸν
519 3338 599 3375 καὶ
614 3333 843 3387 δεόμενον
856 3334 1150 3393 στρογγύλου

281 3397 524 3452 στόματος
555 3396 650 3438 κτλ.
685 3400 775 3439 Nec
796 3410 895 3439 raro
917 3400 972 3439 ita
998 3400 1148 3448 Latini,

1193 1101 1327 1142 veluti
1360 1102 1447 1142 Cic.
1474 1102 1591 1141 Brut.
1616 1102 1683 1150 78,
1710 1102 1803 1141 272.
1838 1101 1893 1141 de
1926 1102 1973 1142 C.
1998 1102 2068 1141 Pi-

1195 1176 1329 1205 sone:
1362 1168 1455 1204 erat
1471 1164 1692 1203 verborum
1721 1167 1758 1203 ec
1787 1164 1960 1203 delectus
1987 1163 2070 1204 ele-

1193 1238 1299 1278 gans
1335 1231 1372 1266 et
1408 1231 1510 1276 apta
1540 1231 1576 1266 et
1605 1226 1724 1275 quasi
1758 1227 1941 1265 rotunda
1968 1237 2070 1265 con-

1193 1289 1378 1329 structio.
1405 1310 1451 1317 —
1470 1292 1644 1338 praeter
1662 1289 1829 1327 laudem
1846 1300 1887 1328 η.
1912 1288 2069 1340 avaris]

1198 1352 1353 1390 «unius
1371 1350 1513 1390 laudis
1529 1350 1887 1402 appetentibus;»
1906 1349 2067 1390 adiect.

1197 1413 1342 1452 avaris
1372 1423 1475 1463 ergo
1507 1413 1549 1452 h.
1578 1411 1605 1451 l.
1638 1411 1840 1461 laudem,
1879 1423 1968 1452 non
1997 1423 2073 1452 re-

1196 1475 1543 1527 prehensionem
1561 1475 1769 1514 continet.
1795 1475 1866 1514 «In
1883 1475 1966 1514 hac
1979 1473 2072 1515 sola

1199 1537 1434 1588 cupiditate
1465 1535 1840 1587 promerebantur
1870 1535 2070 1584 laudem,

1199 1602 1428 1650 tamquam
1450 1600 1718 1649 Protogenes
1739 1597 1830 1647 ille,
1864 1599 1938 1649 qui
1959 1597 2075 1650 Ialy—

1201 1673 1298 1701 sum
1330 1662 1452 1700 finxit
1481 1660 1638 1700 decem
1670 1660 1818 1710 annis,
1851 1660 1920 1700 vel
1947 1659 2076 1712 Apel-

1200 1724 1289 1770 les,
1323 1725 1397 1775 qui
1428 1723 1612 1763 totidem
1642 1723 1781 1775 pinxit
1814 1724 1937 1763 annis
1957 1725 2076 1762 Ana—

1203 1788 1471 1837 dyomenen.
1514 1787 1607 1825 Non
1647 1786 1763 1825 enim
1804 1787 1852 1825 ut
1898 1786 2077 1837 accipe-

1204 1851 1302 1887 rent
1333 1847 1620 1897 festinabant,
1655 1847 1734 1888 sed
1765 1849 1811 1886 ut
1849 1846 2078 1898 placerent

1204 1909 1535 1948 morabantur.»
1559 1912 1711 1949 Pomm.
1730 1910 1974 1961 Xenophon
1993 1911 2079 1950 Me-

1203 1971 1375 2011 morab.
1402 1971 1450 2020 3,
1489 1971 1535 2020 3,
1570 1971 1643 2010 43:
1680 1965 1814 2010 Ἀλλὰ
1839 1968 1939 2024 μὴν
1968 1966 2079 2012 οὔτε

1204 2029 1418 2087 εὐφωνίᾳ
1472 2030 1708 2073 τοσοῦτον
1765 2031 2079 2091 διαφέρουσιν

1199 2092 1443 2149 Ἀθηναῖοι
1472 2090 1565 2134 τῶν
1595 2090 1750 2135 ἄλλων
1772 2090 1883 2136 οὕτε
1911 2093 2080 2149 σωμά-

1205 2172 1298 2199 των
1317 2158 1512 2211 μεγέθει
1532 2159 1610 2197 καὶ
1634 2154 1787 2215 ῥώμῃ,
1808 2152 1929 2199 ὅσον
1943 2157 2081 2208 φιλο-

1203 2223 1363 2276 τιμία,
1409 2216 1530 2278 ἥπερ
1567 2219 1782 2274 μάλιστα
1826 2218 2081 2280 παροξύνει

1207 2282 1324 2342 πρὸς
1353 2280 1412 2323 τὰ
1442 2281 1566 2323 καλὰ
1595 2284 1677 2324 καὶ
1710 2278 1893 2335 ἔντιμα.

1262 2347 1340 2386 325
1359 2345 1490 2385 -332,
1542 2346 1674 2397 ἰοη9ἱ3
1718 2346 1969 2398 rationibus]
2028 2346 2083 2386 in

1207 2409 1403 2459 lanqer
1460 2408 2078 2460 Exempelberechnunq.

1207 2469 1384 2511 Arnold.
1455 2469 1613 2510 Similis
1662 2470 1716 2509 de
1766 2471 2082 2511 chrematismo

1209 2533 1483 2584 querimonia
1524 2534 1592 2571 est
1622 2531 1739 2583 apud
1771 2531 1994 2572 Platonem
2027 2531 2082 2572 de

1212 2598 1315 2645 Rep.
1342 2595 1379 2633 6.
1404 2606 1445 2646 p.
1471 2593 1563 2634 498.
1590 2597 1637 2633 Α.
1678 2617 1708 2623 -
1747 2595 1912 2644 partes]
1965 2593 2085 2634 «fra—

1211 2657 1395 2704 odones,
1421 2657 1548 2695 Bruc
1560 2657 1625 2695 he.
1638 2672 1656 2691 »
1690 2657 1899 2695 Ceterum
1921 2660 2085 2696 centum

1177 2719 1252 2757 .h.
1291 2717 1317 2756 l.
1356 2729 1408 2756 ex
1448 2717 1717 2757 duodenaria
1757 2718 1849 2756 sive
1889 2718 2083 2758 unciaria

1211 2779 1327 2831 apud
1358 2781 1575 2818 Romanos
1605 2779 1889 2830 computandi
1915 2781 2084 2821 ratione

1212 2841 1388 2894 proprie
1419 2841 1556 2891 accipi
1576 2842 1740 2892 nequit,
1774 2841 1854 2882 sed
1871 2843 2087 2894 significat

1214 2901 1306 2941 «vel
1337 2902 1695 2943 minutissimas.»
1727 2902 1882 2945 Ultima
1903 2904 2086 2956 quidem

1212 2964 1332 3012 finis,
1378 2963 1433 3002 ad
1474 2974 1607 3014 quam
1646 2965 1688 3004 in
1729 2966 1841 3006 assis
1875 2966 2087 3007 distribu-

1213 3027 1329 3065 tione
1352 3026 1633 3077 progreditur
1667 3028 1713 3066 L.
1737 3026 1940 3068 Volusius
1966 3029 2088 3068 Mae-

1214 3088 1366 3128 cianus
1388 3088 1427 3138 5.
1447 3088 1541 3136 39.,
1580 3088 1690 3127 haec
1721 3091 1813 3129 est:
1860 3090 2088 3129 Dimidium

1213 3150 1457 3200 scriptulum
1486 3152 1612 3189 audio
1632 3152 1835 3200 quosdam
1852 3152 2087 3192 ratiocina-

1214 3217 1322 3252 tores
1351 3213 1613 3253 SIMPLIUM
1648 3215 1821 3262 vocarej
1863 3214 1971 3263 quod
2009 3214 2089 3253 erit

1215 3276 1337 3314 totius
1374 3276 1478 3314 assis
1515 3275 1844 3326 quinqentesima
1870 3278 2089 3326 septuage-

1215 3337 1320 3376 sima
1348 3341 1490 3385 sexta,
1524 3347 1651 3386 quam
1689 3341 1728 3376 et
1763 3337 1899 3386 ipsam
1921 3340 2089 3386 partem

1213 3400 1374 3451 infinito
1393 3409 1594 3449 separare
1608 3399 1751 3449 possis.
1785 3398 1902 3439 Cave
1919 3399 2083 3447 autem,
