2231 3787
874 249 970 287 LlB.
1005 249 1034 286 1.
1097 248 1207 286 SA'r.
1243 247 1311 286 vl.

1899 242 2010 314 io7

267 381 399 431 Ante
439 386 759 448 potestatem
798 376 928 429 Tulli
969 386 1129 448 atque
1171 376 1402 447 ignobile
1441 393 1664 446 regnum

270 479 461 532 Multos
502 497 667 550 saepe
707 479 851 532 viros
891 478 1048 532 nullis
1087 477 1382 531 maioribus
1422 485 1568 530 ortos

1948 476 2013 528 40

266 582 328 633 Et
364 581 562 634 vixisse
602 580 829 652 probOS,
871 579 1062 651 amplis
1102 589 1154 633 et
1191 579 1487 633 honoribus
1527 587 1741 642 auctos,

267 683 462 737 Contra
500 684 818 744 Laevinum,
860 681 1033 736 Valeri
1073 699 1270 753 genus,
1312 681 1457 735 unde
1497 680 1766 752 superbus

265 786 585 857 Tarquinius
626 803 791 857 regno
831 784 1019 856 pulsus
1058 784 1211 855 sugit,
1253 783 1412 836 unius
1452 783 1588 836 assis

305 1016 370 1055 43.
401 1015 508 1066 sugit
539 1014 613 1065 dp,
647 1025 714 1066 pr.
749 1013 829 1062 bS,
866 1015 1073 1064 quattuor
1106 1011 1332 1061 Blandin.,
1379 1010 1562 1052 Bentleii
1607 1026 1634 1065 γ
1679 1014 1722 1052 et
1758 1011 1827 1052 alii
1873 1012 1960 1052 duo

250 1081 293 1117 ct
321 1089 404 1129 pro
433 1088 526 1115 var.
560 1075 659 1115 lect.
695 1088 736 1124 v,
770 1086 932 1115 novem
962 1075 1170 1124 Pottierii,
1204 1074 1444 1124 Bentleius,
1477 1076 1525 1115 F:
1558 1075 1637 1126 fuit
1659 1086 1697 1123 c,
1733 1086 1848 1115 corr.
1881 1074 1956 1121 hs,

252 1138 375 1180 multi
407 1139 622 1186 Pottierii,
657 1138 799 1178 LCtM.

196 1304 298 1344 Tulli
325 1326 348 1332 —
377 1302 553 1355 ignobile
584 1301 780 1354 reynum]
813 1303 902 1342 Liv.
939 1301 985 1350 4,
1019 1301 1069 1341 3:

195 1368 258 1407 En
294 1378 483 1417 unquam
519 1366 686 1405 creditis
721 1366 851 1416 fando
881 1365 1072 1404 auditum

193 1441 275 1470 esse
293 1453 316 1459 -
335 1452 360 1459 -
380 1430 571 1470 Servium
595 1429 770 1468 Tullium
791 1450 815 1458 -·
832 1451 878 1478 —,
902 1428 1072 1478 captiva

194 1493 476 1534 Corniculana
495 1496 666 1541 uatum,
684 1495 812 1542 patre
830 1491 959 1541 nullo,
982 1503 1073 1530 ma-

193 1559 255 1595 tre
281 1566 426 1605 serva,
457 1555 623 1606 inqenio
653 1558 690 1593 et
716 1554 870 1593 virtute
896 1565 1073 1605 reyuum

193 1616 396 1659 tenuisse?
429 1640 473 1646 —
508 1617 686 1668 Contra]
715 1615 881 1668 «probe
911 1617 1069 1664 nosti»;

193 1682 238 1722 id
268 1679 389 1732 quod
421 1679 688 1720 eliciendum
712 1682 781 1719 est
811 1691 865 1718 ex
885 1691 956 1718 vv.
976 1690 1075 1729 per-

193 1745 340 1783 suades
368 1743 438 1782 tibi
467 1754 575 1783 vere.
613 1765 658 1771 ——
691 1743 932 1794 Laevinum]
969 1742 1073 1781 «Hie

193 1808 239 1846 P.
272 1804 473 1846 Valerius
507 1805 750 1857 (Laevinus)
784 1805 896 1844 adeo
934 1804 1073 1845 foedis

195 1879 246 1909 ac
288 1869 499 1920 proiectis
540 1869 583 1908 in
614 1878 796 1907 omnem
840 1867 1077 1918 turpitudi-

199 1941 303 1971 nem
325 1931 526 1971 moribus
546 1931 673 1979 vixit,
705 1932 754 1969 ut
784 1930 969 1982 provehi
989 1940 1077 1969 non

193 1994 389 2045 potuerit
430 1992 544 2033 ultra
574 1995 843 2044 quaesturae
889 1992 1078 2042 dignita-

195 2057 375 2095 tatem.»
428 2057 583 2095 Pomm.
634 2077 678 2083 —
725 2055 846 2106 unde]
896 2066 944 2093 «a
987 2064 1075 2105 quo

195 2116 370 2157 Valerio
413 2116 659 2166 Publicola,
692 2119 759 2157 ut:
805 2128 934 2168 qenus
968 2117 1078 2155 unde

196 2180 434 2219 Latinum.»
476 2181 628 2220 Senor.
679 2179 803 2220 Conf.
836 2179 894 2219 ad
923 2178 1001 2219 Od.
1027 2179 1073 2227 ’1,

198 2243 270 2290 42,
305 2243 372 2281 47.
406 2243 451 2292 4,
484 2243 558 2290 28,
591 2243 658 2283 28.
709 2243 760 2292 2,
802 2242 875 2291 42,
916 2242 955 2281 7.
1008 2241 1076 2280 Si-

198 2303 358 2343 militer
398 2305 490 2343 hinc
528 2306 772 2356 usurpatur
802 2303 880 2343 Od.
915 2303 962 2352 3,
1001 2304 1073 2352 47,

197 2366 237 2406 2.
278 2388 323 2394 -
363 2366 510 2415 pulsus
549 2366 670 2418 fugit]
714 2366 975 2406 Rectissime
1021 2365 1076 2404 de

198 2429 284 2467 hoe
313 2426 411 2468 loco
438 2428 632 2479 disputat
659 2428 905 2478 Madvigius
927 2427 1074 2476 opusc.

197 2491 325 2531 Acad.
359 2491 432 2530 alc.
466 2502 509 2541 p.
536 2490 636 2531 2⁵24:
687 2489 833 2531 «Multi
875 2488 1078 2530 scriben-

201 2554 308 2594 dum
337 2555 570 2605 putarunt:
623 2553 760 2592 Valeri
788 2564 939 2604 9enus,
972 2553 1079 2592 uude

199 2616 408 2666 Superbus
457 2616 708 2665 Tarquinius
752 2627 882 2667 regino
930 2615 1080 2665 pulsus

197 2678 297 2728 fuit,
345 2678 506 2718 eadem
537 2679 751 2719 sententia
784 2689 836 2717 ae
867 2678 903 2718 si
933 2679 1076 2718 esset:

193 2741 339 2790 pulsus
379 2745 462 2790 est,
512 2743 563 2780 ut
605 2742 822 2781 evitarent
864 2749 1079 2792 praesens

201 2804 352 2851 nimis,
398 2805 448 2842 ut
478 2802 744 2852 credebant,
791 2802 845 2842 ab
878 2801 948 2842 illo
982 2801 1080 2841 loco

202 2865 475 2915 abhorrens,
507 2866 628 2917 fugyit.
678 2867 845 2905 Verum
868 2866 1081 2917 quoniam

205 2927 365 2978 (supra)
413 2928 615 2976 ostendi,
665 2929 894 2968 Horatium
936 2927 1083 2977 pulsus

202 2990 282 3040 fuit
316 2999 367 3029 ea
405 2989 721 3040 significatione
760 2990 958 3030 scribere
994 3000 1082 3029 non

204 3051 418 3103 potuisse,
442 3053 622 3092 utemur
640 3063 746 3091 vera
769 3054 811 3092 et
833 3054 955 3092 certa
977 3052 1085 3091 scri-

204 3116 333 3167 ptura
364 3113 420 3153 ad
451 3113 581 3154 aliam
614 3113 737 3155 litem
767 3114 1079 3155 dirimendam.

205 3178 330 3217 Patet
360 3176 479 3216 enim
501 3177 729 3217 Horatium
749 3177 932 3217 liberius
954 3188 1083 3229 prae-

205 3239 318 3279 senti
346 3238 558 3278 historico
587 3238 670 3286 uti,
722 3250 812 3279 non
854 3239 897 3278 in
943 3239 1084 3278 conti-

207 3312 292 3341 nua
323 3303 367 3341 et
402 3300 577 3339 incitata
609 3301 882 3348 narratione,
930 3301 1010 3341 sed
1041 3301 1084 3341 in

206 3362 333 3402 brevi
368 3362 432 3402 rei
468 3362 734 3413 praeteritae
766 3361 1083 3412 significatione

207 3436 290 3476 per
317 3436 565 3477 pronomen
586 3423 818 3464 relativum
838 3424 1081 3465 interiecta.

210 3487 334 3528 Idem
353 3487 554 3539 Virgilius
586 3487 684 3528 facit
715 3498 802 3527 non
834 3498 948 3536 raro,
982 3498 1084 3527 eum

1134 1302 1178 1340 in
1207 1300 1390 1340 relativa
1428 1301 1645 1341 sententia
1686 1301 1807 1351 (Aen.
1836 1301 1885 1349 2,
1919 1301 2013 1340 275.

1135 1364 1181 1412 8,
1209 1363 1279 1404 444
1295 1396 1321 1412 .,
1354 1363 1430 1403 ubi
1458 1364 1561 1403 tollit
1582 1365 1650 1403 est
1669 1364 1832 1402 sustulit
1853 1368 1889 1402 et
1907 1375 2018 1403 nunc

1133 1427 1313 1476 sustinet)
1338 1426 1382 1475 9,
1417 1427 1511 1466 266.
1547 1426 1640 1466 361.
1675 1426 1769 1466 362.
1805 1427 1872 1475 ll,
1897 1427 2009 1474 2172„

1136 1489 1298 1540 quibus
1348 1487 1455 1529 locis
1494 1500 1575 1540 pro
1627 1487 2019 1540 plusquamperfe-

1136 1555 1205 1592 cto
1221 1563 1436 1604 praesens
1460 1554 1540 1600 est,
1567 1551 1820 1602 frustraque
1843 1562 1867 1590 a
1887 1552 2020 1602 KVag-

1136 1628 1244 1656 nero
1276 1615 1332 1655 ad
1373 1617 1599 1654 certorum
1636 1614 2019 1654 substantivorum

1134 1679 1455 1730 proprietatem
1476 1677 1548 1716 hic
1569 1687 1676 1717 usus
1698 1675 2016 1727 adstringitur),

1137 1742 1232 1780 tum
1261 1741 1305 1779 in
1336 1739 1716 1779 demonstratione
1759 1738 1867 1777 certi
1903 1749 2021 1790 pun-

1139 1804 1196 1842 cti
1212 1802 1438 1858 praeteriti
1457 1802 1685 1852 temporis.
1711 1801 1832 1851 (Aen.
1855 1801 1897 1849 2,
1922 1800 2016 1840 665.

1139 1864 1183 1913 4,
1218 1864 1330 1913 549.)
1364 1858 1523 1903 Imitati
1554 1862 1623 1902 alii
1652 1864 1828 1914 poetae,
1852 1864 1901 1901 ut
1919 1863 2022 1902 Per-

1141 1928 1232 1968 sius
1264 1929 1349 1966 Sat.
1384 1926 1432 1975 4,
1469 1927 1512 1965 4:
1546 1925 1780 1965 Barbatum
1808 1925 1882 1964 hoe
1902 1924 2022 1963 erede

1142 1991 1395 2041 maqistrum
1409 1989 1572 2036 Dicere,
1595 1987 1763 2027 sorbitio
1779 1987 1883 2026 tollit
1903 1997 2023 2036 quem

1141 2054 1239 2092 dira
1267 2053 1441 2091 cicutae.
1486 2052 1580 2090 Non
1615 2049 1918 2090 dubitabimus
1946 2050 2023 2099 igi-

1142 2117 1232 2165 tur,
1275 2116 1381 2166 quin
1411 2114 1532 2154 idem
1565 2114 1772 2154 Horatius
1803 2123 1937 2152 ausus
1969 2112 2024 2152 sit

1139 2179 1243 2230 post
1271 2178 1630 2218 coniunctionem
1659 2187 1775 2225 eum,
1813 2184 2022 2227 praesen-

1138 2241 1284 2291 tisque-
1316 2240 1373 2280 sit
1403 2240 1618 2291 temporis
1645 2239 1773 2278 donat
1801 2239 1845 2277 in
1868 2238 1955 2276 Sat.
1981 2237 2020 2285 4,

1139 2304 1180 2352 2,
1214 2302 1282 2342 56.
1316 2303 1361 2341 et
1389 2302 1567 2341 edormit
1595 2302 1641 2340 in
1662 2301 1749 2340 sat.
1774 2301 1822 2348 2,
1856 2299 1900 2348 3,
1935 2298 2020 2346 61.,

1142 2363 1303 2415 quibus
1325 2362 1432 2403 locis
1452 2364 1587 2402 utitur
1613 2363 1841 2413 Zumptius
1863 2360 1901 2411 g.
1927 2360 2021 2399 460.

1142 2428 1231 2466 not.
1266 2426 1323 2465 ad
1343 2436 1593 2477 syncopam
1621 2424 1848 2476 praeteriti
1868 2421 2025 2462 defen-

1146 2488 1383 2529 dendam.»
1439 2487 1660 2527 Similibus
1682 2486 1848 2537 aliquot
1877 2495 2026 2525 exem-

1142 2551 1224 2603 plis
1248 2550 1386 2591 allatis
1411 2551 1471 2601 (ut
1491 2550 1614 2590 Ovid.
1639 2550 1816 2590 Metam.
1841 2549 1887 2596 7,
1918 2547 2021 2586 29οῑ

1141 2615 1268 2655 Pulsa
1294 2614 1403 2664 fugit
1422 2613 1597 2659 macies;
1629 2612 1781 2651 abeunt
1802 2610 2027 2660 pallorque

1142 2675 1357 2727 situsque.)
1373 2676 1429 2714 ita
1447 2675 1590 2726 pergit
1604 2673 1853 2714 Bentleius:
1880 2673 2026 2712 «Haec

1145 2738 1328 2790 quidem
1379 2736 1514 2776 nitida
1559 2738 1685 2785 sunt,
1753 2734 1865 2775 culta
1925 2736 2028 2774 sunt

1146 2803 1190 2841 et
1219 2799 1475 2840 auctoribus
1497 2800 1587 2840 suis
1619 2799 1769 2849 digna:
1803 2800 1848 2837 at
1874 2795 2028 2848 volga-

1144 2867 1241 2904 tum
1270 2862 1376 2903 illud
1399 2863 1546 2913 pulsus
1574 2862 1655 2912 fuit
1685 2871 1820 2912 quam
1841 2860 1962 2899 iners
1984 2860 2029 2898 et

1144 2926 1427 2977 languidum!
1456 2940 1475 2961 »
1551 2926 1787 2965 Praeterea
1858 2922 2026 2974 inspice

1147 2987 1352 3040 exempla
1395 2999 1419 3027 a
1466 2989 1690 3038 XVagnero
1739 2985 1923 3026 collecta
1972 2984 2028 3024 ad

1145 3052 1262 3102 Virg.
1286 3053 1396 3091 Aen.
1423 3051 1468 3098 4,
1503 3050 1569 3089 99.
1624 3049 1744 3100 (Aen.
1769 3048 1815 3096 3,
1850 3049 2030 3088 4:120315-

1147 3126 1275 3164 quam
1303 3136 1327 3142 -
1356 3135 1379 3142 -
1413 3113 1546 3152 omnis
1591 3112 1714 3152 humo
1762 3112 1899 3162 fwmat
1943 3111 2029 3149 Ne·

1139 3177 1294 3227 pluuia
1327 3175 1488 3226 Troia.)
1522 3176 1566 3214 et
1594 3174 1709 3214 adde
1732 3171 1884 3213 Tibull.
1909 3173 1950 3220 2,
1983 3171 2022 3218 4,

1147 3240 1227 3278 55:
1282 3238 1491 3289 Quidquid
1527 3237 1678 3276 habet
1721 3237 1860 3284 Circe,
1906 3233 2028 3283 quid-

1147 3301 1248 3351 quid
1264 3302 1411 3341 Medea
1429 3301 1588 3340 veneni.
1616 3298 1738 3339 Conf.
1759 3308 1876 3337 nunc
1894 3296 2027 3334 etiam

1147 3362 1312 3403 Herbst
1350 3363 1487 3402 Lectt.
1509 3362 1674 3402 Venus.
1697 3362 1742 3399 P.
1767 3360 1798 3398 1.
1821 3369 1864 3409 p.
1886 3358 1954 3396 25.
1980 3379 2023 3384 -

1147 3426 1271 3465 unius
1300 3424 1416 3476 assis]
1450 3425 1694 3465 Construe:
1726 3433 1810 3460 uon
1838 3431 2028 3470 unquam

1142 3488 1280 3537 pluris
1329 3487 1464 3537 pretio
1512 3485 1637 3525 unius
1683 3485 1786 3524 assis
1835 3483 2024 3533 licuisse,
