<?xml version="1.0" encoding="UTF-8"?>
<!DOCTYPE html PUBLIC "-//W3C//DTD XHTML 1.0 Transitional//EN"
    "http://www.w3.org/TR/xhtml1/DTD/xhtml1-transitional.dtd">
<html xmlns="http://www.w3.org/1999/xhtml" xml:lang="en" lang="en">
 <head>
  <title>
</title>
<meta http-equiv="Content-Type" content="text/html;charset=utf-8" />
  <meta name='ocr-system' content='tesseract 3.04.00' />
  <meta name='ocr-capabilities' content='ocr_page ocr_carea ocr_par ocr_line ocrx_word'/>
</head>
<body>
  <div class='ocr_page' id='page_1' title='image "./qhoratiusflaccus02horauoft_0180.png"; bbox 0 0 2231 3787; ppageno 0'>
   <div class='ocr_carea' id='block_1_1' title="bbox 283 284 1449 341">
    <p class='ocr_par' dir='ltr' id='par_1_1' title="bbox 283 284 1449 341">
     <span class='ocr_line' id='line_1_1' title="bbox 283 284 1449 341; baseline -0.015 -2"><span class='ocrx_word' id='word_1_1' title='bbox 283 289 374 341; x_wconf 69' lang='lat'>164</span> <span class='ocrx_word' id='word_1_2' title='bbox 906 286 1118 326; x_wconf 71' lang='lat' dir='ltr'>lioRATu</span> <span class='ocrx_word' id='word_1_3' title='bbox 1150 284 1449 324; x_wconf 49' lang='lat' dir='ltr'>&amp;minanam</span> 
     </span>
    </p>
   </div>
   <div class='ocr_carea' id='block_1_2' title="bbox 867 507 1491 651">
    <p class='ocr_par' dir='ltr' id='par_1_2' title="bbox 867 507 1491 651">
     <span class='ocr_line' id='line_1_2' title="bbox 867 507 1491 556; baseline -0.01 0"><span class='ocrx_word' id='word_1_4' title='bbox 867 507 1491 556; x_wconf 76' lang='lat' dir='ltr'><strong>EXCURSUS.</strong></span> 
     </span>
     <span class='ocr_line' id='line_1_3' title="bbox 981 608 1368 651; baseline -0.01 0"><span class='ocrx_word' id='word_1_5' title='bbox 981 614 1042 651; x_wconf 81' lang='lat' dir='ltr'>An</span> <span class='ocrx_word' id='word_1_6' title='bbox 1073 611 1199 650; x_wconf 66' lang='lat' dir='ltr'><strong>v.28</strong></span> <span class='ocrx_word' id='word_1_7' title='bbox 1231 611 1274 649; x_wconf 87' lang='lat' dir='ltr'>ct</span> <span class='ocrx_word' id='word_1_8' title='bbox 1303 608 1368 649; x_wconf 82' lang='lat'>43.</span> 
     </span>
    </p>
   </div>
   <div class='ocr_carea' id='block_1_3' title="bbox 269 706 2129 3559">
    <p class='ocr_par' dir='ltr' id='par_1_3' title="bbox 271 706 2090 1044">
     <span class='ocr_line' id='line_1_4' title="bbox 381 706 2088 768; baseline -0.007 -11"><span class='ocrx_word' id='word_1_9' title='bbox 381 720 492 757; x_wconf 78' lang='lat' dir='ltr'>Raro</span> <span class='ocrx_word' id='word_1_10' title='bbox 524 715 705 768; x_wconf 83' lang='lat' dir='ltr'>quidem</span> <span class='ocrx_word' id='word_1_11' title='bbox 738 714 818 754; x_wconf 86' lang='lat' dir='ltr'>sed</span> <span class='ocrx_word' id='word_1_12' title='bbox 862 711 1082 752; x_wconf 85' lang='lat' dir='ltr'>interdum</span> <span class='ocrx_word' id='word_1_13' title='bbox 1122 712 1269 749; x_wconf 82' lang='lat' dir='ltr'>tamen</span> <span class='ocrx_word' id='word_1_14' title='bbox 1306 719 1378 748; x_wconf 89' lang='lat' dir='ltr'>me</span> <span class='ocrx_word' id='word_1_15' title='bbox 1409 707 1560 748; x_wconf 83' lang='lat' dir='ltr'>nescio</span> <span class='ocrx_word' id='word_1_16' title='bbox 1590 706 1816 758; x_wconf 86' lang='lat' dir='ltr'>quomodo</span> <span class='ocrx_word' id='word_1_17' title='bbox 1859 707 1978 747; x_wconf 79' lang='lat' dir='ltr'>iuvat</span> <span class='ocrx_word' id='word_1_18' title='bbox 2020 706 2088 745; x_wconf 87' lang='lat' dir='ltr'>in-</span> 
     </span>
     <span class='ocr_line' id='line_1_5' title="bbox 272 774 2087 840; baseline -0.008 -12"><span class='ocrx_word' id='word_1_19' title='bbox 272 790 444 840; x_wconf 78' lang='lat' dir='ltr'>spicere</span> <span class='ocrx_word' id='word_1_20' title='bbox 466 788 695 827; x_wconf 61' lang='lat' dir='ltr'>versiones</span> <span class='ocrx_word' id='word_1_21' title='bbox 718 786 746 824; x_wconf 86' lang='lat' dir='ltr'>F</span> <span class='ocrx_word' id='word_1_22' title='bbox 751 781 1128 833; x_wconf 82' lang='lat' dir='ltr'>rancogallorum,</span> <span class='ocrx_word' id='word_1_23' title='bbox 1152 778 1386 827; x_wconf 88' lang='lat' dir='ltr'>Italorum,</span> <span class='ocrx_word' id='word_1_24' title='bbox 1420 778 1736 829; x_wconf 73' lang='lat' dir='ltr'>Hispanorum,</span> <span class='ocrx_word' id='word_1_25' title='bbox 1770 778 1837 825; x_wconf 89' lang='lat' dir='ltr'>ut,</span> <span class='ocrx_word' id='word_1_26' title='bbox 1861 774 2087 827; x_wconf 91' lang='lat' dir='ltr'>quomodo</span> 
     </span>
     <span class='ocr_line' id='line_1_6' title="bbox 271 843 2090 908; baseline -0.008 -10"><span class='ocrx_word' id='word_1_27' title='bbox 271 859 473 897; x_wconf 80' lang='lat' dir='ltr'>homines</span> <span class='ocrx_word' id='word_1_28' title='bbox 506 857 769 908; x_wconf 78' lang='lat' dir='ltr'>plerumque</span> <span class='ocrx_word' id='word_1_29' title='bbox 802 853 915 893; x_wconf 88' lang='lat' dir='ltr'>acuti</span> <span class='ocrx_word' id='word_1_30' title='bbox 948 854 1079 902; x_wconf 86' lang='lat' dir='ltr'>atque</span> <span class='ocrx_word' id='word_1_31' title='bbox 1104 848 1328 899; x_wconf 80' lang='lat' dir='ltr'>elegantes</span> <span class='ocrx_word' id='word_1_32' title='bbox 1359 848 1477 887; x_wconf 89' lang='lat' dir='ltr'>hunc</span> <span class='ocrx_word' id='word_1_33' title='bbox 1496 845 1567 886; x_wconf 88' lang='lat' dir='ltr'>vel</span> <span class='ocrx_word' id='word_1_34' title='bbox 1598 846 1716 887; x_wconf 90' lang='lat' dir='ltr'>illum</span> <span class='ocrx_word' id='word_1_35' title='bbox 1746 845 1894 886; x_wconf 90' lang='lat' dir='ltr'>locum</span> <span class='ocrx_word' id='word_1_36' title='bbox 1924 843 2090 885; x_wconf 88' lang='lat' dir='ltr'>intelle—</span> 
     </span>
     <span class='ocr_line' id='line_1_7' title="bbox 273 914 2089 977; baseline -0.007 -10"><span class='ocrx_word' id='word_1_37' title='bbox 273 929 438 977; x_wconf 68' lang='lat' dir='ltr'>xerint,</span> <span class='ocrx_word' id='word_1_38' title='bbox 473 938 553 977; x_wconf 85' lang='lat' dir='ltr'>ego</span> <span class='ocrx_word' id='word_1_39' title='bbox 586 936 765 977; x_wconf 82' lang='lat' dir='ltr'>quoque</span> <span class='ocrx_word' id='word_1_40' title='bbox 796 922 1067 974; x_wconf 79' lang='lat' dir='ltr'>perspiciam</span> <span class='ocrx_word' id='word_1_41' title='bbox 1098 930 1243 970; x_wconf 85' lang='lat' dir='ltr'>nequo</span> <span class='ocrx_word' id='word_1_42' title='bbox 1274 928 1456 969; x_wconf 86' lang='lat' dir='ltr'>semper</span> <span class='ocrx_word' id='word_1_43' title='bbox 1485 918 1599 956; x_wconf 90' lang='lat' dir='ltr'>inter</span> <span class='ocrx_word' id='word_1_44' title='bbox 1618 927 1800 957; x_wconf 63' lang='lat' dir='ltr'>severos</span> <span class='ocrx_word' id='word_1_45' title='bbox 1821 914 1916 956; x_wconf 93' lang='lat' dir='ltr'>illos</span> <span class='ocrx_word' id='word_1_46' title='bbox 1938 916 2089 955; x_wconf 88' lang='lat' dir='ltr'>Gram-</span> 
     </span>
     <span class='ocr_line' id='line_1_8' title="bbox 272 987 1560 1044; baseline -0.007 -8"><span class='ocrx_word' id='word_1_47' title='bbox 272 999 460 1037; x_wconf 83' lang='lat' dir='ltr'>maticos</span> <span class='ocrx_word' id='word_1_48' title='bbox 489 1006 665 1043; x_wconf 64' lang='lat' dir='ltr'>verser,</span> <span class='ocrx_word' id='word_1_49' title='bbox 700 992 862 1044; x_wconf 86' lang='lat' dir='ltr'>quibus</span> <span class='ocrx_word' id='word_1_50' title='bbox 893 992 1045 1042; x_wconf 83' lang='lat' dir='ltr'>utique</span> <span class='ocrx_word' id='word_1_51' title='bbox 1076 989 1214 1029; x_wconf 90' lang='lat' dir='ltr'>multo</span> <span class='ocrx_word' id='word_1_52' title='bbox 1243 988 1369 1040; x_wconf 86' lang='lat' dir='ltr'>plura</span> <span class='ocrx_word' id='word_1_53' title='bbox 1400 987 1560 1028; x_wconf 87' lang='lat' dir='ltr'>debeo.</span> 
     </span>
    </p>

    <p class='ocr_par' dir='ltr' id='par_1_4' title="bbox 269 1055 2092 1392">
     <span class='ocr_line' id='line_1_9' title="bbox 378 1055 2088 1106; baseline -0.007 0"><span class='ocrx_word' id='word_1_54' title='bbox 378 1067 447 1105; x_wconf 88' lang='lat' dir='ltr'>Sic</span> <span class='ocrx_word' id='word_1_55' title='bbox 491 1077 532 1106; x_wconf 81' lang='lat' dir='ltr'>v.</span> <span class='ocrx_word' id='word_1_56' title='bbox 574 1065 641 1105; x_wconf 75' lang='lat'>⁶28.</span> <span class='ocrx_word' id='word_1_57' title='bbox 682 1063 819 1103; x_wconf 78' lang='lat' dir='ltr'>verba</span> <span class='ocrx_word' id='word_1_58' title='bbox 862 1063 1036 1102; x_wconf 75' lang='lat' dir='ltr'>Felices!</span> <span class='ocrx_word' id='word_1_59' title='bbox 1084 1071 1195 1100; x_wconf 76' lang='lat' dir='ltr'>nunc</span> <span class='ocrx_word' id='word_1_60' title='bbox 1223 1082 1291 1089; x_wconf 96' lang='lat'>--</span> <span class='ocrx_word' id='word_1_61' title='bbox 1324 1058 1550 1098; x_wconf 76' lang='lat' dir='ltr'>adoleverit</span> <span class='ocrx_word' id='word_1_62' title='bbox 1589 1061 1705 1097; x_wconf 85' lang='lat' dir='ltr'>aetas</span> <span class='ocrx_word' id='word_1_63' title='bbox 1743 1055 1939 1096; x_wconf 90' lang='lat' dir='ltr'>demissa</span> <span class='ocrx_word' id='word_1_64' title='bbox 1977 1065 2088 1095; x_wconf 81' lang='lat' dir='ltr'>voce</span> 
     </span>
     <span class='ocr_line' id='line_1_10' title="bbox 269 1125 2092 1186; baseline -0.006 -11"><span class='ocrx_word' id='word_1_65' title='bbox 269 1136 323 1174; x_wconf 80' lang='lat' dir='ltr'>ab</span> <span class='ocrx_word' id='word_1_66' title='bbox 356 1136 532 1175; x_wconf 88' lang='lat' dir='ltr'>Horatio</span> <span class='ocrx_word' id='word_1_67' title='bbox 562 1134 845 1186; x_wconf 88' lang='lat' dir='ltr'>pronuntiata</span> <span class='ocrx_word' id='word_1_68' title='bbox 875 1132 998 1182; x_wconf 89' lang='lat' dir='ltr'>fingi,</span> <span class='ocrx_word' id='word_1_69' title='bbox 1047 1130 1254 1169; x_wconf 86' lang='lat' dir='ltr'>viderunt</span> <span class='ocrx_word' id='word_1_70' title='bbox 1297 1129 1457 1168; x_wconf 91' lang='lat' dir='ltr'>Dacier</span> <span class='ocrx_word' id='word_1_71' title='bbox 1488 1129 1530 1167; x_wconf 90' lang='lat' dir='ltr'>et</span> <span class='ocrx_word' id='word_1_72' title='bbox 1564 1126 1795 1167; x_wconf 89' lang='lat' dir='ltr'>Sanadon:</span> <span class='ocrx_word' id='word_1_73' title='bbox 1844 1125 1974 1176; x_wconf 81' lang='lat' dir='ltr'>Qu&#39;ils</span> <span class='ocrx_word' id='word_1_74' title='bbox 2000 1129 2092 1165; x_wconf 82' lang='lat' dir='ltr'>sont</span> 
     </span>
     <span class='ocr_line' id='line_1_11' title="bbox 271 1194 2092 1254; baseline -0.005 -11"><span class='ocrx_word' id='word_1_75' title='bbox 271 1207 482 1245; x_wconf 51' lang='lat' dir='ltr'>bearetur!</span> <span class='ocrx_word' id='word_1_76' title='bbox 514 1205 640 1254; x_wconf 83' lang='lat' dir='ltr'>dis-je</span> <span class='ocrx_word' id='word_1_77' title='bbox 669 1208 756 1243; x_wconf 87' lang='lat' dir='ltr'>tout</span> <span class='ocrx_word' id='word_1_78' title='bbox 786 1203 858 1242; x_wconf 87' lang='lat' dir='ltr'>bas</span> <span class='ocrx_word' id='word_1_79' title='bbox 889 1203 992 1250; x_wconf 56' lang='lat' dir='ltr'>etc„</span> <span class='ocrx_word' id='word_1_80' title='bbox 1028 1201 1284 1251; x_wconf 90' lang='lat' dir='ltr'>Campenon</span> <span class='ocrx_word' id='word_1_81' title='bbox 1318 1200 1362 1238; x_wconf 87' lang='lat' dir='ltr'>et</span> <span class='ocrx_word' id='word_1_82' title='bbox 1390 1198 1585 1249; x_wconf 76' lang='lat' dir='ltr'>Despres</span> <span class='ocrx_word' id='word_1_83' title='bbox 1618 1197 1751 1248; x_wconf 85' lang='lat' dir='ltr'>(Paris</span> <span class='ocrx_word' id='word_1_84' title='bbox 1774 1196 1928 1247; x_wconf 50' lang='lat' dir='ltr'>⁴824ss</span> <span class='ocrx_word' id='word_1_85' title='bbox 1962 1194 2092 1245; x_wconf 82' lang='lat' dir='ltr'>Qu&#39;ils</span> 
     </span>
     <span class='ocr_line' id='line_1_12' title="bbox 270 1263 2090 1324; baseline -0.006 -9"><span class='ocrx_word' id='word_1_86' title='bbox 270 1280 359 1315; x_wconf 80' lang='lat' dir='ltr'>sont</span> <span class='ocrx_word' id='word_1_87' title='bbox 389 1276 594 1324; x_wconf 63' lang='grc' dir='ltr'>ἣρω-θυαε,</span> <span class='ocrx_word' id='word_1_88' title='bbox 626 1274 827 1324; x_wconf 74' lang='lat' dir='ltr'>repris-je</span> <span class='ocrx_word' id='word_1_89' title='bbox 857 1276 944 1311; x_wconf 81' lang='lat' dir='ltr'>tout</span> <span class='ocrx_word' id='word_1_90' title='bbox 974 1271 1072 1310; x_wconf 86' lang='lat' dir='ltr'>bas!</span> <span class='ocrx_word' id='word_1_91' title='bbox 1105 1270 1266 1310; x_wconf 79' lang='lat' dir='ltr'>Contra</span> <span class='ocrx_word' id='word_1_92' title='bbox 1297 1270 1453 1319; x_wconf 85' lang='lat' dir='ltr'>Goupy</span> <span class='ocrx_word' id='word_1_93' title='bbox 1474 1268 1608 1319; x_wconf 88' lang='lat' dir='ltr'>(Paris</span> <span class='ocrx_word' id='word_1_94' title='bbox 1631 1266 1768 1317; x_wconf 72' lang='lat'>4842.)</span> <span class='ocrx_word' id='word_1_95' title='bbox 1799 1267 1886 1306; x_wconf 89' lang='lat' dir='ltr'>hoc</span> <span class='ocrx_word' id='word_1_96' title='bbox 1906 1263 2090 1317; x_wconf 88' lang='lat' dir='ltr'>supple-</span> 
     </span>
     <span class='ocr_line' id='line_1_13' title="bbox 274 1336 1784 1392; baseline -0.007 -7"><span class='ocrx_word' id='word_1_97' title='bbox 274 1347 474 1385; x_wconf 84' lang='lat' dir='ltr'>mentum</span> <span class='ocrx_word' id='word_1_98' title='bbox 506 1344 673 1392; x_wconf 87' lang='lat' dir='ltr'>omisit,</span> <span class='ocrx_word' id='word_1_99' title='bbox 706 1345 755 1382; x_wconf 91' lang='lat' dir='ltr'>ut</span> <span class='ocrx_word' id='word_1_100' title='bbox 784 1341 1009 1388; x_wconf 58' lang='lat' dir='ltr'>XVieland‚</span> <span class='ocrx_word' id='word_1_101' title='bbox 1042 1338 1311 1387; x_wconf 78' lang='lat' dir='ltr'>pallavicini,</span> <span class='ocrx_word' id='word_1_102' title='bbox 1345 1336 1565 1388; x_wconf 87' lang='lat' dir='ltr'>Gargallo,</span> <span class='ocrx_word' id='word_1_103' title='bbox 1600 1338 1784 1387; x_wconf 89' lang='lat' dir='ltr'>Burgos.</span> 
     </span>
    </p>

    <p class='ocr_par' dir='ltr' id='par_1_5' title="bbox 270 1408 2093 1873">
     <span class='ocr_line' id='line_1_14' title="bbox 379 1408 2092 1464; baseline -0.006 -10"><span class='ocrx_word' id='word_1_104' title='bbox 379 1415 505 1453; x_wconf 73' lang='lat' dir='ltr'>Vers.</span> <span class='ocrx_word' id='word_1_105' title='bbox 540 1413 591 1454; x_wconf 77' lang='lat'>43</span> <span class='ocrx_word' id='word_1_106' title='bbox 623 1424 750 1464; x_wconf 87' lang='lat' dir='ltr'>seqq.</span> <span class='ocrx_word' id='word_1_107' title='bbox 803 1412 954 1451; x_wconf 89' lang='lat' dir='ltr'>Omnia</span> <span class='ocrx_word' id='word_1_108' title='bbox 987 1411 1099 1450; x_wconf 89' lang='lat' dir='ltr'>haec</span> <span class='ocrx_word' id='word_1_109' title='bbox 1128 1411 1350 1449; x_wconf 81' lang='lat' dir='ltr'>Maecenas</span> <span class='ocrx_word' id='word_1_110' title='bbox 1379 1408 1582 1456; x_wconf 81' lang='lat' dir='ltr'>quom-odo</span> <span class='ocrx_word' id='word_1_111' title='bbox 1602 1429 1625 1435; x_wconf 96' lang='lat'><em>-</em></span> <span class='ocrx_word' id='word_1_112' title='bbox 1645 1429 1668 1434; x_wconf 99' lang='lat'>—</span> <span class='ocrx_word' id='word_1_113' title='bbox 1687 1416 1930 1445; x_wconf 81' lang='lat' dir='ltr'>summosses</span> <span class='ocrx_word' id='word_1_114' title='bbox 1954 1415 2092 1444; x_wconf 82' lang='lat' dir='ltr'>omnes</span> 
     </span>
     <span class='ocr_line' id='line_1_15' title="bbox 271 1475 2093 1534; baseline -0.005 -10"><span class='ocrx_word' id='word_1_115' title='bbox 271 1485 439 1525; x_wconf 89' lang='lat' dir='ltr'>homini</span> <span class='ocrx_word' id='word_1_116' title='bbox 470 1485 722 1534; x_wconf 90' lang='lat' dir='ltr'>importuno</span> <span class='ocrx_word' id='word_1_117' title='bbox 752 1484 875 1521; x_wconf 91' lang='lat' dir='ltr'>recte</span> <span class='ocrx_word' id='word_1_118' title='bbox 906 1480 1106 1520; x_wconf 89' lang='lat' dir='ltr'>tribuunt</span> <span class='ocrx_word' id='word_1_119' title='bbox 1142 1479 1322 1526; x_wconf 86' lang='lat' dir='ltr'>Dacier,</span> <span class='ocrx_word' id='word_1_120' title='bbox 1356 1477 1586 1525; x_wconf 90' lang='lat' dir='ltr'>Sanadon,</span> <span class='ocrx_word' id='word_1_121' title='bbox 1621 1477 1881 1527; x_wconf 89' lang='lat' dir='ltr'>Campenon</span> <span class='ocrx_word' id='word_1_122' title='bbox 1912 1476 1955 1514; x_wconf 90' lang='lat' dir='ltr'>et</span> <span class='ocrx_word' id='word_1_123' title='bbox 1984 1475 2093 1515; x_wconf 89' lang='lat' dir='ltr'>Des-</span> 
     </span>
     <span class='ocr_line' id='line_1_16' title="bbox 270 1543 2093 1606; baseline -0.007 -12"><span class='ocrx_word' id='word_1_124' title='bbox 270 1557 396 1606; x_wconf 79' lang='lat' dir='ltr'>pres‚</span> <span class='ocrx_word' id='word_1_125' title='bbox 432 1554 537 1592; x_wconf 84' lang='lat' dir='ltr'>item</span> <span class='ocrx_word' id='word_1_126' title='bbox 569 1554 738 1603; x_wconf 80' lang='lat' dir='ltr'>Goupy.</span> <span class='ocrx_word' id='word_1_127' title='bbox 772 1552 849 1591; x_wconf 90' lang='lat' dir='ltr'>Hic</span> <span class='ocrx_word' id='word_1_128' title='bbox 871 1552 951 1590; x_wconf 86' lang='lat' dir='ltr'>ita:</span> <span class='ocrx_word' id='word_1_129' title='bbox 987 1548 1202 1589; x_wconf 67' lang='lat' dir='ltr'>«Mecenel</span> <span class='ocrx_word' id='word_1_130' title='bbox 1231 1548 1482 1598; x_wconf 77' lang='lat' dir='ltr'>reprend-il,</span> <span class='ocrx_word' id='word_1_131' title='bbox 1515 1549 1717 1586; x_wconf 78' lang='lat' dir='ltr'>comment</span> <span class='ocrx_word' id='word_1_132' title='bbox 1744 1549 1857 1585; x_wconf 84' lang='lat' dir='ltr'>es-ta</span> <span class='ocrx_word' id='word_1_133' title='bbox 1875 1555 1975 1584; x_wconf 85' lang='lat' dir='ltr'>avec</span> <span class='ocrx_word' id='word_1_134' title='bbox 1995 1543 2093 1583; x_wconf 78' lang='lat' dir='ltr'><em>lui?</em></span> 
     </span>
     <span class='ocr_line' id='line_1_17' title="bbox 270 1615 2093 1673; baseline -0.005 -10"><span class='ocrx_word' id='word_1_135' title='bbox 270 1625 304 1663; x_wconf 82' lang='lat' dir='ltr'>It</span> <span class='ocrx_word' id='word_1_136' title='bbox 332 1624 486 1663; x_wconf 70' lang='lat' dir='ltr'>oz‘aime</span> <span class='ocrx_word' id='word_1_137' title='bbox 503 1634 581 1673; x_wconf 81' lang='lat' dir='ltr'>pas</span> <span class='ocrx_word' id='word_1_138' title='bbox 601 1626 688 1661; x_wconf 80' lang='lat' dir='ltr'>tout</span> <span class='ocrx_word' id='word_1_139' title='bbox 719 1622 754 1661; x_wconf 88' lang='lat' dir='ltr'>le</span> <span class='ocrx_word' id='word_1_140' title='bbox 781 1621 952 1669; x_wconf 67' lang='lat' dir='ltr'>monde,</span> <span class='ocrx_word' id='word_1_141' title='bbox 985 1623 1022 1658; x_wconf 86' lang='lat' dir='ltr'>et</span> <span class='ocrx_word' id='word_1_142' title='bbox 1051 1619 1081 1657; x_wconf 72' lang='lat' dir='ltr'>il</span> <span class='ocrx_word' id='word_1_143' title='bbox 1110 1630 1137 1657; x_wconf 87' lang='lat' dir='ltr'>a</span> <span class='ocrx_word' id='word_1_144' title='bbox 1157 1618 1247 1658; x_wconf 81' lang='lat' dir='ltr'>bien</span> <span class='ocrx_word' id='word_1_145' title='bbox 1274 1619 1432 1657; x_wconf 72' lang='lat' dir='ltr'>raison.</span> <span class='ocrx_word' id='word_1_146' title='bbox 1489 1618 1692 1656; x_wconf 69' lang='lat' dir='ltr'>Personae</span> <span class='ocrx_word' id='word_1_147' title='bbox 1710 1617 1834 1655; x_wconf 79' lang='lat' dir='ltr'>n’usa</span> <span class='ocrx_word' id='word_1_148' title='bbox 1851 1615 1996 1654; x_wconf 75' lang='lat' dir='ltr'>mieuoe</span> <span class='ocrx_word' id='word_1_149' title='bbox 2016 1626 2093 1665; x_wconf 83' lang='lat' dir='ltr'>que</span> 
     </span>
     <span class='ocr_line' id='line_1_18' title="bbox 270 1685 2091 1743; baseline -0.005 -11"><span class='ocrx_word' id='word_1_150' title='bbox 270 1694 329 1732; x_wconf 71' lang='lat' dir='ltr'>lui</span> <span class='ocrx_word' id='word_1_151' title='bbox 360 1694 407 1732; x_wconf 82' lang='lat' dir='ltr'>de</span> <span class='ocrx_word' id='word_1_152' title='bbox 436 1704 484 1731; x_wconf 85' lang='lat' dir='ltr'>sa</span> <span class='ocrx_word' id='word_1_153' title='bbox 512 1693 691 1743; x_wconf 77' lang='lat' dir='ltr'>fortune.</span> <span class='ocrx_word' id='word_1_154' title='bbox 753 1691 798 1730; x_wconf 73' lang='lat' dir='ltr'>Si</span> <span class='ocrx_word' id='word_1_155' title='bbox 829 1694 873 1729; x_wconf 78' lang='lat' dir='ltr'>ta</span> <span class='ocrx_word' id='word_1_156' title='bbox 900 1689 1064 1729; x_wconf 76' lang='lat' dir='ltr'>voulais</span> <span class='ocrx_word' id='word_1_157' title='bbox 1095 1700 1160 1728; x_wconf 89' lang='lat' dir='ltr'>me</span> <span class='ocrx_word' id='word_1_158' title='bbox 1183 1690 1396 1738; x_wconf 65' lang='lat' dir='ltr'>presentet·</span> <span class='ocrx_word' id='word_1_159' title='bbox 1426 1687 1453 1727; x_wconf 77' lang='lat' dir='ltr'>a</span> <span class='ocrx_word' id='word_1_160' title='bbox 1483 1687 1561 1736; x_wconf 70' lang='lat' dir='ltr'>lui,</span> <span class='ocrx_word' id='word_1_161' title='bbox 1594 1691 1639 1726; x_wconf 80' lang='lat' dir='ltr'>tu</span> <span class='ocrx_word' id='word_1_162' title='bbox 1667 1687 1816 1725; x_wconf 73' lang='lat' dir='ltr'>aurais</span> <span class='ocrx_word' id='word_1_163' title='bbox 1845 1697 1895 1725; x_wconf 78' lang='lat' dir='ltr'>en</span> <span class='ocrx_word' id='word_1_164' title='bbox 1921 1685 2005 1724; x_wconf 80' lang='lat' dir='ltr'>moi</span> <span class='ocrx_word' id='word_1_165' title='bbox 2033 1696 2091 1724; x_wconf 77' lang='lat' dir='ltr'>un</span> 
     </span>
     <span class='ocr_line' id='line_1_19' title="bbox 271 1755 2090 1812; baseline -0.005 -10"><span class='ocrx_word' id='word_1_166' title='bbox 271 1763 523 1811; x_wconf 59' lang='lat' dir='ltr'>auxiliaire,</span> <span class='ocrx_word' id='word_1_167' title='bbox 571 1762 641 1812; x_wconf 81' lang='lat' dir='ltr'>qui</span> <span class='ocrx_word' id='word_1_168' title='bbox 671 1766 708 1802; x_wconf 87' lang='lat' dir='ltr'>te</span> <span class='ocrx_word' id='word_1_169' title='bbox 736 1760 990 1801; x_wconf 76' lang='lat' dir='ltr'>seconderait</span> <span class='ocrx_word' id='word_1_170' title='bbox 1030 1759 1133 1798; x_wconf 79' lang='lat' dir='ltr'>bien.</span> <span class='ocrx_word' id='word_1_171' title='bbox 1197 1760 1283 1808; x_wconf 78' lang='lat' dir='ltr'>Que</span> <span class='ocrx_word' id='word_1_172' title='bbox 1312 1759 1358 1807; x_wconf 81' lang='lat' dir='ltr'>je</span> <span class='ocrx_word' id='word_1_173' title='bbox 1385 1768 1550 1807; x_wconf 79' lang='lat' dir='ltr'>meure,</span> <span class='ocrx_word' id='word_1_174' title='bbox 1595 1757 1630 1796; x_wconf 79' lang='lat' dir='ltr'>si</span> <span class='ocrx_word' id='word_1_175' title='bbox 1672 1760 1717 1797; x_wconf 81' lang='lat' dir='ltr'>tu</span> <span class='ocrx_word' id='word_1_176' title='bbox 1743 1755 1972 1802; x_wconf 73' lang='lat' dir='ltr'>n’evincais</span> <span class='ocrx_word' id='word_1_177' title='bbox 2008 1766 2090 1805; x_wconf 82' lang='lat' dir='ltr'>pas</span> 
     </span>
     <span class='ocr_line' id='line_1_20' title="bbox 272 1828 1252 1873; baseline -0.005 -1"><span class='ocrx_word' id='word_1_178' title='bbox 272 1837 362 1872; x_wconf 81' lang='lat' dir='ltr'>tous</span> <span class='ocrx_word' id='word_1_179' title='bbox 392 1837 448 1873; x_wconf 83' lang='lat' dir='ltr'>tes</span> <span class='ocrx_word' id='word_1_180' title='bbox 475 1832 689 1871; x_wconf 71' lang='lat' dir='ltr'>rivauoeJ»</span> <span class='ocrx_word' id='word_1_181' title='bbox 742 1829 946 1870; x_wconf 84' lang='lat' dir='ltr'>Similiter</span> <span class='ocrx_word' id='word_1_182' title='bbox 976 1828 1252 1869; x_wconf 73' lang='lat' dir='ltr'>Pallavicmi:</span> 
     </span>
    </p>

    <p class='ocr_par' dir='ltr' id='par_1_6' title="bbox 656 1898 1719 2159">
     <span class='ocr_line' id='line_1_21' title="bbox 658 1898 1466 1950; baseline -0.005 -10"><span class='ocrx_word' id='word_1_183' title='bbox 658 1900 810 1950; x_wconf 74' lang='lat' dir='ltr'>Quincti</span> <span class='ocrx_word' id='word_1_184' title='bbox 838 1900 1033 1950; x_wconf 67' lang='lat' dir='ltr'>ripiqtta:</span> <span class='ocrx_word' id='word_1_185' title='bbox 1067 1899 1188 1938; x_wconf 87' lang='lat' dir='ltr'>Come</span> <span class='ocrx_word' id='word_1_186' title='bbox 1218 1902 1255 1937; x_wconf 83' lang='lat' dir='ltr'>te</span> <span class='ocrx_word' id='word_1_187' title='bbox 1283 1898 1326 1937; x_wconf 84' lang='lat' dir='ltr'>la</span> <span class='ocrx_word' id='word_1_188' title='bbox 1350 1898 1466 1947; x_wconf 77' lang='lat' dir='ltr'>passi</span> 
     </span>
     <span class='ocr_line' id='line_1_22' title="bbox 767 1967 1719 2018; baseline -0.004 -8"><span class='ocrx_word' id='word_1_189' title='bbox 767 1970 851 2010; x_wconf 82' lang='lat' dir='ltr'>Con</span> <span class='ocrx_word' id='word_1_190' title='bbox 879 1967 1121 2009; x_wconf 80' lang='lat' dir='ltr'>Mecenate?</span> <span class='ocrx_word' id='word_1_191' title='bbox 1148 1970 1206 2007; x_wconf 67' lang='lat' dir='ltr'>tm</span> <span class='ocrx_word' id='word_1_192' title='bbox 1234 1979 1332 2007; x_wconf 81' lang='lat' dir='ltr'>aom</span> <span class='ocrx_word' id='word_1_193' title='bbox 1361 1968 1498 2006; x_wconf 74' lang='lat' dir='ltr'>eh&#39;uso</span> <span class='ocrx_word' id='word_1_194' title='bbox 1526 1967 1719 2018; x_wconf 62' lang='lat' dir='ltr'>migliore</span> 
     </span>
     <span class='ocr_line' id='line_1_23' title="bbox 767 2038 1663 2089; baseline -0.003 -11"><span class='ocrx_word' id='word_1_195' title='bbox 767 2039 919 2078; x_wconf 71' lang='lat' dir='ltr'>Faceta</span> <span class='ocrx_word' id='word_1_196' title='bbox 950 2039 992 2078; x_wconf 76' lang='lat' dir='ltr'>cli</span> <span class='ocrx_word' id='word_1_197' title='bbox 1021 2049 1098 2077; x_wconf 83' lang='lat' dir='ltr'>sua</span> <span class='ocrx_word' id='word_1_198' title='bbox 1125 2038 1299 2089; x_wconf 79' lang='lat' dir='ltr'>fortuna</span> <span class='ocrx_word' id='word_1_199' title='bbox 1326 2049 1410 2077; x_wconf 76' lang='lat' dir='ltr'>non</span> <span class='ocrx_word' id='word_1_200' title='bbox 1439 2038 1663 2077; x_wconf 79' lang='lat' dir='ltr'>vederassi.</span> 
     </span>
     <span class='ocr_line' id='line_1_24' title="bbox 656 2108 1555 2159; baseline -0.002 -11"><span class='ocrx_word' id='word_1_201' title='bbox 656 2109 879 2149; x_wconf 79' lang='lat' dir='ltr'>Produrmi</span> <span class='ocrx_word' id='word_1_202' title='bbox 908 2113 952 2147; x_wconf 84' lang='lat' dir='ltr'>tu</span> <span class='ocrx_word' id='word_1_203' title='bbox 981 2108 1159 2147; x_wconf 77' lang='lat' dir='ltr'>clovresti</span> <span class='ocrx_word' id='word_1_204' title='bbox 1189 2119 1216 2147; x_wconf 85' lang='lat' dir='ltr'>a</span> <span class='ocrx_word' id='word_1_205' title='bbox 1246 2108 1340 2156; x_wconf 80' lang='lat' dir='ltr'>quel</span> <span class='ocrx_word' id='word_1_206' title='bbox 1367 2108 1555 2159; x_wconf 50' lang='lat' dir='ltr'>siqu-ora·</span> 
     </span>
    </p>

    <p class='ocr_par' dir='ltr' id='par_1_7' title="bbox 767 2178 1546 2229">
     <span class='ocr_line' id='line_1_25' title="bbox 767 2178 1546 2229; baseline -0.004 -10"><span class='ocrx_word' id='word_1_207' title='bbox 767 2179 804 2219; x_wconf 93' lang='lat' dir='ltr'><em>E</em></span> <span class='ocrx_word' id='word_1_208' title='bbox 831 2179 936 2229; x_wconf 83' lang='lat' dir='ltr'>fedel</span> <span class='ocrx_word' id='word_1_209' title='bbox 965 2178 1278 2226; x_wconf 76' lang='lat' dir='ltr'>seconclandoti,</span> <span class='ocrx_word' id='word_1_210' title='bbox 1311 2181 1546 2216; x_wconf 83' lang='lat' dir='ltr'>seommetto</span> 
     </span>
    </p>

    <p class='ocr_par' dir='ltr' id='par_1_8' title="bbox 270 2247 2129 3559">
     <span class='ocr_line' id='line_1_26' title="bbox 770 2247 1653 2300; baseline -0.002 -12"><span class='ocrx_word' id='word_1_211' title='bbox 770 2249 939 2300; x_wconf 70' lang='lat' dir='ltr'>Ch’oqm·</span> <span class='ocrx_word' id='word_1_212' title='bbox 969 2249 1079 2287; x_wconf 79' lang='lat' dir='ltr'>altro</span> <span class='ocrx_word' id='word_1_213' title='bbox 1108 2258 1367 2287; x_wconf 84' lang='lat' dir='ltr'>caveremmo</span> <span class='ocrx_word' id='word_1_214' title='bbox 1397 2247 1468 2286; x_wconf 80' lang='lat' dir='ltr'>dal</span> <span class='ocrx_word' id='word_1_215' title='bbox 1493 2247 1653 2298; x_wconf 81' lang='lat' dir='ltr'>favore.</span> 
     </span>
     <span class='ocr_line' id='line_1_27' title="bbox 276 2316 2095 2371; baseline -0.003 -8"><span class='ocrx_word' id='word_1_216' title='bbox 276 2324 345 2363; x_wconf 89' lang='lat' dir='ltr'>Sic</span> <span class='ocrx_word' id='word_1_217' title='bbox 375 2323 507 2362; x_wconf 88' lang='lat' dir='ltr'>ctiam</span> <span class='ocrx_word' id='word_1_218' title='bbox 539 2322 722 2371; x_wconf 87' lang='lat' dir='ltr'>Burgos.</span> <span class='ocrx_word' id='word_1_219' title='bbox 750 2339 794 2347; x_wconf 92' lang='lat'>—</span> <span class='ocrx_word' id='word_1_220' title='bbox 829 2319 964 2358; x_wconf 83' lang='lat' dir='ltr'>Recte</span> <span class='ocrx_word' id='word_1_221' title='bbox 996 2317 1221 2357; x_wconf 87' lang='lat' dir='ltr'>Sanadon:</span> <span class='ocrx_word' id='word_1_222' title='bbox 1257 2318 1515 2357; x_wconf 82' lang='lat' dir='ltr'>«Maecenas</span> <span class='ocrx_word' id='word_1_223' title='bbox 1547 2316 1773 2367; x_wconf 88' lang='lat' dir='ltr'>quomodo</span> <span class='ocrx_word' id='word_1_224' title='bbox 1802 2316 1966 2369; x_wconf 85' lang='lat' dir='ltr'>tecum]</span> <span class='ocrx_word' id='word_1_225' title='bbox 1994 2317 2095 2357; x_wconf 84' lang='lat' dir='ltr'>Tout</span> 
     </span>
     <span class='ocr_line' id='line_1_28' title="bbox 270 2386 2094 2442; baseline -0.003 -11"><span class='ocrx_word' id='word_1_226' title='bbox 270 2404 314 2433; x_wconf 87' lang='lat' dir='ltr'>ce</span> <span class='ocrx_word' id='word_1_227' title='bbox 345 2394 415 2442; x_wconf 77' lang='lat' dir='ltr'>qui</span> <span class='ocrx_word' id='word_1_228' title='bbox 444 2393 524 2432; x_wconf 76' lang='lat' dir='ltr'>suit</span> <span class='ocrx_word' id='word_1_229' title='bbox 550 2390 728 2442; x_wconf 72' lang='lat' dir='ltr'>Jusqu&#39;a</span> <span class='ocrx_word' id='word_1_230' title='bbox 766 2391 849 2430; x_wconf 91' lang='lat' dir='ltr'>isto</span> <span class='ocrx_word' id='word_1_231' title='bbox 881 2400 969 2429; x_wconf 89' lang='lat' dir='ltr'>non</span> <span class='ocrx_word' id='word_1_232' title='bbox 996 2388 1187 2428; x_wconf 79' lang='lat' dir='ltr'>vivimus</span> <span class='ocrx_word' id='word_1_233' title='bbox 1218 2387 1303 2426; x_wconf 83' lang='lat' dir='ltr'>doit</span> <span class='ocrx_word' id='word_1_234' title='bbox 1331 2390 1418 2426; x_wconf 72' lang='lat' dir='ltr'>e‘tre</span> <span class='ocrx_word' id='word_1_235' title='bbox 1445 2387 1525 2426; x_wconf 74' lang='lat' dir='ltr'>mis</span> <span class='ocrx_word' id='word_1_236' title='bbox 1553 2387 1658 2426; x_wconf 78' lang='lat' dir='ltr'>dans</span> <span class='ocrx_word' id='word_1_237' title='bbox 1687 2387 1730 2426; x_wconf 87' lang='lat' dir='ltr'>la</span> <span class='ocrx_word' id='word_1_238' title='bbox 1759 2386 1910 2426; x_wconf 80' lang='lat' dir='ltr'>bouche</span> <span class='ocrx_word' id='word_1_239' title='bbox 1938 2388 1995 2426; x_wconf 81' lang='lat' dir='ltr'>da</span> <span class='ocrx_word' id='word_1_240' title='bbox 2020 2387 2094 2438; x_wconf 80' lang='lat' dir='ltr'>fa-</span> 
     </span>
     <span class='ocr_line' id='line_1_29' title="bbox 271 2455 2096 2511; baseline -0.003 -9"><span class='ocrx_word' id='word_1_241' title='bbox 271 2464 417 2502; x_wconf 69' lang='lat' dir='ltr'>cheuoe.</span> <span class='ocrx_word' id='word_1_242' title='bbox 479 2464 554 2502; x_wconf 90' lang='lat' dir='ltr'>Les</span> <span class='ocrx_word' id='word_1_243' title='bbox 590 2462 761 2511; x_wconf 79' lang='lat' dir='ltr'>pense&#39;es</span> <span class='ocrx_word' id='word_1_244' title='bbox 788 2461 860 2508; x_wconf 71' lang='lat' dir='ltr'>oz’y</span> <span class='ocrx_word' id='word_1_245' title='bbox 889 2463 980 2498; x_wconf 81' lang='lat' dir='ltr'>sont</span> <span class='ocrx_word' id='word_1_246' title='bbox 1014 2469 1098 2508; x_wconf 79' lang='lat' dir='ltr'>pas</span> <span class='ocrx_word' id='word_1_247' title='bbox 1135 2457 1231 2496; x_wconf 79' lang='lat' dir='ltr'>lie&#39;es</span> <span class='ocrx_word' id='word_1_248' title='bbox 1260 2457 1309 2496; x_wconf 87' lang='lat' dir='ltr'>de</span> <span class='ocrx_word' id='word_1_249' title='bbox 1334 2456 1421 2507; x_wconf 81' lang='lat' dir='ltr'>fort</span> <span class='ocrx_word' id='word_1_250' title='bbox 1455 2455 1581 2506; x_wconf 73' lang='lat' dir='ltr'>pre‘S,</span> <span class='ocrx_word' id='word_1_251' title='bbox 1625 2457 1734 2496; x_wconf 85' lang='lat' dir='ltr'>mais</span> <span class='ocrx_word' id='word_1_252' title='bbox 1761 2456 1848 2496; x_wconf 88' lang='lat' dir='ltr'>cela</span> <span class='ocrx_word' id='word_1_253' title='bbox 1877 2459 2010 2496; x_wconf 69' lang='lat' dir='ltr'>meme</span> <span class='ocrx_word' id='word_1_254' title='bbox 2037 2461 2096 2497; x_wconf 88' lang='lat' dir='ltr'>est</span> 
     </span>
     <span class='ocr_line' id='line_1_30' title="bbox 271 2526 2094 2582; baseline -0.003 -10"><span class='ocrx_word' id='word_1_255' title='bbox 271 2537 359 2572; x_wconf 81' lang='lat' dir='ltr'>tout</span> <span class='ocrx_word' id='word_1_256' title='bbox 389 2532 417 2571; x_wconf 81' lang='grc' dir='ltr'>ἀ</span> <span class='ocrx_word' id='word_1_257' title='bbox 443 2532 522 2582; x_wconf 80' lang='lat' dir='ltr'>fait</span> <span class='ocrx_word' id='word_1_258' title='bbox 552 2533 657 2570; x_wconf 76' lang='lat' dir='ltr'>dans</span> <span class='ocrx_word' id='word_1_259' title='bbox 685 2530 721 2569; x_wconf 85' lang='lat' dir='ltr'>le</span> <span class='ocrx_word' id='word_1_260' title='bbox 751 2528 966 2570; x_wconf 79' lang='lat' dir='ltr'>caractere</span> <span class='ocrx_word' id='word_1_261' title='bbox 995 2528 1230 2578; x_wconf 82' lang='lat' dir='ltr'>qu&#39;Horace</span> <span class='ocrx_word' id='word_1_262' title='bbox 1258 2538 1362 2566; x_wconf 75' lang='lat' dir='ltr'>nous</span> <span class='ocrx_word' id='word_1_263' title='bbox 1379 2538 1407 2565; x_wconf 87' lang='lat' dir='ltr'>a</span> <span class='ocrx_word' id='word_1_264' title='bbox 1426 2527 1561 2565; x_wconf 78' lang='lat' dir='ltr'>donne</span> <span class='ocrx_word' id='word_1_265' title='bbox 1589 2526 1645 2565; x_wconf 79' lang='lat' dir='ltr'>da</span> <span class='ocrx_word' id='word_1_266' title='bbox 1669 2537 1956 2578; x_wconf 69' lang='lat' dir='ltr'>persommqe,</span> <span class='ocrx_word' id='word_1_267' title='bbox 1990 2537 2094 2566; x_wconf 90' lang='lat' dir='ltr'>cum</span> 
     </span>
     <span class='ocr_line' id='line_1_31' title="bbox 273 2595 2093 2652; baseline -0.003 -12"><span class='ocrx_word' id='word_1_268' title='bbox 273 2600 490 2652; x_wconf 84' lang='lat' dir='ltr'>quidlibet</span> <span class='ocrx_word' id='word_1_269' title='bbox 518 2599 587 2639; x_wconf 90' lang='lat' dir='ltr'>ille</span> <span class='ocrx_word' id='word_1_270' title='bbox 620 2600 857 2639; x_wconf 82' lang='lat' dir='ltr'>Garriret.»</span> <span class='ocrx_word' id='word_1_271' title='bbox 920 2599 1078 2649; x_wconf 82' lang='lat' dir='ltr'>(Nexus</span> <span class='ocrx_word' id='word_1_272' title='bbox 1110 2597 1433 2636; x_wconf 88' lang='lat' dir='ltr'>sententiarum</span> <span class='ocrx_word' id='word_1_273' title='bbox 1462 2596 1533 2635; x_wconf 89' lang='lat' dir='ltr'>hic</span> <span class='ocrx_word' id='word_1_274' title='bbox 1561 2597 1648 2644; x_wconf 89' lang='lat' dir='ltr'>est,</span> <span class='ocrx_word' id='word_1_275' title='bbox 1683 2595 1803 2646; x_wconf 90' lang='lat' dir='ltr'>quod</span> <span class='ocrx_word' id='word_1_276' title='bbox 1834 2607 1937 2636; x_wconf 88' lang='lat' dir='ltr'>cum</span> <span class='ocrx_word' id='word_1_277' title='bbox 1957 2596 2093 2636; x_wconf 89' lang='lat' dir='ltr'>homo</span> 
     </span>
     <span class='ocr_line' id='line_1_32' title="bbox 274 2666 2094 2722; baseline -0.003 -12"><span class='ocrx_word' id='word_1_278' title='bbox 274 2672 552 2722; x_wconf 89' lang='lat' dir='ltr'>importunus</span> <span class='ocrx_word' id='word_1_279' title='bbox 583 2669 687 2709; x_wconf 90' lang='lat' dir='ltr'>satis</span> <span class='ocrx_word' id='word_1_280' title='bbox 718 2667 903 2708; x_wconf 85' lang='lat' dir='ltr'>moleste</span> <span class='ocrx_word' id='word_1_281' title='bbox 935 2666 1162 2706; x_wconf 83' lang='lat' dir='ltr'>Horatium</span> <span class='ocrx_word' id='word_1_282' title='bbox 1198 2666 1518 2716; x_wconf 81' lang='lat' dir='ltr'>interrogasset</span> <span class='ocrx_word' id='word_1_283' title='bbox 1553 2666 1774 2705; x_wconf 83' lang='lat' dir='ltr'>Maecenas</span> <span class='ocrx_word' id='word_1_284' title='bbox 1801 2666 2004 2715; x_wconf 81' lang='lat' dir='ltr'>quomodo</span> <span class='ocrx_word' id='word_1_285' title='bbox 2032 2669 2094 2705; x_wconf 85' lang='lat' dir='ltr'>te-</span> 
     </span>
     <span class='ocr_line' id='line_1_33' title="bbox 273 2735 2094 2789; baseline -0.002 -10"><span class='ocrx_word' id='word_1_286' title='bbox 273 2751 387 2788; x_wconf 81' lang='lat' dir='ltr'>cum,</span> <span class='ocrx_word' id='word_1_287' title='bbox 422 2739 626 2789; x_wconf 70' lang='lat' dir='ltr'>quamvis</span> <span class='ocrx_word' id='word_1_288' title='bbox 658 2738 838 2777; x_wconf 92' lang='lat' dir='ltr'>minime</span> <span class='ocrx_word' id='word_1_289' title='bbox 869 2738 1093 2788; x_wconf 83' lang='lat' dir='ltr'>ignoraret</span> <span class='ocrx_word' id='word_1_290' title='bbox 1130 2737 1370 2786; x_wconf 81' lang='lat' dir='ltr'>utrumque</span> <span class='ocrx_word' id='word_1_291' title='bbox 1401 2735 1551 2775; x_wconf 88' lang='lat' dir='ltr'>intima</span> <span class='ocrx_word' id='word_1_292' title='bbox 1584 2735 1776 2775; x_wconf 90' lang='lat' dir='ltr'>amicitia</span> <span class='ocrx_word' id='word_1_293' title='bbox 1807 2736 2094 2775; x_wconf 89' lang='lat' dir='ltr'>coniunctum</span> 
     </span>
     <span class='ocr_line' id='line_1_34' title="bbox 276 2804 2094 2860; baseline -0.002 -11"><span class='ocrx_word' id='word_1_294' title='bbox 276 2820 401 2857; x_wconf 87' lang='lat' dir='ltr'>esse,</span> <span class='ocrx_word' id='word_1_295' title='bbox 435 2810 540 2860; x_wconf 87' lang='lat' dir='ltr'>ipsi,</span> <span class='ocrx_word' id='word_1_296' title='bbox 575 2819 664 2859; x_wconf 91' lang='lat' dir='ltr'>quo</span> <span class='ocrx_word' id='word_1_297' title='bbox 694 2807 962 2858; x_wconf 88' lang='lat' dir='ltr'>benignum,</span> <span class='ocrx_word' id='word_1_298' title='bbox 1009 2806 1072 2845; x_wconf 91' lang='lat' dir='ltr'>uti</span> <span class='ocrx_word' id='word_1_299' title='bbox 1102 2806 1270 2856; x_wconf 84' lang='lat' dir='ltr'>sperat,</span> <span class='ocrx_word' id='word_1_300' title='bbox 1319 2815 1585 2856; x_wconf 90' lang='lat' dir='ltr'>responsum</span> <span class='ocrx_word' id='word_1_301' title='bbox 1615 2804 1778 2853; x_wconf 87' lang='lat' dir='ltr'>eliciat,</span> <span class='ocrx_word' id='word_1_302' title='bbox 1824 2805 2094 2846; x_wconf 85' lang='lat' dir='ltr'>Maecenatis</span> 
     </span>
     <span class='ocr_line' id='line_1_35' title="bbox 275 2873 2093 2930; baseline -0.002 -12"><span class='ocrx_word' id='word_1_303' title='bbox 275 2877 497 2930; x_wconf 85' lang='lat' dir='ltr'>duplicem</span> <span class='ocrx_word' id='word_1_304' title='bbox 529 2877 730 2926; x_wconf 85' lang='lat' dir='ltr'>laudem,</span> <span class='ocrx_word' id='word_1_305' title='bbox 779 2875 964 2916; x_wconf 88' lang='lat' dir='ltr'>alteram</span> <span class='ocrx_word' id='word_1_306' title='bbox 995 2874 1178 2926; x_wconf 86' lang='lat' dir='ltr'>quidem</span> <span class='ocrx_word' id='word_1_307' title='bbox 1215 2884 1392 2922; x_wconf 77' lang='lat' dir='ltr'>veram,</span> <span class='ocrx_word' id='word_1_308' title='bbox 1438 2873 1624 2913; x_wconf 85' lang='lat' dir='ltr'>alteram</span> <span class='ocrx_word' id='word_1_309' title='bbox 1653 2874 1758 2914; x_wconf 89' lang='lat' dir='ltr'>satis</span> <span class='ocrx_word' id='word_1_310' title='bbox 1798 2875 1994 2926; x_wconf 84' lang='lat' dir='ltr'>ineptam</span> <span class='ocrx_word' id='word_1_311' title='bbox 2024 2875 2093 2914; x_wconf 92' lang='lat' dir='ltr'>in-</span> 
     </span>
     <span class='ocr_line' id='line_1_36' title="bbox 278 2943 2094 2994; baseline -0.003 -6"><span class='ocrx_word' id='word_1_312' title='bbox 278 2959 430 2988; x_wconf 87' lang='lat' dir='ltr'>serere</span> <span class='ocrx_word' id='word_1_313' title='bbox 462 2947 766 2987; x_wconf 87' lang='lat' dir='ltr'>necessarium</span> <span class='ocrx_word' id='word_1_314' title='bbox 787 2945 978 2985; x_wconf 89' lang='lat' dir='ltr'>videtur.</span> <span class='ocrx_word' id='word_1_315' title='bbox 1024 2943 1091 2984; x_wconf 90' lang='lat' dir='ltr'>Ab</span> <span class='ocrx_word' id='word_1_316' title='bbox 1114 2944 1181 2983; x_wconf 92' lang='lat' dir='ltr'>his</span> <span class='ocrx_word' id='word_1_317' title='bbox 1203 2943 1313 2992; x_wconf 88' lang='lat' dir='ltr'>iam,</span> <span class='ocrx_word' id='word_1_318' title='bbox 1346 2944 1395 2982; x_wconf 87' lang='lat' dir='ltr'>ut</span> <span class='ocrx_word' id='word_1_319' title='bbox 1414 2943 1765 2983; x_wconf 85' lang='lat' dir='ltr'>consentaneum</span> <span class='ocrx_word' id='word_1_320' title='bbox 1788 2946 1904 2994; x_wconf 84' lang='lat' dir='ltr'>erat,</span> <span class='ocrx_word' id='word_1_321' title='bbox 1937 2945 2094 2985; x_wconf 85' lang='lat' dir='ltr'>transit</span> 
     </span>
     <span class='ocr_line' id='line_1_37' title="bbox 278 3012 2092 3067; baseline -0.002 -11"><span class='ocrx_word' id='word_1_322' title='bbox 278 3017 334 3056; x_wconf 90' lang='lat' dir='ltr'>ad</span> <span class='ocrx_word' id='word_1_323' title='bbox 379 3017 443 3066; x_wconf 90' lang='lat' dir='ltr'>id,</span> <span class='ocrx_word' id='word_1_324' title='bbox 500 3016 621 3067; x_wconf 86' lang='lat' dir='ltr'>quod</span> <span class='ocrx_word' id='word_1_325' title='bbox 666 3026 826 3067; x_wconf 89' lang='lat' dir='ltr'>reapse</span> <span class='ocrx_word' id='word_1_326' title='bbox 868 3013 1093 3066; x_wconf 86' lang='lat' dir='ltr'>cupiebat,</span> <span class='ocrx_word' id='word_1_327' title='bbox 1148 3014 1195 3052; x_wconf 91' lang='lat' dir='ltr'>ut</span> <span class='ocrx_word' id='word_1_328' title='bbox 1232 3023 1314 3064; x_wconf 88' lang='lat' dir='ltr'>per</span> <span class='ocrx_word' id='word_1_329' title='bbox 1353 3012 1582 3052; x_wconf 87' lang='lat' dir='ltr'>Horatium</span> <span class='ocrx_word' id='word_1_330' title='bbox 1621 3013 1868 3053; x_wconf 87' lang='lat' dir='ltr'>Maecenati</span> <span class='ocrx_word' id='word_1_331' title='bbox 1904 3012 2092 3054; x_wconf 90' lang='lat' dir='ltr'>traditus</span> 
     </span>
     <span class='ocr_line' id='line_1_38' title="bbox 275 3081 2089 3139; baseline -0.002 -13"><span class='ocrx_word' id='word_1_332' title='bbox 275 3088 471 3139; x_wconf 88' lang='lat' dir='ltr'>primum</span> <span class='ocrx_word' id='word_1_333' title='bbox 501 3085 633 3133; x_wconf 89' lang='lat' dir='ltr'>alios,</span> <span class='ocrx_word' id='word_1_334' title='bbox 665 3087 823 3137; x_wconf 88' lang='lat' dir='ltr'>postea</span> <span class='ocrx_word' id='word_1_335' title='bbox 851 3085 1001 3136; x_wconf 87' lang='lat' dir='ltr'>ipsum</span> <span class='ocrx_word' id='word_1_336' title='bbox 1031 3092 1209 3132; x_wconf 88' lang='lat' dir='ltr'>quoque</span> <span class='ocrx_word' id='word_1_337' title='bbox 1241 3081 1676 3131; x_wconf 85' lang='lat' dir='ltr'>commendatorem,</span> <span class='ocrx_word' id='word_1_338' title='bbox 1718 3082 1755 3122; x_wconf 89' lang='lat' dir='ltr'>si</span> <span class='ocrx_word' id='word_1_339' title='bbox 1791 3081 1888 3122; x_wconf 89' lang='lat' dir='ltr'>fieri</span> <span class='ocrx_word' id='word_1_340' title='bbox 1915 3084 2089 3134; x_wconf 87' lang='lat' dir='ltr'>posset,</span> 
     </span>
     <span class='ocr_line' id='line_1_39' title="bbox 276 3151 2092 3204; baseline -0.003 -8"><span class='ocrx_word' id='word_1_341' title='bbox 276 3156 458 3196; x_wconf 84' lang='lat' dir='ltr'>tandem</span> <span class='ocrx_word' id='word_1_342' title='bbox 498 3154 834 3204; x_wconf 86' lang='lat' dir='ltr'>summoveret.)</span> <span class='ocrx_word' id='word_1_343' title='bbox 893 3153 1034 3193; x_wconf 70' lang='lat' dir='ltr'>«Ceuoe</span> <span class='ocrx_word' id='word_1_344' title='bbox 1063 3151 1136 3200; x_wconf 80' lang='lat' dir='ltr'>qui</span> <span class='ocrx_word' id='word_1_345' title='bbox 1174 3155 1244 3190; x_wconf 81' lang='lat' dir='ltr'>ont</span> <span class='ocrx_word' id='word_1_346' title='bbox 1280 3151 1408 3190; x_wconf 82' lang='lat' dir='ltr'>voulu</span> <span class='ocrx_word' id='word_1_347' title='bbox 1434 3155 1581 3191; x_wconf 81' lang='lat' dir='ltr'>mettre</span> <span class='ocrx_word' id='word_1_348' title='bbox 1609 3162 1658 3190; x_wconf 79' lang='lat' dir='ltr'>en</span> <span class='ocrx_word' id='word_1_349' title='bbox 1687 3151 1879 3202; x_wconf 69' lang='lat' dir='ltr'>dialoque</span> <span class='ocrx_word' id='word_1_350' title='bbox 1905 3161 1970 3191; x_wconf 84' lang='lat' dir='ltr'>ces</span> <span class='ocrx_word' id='word_1_351' title='bbox 1997 3152 2092 3201; x_wconf 84' lang='lat' dir='ltr'>cinq</span> 
     </span>
     <span class='ocr_line' id='line_1_40' title="bbox 274 3219 2094 3277; baseline -0.002 -12"><span class='ocrx_word' id='word_1_352' title='bbox 274 3237 369 3266; x_wconf 79' lang='lat' dir='ltr'>vers</span> <span class='ocrx_word' id='word_1_353' title='bbox 394 3225 484 3277; x_wconf 77' lang='lat' dir='ltr'>font</span> <span class='ocrx_word' id='word_1_354' title='bbox 511 3223 690 3263; x_wconf 71' lang='lat' dir='ltr'>violence</span> <span class='ocrx_word' id='word_1_355' title='bbox 720 3234 778 3262; x_wconf 81' lang='lat' dir='ltr'>aa</span> <span class='ocrx_word' id='word_1_356' title='bbox 804 3233 894 3262; x_wconf 84' lang='lat' dir='ltr'>sens</span> <span class='ocrx_word' id='word_1_357' title='bbox 921 3221 1131 3261; x_wconf 75' lang='lat' dir='ltr'>nataret.»</span> <span class='ocrx_word' id='word_1_358' title='bbox 1190 3219 1310 3261; x_wconf 89' lang='lat' dir='ltr'>Multi</span> <span class='ocrx_word' id='word_1_359' title='bbox 1341 3222 1492 3260; x_wconf 91' lang='lat' dir='ltr'>contra</span> <span class='ocrx_word' id='word_1_360' title='bbox 1523 3219 1747 3271; x_wconf 84' lang='lat' dir='ltr'>dialogum</span> <span class='ocrx_word' id='word_1_361' title='bbox 1773 3230 1872 3259; x_wconf 88' lang='lat' dir='ltr'>esse</span> <span class='ocrx_word' id='word_1_362' title='bbox 1894 3221 2094 3261; x_wconf 87' lang='lat' dir='ltr'>statuunt</span> 
     </span>
     <span class='ocr_line' id='line_1_41' title="bbox 277 3287 2129 3341; baseline -0.003 -6"><span class='ocrx_word' id='word_1_363' title='bbox 277 3294 415 3335; x_wconf 78' lang='lat' dir='ltr'>verba</span> <span class='ocrx_word' id='word_1_364' title='bbox 446 3296 596 3333; x_wconf 88' lang='lat' dir='ltr'>tamen</span> <span class='ocrx_word' id='word_1_365' title='bbox 625 3293 746 3331; x_wconf 71' lang='lat' dir='ltr'>varie</span> <span class='ocrx_word' id='word_1_366' title='bbox 779 3291 1120 3337; x_wconf 79' lang='lat' dir='ltr'>distribuentes,</span> <span class='ocrx_word' id='word_1_367' title='bbox 1153 3288 1197 3328; x_wconf 89' lang='lat' dir='ltr'>id</span> <span class='ocrx_word' id='word_1_368' title='bbox 1227 3289 1348 3341; x_wconf 88' lang='lat' dir='ltr'>quod</span> <span class='ocrx_word' id='word_1_369' title='bbox 1376 3290 1523 3341; x_wconf 90' lang='lat' dir='ltr'>ipsum</span> <span class='ocrx_word' id='word_1_370' title='bbox 1551 3287 1688 3329; x_wconf 86' lang='lat' dir='ltr'>salsae</span> <span class='ocrx_word' id='word_1_371' title='bbox 1717 3288 2091 3340; x_wconf 87' lang='lat' dir='ltr'>interpretationis</span> <span class='ocrx_word' id='word_1_372' title='bbox 2121 3318 2129 3322; x_wconf 89' lang='lat'><em>-</em></span> 
     </span>
     <span class='ocr_line' id='line_1_42' title="bbox 276 3356 2087 3412; baseline -0.003 -7"><span class='ocrx_word' id='word_1_373' title='bbox 276 3364 562 3404; x_wconf 81' lang='lat' dir='ltr'>manifestum</span> <span class='ocrx_word' id='word_1_374' title='bbox 584 3363 653 3402; x_wconf 86' lang='lat' dir='ltr'>est</span> <span class='ocrx_word' id='word_1_375' title='bbox 682 3362 870 3412; x_wconf 84' lang='lat' dir='ltr'>signum.</span> <span class='ocrx_word' id='word_1_376' title='bbox 932 3361 994 3399; x_wconf 87' lang='lat' dir='ltr'>Ita</span> <span class='ocrx_word' id='word_1_377' title='bbox 1014 3360 1189 3410; x_wconf 89' lang='lat' dir='ltr'>reperio</span> <span class='ocrx_word' id='word_1_378' title='bbox 1220 3360 1335 3399; x_wconf 91' lang='lat' dir='ltr'>hanc</span> <span class='ocrx_word' id='word_1_379' title='bbox 1357 3358 1698 3410; x_wconf 82' lang='lat' dir='ltr'>explicationem</span> <span class='ocrx_word' id='word_1_380' title='bbox 1717 3356 1837 3408; x_wconf 91' lang='lat' dir='ltr'>apud</span> <span class='ocrx_word' id='word_1_381' title='bbox 1858 3358 2087 3410; x_wconf 84' lang='lat' dir='ltr'>Cerutum,</span> 
     </span>
     <span class='ocr_line' id='line_1_43' title="bbox 278 3426 2090 3485; baseline -0.003 -12"><span class='ocrx_word' id='word_1_382' title='bbox 278 3436 352 3485; x_wconf 89' lang='lat' dir='ltr'>qui</span> <span class='ocrx_word' id='word_1_383' title='bbox 382 3432 541 3473; x_wconf 86' lang='lat' dir='ltr'>eadem</span> <span class='ocrx_word' id='word_1_384' title='bbox 577 3441 760 3482; x_wconf 87' lang='lat' dir='ltr'>prorsus</span> <span class='ocrx_word' id='word_1_385' title='bbox 790 3430 860 3468; x_wconf 78' lang='lat' dir='ltr'>via</span> <span class='ocrx_word' id='word_1_386' title='bbox 890 3432 934 3468; x_wconf 88' lang='lat' dir='ltr'>et</span> <span class='ocrx_word' id='word_1_387' title='bbox 968 3429 1137 3468; x_wconf 89' lang='lat' dir='ltr'>ratione</span> <span class='ocrx_word' id='word_1_388' title='bbox 1180 3431 1312 3479; x_wconf 82' lang='lat' dir='ltr'>atque</span> <span class='ocrx_word' id='word_1_389' title='bbox 1353 3439 1496 3480; x_wconf 91' lang='lat' dir='ltr'>nuper</span> <span class='ocrx_word' id='word_1_390' title='bbox 1532 3429 1726 3468; x_wconf 81' lang='lat' dir='ltr'>Diintzer</span> <span class='ocrx_word' id='word_1_391' title='bbox 1753 3437 1861 3468; x_wconf 90' lang='lat' dir='ltr'>usus</span> <span class='ocrx_word' id='word_1_392' title='bbox 1890 3426 2090 3468; x_wconf 75' lang='lat' dir='ltr'>levIden-</span> 
     </span>
     <span class='ocr_line' id='line_1_44' title="bbox 279 3495 2090 3559; baseline -0.004 -16"><span class='ocrx_word' id='word_1_393' title='bbox 279 3513 374 3543; x_wconf 83' lang='lat' dir='ltr'>sem</span> <span class='ocrx_word' id='word_1_394' title='bbox 406 3497 716 3559; x_wconf 75' lang='grc' dir='ltr'><em>παράφρασιν</em></span> <span class='ocrx_word' id='word_1_395' title='bbox 761 3499 924 3539; x_wconf 88' lang='lat' dir='ltr'>Horatii</span> <span class='ocrx_word' id='word_1_396' title='bbox 969 3497 1106 3538; x_wconf 87' lang='lat' dir='ltr'>edidit</span> <span class='ocrx_word' id='word_1_397' title='bbox 1147 3498 1348 3538; x_wconf 87' lang='lat' dir='ltr'>Veronae</span> <span class='ocrx_word' id='word_1_398' title='bbox 1387 3497 1530 3538; x_wconf 57' lang='lat'>4585:</span> <span class='ocrx_word' id='word_1_399' title='bbox 1579 3495 1800 3537; x_wconf 77' lang='lat' dir='ltr'>«Subinde</span> <span class='ocrx_word' id='word_1_400' title='bbox 1830 3497 1902 3537; x_wconf 90' lang='lat' dir='ltr'>hic</span> <span class='ocrx_word' id='word_1_401' title='bbox 1929 3497 2090 3549; x_wconf 88' lang='lat' dir='ltr'>repetit</span> 
     </span>
    </p>
   </div>
   <div class='ocr_carea' id='block_1_4' title="bbox 2227 1348 2231 2045">
    <p class='ocr_par' dir='ltr' id='par_1_9' title="bbox 2227 1348 2231 2045">
     <span class='ocr_line' id='line_1_45' title="bbox 2227 1348 2231 2045; baseline 0 0"><span class='ocrx_word' id='word_1_402' title='bbox 2227 1348 2231 2045; x_wconf 95' lang='lat' dir='ltr'> </span> 
     </span>
    </p>
   </div>
  </div>
 </body>
</html>
