2231 3787
283 277 384 328 688

1070 274 1282 313 HORATll

357 413 581 479 Iungere
622 408 664 461 si
705 406 831 460 velit
868 415 920 460 et
958 406 1132 458 varias
1174 404 1429 457 inducere
1470 403 1677 473 plumas

356 512 601 583 Undique
643 509 846 564 collatis
886 507 1165 566 incuibi·iS‚
1208 515 1265 557 ut
1304 504 1527 575 turpiter
1566 512 1737 556 atrum

360 614 575 668 Desinat
614 613 664 664 in
703 611 906 682 piscem
947 607 1136 660 mulier
1175 607 1408 659 formosa
1445 623 1706 676 superne,

358 719 662 786 Spectatum
703 710 920 765 admissi
961 709 1129 762 risum
1164 708 1413 769 teneatiS,
1456 707 1650 760 amici?

2078 702 2109 755 Ut

359 817 596 875 Credite,
640 815 886 870 Pisones,
930 811 1012 864 isti
1052 809 1265 863 tabulae
1305 810 1416 863 sore
1454 808 1647 861 librum

402 992 441 1029 ⁴2.
476 1000 563 1029 om.
589 990 636 1028 B.
676 1011 718 1014 ——
748 985 940 1037 plumas]
981 996 1143 1034 pennas
1173 983 1280 1023 Cod.
1316 983 1474 1033 Regius
1515 982 1633 1033 apud
1664 981 1934 1030 Bentleium,
1966 982 2057 1032 for-

343 1065 434 1093 mas
461 1049 673 1091 Bisciolae
707 1050 807 1088 Hor.
833 1048 1010 1089 subsec.
1035 1049 1084 1086 ΙΙ.
1110 1058 1151 1098 p.
1176 1047 1270 1085 209.
1296 1047 1339 1085 et
1367 1044 1549 1085 Bentleii
1579 1045 1784 1096 suspicio.
1823 1068 1867 1072 —
1901 1044 1940 1084 3.
1963 1056 2058 1084 coii-

344 1117 438 1156 latis
466 1116 520 1161 T,
553 1114 728 1153 collectis
759 1123 870 1151 unus
902 1109 1258 1150 Vindobonensis
1290 1110 1387 1147 Sec.
1421 1108 1528 1146 XIII.
1567 1131 1608 1135 —
1644 1112 1717 1146 ααι
1747 1107 1969 1147 Sanadon.
2004 1128 2043 1136 -

347 1182 386 1219 5.
420 1177 603 1228 adnztssi]
634 1176 746 1215 missi
768 1177 814 1223 Β,
848 1175 903 1213 ad
934 1174 1044 1212 missi
1074 1172 1117 1212 b.
1146 1196 1190 1200 —
1214 1169 1416 1211 teneatis?
1443 1170 1596 1219 Amici,
1630 1169 1789 1209 Credite
1810 1168 2055 1218 Markland,

293 1328 391 1368 adv.
427 1327 595 1366 Stoicos
618 1325 683 1370 49,
711 1325 746 1362 t.
777 1346 817 1350 —
856 1323 1047 1361 inducere
1072 1321 1171 1370 pizi-

295 1389 394 1441 mas]
429 1385 665 1440 «penicillo
697 1385 982 1434 adiungere.»
1016 1384 1168 1421 SCHOL.

292 1452 398 1493 Plin.
424 1453 472 1491 H.
496 1452 545 1490 N.
571 1450 646 1497 35,
678 1449 726 1495 6,
755 1447 827 1486 ⁵26:
871 1446 915 1485 Si
949 1444 1169 1497 (pictores)

289 1525 529 1565 purpuram
557 1513 693 1563 facere
721 1510 902 1557 malum,
935 1507 1173 1546 caeruleum

294 1578 584 1617 sublinunt,
643 1585 741 1612 mox
778 1571 1073 1621 purpurissum
1121 1581 1174 1608 eae

295 1652 370 1680 oro
402 1639 654 1677 inducunt
687 1636 742 1685 (in
765 1633 1031 1685 superficie).
1068 1632 1175 1670 «Ce-

296 1706 389 1742 tera
419 1699 623 1740 membra
653 1699 830 1749 praeter
861 1697 991 1746 caput
1021 1695 1176 1733 huma—

297 1776 403 1805 num
435 1766 476 1803 et
507 1762 639 1813 piscis
664 1759 853 1800 caudam
875 1759 1057 1808 insuper
1077 1755 1175 1808 plu-

298 1829 380 1867 mis
401 1826 654 1874 variegare,
689 1822 800 1861 adeo
824 1823 870 1859 ut
891 1821 1031 1859 totum
1055 1830 1178 1857 mon-

297 1893 438 1930 strum
470 1886 767 1937 compositum
799 1884 853 1923 sit
890 1893 943 1921 ex
972 1879 1173 1927 muliere,

299 1962 435 2002 equo,
485 1948 577 1988 aliis
608 1945 870 1986 animalibus
903 1942 1175 1994 (nominatim

298 2016 341 2053 in
381 2016 537 2052 trunco
577 2012 620 2049 et
660 2008 890 2060 pedibus),
938 2005 1093 2045 avibus
1135 2006 1178 2043 et

299 2077 464 2128 pisce»,
490 2083 628 2126 prope
651 2073 699 2110 ut
716 2068 879 2119 Virgilii
902 2066 1043 2117 scylla
1065 2069 1173 2105 Aen.

301 2139 339 2186 3,
365 2138 467 2178 426:
501 2136 644 2176 Prima
672 2133 846 2172 hominis
875 2132 1002 2181 facies
1028 2129 1178 2178 etpal-

300 2202 396 2240 chro
431 2203 597 2249 pectore
633 2197 751 2246 virgo
782 2194 888 2233 Pube
918 2197 1056 2239 teitus,
1097 2203 1179 2240 po—

300 2269 454 2303 strema
484 2260 657 2300 immani
678 2269 850 2307 corpore
864 2256 1046 2305 pistrix,
1078 2254 1180 2294 Del-

297 2327 470 2376 phinum
512 2324 670 2363 caudas
711 2325 828 2360 utero
865 2320 1084 2358 commissa
1114 2317 1180 2356 lu-

298 2399 474 2439 porum,
499 2388 541 2425 et
561 2385 750 2424 Derceto
772 2383 814 2421 in
838 2381 1032 2421 nummis
1048 2382 1184 2419 Asca-

304 2451 413 2490 lonis
443 2448 657 2495 Iudaeae,
691 2447 796 2484 item
827 2443 986 2483 mulier
1006 2444 1049 2482 in
1071 2442 1180 2482 duas

305 2513 489 2565 piscium
512 2510 676 2550 caudas
699 2509 907 2548 desinens
928 2509 969 2545 in
987 2506 1180 2545 nummis

306 2579 349 2616 L.
369 2574 529 2614 Valerii
550 2571 751 2612 Asciculi.
789 2569 971 2621 (Eckhel
989 2571 1038 2609 D.
1057 2571 1106 2608 N.
1127 2569 1176 2608 V.

304 2651 346 2691 p.
371 2637 481 2686 3:31.)
516 2634 694 2675 Bentleii
717 2633 909 2684 suspicio
930 2643 1012 2684 per
1032 2643 1079 2672 se
1102 2632 1182 2670 im-

305 2698 546 2753 probabilis
559 2699 718 2749 formas
731 2696 997 2747 significaret
1016 2705 1182 2734 «mem-

307 2764 386 2802 bra
419 2764 456 2801 in
489 2761 616 2800 aliam
648 2760 837 2799 formam
868 2761 1093 2804 mutare‚»
1135 2758 1181 2795 ut

309 2826 429 2865 Ovid.
456 2826 554 2864 Met.
580 2824 625 2871 Ἰ,
659 2822 762 2862 642:
794 2822 1024 2860 humanam
1051 2831 1182 2859 mem—

309 2889 390 2927 bris
420 2889 658 2926 inducere
677 2886 880 2935 formeim3
916 2883 959 2923 id
981 2884 1098 2934 quod
1121 2883 1184 2934 pi-

311 2953 403 2989 ctor
435 2950 577 2988 facere
609 2948 774 2998 nequit.
803 2969 846 2974 -
870 2947 1030 2986 collatis
1057 2957 1185 2985 mem-

312 3012 412 3063 bris]
459 3014 552 3051 Non
594 3013 661 3050 est
700 3010 871 3049 dativus
901 3021 942 3048 v.
976 3010 1180 3057 inducere,

313 3075 390 3115 sed
419 3073 635 3113 ablativus
665 3071 915 3112 absolutus:
955 3081 1084 3110 «cum
1105 3082 1184 3109 un-

314 3138 443 3187 dique
467 3137 522 3174 ita
545 3134 828 3173 conferantur
851 3133 1078 3180 membra,
1111 3137 1180 3171 ut»

315 3201 400 3239 cet.
430 3221 461 3228 -
503 3198 680 3247 turpiter
719 3197 879 3245 atrum]
927 3197 995 3235 Sic
1025 3196 1179 3245 iunge,

315 3272 400 3300 non
431 3262 605 3310 turpiter
634 3259 804 3298 desinat.
843 3258 905 3297 Cf.
931 3259 1039 3309 Epp.
1065 3258 1109 3306 4,
1141 3257 1180 3306 3,

319 3324 387 3362 22:
432 3320 872 3374 ingenium-turpiter
906 3320 1082 3361 hirlum;
1132 3331 1183 3358 ex

315 3396 402 3435 quo
432 3385 525 3436 ipso
555 3383 653 3423 loco
684 3384 754 3422 hic
785 3384 826 3421 in
847 3382 960 3421 Artis
985 3382 1183 3432 poeticae

316 3448 465 3485 vetere
496 3446 686 3486 editione
720 3456 754 3485 s.
789 3444 815 3484 l.
850 3447 894 3483 et
923 3454 961 3482 a.
995 3446 1089 3482 orta
1121 3445 1188 3483 est

318 3507 448 3546 lectio
478 3513 520 3547 ut
540 3508 886 3559 turpiter-hirtum
902 3506 1001 3545 --in
1017 3506 1186 3556 piscem,

1237 1331 1371 1370 quam
1402 1321 1484 1361 etsi
1513 1330 1733 1372 perquam
1760 1316 1991 1358 ridiculam
2014 1328 2115 1369 pro-

1236 1382 1357 1422 bavit
1401 1382 1675 1423 Goerlitzius.
1738 1383 1830 1422 Hoc
1866 1381 1983 1421 enim
2020 1382 2115 1433 epi-

1236 1446 1357 1485 theto
1388 1451 1529 1486 atrum
1559 1447 1653 1497 ipso
1691 1445 1862 1485 foedior
1892 1443 2019 1484 nobis
2049 1445 2117 1483 vi-

1237 1508 1366 1547 detur
1394 1510 1476 1549 ista
1507 1508 1689 1559 nigredo
1720 1507 1919 1559 opposita
1941 1507 2118 1558 corpori

1239 1570 1510 1611 versicolori.
1540 1595 1583 1599 —-
1616 1572 1661 1610 in
1684 1570 1853 1621 piscem]
1889 1570 1955 1609 «in
1987 1569 2117 1609 belu-

1238 1645 1308 1673 am
1342 1634 1582 1681 marinam,
1627 1633 1670 1672 id
1703 1634 1798 1680 est,
1843 1632 2116 1683 pistricem.»

1239 1699 1339 1736 ΑΕΒ.
1392 1697 1486 1744 Quo
1515 1697 1610 1746 ipso
1643 1707 1693 1734 ex
1730 1693 1896 1735 scholio
1927 1696 2021 1734 orta
2052 1694 2118 1733 vi-

1240 1758 1370 1797 detur
1413 1759 1455 1797 in
1493 1757 1600 1797 Cod.
1638 1756 1886 1797 Helleriano
1916 1755 2046 1795 lectio
2075 1756 2119 1794 in

1235 1821 1409 1870 pristin,
1435 1819 1659 1870 quomodo
1683 1818 1890 1858 volebant
1911 1819 2045 1858 etiam
2065 1820 2114 1858 N.

1243 1883 1444 1922 Heinsius
1484 1884 1527 1920 et
1565 1882 1809 1921 Gronovius
1840 1880 2116 1928 Observv.1t,

1244 1944 1308 1983 48.
1332 1955 1375 1994 p.
1396 1944 1462 1983 78.
1485 1946 1650 1983 mutata
1676 1944 1808 1983 etiam
1831 1943 1955 1994 (v.3.)
1979 1942 2121 1982 forma

1242 2005 1484 2046 masculina
1526 2011 1669 2045 αἶ’-ατη
1701 2008 1745 2045 in
1775 2006 1924 2045 femin.
1962 2009 2116 2044 atram.

1243 2069 1329 2108 Sed
1360 2068 1507 2108 obstat
1537 2071 1790 2108 ceterorum
1812 2068 2026 2109 Codicum
2047 2077 2122 2106 au-

1244 2133 1437 2170 ctoritas.
1475 2154 1519 2158 —
1543 2132 1784 2180 Spectatum
1817 2130 2002 2180 admissi]
2041 2128 2121 2170 Ubi

1243 2192 1438 2232 tabulam
1463 2193 1636 2233 finierat
1654 2195 1816 2245 pictor,
1840 2193 2035 2245 primum
2057 2191 2121 2231 fa-

1245 2255 1438 2295 miliares
1460 2267 1564 2296 suos
1585 2258 1834 2307 spectatum
1855 2254 2118 2295 advocabat.

1249 2342 1291 2347 -—
1326 2319 1469 2370 risum]
1513 2320 1685 2358 Primus
1717 2320 1834 2358 enim
1864 2328 2024 2358 sensus
2054 2318 2122 2357 est

1243 2380 1414 2420 ridiculi
1445 2382 1487 2420 in
1508 2381 1762 2421 huiusmodi
1787 2381 1927 2420 forma
1951 2392 2001 2420 ex
2023 2390 2122 2432 par-

1244 2444 1361 2484 tibus
1378 2447 1533 2483 natura
1546 2444 1628 2484 sihi
1641 2443 1989 2495 repugnantibus
2002 2452 2122 2482 com—

1247 2507 1407 2556 posita,
1442 2508 1490 2545 ut
1520 2507 1561 2545 in
1587 2507 1775 2547 deorum
1803 2506 2057 2546 Indicorum
2077 2507 2122 2545 et

1245 2569 1495 2608 Sinensium
1521 2569 1745 2609 monstris.
1781 2592 1825 2597 —
1861 2567 2122 2619 Languidiu-

1245 2629 1366 2671 scule
1384 2629 1575 2670 nonnulli
1596 2630 1888 2681 distinguunt:
1922 2630 2122 2671 teneatis?

1244 2694 1395 2743 Amici,
1420 2694 1600 2741 Credite,
1622 2694 1784 2732 Pisones
1803 2695 1906 2741 cet„
1940 2703 2025 2743 qua
2047 2704 2122 2732 ra-

1245 2758 1362 2796 tione
1401 2757 1467 2796 vis
1504 2755 1631 2795 verbi
1662 2756 1821 2796 Credite
1858 2754 2118 2806 infringitur,

1247 2822 1289 2859 et
1310 2817 1612 2866 intervallum,
1641 2818 1760 2868 quod
1780 2819 1900 2858 recta
1923 2818 2120 2858 recitatio

1247 2883 1359 2921 inter
1402 2881 1559 2920 miram
1605 2878 1722 2919 illam
1759 2881 1957 2931 speciem
1992 2879 2122 2932 (Ara-

1246 2943 1375 2994 beske)
1407 2945 1451 2982 et
1479 2944 1772 2994 praeceptum
1791 2942 1944 2990 *facere
1967 2942 2118 2992 debet,

1247 3016 1428 3057 prorsus
1473 3003 1647 3044 tollitur.
1702 3006 1802 3044 Sine
1841 3005 2122 3045 distinct-ione

1245 3069 1415 3108 teneatis
1444 3069 1569 3107 amici
1593 3066 1815 3108 Bentleius
1850 3066 2009 3119 aliique
2032 3067 2124 3118 (eti-

1247 3142 1318 3170 am
1337 3132 1448 3181 Fea),
1473 3131 1590 3182 quod
1610 3129 1803 3170 nonnulli
1819 3128 2120 3180 explicabant:

1249 3194 1480 3241 «admissi,
1512 3194 1663 3244 utpote
1686 3192 1819 3243 inepti
1848 3191 1960 3232 illius
1981 3192 2123 3243 picto-

1249 3258 1306 3296 ris
1345 3256 1530 3303 amici3»
1570 3257 1617 3294 ut
1656 3255 1769 3304 Virg.
1802 3256 1909 3293 Aen.
1939 3254 1985 3301 8,
2019 3253 2119 3292 472:

1249 3319 1415 3369 quando
1457 3317 1534 3356 huc
1575 3317 1741 3355 venistis
1775 3316 1915 3355 amici.
1966 3315 2123 3354 Nostra

1247 3392 1353 3421 vero
1394 3381 1503 3419 ratio
1542 3380 1619 3418 toti
1649 3377 1937 3430 Epistolarum
1971 3377 2121 3428 generi

1249 3443 1377 3494 longe
1409 3441 1565 3482 melius
1595 3441 1814 3481 convenit.
1840 3462 1887 3468 —
1912 3441 2121 3481 Ceterum

1251 3505 1442 3556 graviter
1481 3503 1767 3556 reprehendit
1796 3501 2048 3553 aequalium
2079 3502 2121 3542 in
