2231 3787
795 232 889 270 .an
929 231 1167 270 POETICA.

1796 231 1894 282 733

155 357 438 416 Det'endat.
484 375 585 412 nou
627 358 754 429 quid
795 358 1002 412 medios
1044 359 1320 412 intercinat
1365 369 1537 420 actus,

152 459 308 522 Quod
350 476 453 512 non
494 460 768 530 proposito
807 459 1072 513 conducat
1110 469 1162 514 et
1200 459 1419 514 haereat
1457 470 1594 531 apto.

1792 463 1891 515 1953

190 653 279 693 494.
322 655 428 703 quod
458 655 502 693 T.
542 678 584 683 —
623 657 839 694 inlerct'da!
870 657 930 695 ST
963 659 1070 705 (non
1103 656 1252 696 131)ch

75 834 269 885 Scriptor
298 832 353 872 de
375 833 498 884 Trag.
525 837 568 873 et
589 835 712 873 Com.
739 835 779 872 in
803 835 949 873 Zeunii

74 896 277 935 Terentio
301 894 377 934 Ed.
403 895 536 935 Lond.
559 896 678 936 4820.
703 896 946 947 p.xxv111:

73 958 177 997 Illud
222 969 383 1007 quoque
428 958 619 997 mirabile
661 959 703 996 in
750 957 947 1005 Terentio,

73 1021 182 1070 quod
221 1032 299 1059 non
342 1021 402 1058 ila
432 1021 570 1060 miscet
593 1031 795 1070 personas
824 1025 951 1069 quat-

72 1087 193 1130 tuor,
225 1086 270 1121 ut
297 1082 470 1121 obscura
490 1083 540 1121 sit
562 1093 708 1122 ear-um
727 1084 946 1122 distinctio.

72 1143 219 1184 Pollux
248 1145 327 1184 On.
351 1144 389 1192 4,
417 1144 520 1183 44Ο;
552 1143 613 1183 Εἰ
643 1142 693 1184 δὲ
728 1147 949 1201 τέταρτος

72 1201 332 1263 ὑποκριτής
348 1219 389 1247 τι
411 1205 821 1264 παραφθέγξαιτο,
844 1207 949 1249 τοῦ·

70 1281 125 1308 το
142 1266 552 1326 παραχορήγη
552 1284 625 1309 ιια
642 1265 944 1323 ὀνοιιάζεται.

71 1333 259 1381 «Quarta
282 1344 471 1384 persona
491 1344 592 1373 cum
616 1333 847 1382 inducitur
868 1334 948 1374 de-

69 1395 145 1434 bet
175 1398 250 1435 aut
279 1396 459 1435 omnino
491 1406 574 1435 non
618 1395 735 1446 loqui
766 1395 834 1436 vel
867 1396 947 1436 ad-

70 1457 253 1497 modum
273 1469 412 1509 pauca
431 1470 438 1504 ;
464 1457 685 1498 inducitur
705 1460 838 1506 enim,
873 1462 946 1499 aut

67 1522 114 1559 ut
153 1519 315 1559 adnuat
356 1522 431 1559 aut
460 1523 505 1560 ut
537 1519 701 1572 aliquid
733 1522 770 1561 ei
803 1523 946 1574 impc-

67 1584 233 1621 retur.»
267 1583 406 1622 Comi.
431 1583 561 1627 Can.

123 1644 241 1684 493-
261 1644 352 1683 495.
397 1644 558 1683 Actoris
587 1645 691 1697 cet]
723 1644 945 1686 Absolutis

67 1707 141 1755 iis,
188 1717 301 1758 quae
347 1705 401 1746 de
445 1705 625 1757 singulis
661 1709 862 1758 personis
902 1711 945 1747 et

66 1769 122 1809 de
153 1770 224 1817 iis,
272 1780 385 1820 quae
426 1763 524 1808 ἀπὸ
553 1767 780 1822 μηχανῆς
808 1781 944 1810 voca-

65 1831 194 1879 bant,
238 1833 364 1871 erant
394 1831 630 1881 tradenda,
672 1833 757 1872 iam
789 1835 944 1872 transit

65 1894 121 1934 ad
151 1894 272 1933 chori
303 1893 496 1933 officium
520 1897 564 1933 et
583 1889 822 1950 ἁρμονίαν
840 1906 942 1935 cum

64 1957 232 2006 integra
264 1955 485 2006 tragoedia
516 1967 586 1995 vV.
614 1956 814 1997 ⁴93-204.
854 1958 943 1996 Ho-

64 2019 158 2057 ratii
172 2020 321 2057 autem
335 2019 573 2068 praecepta
587 2017 640 2057 ad
654 2018 777 2057 chori
788 2019 945 2058 Graeci·

63 2081 344 2132 potissimum
386 2078 655 2130 exemplaria
693 2080 845 2120 referri
875 2082 942 2120 vi-

63 2141 243 2190 dentur,
278 2142 358 2181 etsi
389 2140 554 2181 similes
582 2153 634 2181 ex
655 2144 781 2193 parte
805 2144 942 2182 Grae—

64 2206 126 2245 cis
156 2205 290 2245 fuisse
323 2205 455 2244 etiarn
479 2205 652 2244 Latinos
674 2204 834 2244 choros
854 2206 941 2244 mi-

63 2268 181 2307 nime
213 2265 443 2317 ignorabat
471 2277 617 2317 neque
649 2266 692 2305 h.
718 2265 744 2305 1.
778 2265 940 2307 oblitus

64 2332 173 2370 erat.
208 2329 287 2368 Vix
318 2329 436 2368 enim
467 2330 556 2368 tam
587 2330 792 2368 accurate
817 2329 939 2369 ebori

61 2391 184 2443 leges
227 2391 506 2443 exposuisset
545 2391 772 2439 Horatius,
819 2393 855 2432 si
887 2403 938 2432 ex

63 2454 258 2494 Romana
288 2452 512 2504 tragoedia
544 2452 612 2492 iile
643 2451 772 2504 plane
795 2464 941 2493 remo-

63 2518 133 2556 tus
164 2516 303 2562 esset,
336 2517 384 2554 ut
413 2513 536 2554 multi
560 2513 668 2554 salso
701 2515 941 2556 contende-

62 2581 178 2623 runt,
203 2577 276 2627 qui
299 2575 544 2615 refutantur
563 2576 722 2627 partim
745 2576 939 2628 reliquiis

62 2650 117 2680 ex
154 2638 276 2678 Ennii
323 2640 366 2677 et
411 2638 585 2677 Pacuvii
625 2637 770 2678 eboris
808 2638 937 2679 nobis

138 2701 249 2740 vatis
299 2700 411 2749 (Sor.
454 2699 508 2739 ad
550 2700 740 2739 Herenn.
777 2701 826 2749 ⁶2,
867 2701 934 2749 23,

200 2760 268 2802 ell.
294 2761 358 2811 49,
395 2762 459 2810 40,
485 2762 585 2812 42η)
623 2764 782 2813 paitim
818 2764 936 2803 Accii

111 2824 335 2875 oenissis,
377 2834 401 2863 a
433 2824 570 2864 choro
601 2825 664 2864 sic
700 2825 934 2876 inscriptis.

63 2877 110 2927 G.
116 2885 266 2937 Regel
297 2887 345 2926 de
379 2898 425 2926 re
460 2887 625 2938 traqica
654 2889 937 2928 Romanorum

64 2949 304 2999 (Gottingae
327 2947 465 2998 4834.)
505 2960 602 3000 pag.
627 2950 665 2988 5.
692 2950 906 2998 ‹Chorus,
917 2965 935 2985 ›

61 3011 222 3063 inquit,
258 3011 505 3062 «particeps
535 3013 590 3051 sit
610 3012 794 3052 actionis
812 3024 937 3052 eam-

61 3083 149 3124 que
182 3083 263 3122 pro
297 3073 412 3112 virili
440 3077 568 3123 parte
603 3073 803 3121 adiuvet,
851 3075 935 3115 hoc

62 3137 149 3184 est,
183 3145 263 3186 pro
294 3145 372 3182 eo,
406 3134 524 3185 quod
557 3135 686 3174 officii
710 3136 803 3175 eius
825 3138 935 3176 est.»

61 3197 131 3236 Sic
160 3197 280 3236 recte
312 3195 565 3237 Lambinus.
613 3197 798 3237 Vitiosas
829 3196 937 3237 alio-

60 3269 159 3298 rum
182 3258 566 3309 interpretationes
583 3257 782 3299 consulto
803 3270 936 3311 prae-

62 3322 208 3369 tereo,
237 3323 421 3372 excepta
442 3322 611 3361 recenti
631 3321 715 3360 bac
735 3321 935 3362 omnium

61 3383 418 3432 perversissima:
467 3384 663 3424 «Actoris
696 3384 934 3434 (personae

62 3444 311 3495 primariae)
341 3446 490 3497 partes
511 3447 554 3485 et
576 3445 791 3494 (eiusdem
812 3448 936 3486 acto-

1017 835 1095 881 ris,
1130 846 1216 874 non
1249 837 1392 884 suum)
1433 836 1626 876 osticium
1658 836 1778 877 virile
1810 840 1890 888 (vi-

1016 907 1113 935 rum
1156 897 1311 936 sortem
1353 899 1532 949 decens)
1581 899 1743 939 chorus
1788 902 1889 950 (non

1015 959 1162 1007 agens)
1196 961 1412 999 tueatur.»
1461 962 1550 1000 lioe
1582 964 1728 1002 autem
1760 975 1890 1015 prae—

1015 1022 1193 1071 ceptum
1211 1022 1519 1071 gravissimum
1541 1035 1591 1062 ac
1613 1035 1794 1075 prorsus
1818 1037 1890 1066 nc-

1014 1082 1255 1121 cessarium
1303 1083 1464 1123 sactum
1511 1087 1605 1123 erat
1641 1085 1696 1123 ad
1730 1086 1890 1126 diiudi-

1013 1143 1178 1183 caudas
1223 1147 1398 1185 veteres
1453 1147 1700 1197 tragoedias
1743 1152 1784 1188 et
1833 1150 1888 1188 ad

1011 1216 1148 1245 novas
1179 1204 1335 1246 saltem
1366 1207 1484 1258 apud
1515 1210 1734 1250 Romanos
1765 1222 1889 1251 com—

1012 1267 1261 1319 ponendaS,
1307 1280 1358 1308 ex
1390 1281 1477 1320 quo
1508 1272 1727 1322 Agathon,
1763 1274 1888 1313 Euri-

1012 1329 1100 1380 pidi
1141 1332 1285 1370 aetate
1323 1342 1511 1382 suppar,
1558 1330 1802 1386 ἐμβόλιμα
1846 1336 1884 1374 in

1012 1392 1261 1442 tragoedias
1294 1395 1485 1444 recepit,
1519 1394 1561 1434 id
1595 1398 1683 1443 est,
1718 1398 1886 1437 cantica

1011 1453 1066 1493 ab
1096 1458 1356 1504 argumento
1386 1455 1526 1496 aliena
1558 1459 1602 1497 et
1621 1469 1700 1509 pro
1730 1461 1886 1510 poetae

1010 1516 1190 1555 arbitrio
1213 1517 1391 1558 inserta.
1425 1519 1534 1558 Vide
1557 1521 1703 1560 statim
1719 1522 1887 1561 Aristo-

1010 1577 1106 1618 tclis
1137 1577 1298 1618 locum.
1352 1580 1414 1619 De
1446 1581 1772 1631 tragoediarum
1804 1585 1887 1623 La-

1010 1641 1199 1679 tinarum
1231 1641 1366 1680 choro
1390 1641 1594 1681 nonnulla
1616 1643 1821 1684 dabimus
1843 1645 1884 1684 in

1009 1703 1206 1742 Excursu
1236 1703 1285 1742 V.
1322 1726 1365 1730 —
1414 1704 1634 1756 Defendat]
1678 1709 1884 1746 «strenue

1008 1764 1151 1803 officio
1184 1764 1429 1815 fungatur.»
1462 1766 1525 1805 Cf.
1550 1767 1635 1805 Sat.
1663 1767 1701 1815 4,
1726 1768 1791 1816 40,
1817 1769 1880 1807 42.

1010 1846 1055 1852 —
1089 1837 1169 1864 neu
1199 1826 1297 1875 quid
1323 1826 1426 1878 cet]
1461 1828 1547 1866 «Ne
1581 1831 1796 1868 canantur
1817 1830 1884 1869 in-

1006 1889 1074 1926 ter
1103 1890 1228 1928 actus
1256 1886 1378 1940 μέλη
1409 1886 1607 1945 χορικά,
1651 1890 1691 1930 in
1723 1890 1883 1942 quibus

1006 1948 1061 1988 de
1107 1948 1199 1989 aliis
1237 1949 1442 1990 omnibus
1481 1953 1636 2001 agatur
1664 1963 1797 2003 quam
1827 1953 1883 1993 de

1005 2011 1179 2051 actione
1211 2012 1347 2062 ipsa.»
1393 2014 1498 2052 Mire
1531 2014 1771 2053 concordat
1794 2016 1884 2055 Ari-

1006 2072 1187 2114 stoteles
1218 2075 1337 2113 Poet.
1365 2076 1430 2123 48,
1457 2076 1527 2115 48;
1561 2076 1653 2116 Καὶ
1683 2073 1767 2116 τὸν
1797 2090 1883 2125 χο-

1004 2132 1090 2192 ρὸν
1110 2133 1160 2175 δὲ
1182 2129 1266 2175 ἕνα
1286 2134 1361 2175 δεῖ
1374 2131 1634 2186 ὑπολαβεῖν
1655 2137 1748 2178 τῶν
1764 2134 1883 2179 ὑπο-

1004 2196 1192 2254 κριτῶν,
1214 2199 1296 2237 καὶ
1316 2196 1490 2255 μύριοι
1506 2204 1627 2241 εῖναι
1642 2199 1727 2241 τοῦ
1746 2195 1879 2251 ὅὶου,

1004 2262 1084 2300 καὶ
1134 2261 1541 2314 συναγωνίζεσθαι
1601 2259 1671 2315 μὴ
1721 2258 1881 2337 ὥσπερ

1004 2325 1111 2382 παρ’
1158 2319 1389 2381 Εὔριπίόῃ
1428 2320 1528 2364 cim
1561 2319 1722 2383 ὠσπερ
1751 2324 1880 2384 παρὰ

1003 2387 1270 2438 Σοφοκλεῖ·
1304 2391 1405 2439 τοῖς
1434 2386 1484 2429 δὲ
1515 2387 1701 2440 λοιποῖς
1730 2386 1788 2429 τὰ
1809 2388 1880 2430 δι-

1002 2449 1184 2504 δόμενα
1212 2449 1398 2503 μᾶλλον
1427 2449 1511 2492 τοῦ
1541 2449 1703 2504 μύθου
1735 2447 1768 2504 ἧ
1793 2446 1879 2492 ἀλ-

1003 2511 1089 2566 λης
1118 2512 1380 2571 τραγῳδίας
1418 2513 1548 2554 ἐστίν
1568 2527 1577 2535 ·
1623 2511 1696 2554 διὸ
1727 2511 1878 2567 ἐμβό-

1003 2575 1119 2629 λιμα
1156 2572 1379 2631 ᾄδουσιν,
1425 2573 1613 2634 πρώτου
1644 2572 1879 2634 ἄρξαντος

997 2635 1263 2713 Ἀγάθωνος
1300 2636 1383 2678 τοῦ
1427 2636 1679 2680 τοιούτου·
1721 2642 1879 2681 καίτοι

1002 2703 1046 2741 τί
1088 2699 1231 2750 διαφε-
1209 2712 1301 2757 ρει
1342 2695 1374 2753 ἢ
1413 2697 1655 2753 ἐιιβόλιμα
1684 2697 1815 2757 α’δειν
1845 2697 1880 2756 ἢ

1000 2759 1142 2819 ῥῆσιν
1162 2759 1212 2814 ἐξ
1232 2758 1380 2802 α’λλου
1402 2763 1468 2813 εἰς
1488 2758 1607 2803 ἄλλο
1621 2758 1877 2821 ἁρμόττειν

1001 2821 1030 2877 ἢ
1024 2820 1317 2865 ἐπεισόδιον
1334 2819 1475 2872 &lom
1492 2827 1602 2866 Cum
1621 2827 1739 2878 apud
1753 2829 1877 2868 Euri-

1001 2887 1151 2939 pidem
1173 2887 1335 2927 cborus
1355 2886 1451 2927 laxo
1469 2899 1491 2926 c
1497 2899 1569 2928 um
1593 2889 1685 2940 ipsa
1704 2891 1874 2930 actione

999 2947 1174 2989 vinculo
1190 2949 1451 2990 coniunctus
1468 2953 1601 2998 esset,
1625 2952 1877 3002 posteriori-

1000 3010 1084 3051 bus
1101 3010 1377 3063 temporibus
1399 3010 1579 3052 invaluit
1593 3023 1705 3060 mos,
1721 3012 1876 3053 absur-

1000 3073 1082 3113 dus
1103 3072 1172 3113 ille
1195 3072 1397 3125 quidem,
1431 3074 1511 3115 sed
1533 3074 1590 3115 ad
1610 3075 1872 3115 minuendas

1001 3145 1218 3187 expensas
1252 3137 1553 3185 necessarius,
1593 3139 1640 3177 ut
1670 3138 1710 3176 in
1739 3148 1872 3178 scena

999 3199 1291 3238 recitarentur
1332 3200 1502 3238 tantum
1547 3195 1605 3238 τὰ
1652 3197 1869 3251 ἰαμβεῖα,

999 3261 1308 3301 omitterentur
1336 3256 1394 3300 τὰ
1423 3258 1571 3313 μέλη,
1603 3263 1651 3300 ut
1688 3263 1874 3301 testatur

999 3323 1078 3362 Dio
1109 3322 1339 3373 Chrysost.
1364 3323 1433 3362 Or.
1460 3323 1524 3361 49.
1555 3334 1598 3374 p.
1623 3322 1716 3363 487.
1741 3324 1787 3363 R.
1824 3345 1869 3352 —

992 3385 1206 3435 proposito
1235 3385 1456 3434 conducat]
1488 3385 1633 3425 «iuvet
1662 3387 1706 3425 et
1733 3386 1872 3437 prosit

997 3447 1188 3498 primum
1220 3446 1275 3486 ad
1297 3445 1661 3498 implicationem,
1694 3449 1870 3500 postre-
