2231 3787
187 321 290 373 255
822 317 1036 358 nonnil
1067 315 1366 357 sATfflAssUM

259 449 564 505 Accedam?
602 465 668 502 an
711 447 887 519 potius
925 446 1153 500 mediter
1189 444 1340 497 finire
1381 441 1639 495 dolores?

263 551 522 613 Exclusit,
563 558 803 603 revocat:
845 548 1105 602 redeam?
1143 548 1289 604 Non,
1332 545 1376 596 si
1415 544 1679 597 obsecret.
1722 543 1862 596 Ecce

263 654 464 706 Servus
503 669 610 704 non
648 649 807 722 paulo
848 648 1159 719 sapientior:
1205 648 1250 701 Ο
1291 645 1449 702 here,
1490 660 1630 715 quae
1670 660 1757 696 res
1901 641 2004 695 265

259 756 366 808 Nec
400 753 617 806 modum
639 751 799 806 habet
825 767 1002 821 neque
1049 747 1355 809 consilium,
1396 746 1600 799 ratione
1623 743 1894 814 modoque

261 855 492 909 Tractari
514 871 619 906 non
641 852 761 906 volt.
835 853 893 904 In
919 867 1101 904 amore
1123 848 1257 902 haec
1283 855 1405 903 sunt
1424 846 1588 910 mala,
1628 845 1854 907 bellum,

264 959 371 1009 Pax
410 973 652 1008 rursum:
693 928 913 1007 haec'si
953 951 1073 1023 quis
1111 949 1443 1021 tempestatis
1481 965 1652 1020 prope
1690 947 1795 1000 ritu

268 1056 481 1110 Mobilia
519 1064 571 1109 et
608 1071 772 1109 caeca
808 1052 1068 1107 fluitantia
1106 1059 1250 1106 sorte
1288 1050 1497 1105 laboret

267 1157 514 1212 Reddere
553 1164 701 1210 certa
740 1154 863 1218 sibi,
904 1153 1067 1207 nihilo
1105 1152 1226 1224 plus
1266 1151 1516 1223 explicet,
1561 1167 1623 1205 ac
1662 1150 1706 1203 si
1909 1149 2013 1201 270

268 1259 508 1314 Insanire
548 1266 701 1330 paret
740 1265 886 1311 certa
925 1256 1129 1310 ratione
1167 1254 1457 1325 modoque.

307 1409 403 1451 264.
436 1409 621 1449 obsecrat
652 1419 695 1459 p.
733 1429 778 1435 —-
809 1407 904 1446 265.
936 1416 1002 1446 ere
1032 1406 1072 1445 S.
1115 1428 1158 1434 —-
1197 1405 1290 1445 270.
1327 1408 1462 1454 certa,
1510 1403 1587 1442 sibi
1615 1402 1740 1443 nihilo
1770 1403 1872 1443 LCt.
1913 1424 1958 1429 —

255 1473 348 1512 276.
372 1476 575 1511 scrutare.
621 1471 759 1518 Modo,
792 1470 988 1519 inquam,
1019 1467 1188 1508 Hellade
1217 1467 1328 1516 LCt,
1361 1464 1608 1515 Bentleius,
1649 1466 1702 1505 FJ
1719 1477 1726 1504 :
1772 1469 1964 1505 scrutare

203 1613 319 1652 circa
339 1612 537 1662 praestat
558 1609 732 1650 Codicis
753 1609 780 1648 S
801 1608 1077 1657 indicativus,
1143 1606 1236 1646 428.
1270 1626 1314 1634 -
1341 1615 1469 1656 penes
1495 1604 1546 1657 le]
1579 1605 1680 1645 «tua
1709 1605 1752 1644 in
1780 1606 2016 1657 potestate,

203 1684 338 1725 quem
366 1669 588 1713 Bentleius
629 1671 956 1712 restituendum
996 1669 1082 1709 du-
1144 1679 1278 1708 sanae
1310 1667 1516 1707 mentis.»
1550 1688 1597 1696 —
1627 1666 1740 1718 feris]
1774 1677 1904 1706 «cum
1931 1667 2020 1707 iam

203 1737 261 1775 xit
310 1735 470 1774 «etiam
500 1734 646 1774 invitis
677 1733 996 1774 membranis.»
1033 1753 1078 1759 —

206 1799 236 1837 Ο
265 1798 384 1846 here,
420 1807 528 1846 quae
556 1807 622 1835 res
642 1796 746 1844 cet.]
767 1794 895 1846 Apud
915 1794 1083 1833 Teren-

205 1862 316 1900 tium
363 1860 580 1898 Parmeno
632 1867 790 1897 servus
836 1856 891 1895 ad
940 1855 1086 1895 Phae-

207 1923 370 1962 driam:
417 1921 550 1969 Here,
584 1930 690 1969 quae
718 1931 784 1959 res
813 1920 857 1958 in
886 1929 926 1958 se
955 1928 1084 1966 neque
1146 1917 1215 1957 bis
1244 1915 1388 1956 balbis
1431 1915 1643 1968 palatum.
1694 1918 1816 1956 Pers.
1851 1917 1897 1965 4,
1940 1915 2020 1956 35:

208 1983 422 2024 consilium
456 1993 584 2032 neque
603 1982 772 2021 modum
790 1981 920 2021 Habet
938 1980 1083 2028 ullum,
1147 1991 1197 2019 ac
1228 1982 1366 2018 tenero
1405 1979 1646 2029 supplantat
1680 1979 1808 2018 verba
1830 1979 2023 2028 palato.»

209 2057 300 2085 eam
340 2044 507 2083 consilio
547 2054 689 2094 regere
731 2055 813 2082 non
850 2046 979 2092 potes.
1040 2042 1087 2080 In
1114 2050 1123 2364 κ
1149 2042 1289 2081 Conui.
1325 2041 1455 2086 Cano.
1515 2042 1610 2080 Non
1655 2042 1723 2081 est
1763 2039 2022 2092 hypallage,
2049 2068 2058 2079 .

1142 1729 1317 1770 vetulus
1346 1728 1502 1780 balba,
1538 1730 1588 1769 ut
1616 1728 1760 1770 solent
1779 1730 2019 1778 amatoreS,

1142 1791 1284 1832 verba
1323 1791 1540 1843 profers.»
1601 1790 1891 1843 «Hypallage3
1935 1802 2022 1831 non

1146 1856 1265 1895 enim
1293 1854 1432 1894 verba
1461 1853 1606 1906 palato
1637 1853 1763 1903 feris,
1810 1853 1892 1895 sed
1919 1864 2024 1894 ver-

1113 1887 1116 1928 Ι

210 2119 354 2147 amore
381 2107 480 2147 haec
510 2107 652 2146 omnia
681 2107 819 2145 insunt
846 2105 975 2145 vitia:
1019 2104 1088 2143 in·
1149 2112 1285 2153 quam
1339 2103 1522 2149 vocant,
1586 2103 1737 2142 ultima
1789 2101 1860 2142 illa
1914 2103 2029 2153 fessis

210 2171 368 2219 iuriae,
402 2169 682 2218 Suspiciones,
723 2167 988 2216 inimicitiae,
1021 2167 1089 2204 in-
1150 2164 1446 2216 grammaticis
1486 2175 1667 2213 ancora,
1713 2164 1795 2205 sed
1832 2165 1920 2204 hoc
1958 2164 2027 2204 di-

211 2233 371 2280 dutiae,
394 2231 575 2279 Bellum,
593 2242 688 2280 pax
707 2240 900 2268 rursum:
930 2229 1091 2267 incerta

211 2296 310 2334 haec
340 2298 383 2333 tu
412 2295 447 2332 si
468 2294 650 2343 postules
677 2293 849 2332 Ratione
878 2295 994 2331 certa
1020 2291 1091 2341 fa·
1153 2301 1177 2329 a
1196 2287 1342 2341 palato
1358 2290 1716 2340 repercutiuntur
1735 2289 1908 2340 hacque
1928 2300 2030 2341 pro-

213 2368 326 2405 cere,
368 2356 494 2395 nihilo
528 2355 625 2405 plus
655 2366 760 2406 assas
790 2356 925 2404 Quam
954 2354 988 2392 si
1026 2353 1093 2392 des
1154 2351 1423 2391 nuntiatione
1460 2351 1663 2390 affectata
1699 2362 1834 2392 sonus
1871 2361 2029 2391 eorum

215 2429 407 2468 operam,
442 2421 486 2456 ut
514 2429 609 2456 cum
637 2418 801 2457 ratione
831 2417 1088 2455 insanias.—
1155 2412 1451 2453 debilitatur.»
1501 2436 1546 2441 —
1592 2414 1841 2466 Aedificante
1882 2413 2028 2465 casas]

215 2479 402 2530 emplicet]
437 2490 535 2528 «ea,
569 2490 682 2530 quae
718 2480 918 2519 intricata
948 2479 1092 2524 sunt;»
1157 2476 1220 2516 Cf.
1243 2486 1286 2514 V.
1310 2473 1404 2515 247.

219 2540 347 2581 «nihil
371 2541 598 2592 expediat,
631 2541 874 2592 proficiat.»
923 2542 1012 2581 Cic.
1038 2539 1094 2579 ad
1210 2537 1413 2577 275276.
1431 2535 1743 2577 Addecruorem
1759 2539 1861 2588 cet.]
1879 2538 2029 2578 «Adde

218 2606 336 2644 Fam.
361 2604 407 2653 3,
440 2606 487 2653 2,
522 2605 567 2643 ⁴:
594 2605 904 2654 provinciam-
924 2627 947 2633 -
968 2615 1095 2654 quam
1157 2597 1288 2638 stulto
1332 2600 1406 2638 tuo
1452 2600 1592 2638 amori
1638 2599 1754 2640 rixas
1799 2601 2028 2649 cruentas,

218 2668 402 2707 mewa-ime
440 2667 540 2705 mihi
579 2670 723 2716 aptam
762 2667 1097 2716 explicatamque
1158 2660 1310 2711 quales
1348 2661 1462 2700 inter
1501 2661 1660 2702 rivales
1700 2663 1803 2702 oriri
1843 2661 2030 2702 solent.»

219 2730 397 2769 tradere.
434 2751 477 2756 —
510 2729 573 2779 ac]
607 2728 729 2769 Conf.
755 2729 892 2780 Epod.
918 2730 990 2778 42,
1026 2728 1091 2769 ⁴4.
1157 2725 1220 2764 De
1251 2726 1416 2771 morte,
1450 2735 1583 2774 quam
1614 2727 1786 2764 amator
1814 2724 1896 2766 sibi
1936 2725 2031 2776 ipse

222 2793 307 2831 Sat.
334 2792 348 2829 i
373 2822 380 2838 ,
415 2791 458 2839 6,
494 2791 586 2830 430.
1159 2786 1426 2834 consciscat,
1459 2785 1595 2826 nolim
1624 2787 1903 2838 interpretari
1929 2797 2033 2826 cum

275 2852 475 2892 272-274.
515 2853 683 2904 Picenis]
710 2853 758 2893 In
787 2853 947 2892 Piceno
982 2852 1098 2903 opti-
1159 2849 1408 2898 Boettigero
1457 2848 1616 2898 Opus0.
1664 2851 1694 2888 Ι.
1746 2860 1788 2900 p.
1835 2851 1930 2889 277.
1985 2872 2031 2878 -

223 2924 293 2953 ma
343 2914 435 2964 pira
485 2915 528 2952 et
580 2925 711 2965 poma
758 2913 1095 2966 proveniebant,
1158 2911 1293 2961 ignem
1309 2910 1449 2960 qladio
1464 2909 1562 2960 scin]
1581 2911 1922 2961 Pythagoricum
1939 2913 2035 2950 erat

224 2978 310 3016 Sat.
336 2977 380 3023 2,
415 2974 458 3022 4,
493 2976 558 3014 70.
606 2977 755 3015 Iuven.
781 2977 856 3024 44,
890 2975 969 3016 74:
1018 2975 1099 3015 Ae-
1161 2970 1440 3022 symbolum:
1473 2968 1805 3030 πῦρμαχαίρᾳ
1823 2969 1893 3025 μὴ
1915 2984 2036 3012 σκα-

223 3038 337 3077 mula
372 3037 529 3076 Picenis
568 3041 603 3076 et
640 3038 778 3076 odoris
812 3038 929 3077 mala
956 3049 1101 3077 recen-
1160 3030 1312 3073 λεύειν
1360 3033 1553 3084 (Diogen.
1587 3036 1730 3074 Laert.
1772 3035 1822 3084 8,
1868 3035 1920 3074 47
1964 3044 2031 3085 sq.

227 3101 289 3139 tis.
317 3122 360 3126 —
387 3100 584 3148 percusti]
609 3099 731 3139 Conf.
756 3111 796 3138 v.
823 3100 914 3139 469.
943 3101 1099 3139 —Ioci
1161 3097 1316 3136 Athen.
1350 3096 1400 3135 X.
1439 3096 1533 3137 452.
1580 3098 1658 3149 (L),
1704 3109 1791 3149 quo
1830 3098 2036 3138 Horatius

227 3171 358 3202 causa
406 3163 605 3200 amantes
653 3171 887 3211 pomorum
931 3162 1100 3201 semina
1163 3160 1393 3210 negatione
1424 3158 1596 3200 sublata
1626 3161 1682 3200 ita
1711 3162 1869 3211 utitur,
1908 3163 2036 3213 quasi

228 3223 314 3264 uda
353 3222 542 3262 duorum
582 3223 826 3273 primorum
867 3222 1101 3274 digitorum
1163 3222 1299 3262 dicat:
1344 3221 1497 3261 «turba
1528 3223 1572 3261 et
1611 3223 1831 3273 permisce
1861 3224 2032 3271 omnia;

230 3295 490 3336 compressu
521 3286 564 3324 et
603 3284 793 3335 impulsu
834 3286 932 3325 ideo
965 3286 1008 3324 in
1038 3285 1103 3325 al-
1165 3285 1342 3325 insanos
1373 3284 1544 3324 concita
1576 3282 1830 3324 tumultus.»
1856 3306 1902 3313 —
1923 3295 2040 3324 scru-

232 3351 324 3387 tum
344 3346 552 3397 agebant,
577 3348 626 3385 ut
647 3346 766 3394 inde,
791 3347 825 3386 si
842 3348 1011 3387 semina
1033 3347 1101 3387 illa
1163 3352 1266 3387 tare.
1316 3347 1465 3395 Modo,
1511 3347 1703 3396 inquam,
1747 3346 1929 3398 Hellade]
1966 3347 2037 3387 Sic

234 3409 289 3449 ad
317 3419 532 3448 cameram
554 3407 788 3458 (conclavis
817 3407 1010 3459 laquear)
1034 3420 1105 3450 us-
1165 3410 1336 3449 distinxi
1359 3419 1462 3448 cum
1483 3407 1676 3448 Bentleio
1697 3406 1895 3458 aliisque.
1940 3408 2040 3448 Ete-

236 3482 320 3521 que
362 3469 660 3518 exsiluissent,
706 3469 897 3510 faustum
941 3472 1103 3512 amoris
1166 3473 1278 3520 nim,
1310 3472 1548 3522 postquam
1577 3481 1646 3509 vv.
1669 3470 1870 3510 272-275.
1894 3469 2039 3511 stulti-

235 3533 300 3571 sui
340 3534 569 3583 augurium
601 3534 824 3584 caperent.
876 3532 1023 3573 Pollux
1053 3534 1099 3578 9.ι
1166 3535 1276 3581 tiae,
1316 3532 1396 3572 sed
1428 3533 1577 3572 tamen
1607 3532 1853 3572 innocentis
1883 3542 2037 3573 exem-

1152 2228 1230 2267 cit:
1279 2225 1521 2266 «feriuntur
1551 2227 1677 2278 quasi
1715 2225 1877 2277 verba,
1924 2237 2027 2267 cum
