2231 3787
292 233 391 285 602

900 230 1114 270 HORATII
1144 227 1510 269 EPISTOLARUM

362 363 565 418 Dicitur
603 363 778 416 Afrani
819 369 940 432 toga
978 360 1297 414 convenisse
1335 355 1650 416 Menandre,

293 603 333 641 ls
374 614 396 640 a
432 602 630 640 Varrone
661 598 779 650 apud
810 596 914 637 Gell.
947 597 993 645 7,
1025 594 1096 644 44,
1128 594 1167 634 6.
1227 602 1524 643 personarum.
1559 590 1747 630 Ceterum
1766 588 1877 627 nitor
1892 590 1930 628 et
1947 597 2111 626 summa

291 664 491 703 ubertatis
548 662 681 701 fuisse
731 660 889 699 dicitur
937 658 1168 707 exemplar.

295 727 384 766 Cic.
408 727 523 765 Orat.
550 725 592 763 44
614 756 621 772 ,
646 722 722 762 36;
757 732 895 761 omnes
924 721 1038 770 apud
1066 721 1173 759 hunc

295 786 561 838 (Pacuvium)
593 784 734 824 ornati
763 783 1048 833 elaboratique
1080 786 1175 822 sunt

291 860 443 889 versus.
498 849 658 887 Contra
682 847 838 886 Cicero
859 846 978 885 Brut.
1004 844 1070 884 74.
1101 845 1175 884 So—

292 913 418 950 lum-
440 933 462 938 —
492 914 528 949 et
566 909 686 958 quasi
723 909 1043 958 fundamentum
1072 918 1175 945 ora-

292 974 394 1013 toris
422 973 533 1012 vides
571 972 818 1010 locutionem
847 970 1110 1010 emendatam
1139 973 1176 1008 et

296 1036 514 1083 Latinam,
547 1035 665 1072 cuius
691 1044 814 1083 penes
844 1044 945 1082 quos
978 1033 1073 1071 laus
1102 1033 1176 1071 ad—

293 1099 369 1137 huc
397 1098 499 1148 fuit,
531 1108 615 1135 non
643 1096 722 1147 fuit
748 1096 926 1134 rationis
946 1098 1021 1134 aut
1040 1095 1176 1133 scien-

295 1162 398 1209 tiae,
430 1161 498 1199 sed
535 1159 654 1209 quasi
683 1158 1001 1198 consuetudinis.
1056 1157 1176 1197 Mitto

296 1224 340 1263 C.
363 1223 574 1271 Laelium,
605 1223 648 1261 P.
672 1221 929 1271 Scipionem:
960 1220 1110 1259 aetatis
1129 1219 1177 1257 il-

295 1286 374 1324 lius
419 1286 501 1324 ista
536 1284 616 1334 fuit
655 1284 767 1332 laus,
815 1287 1031 1332 tamquam
1059 1282 1178 1320 inno-

295 1348 481 1395 centiae,
537 1346 594 1385 sic
640 1346 786 1385 Latine
825 1345 1017 1394 loquendi
1048 1366 1072 1372 -
1104 1355 1178 1383 nec

296 1410 481 1449 omnium
510 1413 648 1447 tamen
658 1418 672 1455 ,·
702 1418 803 1446 nam
830 1407 999 1446 illorum
1023 1416 1179 1454 aequ-a-

297 1472 352 1511 les
389 1471 613 1511 Caecilium
651 1474 688 1509 et
715 1469 946 1509 Pacuvium
977 1468 1087 1507 male
1115 1467 1179 1506 lo-

297 1538 411 1573 cutos
437 1534 637 1572 videmus.
672 1531 734 1571 Cf.
767 1531 915 1570 Vateri
945 1530 1080 1569 vitam
1100 1531 1180 1569 Pa-

298 1597 412 1635 cuvii
442 1596 486 1634 in
517 1594 685 1634 Erschii
716 1595 759 1633 et
790 1592 978 1633 Gruberi
1006 1591 1176 1640 Encycl.

299 1659 341 1697 in
367 1658 410 1696 h.
435 1668 477 1696 v.
505 1677 549 1683 —
583 1655 744 1706 Accius]
775 1657 820 1694 L.
844 1654 1003 1694 Accius
1036 1654 1085 1703 (s.
1108 1654 1181 1692 At-

300 1720 398 1769 tius)
440 1721 569 1758 natus
602 1729 642 1757 a.
673 1729 717 1756 u,
749 1729 787 1757 c.
822 1715 916 1756 584.
953 1716 1090 1754 vitam
1127 1725 1179 1753 eo

298 1793 442 1832 usque
482 1780 710 1832 produxit,
758 1781 805 1818 ut
833 1778 994 1818 viderit
1024 1777 1071 1817 C.
1108 1777 1181 1815 Iu-

299 1843 405 1883 lium
452 1844 692 1883 Caesarem
736 1840 1002 1880 Strabonem
1045 1838 1182 1889 Vopi-

300 1917 451 1955 scum,
494 1906 718 1944 oratorem
759 1904 802 1942 et
837 1904 1017 1953 poetam
1046 1901 1183 1950 tragi-

301 1980 428 2017 cum,
482 1967 557 2017 qui
593 1977 631 2005 a.
669 1977 712 2005 u.
752 1976 789 2004 c.
829 1965 922 2004 667.
965 1962 1181 2003 aedilitius

300 2031 442 2082 periit.
498 2030 676 2068 Praeter
715 2026 965 2077 tragoedias
1006 2025 1183 2076 scripsit

302 2094 435 2132 etiam
451 2089 759 2131 Didascalicon
780 2088 932 2136 libros,
957 2098 1068 2138 quos
1084 2098 1183 2126 ver-

302 2154 425 2194 sibus
448 2153 725 2202 conscriptos
747 2151 881 2191 fuisse
905 2149 1055 2189 docuit
1076 2150 1183 2188 Her-

302 2227 505 2256 mannus.
570 2214 668 2253 Vid.
707 2213 911 2263 Madvigii
954 2212 1114 2263 Opusc.
1147 2212 1178 2250 Ι.

304 2289 347 2330 p.
372 2278 438 2317 95.
487 2276 611 2317 Conf.
636 2277 722 2314 Sat.
757 2276 802 2323 4,
835 2275 911 2323 40,
945 2274 1010 2313 53.
1052 2275 1101 2313 A.
1132 2275 1178 2312 P.

302 2341 381 2380 258
403 2350 471 2390 sq.
501 2362 543 2366 —
579 2338 668 2387 alti]
702 2335 971 2377 «sublimis.»
1015 2337 1180 2387 Repete

303 2405 451 2443 autem
497 2402 628 2449 senis;
680 2412 767 2440 non
812 2400 954 2448 enim,
1002 2401 1050 2438 ut
1089 2398 1181 2438 aliis

302 2465 490 2517 placuit,
525 2462 733 2515 supplere
754 2473 994 2513 possumus
1014 2464 1179 2511 poetae.

304 2527 490 2567 Omnino
510 2528 690 2565 veteres
719 2527 874 2576 poetas
894 2535 1006 2564 senes
1027 2523 1182 2575 appel—

303 2588 478 2638 labant,
510 2590 560 2628 ut
587 2586 800 2627 Lucilium
831 2587 918 2625 Sat.
950 2587 995 2635 ⁶2,
1031 2586 1077 2634 4,
1113 2585 1178 2625 34.

304 2653 465 2691 Statius
495 2649 596 2689 silv.
623 2650 661 2698 4,
684 2650 724 2698 2,
747 2649 849 2688 253:
883 2648 1184 2688 Callimachus-

305 2726 382 2764 que
410 2725 548 2753 senem.
592 2711 692 2752 Silv.
717 2714 756 2761 5,
782 2712 821 2761 3,
846 2713 917 2751 454
940 2721 947 2749 ;
979 2712 1184 2751 Ascraeus

304 2777 547 2826 Siculusque
597 2786 737 2815 senex.
801 2773 881 2814 Alii
922 2775 1091 2821 tamen,
1135 2775 1184 2813 ut

307 2838 525 2878 Heusdius
556 2836 689 2877 Lucil.
720 2848 762 2888 p.
799 2837 884 2883 32„
917 2837 1095 2887 proprie
1126 2835 1181 2875 de

307 2903 449 2941 aetate
481 2902 841 2952 interpretantur.
888 2900 1087 2939 Priorem
1117 2910 1185 2938 ra-

307 2964 472 3002 tionem
531 2961 738 3014 praetulit
786 2960 1077 3001 Casaubonus
1126 2960 1182 2999 ad

308 3028 427 3066 Pers.
454 3026 491 3073 4,
519 3024 610 3065 424.
639 3047 682 3053 -
707 3026 922 3064 Perverse
947 3023 1183 3063 Commen-

308 3090 422 3127 tator
457 3087 637 3136 Cruquii
682 3087 725 3125 et
755 3085 977 3125 Glossator
1008 3084 1182 3124 Codicis

309 3150 363 3190 E:
395 3149 521 3198 senis,
557 3146 866 3199 «Sophoclisn;
906 3147 1002 3195 alti,
1038 3147 1185 3186 «Euri-

308 3211 470 3264 pidis».
520 3213 662 3250 immo
692 3209 943 3259 interpretis
971 3207 1069 3247 loco
1091 3208 1186 3247 fun-

309 3276 435 3325 gatur
463 3271 636 3322 Quintil.
661 3272 734 3319 40,
762 3271 798 3319 4,
824 3270 896 3309 97:
932 3270 1184 3321 Tragoediae

307 3336 526 3386 scriptores
564 3338 750 3373 veterum
781 3331 928 3371 Accius
955 3336 1080 3380 atque
1106 3334 1185 3371 Pa-

308 3398 451 3436 cuvius
479 3396 700 3435 clarissimi
727 3395 939 3446 qravitate
958 3394 1183 3433 sententia-

310 3471 428 3507 rum,
460 3459 679 3499 verborum
702 3458 909 3509 pondere,
934 3457 1183 3496 aztctoritate

1206 1405 1216 3494 ww

1235 656 1278 694 in
1308 653 1542 694 excolendis
1581 651 1771 701 operibus
1797 660 1948 689 manus
1976 648 2112 700 maqis

1231 717 1365 757 videri
1403 719 1537 767 potest
1573 713 1823 765 temporibus
1860 723 1988 763 quam
2015 712 2114 762 ipsis

1235 779 1421 830 defuisse.
1476 778 1636 817 Virium
1679 780 1818 816 tamen
1857 775 1980 816 Accio
2017 774 2115 824 plus

1235 841 1462 880 tribuitur:
1495 840 1725 880 Pacuvium
1751 838 1886 878 videri
1913 837 2113 877 doctio-

1234 915 1286 943 re
1298 915 1361 952 m,
1396 903 1465 952 qui
1485 914 1568 942 esse
1588 902 1696 941 docti
1721 903 1932 952 affectant,
1954 900 2111 939 volunt.

1237 965 1300 1005 Cf.
1335 966 1602 1004 Frontonem
1632 975 1674 1015 p.
1701 962 1793 1003 ⁴⁵24.
1819 962 1890 1002 ed.
1922 963 2046 1002 Rom.
2071 972 2111 1000 a.

1239 1026 1360 1067 4846.
1382 1039 1389 1065 :
1411 1027 1460 1066 In
1473 1027 1610 1077 poetis
1630 1026 1720 1076 quis
1738 1026 1922 1077 iqnorat,
1950 1028 1996 1063 ut
2014 1034 2117 1075 qra-

1236 1089 1325 1128 cilis
1367 1090 1419 1129 sit
1460 1090 1671 1138 Lucilius,
1717 1088 1911 1128 Albucius
1953 1088 2113 1136 aridus,

1237 1151 1421 1191 sublimis
1448 1152 1684 1201 Lucretius,
1729 1150 1949 1191 mediocris
1981 1150 2116 1189 Pacu—

1235 1214 1347 1262 vius,
1380 1214 1616 1262 inaequalis
1636 1214 1802 1263 Accius,
1834 1213 1995 1252 Ennius
2012 1211 2118 1251 mul-

1239 1276 1447 1328 tiformis?
1489 1278 1610 1316 Pers.
1637 1277 1674 1325 4,
1698 1276 1773 1315 76:
1804 1276 1878 1315 Est
1894 1286 2005 1315 nunc
2023 1274 2118 1314 Bri-

1239 1339 1315 1378 seis
1345 1349 1467 1388 quem
1507 1349 1680 1378 venosus
1719 1338 1820 1378 liber
1847 1338 1967 1387 Acci,
2013 1337 2119 1376 Sunt

1241 1413 1342 1451 quos
1382 1402 1668 1450 Pacuviusque
1702 1404 1740 1440 et
1770 1410 1999 1440 verrucosa
2025 1410 2119 1439 mo-

1239 1467 1358 1503 retur
1384 1463 1586 1513 Antiopa,
1624 1462 1838 1503 aerumnis
1864 1473 1938 1501 cor
1966 1461 2119 1513 luctifi-

1242 1525 1370 1564 cabile
1397 1526 1520 1576 fulta.

1297 1588 1364 1627 57.
1410 1587 1587 1639 Afrani]
1646 1589 1692 1627 L.
1729 1586 1931 1627 Afranius
1973 1584 2121 1624 floruit

1243 1650 1418 1689 circiter
1438 1660 1477 1688 a.
1502 1660 1544 1689 u.
1571 1661 1607 1688 c.
1629 1649 1723 1689 660.
1771 1646 1945 1697 Quintil.
1978 1647 2051 1696 40,
2079 1647 2116 1695 4,

1244 1712 1346 1751 40οῑ
1397 1711 1561 1762 Toqatis
1589 1711 1752 1750 eoecellit
1776 1710 1995 1761 Afranius,
2034 1709 2121 1748 uti-

1241 1784 1423 1822 namque
1463 1785 1547 1812 non
1583 1774 1841 1821 inquinasset
1872 1774 2123 1823 arqumenta

1237 1845 1468 1884 puerorum
1486 1835 1616 1885 foedis
1636 1834 1864 1882 amoribus,
1880 1844 2017 1874 mores
2029 1843 2123 1872 suos

1240 1897 1402 1947 fassus!
1434 1897 1523 1936 Cic.
1553 1897 1674 1935 Brut.
1698 1895 1765 1945 45,
1790 1896 1890 1935 1167:
1922 1896 1969 1934 L.
1991 1896 2122 1946 Afra-

1242 1960 1336 1998 nius
1357 1960 1508 2008 poe'ta,
1541 1958 1660 1997 homo
1680 1961 1960 2009 perargutus,
1993 1958 2037 1996 in
2055 1957 2123 2008 fa-

1243 2021 1347 2060 bulis
1376 2021 1542 2070 quidem
1571 2021 1719 2069 etiam,
1751 2024 1798 2059 ut
1825 2020 1956 2068 scitis,
1989 2020 2123 2059 diser-

1242 2089 1320 2123 tus.
1388 2084 1550 2123 Contra
1585 2081 1778 2123 Velleius
1818 2083 1866 2132 4,
1907 2083 1973 2122 47.
2018 2092 2122 2122 eum

1245 2144 1434 2186 Caecilio
1465 2146 1759 2196 Terentioque
1789 2154 2030 2196 supparem
2051 2155 2124 2183 ae-

1243 2210 1332 2248 tate
1363 2208 1498 2248 fuisse
1530 2207 1655 2256 dicit,
1701 2207 1745 2247 id
1783 2208 1869 2256 est,
1916 2206 2122 2247 floruisse

1245 2272 1422 2311 circiter
1442 2282 1480 2310 a.
1506 2271 1600 2310 600.
1644 2270 1730 2309 Sed
1750 2270 1897 2309 minus
1915 2269 2122 2309 accurate

1244 2334 1327 2373 hac
1370 2334 1414 2372 in
1456 2344 1504 2373 re
1547 2334 1751 2373 versatus
1796 2342 1895 2372 esse
1929 2332 2120 2381 videtur,

1246 2397 1327 2437 etsi
1370 2407 1473 2435 cum
1514 2407 1566 2435 eo
1603 2395 1706 2435 facit
1734 2394 1956 2436 Heusdius
1984 2393 2119 2434 Lucil.

1246 2471 1289 2511 p.
1324 2460 1387 2499 47.
1439 2458 1764 2498 posterioribus
1796 2468 1975 2510 quoque
2005 2458 2124 2498 tem—

1244 2522 1428 2574 poribus
1460 2523 1554 2561 eius
1584 2523 1754 2572 togatas
1775 2522 1819 2561 in
1848 2532 2031 2561 scenam
2060 2522 2123 2560 in-

1246 2586 1402 2625 ductas
1421 2595 1519 2625 esse
1537 2586 1724 2623 testatur
1739 2585 1918 2624 Sueton.
1938 2584 2118 2623 NerM.

1246 2649 1492 2699 Supersunt
1531 2646 1676 2685 adhuc
1704 2644 1804 2696 plus
1832 2646 1917 2685 XL.
1951 2643 2122 2685 fabula-

1244 2723 1346 2751 rum
1376 2711 1470 2749 eius
1500 2709 1676 2748 nomina
1698 2709 1742 2746 et
1762 2706 1990 2758 reliquiae.
2030 2708 2123 2747 Hoc

1245 2774 1375 2824 igitur
1404 2771 1614 2811 dicebant
1643 2769 1815 2809 Critici:
1851 2768 2040 2809 «Afranii
2065 2769 2125 2809 fa-

1244 2834 1373 2875 bulas
1403 2835 1596 2884 togatas,
1633 2834 1677 2872 et
1706 2831 1888 2882 quidem
1920 2831 2124 2873 taberna-

1244 2899 1353 2945 riaS,
1386 2906 1526 2947 prope
1557 2893 1777 2935 accedere
1808 2893 1864 2933 ad
1894 2894 2123 2935 Menandri

1245 2957 1415 2999 fabulas
1443 2955 1667 3008 (palliatas)
1686 2968 1694 2995 :
1726 2954 1848 2995 illum
1867 2956 2004 2995 vitam
2024 2966 2124 2996 mo-

1245 3032 1409 3072 resque
1449 3021 1748 3060 Romanorum
1788 3017 1949 3057 eadem
1986 3016 2124 3057 felici-
2202 3011 2211 3013 ’

1246 3086 1334 3124 tate
1380 3083 1598 3122 imitatum
1643 3091 1743 3120 esse
1786 3090 1838 3119 ac
1881 3079 2125 3120 Menander

1246 3145 1515 3198 expresserit
1542 3143 1732 3190 Atticos;
1766 3142 1885 3181 hunc
1915 3142 1959 3181 in
1981 3142 2122 3182 Attico

1246 3217 1453 3248 sermone
1484 3214 1707 3245 summam
1737 3202 2001 3253 elegantiam
2022 3213 2125 3242 con-

1246 3271 1450 3309 secutum
1492 3278 1620 3315 csse,
1670 3264 1793 3304 illum
1837 3265 1880 3303 in
1924 3264 2121 3303 Latino.»

1245 3333 1292 3371 In
1322 3341 1454 3382 prosa
1486 3340 1549 3368 or.
1577 3327 1762 3367 fortasse
1793 3325 1994 3365 dixisset:
2027 3336 2124 3365 con-

1243 3397 1422 3433 ventura
1448 3391 1584 3442 fuisse.
1631 3391 1728 3440 Ipse
1751 3389 1898 3426 autem
1920 3386 2122 3427 Afranius

1247 3457 1430 3496 testatus
1462 3454 1530 3493 est
1559 3453 1601 3492 in
1633 3448 1951 3501 Compitalibus
1988 3448 2121 3500 (apud
