2231 3787
250 264 352 316 616

858 263 1072 304 HORATH
1104 263 1472 304 EPISTOLARUM

314 395 632 448 Promittunt
669 392 891 458 medici,
932 402 1157 448 tractant
1194 392 1402 446 fabrilia
1441 391 1600 444 fabri:

317 496 612 550 Scribimus
653 494 850 549 indocti
890 494 1144 566 doctique
1184 500 1433 565 poemata
1473 492 1688 564 passim.

318 599 415 651 Hic
455 615 608 651 error
648 606 823 650 tamen
863 605 915 649 et
955 596 1087 649 levis
1126 595 1259 649 haec
1301 595 1508 647 insania
1546 602 1776 665 quantas

318 699 547 753 Virtutes
586 698 806 759 habeat,
849 698 926 750 sic
965 696 1178 767 collige:
1220 696 1354 749 vatis
1395 713 1588 749 avarus

316 803 432 870 Non
452 810 655 854 temere
683 807 765 852 est
788 799 997 852 animus
1016 816 1025 862 3
1047 815 1239 851 versus
1257 806 1410 859 amat,
1435 797 1537 850 hoc
1560 796 1738 850 studet
1759 815 1949 862 unum,
1974 796 2074 850 420

318 903 669 962 Detrimenta‚
711 900 863 971 fugas
903 916 1214 961 servorum,
1258 898 1505 952 incendia
1545 898 1707 962 ridet,

318 1006 432 1057 Non
471 1002 713 1056 fraudem
753 1002 902 1056 socio
941 1018 1182 1073 puerove
1223 1001 1474 1072 incogitat
1512 999 1675 1054 ullam

358 1203 450 1241 422.
482 1212 612 1250 puero
642 1212 724 1240 non
754 1201 911 1252 eoyital
931 1211 985 1239 ex
1004 1210 1141 1251 prava
1161 1198 1368 1250 interpol.
1393 1197 1765 1249 Guelferbytanus
1792 1199 2018 1246 Schmidii,

307 1263 412 1303 Edd.
435 1262 633 1303 Aldinae.
672 1286 715 1290 —-
750 1262 843 1303 4¹24.
877 1262 971 1302 urbi
1001 1267 1059 1301 est
1089 1273 1193 1302 cum
1224 1273 1311 1301 uno
1344 1263 1455 1301 Feae
1487 1260 1671 1311 aliisque
1703 1261 1820 1313 apud
1851 1261 2022 1303 Combe

305 1327 425 1366 lahn.
476 1327 539 1376 (Ut
568 1337 662 1368 nos,
697 1325 840 1373 bsEc,
875 1335 1033 1365 omnes
1065 1326 1256 1365 Pottierii
1290 1328 1333 1365 et
1370 1324 1612 1374 Schmidii.)
1656 1348 1700 1353 ——
1739 1325 1847 1364 urbi.
1894 1325 2025 1364 Si·-

250 1500 365 1538 dicus
394 1498 664 1538 abrotonum
697 1500 876 1549 aegroto
908 1498 1004 1537 slat:
1046 1509 1130 1538 ›me-

250 1561 330 1600 diei
368 1561 655 1612 promit-tunt,
704 1560 825 1611 quod
856 1560 1135 1599 medicorum

251 1626 330 1663 est.
383 1624 545 1670 Sentis,
591 1623 769 1673 opinor,
817 1619 1135 1674 ταυτολογὶαν

250 1684 473 1735 garrulam
505 1686 549 1723 et
578 1685 818 1735 ineptam.»
871 1686 926 1723 At
956 1686 1023 1723 est
1053 1694 1136 1735 po-

250 1748 337 1786 tius
367 1745 671 1804 βραχυλογία
701 1757 780 1797 pro
821 1746 913 1786 his:
958 1746 1137 1786 Abroto-

252 1821 351 1848 num
373 1831 395 1837 -
412 1832 434 1837 -
455 1810 580 1856 dare,
631 1820 762 1856 nam,
796 1811 844 1847 ut
874 1808 1015 1860 probe
1048 1809 1137 1848 sci-

253 1882 375 1918 mus,
414 1872 522 1920 quod
540 1871 768 1909 --meclici
798 1894 840 1898 —
865 1870 1039 1921 fabrilia
1067 1870 1138 1921 fa-

253 1932 329 1983 bri]
363 1933 567 1984 Speciem
598 1931 734 1971 habet
764 1931 1004 1983 proverbii.
1049 1933 1139 1971 Eu-

255 1995 335 2045 rip.
360 1995 532 2045 Fragm.
557 1995 642 2033 inc.
669 1993 735 2034 94.
760 1993 914 2033 Dind.:
951 1993 1137 2033 Τέκτων

254 2054 344 2113 γὰρ
375 2052 442 2096 ὧν
472 2052 711 2114 ἔπρασσες
743 2052 798 2097 οὗ
831 2053 1135 2113 ξυλουργικά.

260 2143 304 2148 —-
326 2121 496 2172 passim]
522 2131 703 2160 «omnes
726 2120 995 2171 promiscue,
1021 2120 1138 2159 docti

257 2193 360 2222 cum
376 2182 564 2223 indoctis
582 2183 748 2221 mixti.»
782 2182 844 2222 Cf.
867 2182 994 2221 Hand
1011 2183 1135 2222 Turs.

255 2245 323 2284 IV.
356 2256 399 2296 p.
434 2243 528 2284 408.
586 2245 654 2283 Sic
692 2243 845 2283 Tibull.
885 2245 932 2293 Ξ,
972 2243 1019 2290 3,
1059 2243 1135 2283 69:

259 2308 388 2348 Glclns
416 2308 520 2346 aluil
553 2311 724 2355 veteres,
772 2311 807 2345 el
842 2307 1003 2356 passim
1032 2317 1140 2346 sem-

252 2382 331 2419 per
362 2375 575 2410 amarunt.

322 2434 518 2473 148-425.
551 2434 626 2473 Hie
657 2444 778 2473 error
800 2432 902 2484 cet]
936 2433 1057 2472 Hanc
1080 2434 1142 2470 ta-

260 2507 362 2535 men
408 2496 604 2535 carmina
650 2495 870 2546 pangendi
913 2495 1139 2543 insaniam,

261 2558 341 2597 sed
371 2558 497 2597 lei-em
528 2558 783 2608 neminique
816 2557 994 2596 noxiam
1023 2567 1142 2596 eom-

260 2620 394 2660 moda
412 2622 546 2660 etiam
563 2620 784 2672 quaedam
803 2619 971 2658 habere
989 2621 1140 2670 Augu-

260 2686 327 2723 sto
356 2683 543 2722 candide
570 2681 790 2734 simulque
818 2681 972 2722 callide
990 2684 1141 2722 osten-

261 2744 342 2792 dit,
373 2744 549 2793 callide,
575 2746 793 2795 quatenus
815 2743 993 2784 simulat
1013 2756 1061 2784 se
1085 2744 1138 2783 de

262 2809 350 2847 tota
382 2807 452 2847 illa
481 2810 717 2859 poetarum
748 2806 878 2846 turba
905 2806 1044 2846 verba
1076 2807 1142 2846 fa-

263 2880 387 2918 cere,
436 2881 539 2908 cum
572 2881 646 2918 ea,
694 2880 807 2920 quae
839 2869 995 2917 affert,
1044 2871 1142 2910 tan-

263 2931 494 2970 tummodo
517 2931 571 2970 de
594 2932 711 2971 veris
733 2931 1011 2981 summisque
1032 2935 1142 2982 poe-

264 2995 316 3032 tis
334 2995 503 3045 possint
519 2994 740 3033 affirmari.
760 3017 802 3021 -—
824 2994 995 3046 avarus]
1015 2993 1137 3034 Ov-id.

262 3058 310 3096 A.
338 3059 384 3095 A.
410 3056 448 3104 3,
473 3055 566 3096 540¹.
592 3055 646 3096 de
667 3057 831 3108 po'e'tis:
859 3058 942 3096 Nec
963 3067 1035 3095 nos
1054 3067 1144 3094 am-

1198 1499 1376 1550 proprie
1399 1499 1453 1539 sit
1485 1509 1602 1538 «non
1623 1498 1992 1547 inconsiderate‚»
2025 1497 2081 1538 si-

1200 1560 1289 1599 mul
1312 1561 1425 1601 inest
1447 1559 1714 1600 difficultatis
1732 1560 1865 1600 notio.
1900 1559 1963 1600 Cf.
1988 1560 2077 1599 Sat.

1199 1623 1241 1671 Ξ,
1266 1623 1305 1671 2,
1333 1623 1425 1662 446.
1460 1623 1568 1674 Epp.
1592 1623 1630 1671 ⁶2,
1655 1623 1694 1671 Ξ,
1720 1622 1786 1662 43.
1819 1645 1859 1651 —-
1894 1622 1968 1661 hoc
1997 1625 2082 1661 slu-

1200 1685 1264 1724 del
1285 1685 1426 1736 unum]
1450 1685 1500 1723 V.
1520 1685 1683 1723 studere
1703 1694 1807 1723 cum
1827 1683 2081 1723 accusativo

1201 1747 1427 1786 dumtaxat
1472 1747 1784 1798 pronominum
1836 1747 1912 1786 aut
1958 1745 2084 1785 adie-

1202 1809 1417 1848 ctivorum
1433 1808 1803 1861 pronominalium
1821 1819 1920 1859 gen.
1934 1809 2079 1848 neutr.

1203 1872 1509 1910 constructum
1532 1871 1753 1921 reperitur
1772 1902 1779 1918 ,
1804 1872 1852 1909 ut
1873 1870 1963 1910 Cic.
1986 1870 2084 1910 Phi-

1201 1932 1306 1984 lipp.
1332 1933 1379 1981 6,
1405 1933 1443 1977 7,
1471 1933 1544 1972 48:
1585 1944 1717 1971 unum
1745 1932 1900 1971 sentitis
1928 1943 2082 1982 omnes,

1201 2006 1331 2034 runum
1360 1995 1552 2043 studeri&
1586 1995 1772 2045 excepto
1803 1998 1955 2034 tamen
1983 1993 2082 2035 loco

1203 2056 1342 2097 Plauti
1362 2055 1446 2096 Mil.
1472 2055 1526 2106 gl.
1552 2057 1590 2104 5,
1615 2056 1679 2096 44..
1706 2056 1952 2107 antiquiore
1973 2068 2080 2097 usu:

1201 2120 1338 2158 ηιὶηιιε
1366 2119 1441 2157 has
1471 2129 1536 2157 res
1564 2119 1767 2158 studeant.
1803 2141 1847 2146 —
1880 2119 2004 2170 socio]
2039 2120 2083 2159 in

1203 2182 1498 2232 negotiatione
1530 2180 1675 2231 aliqua
1704 2180 1775 2221 vel
1808 2181 1853 2220 in
1881 2181 2085 2233 publica-

1204 2255 1363 2285 norum
1394 2244 1622 2283 societate.
1662 2244 1750 2283 Cio.
1773 2245 1932 2284 Aecus.
1957 2244 2081 2284 Verr.

1204 2308 1251 2357 3,
1285 2307 1352 2357 ⁶20,
1379 2307 1454 2346 50:
1489 2307 1601 2346 Socii
1627 2307 1805 2356 putandi
1832 2311 1950 2357 sunl,
1984 2318 2086 2357 quos

1203 2371 1312 2409 inter
1354 2380 1421 2409 res
1465 2369 1773 2409 communicata
1810 2373 1881 2408 est.
1925 2380 2008 2420 pro
2039 2370 2081 2410 S.

1203 2432 1360 2471 Roscio
1391 2433 1488 2471 Am.
1521 2430 1594 2481 40,
1627 2431 1726 2471 4116:
1761 2432 1878 2471 Recte
1903 2431 2086 2471 maiores

1204 2505 1320 2543 eum,
1354 2495 1425 2542 qui
1454 2495 1612 2533 socium
1640 2494 1864 2545 fefellisset,
1896 2494 1940 2533 in
1966 2494 2084 2534 viro-

1204 2568 1300 2596 rum
1330 2557 1531 2596 bonorum
1571 2567 1743 2596 numero
1772 2568 1855 2596 non
1875 2561 2088 2606 putarunt

1204 2619 1347 2659 haberi
1377 2623 1579 2669 oportere.
1606 2641 1652 2647 —
1677 2619 1892 2670 incogitat]
1921 2621 2086 2660 «inten-

1207 2682 1289 2730 dit,
1322 2681 1554 2729 molitum»
1597 2682 1717 2732 quod
1747 2681 1936 2721 verbum
1966 2682 2085 2734 apud

1206 2743 1350 2785 solum
1398 2744 1627 2783 Horatium
1678 2755 1794 2783 nune
1846 2746 2080 2795 reperitur.

1206 2808 1282 2847 Est
1311 2807 1498 2846 fortasse
1531 2817 1583 2844 ex
1615 2804 1719 2854 illis,
1767 2816 1882 2856 quae
1924 2807 2084 2847 Graeco

1204 2870 1315 2920 fonte
1351 2879 1481 2918 parce
1522 2868 1711 2916 detorsit,
1759 2866 1933 2918 ἑννοεῐ,
1981 2868 2084 2910 ἑπι-

1204 2927 1439 2980 βουλεύει.
1502 2931 1628 2978 Quod
1668 2932 1818 2971 autem
1856 2933 1941 2972 Fea
1981 2933 2085 2974 dicit

1206 2994 1324 3033 idem
1356 2994 1442 3033 iam
1468 2994 1656 3044 reperiri
1678 2993 1797 3045 apud
1817 2992 2020 3035 Plautum
2041 2997 2085 3035 et

1205 3057 1458 3096 Terentium
1500 3056 1627 3106 (adde
1668 3057 1924 3108 Senecam),
1969 3056 2085 3098 valet

265 3118 385 3165 bilio,
431 3130 504 3157 nec
534 3130 655 3157 αηιον
686 3130 757 3157 nos
786 3119 920 3170 taiiyit,
949 3118 1136 3157 habendi.
1172 3120 1176 3176 ᾗ
1205 3119 1512 3159 tantummodo
1558 3119 1613 3159 de
1658 3120 1886 3172 participio
1923 3121 2085 3172 incogi-

268 3203 310 3209 -
344 3182 438 3221 Non
467 3181 629 3230 temere]
671 3181 901 3228 Quomodo
933 3181 1044 3220 haec
1075 3180 1141 3219 lo-

265 3247 380 3284 cutio
413 3244 578 3284 sensim
609 3244 863 3294 pervenerit
893 3242 949 3282 ad
981 3242 1142 3293 signifi-

264 3306 455 3346 candum
487 3306 605 3345 idem
636 3316 776 3356 prope
809 3317 859 3345 ac
892 3318 971 3344 non
1000 3306 1136 3355 facile,

263 3368 428 3419 optime
456 3368 722 3419 perspicitur
743 3378 795 3406 ex
817 3366 953 3406 Plauti
974 3368 1134 3408 Bacch.

266 3433 301 3478 l,
332 3432 365 3478 l,
391 3431 462 3470 52:
487 3431 673 3480 Rapidus
689 3430 842 3481 fluvius
861 3434 917 3469 esl
937 3430 1025 3469 hic:
1058 3443 1137 3470 non

261 3494 336 3532 hac
367 3497 514 3533 {emere
543 3494 717 3533 transiri
743 3497 893 3543 potest,
931 3492 1003 3532 ubi
1036 3504 1138 3533 cum

1172 3177 1176 3223 l
1204 3186 1310 3221 lans.
1336 3205 1376 3208 —
1403 3181 1575 3232 siliquis]
1600 3180 1920 3232 «leguminibus
1941 3183 2083 3222 omnis

1205 3244 1405 3295 generis,
1429 3244 1557 3295 pisis,
1582 3242 1714 3292 sabis,
1739 3243 1872 3293 vicia,
1897 3243 2082 3284 fortasse

1205 3306 1427 3346 interdum
1474 3307 1606 3345 etiam
1651 3304 1806 3357 siliqua
1846 3307 2014 3344 Graeca
2044 3315 2078 3345 s.

1206 3367 1372 3409 silicula
1411 3368 1591 3420 proprie
1637 3367 1774 3414 dicta,
1823 3367 2080 3423 κερατίοις,

1202 3431 1638 3471 ,Ιοὴαηηὶεὸνοώυ
1678 3453 1719 3457 -
1751 3440 1863 3479 pane
1891 3429 2080 3480 secundo]

1172 3525 1175 3536 .
1204 3505 1316 3534 «non
1349 3491 1566 3544 siligineo,
1610 3503 1695 3532 non
1730 3492 1871 3543 primo
1896 3502 1977 3531 nec
1999 3502 2082 3543 po·-
