2231 3787
211 259 311 311 394
815 259 1028 300 nonnil
1059 258 1424 299 ErisrorARUM

281 392 419 442 Dum
458 398 510 443 tu
552 389 823 444 declamas
865 392 1087 447 Romae,
1134 390 1422 441 Praeneste
1464 386 1659 457 relegi,

282 492 400 556 Qui,
430 491 559 563 quid
588 492 653 545 sit
676 491 974 563 pulchrum,
1004 489 1136 561 quid
1163 498 1333 559 turpe,
1366 487 1496 559 quid
1522 487 1665 549 utile,
1696 486 1825 558 quid
1853 503 1972 541 non.

281 592 495 647 Planius
536 610 598 647 ac
636 593 828 646 melius
869 591 1172 664 Chrysippo
1220 598 1271 643 et
1311 589 1567 643 Crantore
1607 588 1748 642 dicit.

319 743 397 783 ΕΡ.
432 745 480 783 ΙΙ.

266 806 370 845 item
402 806 537 845 LCtO.

544 742 583 784 4.
615 742 786 782 Planius
806 750 1031 792 superscr.
1057 750 1077 779 e
1107 750 1154 789 c,
1185 739 1347 779 Plenius
1366 739 1461 791 Edp
1483 740 1527 778 et
1547 739 1739 779 Pottierii
1760 736 1974 790 plerique,

594 805 656 855 (Ut
696 815 796 853 nos,
837 803 918 851 bS,
951 800 1136 842 Bentleii
1168 801 1376 841 «dimidia
1405 801 1498 841 fere
1527 811 1632 853 pars
1665 800 1903 841 Codicum»
1937 802 1981 842 et

264 868 459 907 Poitierii
491 868 729 918 quattuor.)
767 889 810 894 —
845 866 1034 916 Crispino
1066 874 1291 916 superscr.
1327 863 1515 914 Crisippo
1548 863 1637 915 (sic)
1670 864 1710 903 S.

209 991 326 1043 apud
372 992 491 1030 Grut.
530 990 632 1039 638,
680 991 719 1030 2.
772 1013 815 1018 —-
863 988 1084 1040 declamas]

1152 989 1288 1028 etiam
1331 999 1356 1028 a
1399 988 1608 1028 Panaetio
1649 988 1708 1028 ita
1748 986 2033 1028 dividebatur

211 1052 528 1093 «declamando
587 1053 642 1093 de
701 1052 816 1093 fictis
878 1053 1087 1104 thematis
1151 1050 1412 1091 deliberatio
1444 1050 1499 1091 de
1540 1050 1709 1091 officio:
1761 1051 2035 1090 Honestumne

211 1118 413 1166 (quorum
454 1115 694 1166 benignam
732 1116 906 1167 copiam
953 1115 1089 1155 habet

209 1179 375 1217 Seneca
419 1179 460 1217 et
512 1177 801 1226 Quintilianus
846 1179 889 1218 in
933 1176 1086 1228 Decll.)

208 1241 321 1281 duce
343 1241 521 1281 rhetore
546 1239 714 1292 aliquo,
740 1241 985 1282 domestico
1006 1251 1088 1292 po-

209 1304 293 1342 tius
316 1314 451 1354 quam
480 1302 684 1355 publico,
720 1306 762 1344 te
784 1314 996 1344 exercere
1020 1314 1090 1343 so-

207 1366 314 1406 les.»
361 1367 429 1406 Sic
452 1367 540 1407 Cic.
565 1368 683 1406 Brut.
710 1367 786 1417 90,
820 1367 919 1407 340:
965 1367 1089 1407 Com-

206 1429 426 1469 mentabar
455 1429 728 1469 declamitans
758 1430 832 1481 (sic
853 1430 961 1469 enim
981 1440 1090 1469 nunc

207 1492 450 1544 loquuntur)
490 1503 611 1542 saepe
645 1504 739 1532 cum
776 1494 835 1533 M.
871 1493 1014 1532 Pisone
1053 1496 1090 1534 et

207 1565 301 1593 cum
323 1555 369 1604 Q.
393 1555 585 1604 Pompeio
607 1559 681 1594 aut
709 1566 804 1594 cum
825 1555 966 1605 aliquo
989 1566 1090 1605 quo-

209 1618 317 1668 tidie.
372 1617 458 1657 Cfr.
484 1619 666 1658 Sueton.
691 1617 746 1658 de
776 1618 902 1658 Rhet.
929 1619 967 1658 4.
1015 1619 1090 1658 Se-

209 1690 319 1719 neca
366 1680 572 1720 Controv.
606 1680 746 1720 Praef.
787 1692 829 1732 p.
864 1680 930 1721 63.
964 1681 1085 1733 Bip.:

206 1742 459 1783 Declamare
498 1746 555 1782 est
595 1743 840 1783 domesticae
876 1744 1090 1783 exercita-

208 1805 344 1844 tionis.
413 1805 669 1844 Iudiciorum
726 1806 952 1856 imayinem
1008 1806 1088 1847 has

209 1867 547 1907 exercitationes
576 1869 708 1907 vocat
739 1867 913 1915 Quintil.
938 1869 984 1917 2,
1019 1869 1085 1918 40,

212 1930 294 1978 12„
329 1930 430 1980 quia
462 1930 591 1969 fictae
620 1940 779 1970 causae
811 1931 989 1971 tractari
1021 1941 1089 1971 so-

209 1991 373 2031 lebant.
410 1991 496 2031 Cfr.
521 1993 655 2032 etiam
676 1994 796 2032 Pers.
822 1992 871 2040 3,
904 1991 956 2032 4-4
989 2003 1087 2043 sqq.

210 2057 253 2094 et
283 2053 475 2094 Iuvenal.
501 2055 548 2104 7,
575 2055 652 2094 450
674 2065 773 2106 sqq.
825 2056 918 2095 Hoc
939 2057 1090 2094 autem

209 2116 405 2158 studium
436 2116 491 2156 ab
523 2118 700 2156 Horatio
731 2118 848 2157 tecte
878 2118 950 2158 hic
970 2118 1090 2157 vitu-

210 2180 354 2231 perari
407 2180 630 2219 immerito
680 2178 876 2219 nonnulli
925 2180 1089 2231 opinati

209 2244 331 2289 sunt,
380 2253 462 2281 nec
502 2253 609 2281 vero
650 2243 693 2281 in
737 2244 897 2294 poetae
938 2242 1089 2283 verbis

210 2305 348 2353 inest,
397 2304 516 2356 quod
558 2305 705 2345 visum
751 2306 818 2345 est
860 2305 1085 2346 Iacobsio:

211 2367 432 2406 «Dixerim
453 2367 622 2418 potius,
657 2368 886 2407 Horatium
908 2368 1090 2407 Homeri

210 2427 487 2480 aliorumque
508 2430 743 2481 poetarum
767 2431 1090 2481 praestantium

210 2490 406 2530 studium
454 2502 558 2531 cum
607 2490 885 2542 eloquentiae
943 2492 1089 2532 studio

211 2553 570 2603 conjungendum
619 2565 718 2594 esse
773 2554 989 2594 docere.»
1042 2578 1086 2583 —

208 2616 438 2665 Praeneste]
469 2615 564 2655 Vid.
597 2616 675 2656 Od.
709 2616 757 2666 3,
801 2616 846 2664 4,
880 2617 957 2656 22:
1007 2616 1091 2667 fri-

210 2678 354 2729 9idum
387 2679 618 2718 Praeneste.
679 2677 790 2718 Flor.
825 2680 871 2727 4,
915 2678 990 2726 Μ,
1032 2678 1086 2718 7:

210 2741 391 2779 aestivae
417 2741 633 2780 Praeneste
663 2741 846 2780 deliciae.
898 2742 994 2780 Non
1015 2750 1090 2779 au-

211 2805 303 2841 tem
334 2802 392 2841 ibi
418 2801 565 2843 villam
595 2802 792 2842 habebat
819 2804 973 2855 poeta,
1008 2801 1090 2842 sed

211 2864 328 2915 apud
360 2867 553 2904 amicum
584 2864 777 2917 aliquem
808 2863 1000 2915 degebat
1020 2863 1089 2903 vel

211 2925 393 2965 domum
439 2926 726 2967 conduxerat.
774 2951 817 2955 —
860 2927 939 2977 Qui
983 2925 1087 2976 cet]

212 2988 302 3027 Hoc
348 2988 526 3028 Homeri
571 2988 762 3039 elogium
807 2989 848 3028 in
890 2988 1088 3028 mentem

211 3049 337 3089 nobis
359 3052 540 3090 revocat
570 3052 663 3091 eius
682 3046 973 3091 Ἀποθέωσιν
988 3080 997 3098 ,
1022 3059 1090 3090 sa-

211 3113 264 3152 tis
296 3113 570 3162 ingeniosum
616 3113 815 3153 Archelai
861 3123 998 3164 opus,
1047 3113 1088 3152 in

212 3185 298 3225 quo
343 3174 612 3227 Οἱκουμένη
657 3187 759 3215 eum
809 3177 990 3215 coronat
1047 3176 1091 3214 et

212 3233 403 3293 Χρόνος
434 3238 527 3277 eius
568 3240 800 3277 conservat
835 3236 1086 3286 volumina,

215 3309 408 3349 cumque
451 3299 637 3339 adorant
684 3295 852 3349 Φύσις,
900 3293 1086 3355 Ἀρετή,

215 3360 395 3412 Πίστις,
419 3362 593 3412 Σοφία.
617 3362 852 3414 inghirami
871 3362 979 3402 Gall.
997 3363 1085 3402 Om.

215 3425 244 3463 1.
277 3425 322 3463 T.
355 3426 394 3464 Ξ.
432 3447 474 3453 —-
503 3424 736 3477 pulchrum]
778 3426 870 3464 Iam
901 3424 956 3465 ab
988 3426 1087 3465 Ari-

1147 1113 1266 1164 factu
1295 1114 1347 1153 sit
1375 1124 1432 1153 an
1462 1117 1581 1163 turpe
1601 1112 1791 1152 dubitant
1818 1112 1887 1161 id,
1921 1113 2034 1161 quod

1147 1176 1194 1215 in
1224 1176 1560 1217 deliberationem
1588 1176 1714 1215 cadit.
1737 1197 1798 1204 —-
1822 1175 1923 1214 Tum
1951 1185 2033 1214 au-

1149 1242 1230 1279 tem
1273 1243 1347 1279 aut
1390 1239 1623 1289 anquirunt
1665 1242 1739 1277 aut
1773 1237 2030 1286 consultant,

1149 1303 1205 1341 ad
1249 1303 1361 1342 vitae
1411 1301 1745 1341 commoditatem
1793 1300 2034 1340 iucundita-

1149 1369 1328 1415 temque,
1376 1366 1431 1404 ad
1461 1364 1682 1416 facultates
1722 1374 1868 1403 rerum
1906 1366 2032 1412 atque

1149 1429 1319 1478 copias,
1379 1429 1435 1467 ad
1491 1438 1613 1477 opeS,
1673 1427 1731 1466 ad
1770 1425 2031 1476 potentiam,

1150 1490 1296 1540 quibus
1331 1494 1369 1530 et
1401 1502 1441 1531 se
1469 1490 1630 1540 possint
1666 1490 1818 1529 iuvare
1846 1492 1884 1529 et
1912 1498 2031 1538 suo-5,

1148 1553 1353 1593 conducat
1395 1553 1438 1592 id
1480 1563 1629 1602 necne,
1678 1553 1726 1592 de
1766 1562 1845 1601 quo
1883 1550 2034 1591 delibe-

1148 1619 1261 1655 rant.
1281 1638 1305 1645 -
1324 1637 1347 1644 -
1366 1615 1546 1655 Tertium
1566 1614 1782 1654 dubitandi
1806 1624 1936 1665 genus
1955 1616 2027 1663 est,

1148 1689 1243 1718 cum
1280 1689 1476 1730 puqnare
1515 1678 1680 1718 videtur
1722 1688 1817 1716 cum
1863 1677 2030 1716 honesto

1149 1741 1215 1790 id,
1249 1742 1359 1790 quod
1385 1741 1550 1780 videtur
1578 1751 1661 1780 esse
1688 1740 1801 1780 utile.
1855 1740 1944 1780 Cic.
1969 1739 2026 1779 de

1152 1803 1274 1843 Offic.
1301 1804 1316 1843 l
1341 1835 1349 1852 ,
1383 1803 1431 1852 3,
1466 1803 1503 1843 9.
1557 1803 1761 1843 Horatius
1792 1802 1923 1853 igitur
1944 1800 2033 1842 duo

1149 1867 1299 1918 priora
1340 1866 1482 1917 capita
1527 1865 1757 1906 doctrinae
1799 1865 1904 1922 περὶ
1947 1861 2034 1905 τοῦ

1153 1925 1460 1981 καθήκοντος
1490 1930 1726 1968 memorat.

1207 1990 1247 2032 4.
1295 1989 1490 2042 Planius]
1534 1990 1650 2030 Κατ’
1682 1990 1926 2048 εἰρωνείαν
1963 1990 2035 2030 hic

1153 2063 1334 2104 quoque
1351 2054 1600 2092 Stoicorum
1623 2052 1784 2094 fastum
1807 2052 2029 2105 deprimit.

1152 2116 1410 2155 Lectionem
1449 2115 1622 2165 planius
1664 2117 1844 2166 praeter
1889 2114 2027 2155 Codd.

1151 2179 1328 2218 nostros
1346 2178 1679 2229 antiquissimos
1697 2177 1875 2218 firmant
1888 2179 2034 2217 Acron

1154 2241 1420 2291 «apertius»,
1455 2242 1497 2280 et
1536 2241 1782 2293 Porphyrio
1817 2240 2031 2281 «manife-

1152 2303 1295 2343 stius»
1346 2301 1638 2354 explicante33
1693 2304 1857 2354 plenius
1913 2306 2034 2344 esset

1153 2365 1386 2415 «uberius,
1411 2367 1677 2417 copiosius.»
1730 2367 1852 2408 Hanc
1882 2365 2032 2407 lectio-

1151 2439 1257 2468 nem
1286 2427 1531 2469 defendunt
1562 2429 1779 2481 imprimis
1809 2429 2032 2469 Burman-

1151 2500 1235 2530 nus
1264 2490 1321 2530 ad
1350 2491 1528 2531 Petron.
1552 2492 1591 2531 5.
1618 2492 1661 2531 et
1681 2490 1914 2532 Obbarius.
1939 2492 2028 2532 Cic.

1152 2551 1259 2592 Phil.
1284 2552 1330 2601 2,
1366 2552 1382 2592 l
1402 2584 1410 2602 ,
1443 2553 1489 2592 2:
1544 2553 1652 2602 Quid
1693 2554 1802 2593 enim
1839 2553 2029 2604 plenius,

1152 2615 1251 2663 quid
1278 2614 1446 2654 uberius
1479 2625 1606 2665 quam
1644 2615 1745 2655 milii
1783 2619 1822 2655 et
1853 2626 1937 2665 pro
1968 2626 2034 2656 me

1151 2680 1188 2716 et
1217 2679 1368 2716 contra
1386 2675 1610 2716 Antoniwm
1630 2676 1793 2717 dicere?
1834 2676 1920 2716 Sed
1935 2677 2033 2727 pla-

1149 2739 1245 2778 nius
1272 2737 1618 2790 praeferendum
1640 2740 1709 2779 est
1736 2740 1920 2791 propter
1939 2739 2032 2790 spi-

1152 2811 1312 2841 nosum
1350 2802 1483 2851 atque
1514 2800 1773 2841 abstrusum
1805 2801 2029 2842 scribendi

1151 2873 1292 2914 genus
1336 2863 1492 2903 Stoicis
1537 2862 1875 2915 complacitum,
1928 2875 2031 2905 cum

1152 2926 1304 2965 contra
1327 2925 1547 2967 Homerus
1573 2927 1772 2977 planius,
1803 2928 1854 2967 ut
1880 2929 2027 2979 poeta,

1152 2988 1225 3039 qui
1242 2986 1456 3039 exemplis
1473 2989 1710 3041 propositis
1733 2987 1871 3029 multo
1893 2991 2030 3030 maio-

1151 3061 1198 3090 re
1220 3048 1439 3107 ἑναργείᾳ
1460 3051 1592 3091 docet
1615 3062 1750 3103 quam
1770 3052 1915 3102 quivis
1934 3051 2031 3104 phi-

1151 3111 1384 3164 losophus,
1443 3114 1542 3165 qui,
1598 3125 1700 3154 cum
1751 3114 1936 3154 Ethicen
1975 3125 2029 3154 ex

1152 3174 1352 3225 professo
1383 3177 1563 3225 tractet,
1595 3176 1762 3226 plenius
1788 3176 2027 3228 praecepta

1153 3236 1297 3277 tradit.
1357 3238 1404 3278 In
1456 3237 1573 3278 nullo
1617 3239 1767 3278 autem
1810 3238 2026 3289 scriptore

1153 3300 1367 3340 maiorem
1390 3311 1488 3341 esse
1506 3301 1595 3341 vim
1617 3300 1861 3358 ἐναργείας
1882 3301 1925 3340 et
1944 3312 2028 3340 σα-

1151 3363 1354 3415 φηνείας
1385 3374 1516 3415 quam
1549 3363 1591 3403 in
1622 3364 1832 3413 Homer0,
1866 3372 2024 3402 omnes

1150 3437 1239 3467 uno
1283 3439 1359 3467 ore
1403 3426 1636 3468 affirmant.
1687 3428 1874 3467 Prorsus
1916 3437 2024 3466 vero

216 3485 369 3527 stotele
393 3487 542 3535 (Ethic.
568 3488 734 3528 Nicom.
760 3487 807 3533 ἓ,
834 3487 906 3537 2.),
926 3487 1087 3529 deinde
1151 3488 1354 3531 diversus
1384 3490 1460 3531 fuit
1493 3489 1788 3541 Chrysippus,
1820 3488 2027 3541 saepissi-
