2231 3787
292 233 390 284 753
1090 228 1301 268 uonATu

358 359 641 430 Verbaque
682 359 951 429 provisam
992 375 1105 411 rem
1145 373 1251 409 non
1292 356 1450 407 invita
1489 363 1797 425 sequentur.

361 461 461 524 Qui
504 459 710 519 didicit,
753 459 956 529 patriae
995 457 1125 528 quid
1167 456 1363 510 debeat
1401 464 1453 509 et
1490 456 1618 526 quid
1661 455 1873 514 amicis,

360 563 478 625 Quo
518 561 583 613 sit
623 577 805 613 amore
846 575 1065 629 pareus,
1108 575 1217 628 quo
1258 557 1419 610 frater
1457 556 1717 609 amandus
1756 565 1808 610 et
1849 556 2072 626 hospes,

365 661 520 726 Quod
563 661 629 714 sit
666 659 980 729 conscripti,
1022 658 1169 729 quod
1209 657 1401 711 iudicis
1439 656 1694 716 officium,
1736 674 1877 727 quae

362 766 544 815 Partes
584 761 636 812 in
674 759 874 813 bellum
915 759 1062 812 missi
1101 758 1280 820 duciS‚
1325 757 1409 811 ille
1452 758 1691 829 profecto

2005 757 2062 810 3111
2079 759 2109 809 5

363 862 609 916 Reddere
648 877 913 931 personae
952 860 1051 913 scit
1090 859 1462 914 convenientia
1501 861 1714 930 cuique.

402 1013 495 1051 3⁴4.
528 1015 755 1060 sequuntur
784 1012 829 1049 B.
880 1032 922 1037 -
967 1009 1060 1049 312.
1095 1009 1169 1049 Cui
1199 1009 1340 1048 didicit
1370 1010 1415 1048 B.
1462 1030 1507 1037 —
1555 1013 1628 1047 aut
1658 1009 1756 1058 quid
1785 1010 1827 1048 S.
1871 1031 1915 1038 -—
1960 1009 2053 1049 343.

349 1076 458 1124 Quos
486 1075 546 1112 ita
573 1083 688 1111 more
716 1073 760 1110 B.
790 1094 832 1098 —
867 1070 960 1110 314.
995 1071 1173 1120 Quid--
1194 1072 1294 1119 quid
1322 1071 1414 1111 STd
1446 1073 1547 1122 (non
1584 1071 1706 1122 Bbc).
1747 1095 1791 1100 --
1832 1071 1926 1112 346.
1953 1083 2056 1122 per-

348 1147 447 1175 sona
479 1137 523 1175 B.
563 1158 606 1163 -
639 1134 732 1173 31¹7.
767 1134 977 1183 Dispicere
1006 1144 1042 1172 c.
1086 1156 1129 1160 —
1171 1133 1265 1173 31¹8.
1297 1145 1420 1173 veras
1450 1145 1563 1174 unus
1596 1134 1866 1182 Hochederi,
1900 1135 2057 1186 Regius

298 1264 383 1318 οὒς
398 1265 456 1320 δὴ
472 1261 888 1319 ἀναγκαιοτάτους
906 1261 1027 1304 εἷναί
1045 1277 1177 1317 φημι

299 1331 438 1369 παντὶ
467 1325 598 1385 ἀνδρὶ
640 1325 795 1381 λόγων
832 1327 1083 1381 ἐφιεμένῳ.
1107 1351 1132 1357 -
1155 1351 1179 1358 -

297 1389 591 1441 Ξενοφῶντα
651 1389 702 1430 δὲ
759 1385 905 1443 ἔγωγε
963 1384 1180 1443 ἡγοῦμαι

298 1451 433 1511 ἀνδρὶ
451 1449 677 1506 πολιτικῷ
695 1453 776 1491 καὶ
795 1450 953 1504 μόνον
973 1448 1067 1492 τῶν
1089 1465 1180 1492 πα-

299 1516 445 1558 λαιῶν
476 1513 691 1573 ἐξαρκεῖν
717 1512 981 1563 δύνασθαι,
1016 1512 1108 1554 εἴτε
1129 1515 1179 1556 ἐν

300 1579 492 1632 πολέμῳ
524 1592 593 1628 τις
623 1575 924 1634 στρατηγῶν,
968 1575 1060 1617 εἴτε
1090 1574 1180 1617 πό-

300 1642 417 1692 λεως
447 1637 816 1695 ἀφηγούμενος,
850 1638 942 1680 εἴτε
971 1639 1021 1680 ἐν
1041 1638 1178 1694 δήμῳ

301 1704 470 1758 λέγων,
504 1704 596 1743 εἴτε
625 1704 675 1744 ἐν
705 1702 1055 1760 βουλευτηρίῳ,
1088 1702 1181 1743 εἴτε

301 1767 384 1806 καὶ
399 1766 449 1806 ἐν
465 1764 756 1822 δικαστηρίῳ
777 1789 800 1795 -
816 1790 840 1795 -
860 1764 1019 1806 ἐθέλοι
1041 1789 1063 1795 -
1079 1790 1102 1796 -
1123 1763 1181 1805 τὰ

300 1826 364 1880 τῷ
402 1825 605 1879 τοιούτῳ
644 1825 956 1882 προσήκοντα
990 1828 1040 1866 ἐν
1073 1827 1180 1884 δίκῃ

302 1892 466 1928 εἰπεῖν.
509 1890 692 1938 Dionys.
717 1888 907 1939 Longi:
942 1888 1001 1927 Οἱ
1029 1882 1182 1946 ἥρωες

302 1951 478 1992 ἐκὲΐνοι
512 1974 536 1980 -
570 1949 866 1999 Ξενοφῶντα
922 1948 1041 2003 λέγω
1100 1953 1180 1991 καὶ

302 2010 539 2052 Πλάτωνα
580 2036 604 2041 -
642 2011 695 2052 ἐκ
752 2009 837 2065 τῆς
894 2009 1182 2069 Σωκράτους

305 2071 440 2125 ὄντες
470 2073 780 2130 παλαίστρας.
835 2074 897 2114 Cf.
923 2075 1001 2114 Od.
1027 2077 1042 2114 ΑΙ
1064 2107 1071 2123 ,
1105 2076 1178 2124 Ξ9,

305 2138 370 2178 44.
425 2140 537 2178 Cum
567 2138 642 2183 iis,
681 2137 751 2185 qui
781 2138 828 2176 de
859 2137 1046 2176 Socratis
1072 2137 1184 2188 sonte

303 2204 520 2240 manantes
550 2199 720 2238 diversis
748 2210 972 2238 cucurrere
1008 2200 1180 2249 rivulis,

302 2265 482 2314 praeter
512 2261 738 2302 Platonem
770 2264 814 2301 et
839 2262 1183 2313 Xenophontem

303 2324 585 2365 Aristotelem
620 2335 798 2375 quoque
840 2327 884 2362 et
922 2325 1183 2375 Theophra-

304 2391 420 2428 stum
453 2387 678 2426 consociat
716 2387 1013 2436 Hieronymus
1043 2387 1179 2438 Epist.

304 2450 370 2491 48.
407 2450 470 2490 Cf.
504 2450 632 2489 Beier
661 2449 718 2488 ad
750 2450 839 2489 Cic.
874 2449 929 2488 de
961 2448 1041 2488 Off.
1075 2450 1119 2488 T.
1150 2450 1179 2487 1.

304 2524 347 2564 p.
372 2514 410 2552 5.
446 2513 583 2552 Ritter
613 2512 669 2551 ad
698 2512 877 2552 Aristot.
904 2512 1022 2551 Poet.
1046 2522 1088 2563 p.
1113 2511 1179 2552 84.

305 2577 490 2615 Strenue
531 2577 682 2614 autem
718 2575 922 2614 Horatius
967 2575 1059 2625 ipse
1098 2575 1184 2614 hoc

307 2649 438 2677 suum
489 2636 822 2688 exsequebatur
873 2639 1180 2688 praeceptum.

306 2699 370 2739 (js.
396 2700 482 2739 Sat.
508 2701 546 2747 Ξ,
572 2699 610 2745 3,
637 2699 706 2737 Μ;
753 2700 960 2748 Quorsum
982 2699 1185 2748 pertinuit

305 2763 461 2810 stipare
489 2762 664 2801 Platona
692 2761 956 2801 Menandro?
979 2785 1023 2790 —-
1057 2762 1185 2800 char-

306 2825 394 2873 lae]
445 2824 508 2864 Cf.
534 2824 611 2863 od.
637 2823 686 2872 4,
719 2824 767 2872 8,
801 2825 867 2863 Ἡ.
902 2826 1007 2864 Gen.
1042 2835 1180 2864 masc.

307 2887 475 2924 chartus
503 2885 608 2924 dixit
638 2885 826 2926 Lucilius
857 2887 975 2938 apud
1001 2888 1110 2926 Non.
1138 2898 1180 2937 p.

310 2948 412 2987 1¹96:
446 2948 514 2986 ubi
544 2959 652 2986 nunc
672 2948 876 2987 Socratici
906 2948 1071 2987 chartis)
1103 2950 1184 2988 Fe-

310 3009 420 3049 stive
440 3020 546 3048 vero
568 3008 831 3059 Algarottius
848 3010 1004 3061 809920
1026 3022 1066 3061 p.
1087 3010 1181 3049 342:

312 3072 466 3110 Orazio
511 3083 629 3121 seppc
671 3073 730 3110 de'
765 3072 854 3110 suoi
896 3073 1003 3111 versi
1043 3073 1114 3123 far
1151 3073 1186 3111 le

308 3138 424 3172 carte
442 3134 667 3173 socratichc
697 3133 803 3172 della
825 3135 983 3182 poesia.
1014 3157 1056 3162 —-
1087 3136 1186 3173 Ver-

308 3195 440 3244 baque
471 3196 572 3247 cet.]
619 3195 729 3237 «Ubi
766 3195 1067 3246 philosophiae
1100 3207 1183 3248 ope

312 3259 486 3307 penitus
516 3259 798 3309 perspexeris
839 3268 910 3296 res
947 3268 1184 3308 moresque

312 3319 556 3366 hominum,
577 3318 732 3370 quales
751 3321 793 3358 et
811 3319 896 3359 sint
913 3321 955 3358 et
978 3330 1076 3359 esse
1103 3320 1184 3359 de-

314 3379 469 3429 beant,
505 3384 598 3420 tum
629 3381 809 3420 demum
834 3379 956 3420 facile
980 3391 1056 3420 eos
1077 3385 1185 3432 poe-

310 3441 393 3480 tice
426 3443 676 3493 exprimere
708 3445 840 3493 atque
871 3443 1029 3482 imitari
1057 3446 1185 3494 pote—

1241 1266 1321 1312 ris;
1354 1266 1448 1305 sine
1478 1265 1552 1305 tali
1582 1267 1829 1317 cognitione
1860 1267 2002 1316 inanis
2025 1266 2114 1306 eris

1243 1329 1287 1367 et
1303 1326 1434 1367 sutilis
1451 1329 1682 1379 scriptor.»
1706 1329 1972 1380 Porphyrio:
1998 1329 2115 1368 «Asi-

1243 1391 1341 1429 nius
1371 1389 1503 1429 Pollio
1525 1390 1644 1440 idem
1666 1390 1791 1430 dixit:
1823 1391 1936 1431 Male
1953 1390 2116 1430 hercule

1241 1453 1401 1491 eveniat
1428 1453 1588 1503 verbis,
1620 1453 1701 1492 nisi
1719 1464 1808 1492 rem
1837 1454 2114 1503 sequantui-tn

1244 1515 1333 1554 Cic.
1359 1514 1413 1554 de
1436 1515 1506 1554 Or.
1531 1514 1579 1563 3,
1603 1515 1676 1564 50,
1701 1514 1804 1555 494:
1847 1519 2010 1555 tantum
2040 1515 2115 1554 ho-

1241 1578 1364 1617 minis
1392 1578 1593 1629 ingeniosi
1622 1588 1673 1617 ac
1700 1578 1894 1617 memoris
1922 1577 2118 1629 (Antipa-

1242 1641 1297 1679 tri
1312 1639 1489 1691 Sidonii)
1509 1641 1643 1679 valuit
1658 1640 1914 1690 exercitatio,
1939 1643 2000 1689 ut,
2022 1651 2118 1679 cum

1242 1714 1282 1742 se
1314 1707 1447 1742 mente
1481 1714 1531 1742 ac
1566 1703 1780 1742 voluntate
1814 1703 2047 1742 coniecisset
2072 1702 2118 1742 in

1239 1776 1420 1814 versum,
1452 1765 1581 1804 verba
1600 1769 1881 1815 sequerentur.
1917 1766 2119 1806 «Menan-

1244 1827 1325 1867 der
1381 1838 1485 1867 cum
1552 1825 1747 1867 fabulam
1804 1827 2114 1878 disposuisset,

1245 1889 1416 1928 etiamsi
1446 1888 1642 1928 nondum
1673 1889 1878 1929 versibus
1903 1888 2114 1929 adornas-

1245 1953 1330 1999 set,
1375 1950 1553 1990 dicebat
1591 1961 1639 1990 se
1677 1951 1828 1990 tamen
1866 1951 1954 1990 iam
1993 1961 2119 1990 eom-

1244 2012 1435 2064 plesse.»
1473 2015 1575 2052 Acii.
1623 2013 1678 2052 So
1709 2013 1818 2051 auch
1844 2013 2013 2064 Lessing
2039 2024 2119 2052 von

1244 2075 1377 2115 seiner
1385 2075 1489 2114 noch
1499 2075 1609 2114 nicht
1624 2075 1975 2126 ausyearbeiteten
1984 2076 2120 2115 Braut

1242 2149 1325 2177 von
1370 2138 1575 2177 Kerinth:
1633 2137 1798 2178 «Mein
1844 2137 2003 2177 Stuck
2048 2138 2120 2177 ist

1243 2201 1450 2251 fertiq.»
1499 2200 1627 2240 Voss.
1677 2223 1722 2228 ——
1770 2200 1986 2250 provisam
2030 2210 2120 2239 rem

1247 2262 1350 2313 cet.]
1383 2260 1493 2302 «tale
1525 2264 1836 2312 argumentum
1875 2273 1978 2302 cum
2014 2273 2121 2303 suc-

1246 2336 1377 2366 cessu
1406 2336 1430 2364 a
1450 2326 1493 2364 te
1514 2325 1742 2364 inventum
1761 2325 1893 2376 atque
1914 2327 2120 2365 accurate

1246 2388 1515 2440 pensitatum
1545 2386 1682 2426 verba
1715 2388 2022 2427 convenientia
2052 2386 2121 2427 ul-

1246 2453 1314 2490 tro
1347 2449 1423 2489 tibi
1453 2449 1849 2490 subministrabit.»

1302 2511 1527 2553 342-348.
1564 2513 1644 2561 Qui
1673 2512 1815 2552 didicit
1837 2524 1883 2562 p.
1902 2512 2006 2564 cet.]
2037 2514 2121 2553 Per

1247 2578 1385 2615 totum
1418 2575 1460 2614 h.
1485 2573 1511 2613 l.
1536 2576 1742 2614 versatur
1761 2575 1978 2626 imprimis
1999 2575 2117 2615 circa

1247 2635 1305 2677 τὰ,
1335 2631 1459 2689 ἤθη,
1493 2637 1592 2686 quia
1625 2636 1667 2675 in
1688 2637 1813 2686 poesi
1834 2638 2010 2676 scenica
2036 2637 2121 2676 ho-

1247 2711 1346 2739 rum
1368 2699 1558 2738 maxime
1581 2699 1690 2736 ratio
1712 2697 1915 2737 habenda
1940 2700 2027 2745 est,
2055 2699 2121 2738 di—

1247 2763 1345 2802 dicit
1383 2764 1532 2800 autem
1568 2760 1684 2799 hanc
1720 2761 1862 2800 artem
1899 2761 2061 2811 partim
2096 2774 2120 2801 a

1247 2823 1518 2876 philosophis
1578 2816 1755 2873 ἠθικὴν
1806 2822 2117 2871 tractantibus,

1246 2886 1404 2937 partim
1435 2886 1529 2935 ipse
1551 2884 1694 2924 varios
1720 2884 1950 2924 hominum
1971 2895 2120 2925 mores

1247 2949 1454 2987 accurate
1500 2945 1748 2997 explorans.
1785 2969 1830 2974 —
1875 2946 2121 2998 conscripti]

1251 3009 1537 3055 «senatoris,»
1570 3019 1621 3047 ex
1644 3007 1828 3048 formula
1850 3012 1994 3059 patres
2020 3020 2122 3048 con·

1247 3072 1402 3120 scripti.
1444 3069 1681 3120 Singularis
1711 3072 1862 3110 autem
1880 3069 1966 3110 hac
1986 3070 2121 3121 signi-

1249 3134 1451 3173 ficatione
1482 3143 1570 3171 uno
1601 3132 1784 3173 tortasse
1816 3132 1902 3172 hoc
1931 3131 2028 3172 loco
2047 3142 2121 3171 re-

1248 3196 1429 3246 peritur.
1458 3216 1501 3221 ——
1534 3193 1728 3245 Reddere]
1761 3193 2028 3233 «attribuere
2059 3193 2118 3240 id,

1251 3256 1371 3307 quod
1429 3257 1467 3295 ei
1525 3255 1758 3295 debetur.»
1806 3277 1851 3283 -
1911 3255 2122 3305 Respicere

1249 3319 1352 3370 cet.]
1373 3320 1551 3358 Praeter
1567 3316 1891 3370 philosophiam
1906 3316 2120 3358 moralem

1249 3382 1381 3421 etiam
1413 3381 1555 3432 ipsam
1583 3380 1719 3420 vitam
1738 3380 1980 3419 humanam
2000 3379 2121 3419 eius-

1249 3454 1336 3494 que
1366 3443 1509 3482 varios
1540 3451 1670 3482 casus
1699 3441 1856 3481 intueri
1891 3439 2028 3480 iubet.
2072 3463 2116 3468 —
