2231 3787
261 210 363 260 380

859 212 1074 252 llORATIl
1106 213 1473 254 EPISTOLARUM

337 342 423 393 Est
463 342 669 394 animus.
710 341 828 400 tibi,
871 351 992 395 sunt
1030 359 1209 395 mores
1250 350 1301 394 et
1340 341 1518 412 lingua
1558 340 1827 412 fidesque,

370 500 436 538 57.
470 500 535 539 58.
570 501 749 539 inverso
780 499 932 539 ordine
964 500 1045 546 dE,
1080 501 1246 539 Veneta
1279 499 1425 548 4484„
1460 501 1554 539 LtF.
1589 501 1849 540 Nostrorum
1881 501 2019 542 Codd.

316 560 374 600 hs
406 560 608 601 ordinem
641 561 844 612 praetulit
877 563 963 600 iam
996 562 1230 611 Cruquius.

1295 561 1354 611 (In
1384 575 1410 600 ν
1440 573 1595 601 versus
1625 562 1692 602 58.
1726 563 1840 601 inter
1868 574 2024 604 versus

316 623 359 661 61
399 625 438 662 et
473 623 538 662 62.
573 625 741 674 positus
774 625 871 673 est.)
908 644 951 649 —
988 628 1022 662 et
1054 624 1200 674 linqua
1234 624 1391 675 deEp
1431 626 1475 663 et
1512 635 1668 664 omnes
1708 624 1921 665 Pottierii:
1968 630 2025 665 est

316 685 457 736 linqua
491 697 513 725 e
547 686 684 725 Codd.
723 686 849 735 (inter
879 696 990 736 quos
1023 684 1131 725 alter
1162 684 1340 736 Collegii
1379 686 1608 736 Trinitatis)
1648 685 1893 736 Bentleius,
1933 688 2023 728 OM.

260 827 364 865 clinc-
395 826 529 875 telas.)
579 826 665 865 Nisi
697 826 843 864 omnia
866 836 937 865 me
969 824 1134 874 fallunt,

260 898 416 928 versus
455 886 565 926 illius
604 886 720 926 bene
759 888 916 926 tornati
961 887 1137 927 fortuito
1205 887 1551 936 defraudentur,

261 951 300 989 ei
332 949 449 988 venit
475 949 517 987 in
539 952 756 997 mentem,
791 960 879 999 quo
902 947 1138 999 aliquando

262 1012 571 1051 centurionum
619 1011 946 1051 Venusinorum
994 1011 1134 1061 filios,

261 1072 470 1125 aequales
523 1084 650 1122 suos,
713 1074 754 1113 in
806 1073 935 1113 Flavii
984 1073 1137 1113 ludum

260 1147 363 1175 eum
393 1136 526 1184 irent,
560 1134 687 1176 nullis
709 1136 918 1187 capsariis
947 1136 997 1176 iis
1019 1135 1138 1175 locu-

260 1197 324 1237 los
371 1196 604 1247 (librorum
649 1199 918 1250 chartaeque
963 1198 1136 1250 stilique

260 1260 531 1310 repositoria}
565 1261 868 1311 portantibus,
909 1261 988 1300 sed
1018 1262 1137 1312 ipsos

259 1323 369 1361 haec
391 1321 570 1373 puerilis
589 1322 842 1374 disciplinae
865 1323 1139 1363 instrumen-

260 1387 301 1423 ta
333 1386 579 1434 gestantes,
627 1384 780 1425 festive
820 1385 1134 1437 descripserat.

259 1449 350 1486 Iam
392 1458 494 1487 cum
538 1447 650 1487 haec
690 1449 836 1499 imago
880 1459 1039 1487 senum
1085 1459 1137 1487 ac

259 1510 467 1548 iuvenum
499 1509 556 1548 ad
598 1511 752 1550 Ianum
782 1510 982 1550 medium
1017 1509 1139 1550 velut

258 1572 303 1610 in
333 1570 484 1611 schola
523 1571 655 1612 salsae
695 1573 935 1623 sapientiae
975 1573 1137 1612 dictata

258 1634 467 1685 magistro
498 1634 782 1674 reddentium
813 1636 852 1674 ei
888 1637 987 1674 ante
1028 1646 1137 1675 ocu-

258 1693 322 1736 los
366 1699 641 1747 versaretur,
689 1698 837 1737 statim
874 1697 980 1736 vidit
1023 1708 1136 1737 nova

260 1758 343 1797 hac
382 1761 425 1798 et
462 1758 616 1799 callida
657 1760 858 1799 iunctura
899 1761 1135 1811 imaginem

260 1819 377 1859 illam
409 1822 466 1860 ita
497 1821 686 1871 absolvi,
729 1821 833 1861 nihil
863 1824 911 1861 ut
940 1822 1136 1863 festivius

261 1885 456 1935 magisve
487 1885 722 1926 ridiculum
754 1888 992 1937 excogitari
1030 1898 1138 1938 pos-

261 1949 340 1986 set.
392 1947 712 1988 Admirabilem
747 1949 862 1989 hanc
890 1948 1025 1989 veluti
1069 1951 1137 2001 pi-

261 2011 433 2049 cturam
465 2010 793 2060 deformarunt,
842 2014 885 2051 et
915 2013 988 2063 qui
1019 2012 1137 2051 hunc

259 2082 300 2110 v.
342 2075 655 2122 resecuerunt,
704 2076 747 2113 et
791 2075 863 2125 qui
908 2075 1139 2126 proposuit

259 2145 450 2184 senesque
489 2140 525 2174 et
562 2137 720 2186 Laevo,
766 2140 813 2175 ut
853 2139 1003 2177 essent
1047 2139 1137 2177 tres

260 2198 450 2245 aetates,
475 2200 615 2248 pueri,
640 2199 839 2247 iuvenes,
864 2210 1019 2247 senes3
1054 2210 1138 2238 nec

261 2259 405 2298 minus
437 2270 461 2298 a
490 2271 598 2299 vero
636 2260 866 2309 aberrant,
914 2262 988 2312 qui
1032 2272 1138 2312 pro-

259 2321 351 2372 prie
376 2320 593 2372 explicant
615 2322 670 2362 de
693 2322 885 2373 civibus,
921 2324 1010 2374 qui,
1036 2334 1136 2363 cum

260 2384 432 2433 negotia
462 2385 716 2435 pecuniaria
747 2396 849 2425 cum
880 2387 1138 2436 argentariis

260 2444 500 2495 haberent,
541 2447 625 2486 hoc
661 2447 756 2498 ipso
787 2447 964 2497 habitu,
1011 2447 1137 2487 laevo

259 2506 444 2547 brachio
476 2507 673 2548 tabulam
704 2512 747 2548 et
776 2508 943 2549 loculos
967 2512 1139 2560 gestan-

261 2570 327 2608 tes
359 2569 414 2609 ad
444 2569 616 2610 illorum
647 2582 825 2612 mensas
848 2574 1133 2613 accesserint:

262 2643 364 2672 nam
395 2632 451 2672 ad
480 2632 580 2672 talia
611 2635 824 2685 portanda
845 2634 971 2675 liberi
992 2637 1138 2675 homi-

262 2706 339 2735 nes
363 2697 405 2734 et
424 2696 651 2746 pecuniosi
672 2707 824 2737 servos
847 2697 1133 2738 adhibebant.

261 2759 574 2807 Dignissimus,
622 2760 695 2810 qui
737 2759 791 2799 de
823 2760 865 2799 h.
906 2760 932 2800 l.
967 2760 1138 2812 legatur

262 2821 327 2858 est
351 2820 395 2857 C.
421 2821 464 2859 F.
490 2821 767 2861 Hermannus
790 2823 831 2861 in
854 2824 1002 2873 Progr.
1027 2824 1138 2863 Mar-

261 2880 387 2930 burg.
423 2882 541 2921 4838.
578 2882 687 2931 (Vid.
712 2894 846 2934 supra
877 2895 919 2935 p.
945 2884 1023 2923 426
1051 2884 1134 2934 sq.)

261 2945 303 2981 et
335 2943 373 2981 in
406 2944 631 2994 Responsa
658 2944 713 2983 ad
736 2945 978 2984 Obbarium
1000 2946 1136 2985 misso

262 3006 303 3043 in
334 3005 676 3045 Zimmernianni
712 3006 901 3046 Zeitschr.
937 3006 1057 3046 4842.
1091 3019 1132 3058 p.

263 3067 372 3114 239„
408 3066 481 3105 ubi
514 3068 758 3116 contendit,
792 3080 989 3108 summas
1020 3069 1138 3109 fene-

262 3130 458 3167 ratorum
498 3129 653 3168 sordes
692 3141 962 3181 caecamque
995 3131 1138 3171 avari-

262 3191 366 3229 tiam
396 3190 467 3229 hic
497 3191 612 3240 tangi
651 3193 782 3241 atque
823 3192 1017 3239 irrideri,
1066 3195 1138 3232 ut-

262 3255 363 3304 pote
415 3253 488 3303 qui
537 3252 605 3292 vel
660 3256 862 3304 sumptus
909 3254 1137 3294 vitabundi

264 3316 403 3355 servis
425 3315 634 3366 capsariis
666 3327 752 3355 non
776 3318 952 3355 utantur
973 3316 1041 3357 vel
1063 3329 1138 3369 po—

265 3378 346 3417 tius
378 3380 598 3425 metuant,
631 3390 685 3417 ne
717 3391 738 3417 a
773 3377 949 3428 talibus,
984 3391 1136 3430 quam-

262 3441 325 3479 x‘is
346 3452 484 3492 prope
504 3440 801 3489 adstantibuS,
823 3439 890 3480 vel
910 3453 994 3481 uno
1012 3453 1135 3482 nuni-

1206 836 1278 864 mo
1323 825 1437 864 inter
1479 825 1802 866 numerandam
1842 828 2080 878 pecuniam

1608 887 1800 940 ideoque
1846 899 1934 929 non
1983 890 2078 930 sine

1203 948 1408 989 molestia
1438 950 1520 1001 ipsi
1549 949 1715 991 loculos
1746 951 1934 1001 gestent.
1993 951 2078 991 Ve-

1205 1022 1304 1052 rum
1336 1022 1481 1051 nonne
1512 1011 1599 1051 hoc
1629 1012 1815 1052 nimium
1845 1023 1898 1053 ac
1927 1013 1997 1052 vix
2024 1012 2080 1053 de

1201 1073 1375 1113 Iudaeis
1440 1073 1764 1115 feneratoribus
1829 1074 2081 1115 credibile?

1202 1135 1303 1175 Mihi
1334 1136 1516 1186 quidem
1537 1137 1649 1177 haec
1668 1136 1832 1186 verba,
1865 1138 1927 1176 uti
1947 1148 2083 1189 prae-

1204 1197 1406 1237 cedentia
1450 1199 1640 1238 rccinunt
1684 1199 1865 1249 dictata,
1912 1200 2080 1250 tropice

1202 1260 1302 1298 κατ’
1347 1261 1590 1317 εἰρωνείαν
1635 1260 1893 1312 accipienda
1935 1261 2081 1313 potius

1202 1321 1436 1361 videntur:
1491 1322 1726 1362 «Profecto
1776 1324 1914 1363 totam
1963 1322 2080 1363 hanc

1201 1385 1506 1424 usurariorum
1545 1385 1769 1424 nationem
1808 1395 1911 1424 cum
1947 1384 2082 1425 disci-

1203 1447 1316 1500 pulis
1357 1449 1690 1499 quodammodo
1732 1449 2081 1501 comparandam

1204 1511 1345 1561 duco,
1393 1511 1545 1563 quales
1583 1523 1665 1563 ego
1710 1513 1754 1552 in
1797 1513 1938 1564 patria
1977 1511 2082 1552 olim

1202 1573 1291 1613 vidi
1321 1576 1435 1614 cet.»
1487 1575 1698 1615 Ceterum
1727 1575 1770 1614 h.
1800 1574 1828 1614 l.
1860 1575 2082 1615 Herman-

1204 1648 1286 1677 nus
1317 1637 1385 1677 his
1414 1638 1458 1677 in
1478 1636 1632 1678 loculis
1655 1649 1743 1678 non
1765 1636 1956 1678 calculos
1979 1649 2083 1678 con-

1204 1699 1318 1739 ditos
1359 1710 1485 1749 esse,
1533 1699 1613 1739 sed
1657 1701 1896 1751 pecuniam
1939 1700 2082 1752 ipsam

1202 1762 1325 1800 recte
1357 1762 1520 1801 statuit.
1582 1763 1652 1801 Sic
1673 1764 1822 1802 autem
1852 1762 1896 1802 h.
1917 1760 1944 1802 l.
1969 1763 2083 1802 inter

1204 1834 1251 1863 se
1284 1825 1412 1874 aptae
1444 1825 1547 1863 sunt
1576 1825 1844 1865 sententiae:
1886 1826 2083 1875 «Argen—

1204 1886 1321 1935 tarii‚
1369 1886 1476 1924 dum
1514 1886 1641 1926 fenus
1679 1897 1809 1926 suum
1849 1889 2078 1935 exercent,

1203 1946 1337 1986 veluti
1368 1947 1530 1986 docent
1560 1958 1715 1988 omnes
1746 1947 1940 1999 reliquos
1961 1949 2082 1989 cives

1203 2020 1410 2049 nummos
1432 2011 1532 2048 ante
1562 2010 1768 2049 virtutem
1800 2010 2081 2061 quaerendos

1204 2081 1328 2119 esse3
1364 2070 1497 2110 talem
1528 2071 1774 2111 doctrinam
1797 2072 1956 2123 cupide
1977 2073 2083 2112 arri-

1203 2134 1374 2185 pientes
1415 2135 1458 2173 et
1500 2134 1684 2173 iuvenes
1726 2135 1770 2173 et
1806 2145 1938 2175 senes
1968 2135 2081 2175 haec

1203 2198 1432 2247 tamquam
1463 2194 1664 2247 discipuli
1686 2196 1896 2246 magistro
1918 2195 2079 2237 dictata

1203 2258 1420 2307 reddunt,
1460 2269 1511 2298 ac
1540 2258 1740 2309 profecto
1770 2259 1877 2299 mihi
1907 2271 2081 2311 nequa-

1203 2333 1338 2373 quam
1383 2321 1546 2361 diversi
1588 2321 1794 2361 videntur
1823 2334 1848 2361 a
1883 2321 2081 2374 puerulis

1203 2386 1246 2424 in
1286 2383 1440 2424 ludum
1478 2383 1738 2424 litterarium
1767 2395 1792 2423 a
1821 2385 2081 2436 paedagogo

1204 2447 1427 2495 deductis,
1465 2457 1576 2498 quos
1608 2445 1711 2486 olim
1741 2447 1805 2487 sic
1836 2447 2076 2500 descripsi:

1202 2511 1337 2550 Laevo
1359 2511 1473 2549 cet.»
1499 2507 1717 2560 (Similiter
1736 2509 1830 2560 ipse
1851 2519 1955 2550 suos
1977 2520 2082 2550 ver-

1203 2584 1279 2614 sus
1309 2573 1485 2624 repetiit
1515 2572 1720 2612 Horatius
1751 2573 1837 2611 Sat.
1864 2573 1902 2621 4,
1936 2573 1977 2622 2,
2012 2572 2077 2612 ⁴3.

1203 2637 1247 2674 et
1275 2636 1323 2674 A.
1359 2637 1402 2674 P.
1436 2633 1530 2674 424.
1564 2635 1726 2683 Sati,
1759 2634 1805 2682 2,
1838 2634 1905 2673 27.
1950 2634 1994 2673 et
2025 2635 2074 2684 4,

1202 2696 1247 2746 4,
1281 2697 1347 2735 92.
1398 2695 1508 2735 Ibid.
1533 2696 1582 2744 2,
1617 2695 1660 2744 3,
1696 2694 1789 2734 1¹63.
1823 2697 1867 2734 et
1896 2695 2005 2747 Epp.
2032 2697 2072 2745 11,

1203 2759 1247 2805 6,
1281 2759 1348 2798 28.
1390 2757 1585 2809 [Epp.4,
1620 2757 1691 2806 44,
1726 2757 1791 2798 34.
1827 2759 1871 2797 et
1900 2759 2008 2810 Epp.
2034 2759 2072 2808 4,

1204 2821 1275 2867 48,
1310 2819 1393 2870 9ι1.]
1427 2818 1577 2868 Od.l,
1614 2819 1685 2868 49,
1720 2819 1758 2858 4.
1792 2821 1836 2858 et
1865 2818 1912 2869 4,
1948 2821 1993 2870 4,
2033 2821 2073 2860 5.

1203 2881 1350 2930 Od.3‚
1384 2882 1460 2930 25,
1493 2881 1559 2920 20.
1596 2882 1640 2920 et
1668 2880 1717 2930 4,
1751 2881 1801 2931 8,
1835 2881 1920 2932 33.)

1256 2944 1323 2982 57.
1360 2943 1426 2983 58.
1472 2944 1546 2982 Est
1580 2943 1744 2982 animus
1763 2965 1786 2971 -
1809 2965 1833 2971 -
1856 2944 1937 2984 Sed
1969 2954 2079 2993 qua-

1203 3005 1442 3057 dringentis]
1478 3006 1603 3045 llunc
1634 3016 1845 3046 versuum
1875 3005 2079 3046 ordinem

1203 3067 1507 3119 lect10nesque
1548 3071 1585 3106 et
1623 3067 1789 3118 linqua,
1834 3067 2079 3108 Sed-—de-

1201 3136 1294 3171 sunt
1328 3131 1428 3171 ideo
1464 3129 1674 3182 praetuli,
1718 3130 1838 3181 quod
1868 3141 1972 3171 cum
2009 3131 2079 3171 to-

1203 3196 1245 3233 to
1277 3194 1406 3234 huius
1435 3192 1655 3244 Epistolae
1687 3193 1944 3234 charactere
1979 3193 2078 3233 rhe-

1204 3257 1340 3297 torico
1362 3255 1519 3296 melius
1542 3256 1778 3295 concinere
1795 3254 2074 3295 videbantur.

1203 3320 1367 3359 Rursus
1399 3319 1516 3358 enim
1548 3318 1686 3358 habes
1713 3317 1979 3358 sententiam
2001 3316 2078 3356 ah-

1202 3383 1377 3432 ruptam
1409 3382 1481 3421 Est
1500 3403 1519 3410 -
1539 3402 1555 3409 —
1570 3382 1750 3432 fidesque
1779 3391 1882 3420 cum
1920 3390 2076 3432 paren-

1203 3444 1314 3484 thesi
1337 3444 1416 3484 Sed
1435 3466 1452 3472 -
1466 3466 1483 3472 -
1503 3445 1667 3493 desunt,
1702 3445 1743 3485 et
1764 3442 2074 3484 brevissimam
