2231 3787
245 278 346 330 648

850 280 1067 320 llORATIl
1102 281 1473 322 EPISTOLARUM

317 409 626 481 Insequeris
664 418 842 463 tamen
882 410 1021 465 hunc
1060 421 1112 465 et
1148 411 1238 464 lite
1277 410 1502 463 moraris
1551 409 1771 480 iniqua?

316 512 434 564 Dixi
473 530 558 566 me
596 513 810 584 pigrum
848 513 1209 584 proficiscenti
1250 511 1369 571 tibi,
1412 511 1519 564 dixi

316 613 530 667 Talibus
570 613 757 668 officiis
795 631 965 684 prope
1006 631 1281 675 mancum,
1323 630 1391 666 ne
1430 631 1552 667 mea
1589 631 1786 668 saevus

318 718 564 787 lurgai‘es
604 715 671 768 ad
712 724 762 768 te
803 714 951 786 quod
991 715 1219 786 epistola
1257 714 1402 768 nulla
1441 715 1656 769 rediret.

316 818 459 882 Quid
498 827 609 870 tum
648 817 876 888 profeci,
920 834 1134 870 mecum
1171 817 1419 871 facientia
1457 817 1575 871 iura

318 921 371 971 Si
412 930 590 972 tamen
629 919 897 972 attentas?
937 919 1194 984 Quereris
1234 937 1401 990 super
1437 919 1540 973 hoc
1579 920 1764 979 etiam,
1807 919 1954 991 quod

318 1023 636 1092 Exspectata
674 1021 768 1074 tibi
807 1038 914 1074 non
951 1021 1155 1074 mittam
1195 1023 1433 1074 carmina
1470 1021 1717 1075 mendax.

2002 1022 2070 1075 25

318 1122 522 1176 Luculli
562 1122 716 1177 miles
756 1122 981 1177 collecta
1018 1123 1212 1177 viatica
1256 1123 1435 1176 multis

319 1225 623 1287 AerumniS,
665 1224 841 1278 lassus
881 1224 1010 1278 dum
1049 1234 1211 1280 noctu
1250 1226 1443 1288 stertit,
1487 1226 1555 1279 ad
1596 1243 1776 1281 assem

358 1424 425 1462 224.
459 1435 654 1462 mancam
692 1428 730 1463 et
766 1435 816 1463 ne
845 1423 890 1463 b.
928 1447 972 1452 -
1005 1425 1072 1464 22.
1105 1425 1260 1464 rediret
1288 1424 1418 1464 bSEd
1447 1427 1491 1465 et
1521 1425 1630 1465 Cod.
1665 1426 1875 1476 Franeq.,
1916 1426 2023 1465 item

305 1498 407 1526 cum
438 1487 578 1527 tribus
610 1498 795 1527 suorum
826 1499 868 1527 s:
914 1489 1072 1528 veniret
1102 1487 1254 1528 Glossa
1287 1488 1460 1528 Codicis
1491 1489 1544 1536 E,

1587 1489 1695 1528 item
1727 1499 1750 1527 c
1764 1520 1773 1537 ‚
1813 1487 2024 1528 Schmidii

305 1549 551 1598 secundus,
599 1550 761 1590 LCtFM
807 1552 849 1589 et
893 1549 1131 1591 Bentleius.
1180 1551 1346 1601 (rediret
1376 1562 1429 1590 ex
1460 1549 1576 1590 nullo
1607 1561 1792 1590 suorum
1830 1551 2026 1590 enotavit

251 1707 339 1753 ius,
375 1717 428 1745 ex
450 1717 537 1757 quo
559 1707 812 1747 necessario
834 1705 971 1756 litem,
997 1719 1134 1759 quam

251 1769 459 1818 mangoni
489 1769 706 1819 intendis,
756 1782 843 1809 non
883 1770 1130 1819 obtinebis,

252 1830 332 1870 sed
363 1832 582 1871 amittes.»

252 1894 627 1944 interpretantur:
665 1895 991 1935 «Condiciones
1023 1908 1135 1936 ven—

253 1955 428 1994 ditionis
452 1967 506 1995 ex
535 1955 631 2007 lege
656 1956 732 1996 tibi
753 1959 1008 2008 propositae
1033 1961 1136 1998 sunt

252 2029 277 2057 a
307 2029 572 2069 mangone.»
597 2042 640 2046 —
661 2020 893 2069 Inseqzieris
914 2022 1015 2073 cet]
1041 2022 1137 2060 «Ni-

252 2079 490 2120 hilominus
520 2081 639 2120 hunc
661 2082 892 2123 insectaris
915 2086 959 2122 et
988 2095 1135 2122 mora-

253 2143 311 2181 ris
344 2142 570 2193 (molestus
602 2145 641 2183 ei
678 2144 744 2196 fis)
785 2144 857 2184 lite
900 2145 1134 2185 manifesto

252 2205 434 2256 iniqua?
478 2207 715 2257 Nunquam
746 2219 826 2258 pro
859 2210 1005 2256 certo,
1047 2220 1135 2258 qua

255 2279 302 2308 es
332 2269 590 2320 prudentia,
624 2270 709 2310 hoc
733 2270 882 2310 facies.
928 2273 1135 2311 Attamen

253 2342 394 2381 prope
434 2330 586 2371 similis
625 2335 693 2372 esi
732 2334 864 2379 ratio,
909 2344 995 2384 qua
1037 2345 1135 2374 me—

256 2404 358 2432 cum
390 2396 435 2432 tu
466 2396 635 2434 utere.»
688 2395 751 2434 Cf.
778 2396 910 2436 Tacit.
930 2395 1038 2436 Dial.
1065 2396 1131 2437 34:

254 2457 300 2495 L.
327 2456 500 2495 Crassus
531 2457 572 2497 C.
608 2457 862 2507 Carbonem,
893 2481 916 2487 -
936 2481 960 2487 -
980 2459 1137 2499 Caesar

255 2519 515 2559 Dolabellam
539 2543 558 2548 -
575 2542 594 2548 -
619 2521 786 2560 Asinius
813 2522 940 2562 Pollio
972 2522 1014 2562 C.
1051 2523 1136 2563 Ca-

256 2586 412 2631 tonem,
446 2605 469 2611 -
488 2606 511 2611 -
542 2583 694 2622 Calvus
728 2585 938 2624 Vatinium
967 2585 1018 2624 iis
1038 2597 1135 2624 ora-

256 2645 432 2684 tionibus
463 2647 683 2686 insecuti
720 2652 838 2697 sunt)
873 2659 978 2696 qaas
1016 2649 1134 2688 hodie

257 2719 418 2757 qaoque
437 2720 532 2747 cam
561 2710 840 2749 admiratione
869 2711 1055 2762 legimus
1089 2734 1133 2738 -

261 2770 423 2809 Talibus
461 2771 619 2823 officiis]
655 2783 794 2823 «quae
833 2776 984 2812 tamen
1016 2775 1136 2812 certo

259 2832 346 2870 fine
388 2837 539 2873 carent
581 2836 817 2885 neutr1que
856 2835 977 2875 utilia
1017 2837 1134 2884 sunt⁷

261 2896 471 2946 quocirca
513 2896 568 2936 ab
613 2899 688 2946 iis,
742 2899 817 2949 qui
861 2898 1138 2949 gravioribus

259 2956 396 2996 rebus
419 2960 621 3009 occupati
642 2963 766 3009 sunt⁷
800 2960 992 3000 libenter
1013 2961 1140 3001 omit-

261 3021 425 3058 tuntur.
446 3035 463 3054 »
511 3021 672 3060 Confer
702 3023 787 3062 Sat.
819 3025 868 3072 2,
902 3024 951 3071 6,
984 3023 1051 3063 24.
1090 3045 1135 3050 -

262 3081 469 3132 mancam]
502 3092 568 3132 pr.
604 3094 762 3123 «manu
803 3084 1020 3132 debilem3
1064 3085 1138 3135 qui

262 3145 387 3194 quasi
418 3155 554 3183 manu
585 3146 767 3186 truncus
800 3150 918 3188 esset
954 3149 1029 3186 aut
1065 3158 1139 3186 re-

260 3207 414 3247 solutis
457 3208 629 3255 nervis,
682 3209 879 3248 scribere
918 3220 1005 3249 non
1057 3221 1140 3261 po-

261 3273 391 3310 test.»
441 3271 732 3311 Aversionem
755 3274 904 3311 autem
927 3283 1054 3312 suam
1083 3272 1137 3312 ab

262 3332 456 3384 epistolis
488 3333 823 3374 conscribendis
856 3335 1024 3385 mitigat
1059 3334 1138 3374 ali-

261 3397 425 3446 quanto
457 3395 605 3435 addito
637 3408 676 3435 v.
704 3408 851 3446 prope.
889 3420 932 3424 —
965 3409 1138 3436 mea--

261 3458 445 3509 epistola]
479 3457 684 3498 Similiter
722 3470 970 3510 pronomen
1000 3465 1139 3500 vestra

260 3519 387 3570 longe
420 3531 550 3560 suum
581 3520 906 3562 substantivum
939 3525 1140 3574 antegre-

1199 1708 1316 1748 ditur
1345 1709 1463 1759 Virg.
1495 1711 1605 1748 Aen.
1641 1708 1715 1756 Μ,
1759 1707 1862 1747 687:
1909 1706 2082 1746 Advenit

1199 1771 1270 1820 qai
1310 1775 1484 1810 vestra
1527 1772 1611 1809 dies
1646 1769 1913 1809 muliebribus
1950 1769 2082 1808 armis

634 1834 776 1872 Minus
815 1837 1024 1873 accurate
1066 1833 1133 1873 alii
1204 1835 1365 1874 Verba
1384 1834 1664 1884 redarquerit.
1687 1856 1732 1861 ——
1751 1833 1962 1884 Iaryares]
1987 1833 2076 1872 Cio.

1199 1897 1253 1936 de
1286 1898 1392 1948 Rep.
1418 1896 1465 1943 4,
1500 1896 1543 1935 8;
1576 1896 1630 1935 SI
1656 1896 1916 1944 IURGANT,
1946 1895 2083 1944 inquit

1201 1961 1302 2010 (Lex
1334 1960 1398 1998 11⁴2.
1433 1958 1605 2008 Tabb.).
1637 1959 1940 1998 Benevolorum
1980 1970 2082 1997 con-

1197 2022 1392 2070 certatio,
1439 2033 1522 2060 non
1562 2021 1611 2060 lis
1650 2021 1939 2070 inimicorum,
1986 2021 2080 2059 iur-

1196 2085 1312 2136 gium
1333 2085 1498 2123 dicitur.
1523 2108 1568 2112 —
1592 2084 1759 2136 rediret]
1784 2085 1853 2124 Sic
1876 2083 2082 2134 aliquan-

1198 2149 1242 2186 to
1273 2148 1441 2186 maiore
1476 2148 1570 2186 iure
1606 2146 1846 2186 iracundus
1876 2157 1978 2186 cum
1999 2147 2085 2185 Ho-

1197 2210 1308 2249 ratio
1329 2210 1503 2260 iurgare
1527 2211 1701 2260 poterat
1722 2207 1900 2257 Florus,
1924 2219 2084 2259 quam-

1200 2284 1336 2323 quam
1366 2273 1423 2311 ita
1455 2283 1634 2323 quoque
1657 2282 1793 2311 causa
1813 2271 1976 2311 cadere
2000 2270 2084 2310 de-

1198 2335 1350 2375 bebat.
1416 2337 1653 2374 Praeterea
1702 2335 1838 2374 etiam
1882 2346 1936 2374 ex
1981 2345 2078 2385 seq.

1200 2400 1385 2448 quereris
1415 2399 1600 2449 apparet
1631 2397 1685 2437 de
1713 2397 1878 2437 Horatii
1898 2408 2084 2448 respon-

1201 2473 1250 2502 so
1282 2462 1723 2512 frustraexspectato
1753 2461 1825 2500 hic
1845 2461 1938 2511 agi3
1972 2471 2082 2512 quo-

1201 2525 1317 2564 circa
1345 2524 1481 2564 reieci
1520 2523 1707 2564 alteram
1743 2523 1982 2564 lectionem
2010 2534 2084 2563 ve-

1201 2587 1321 2626 niret.
1374 2587 1444 2625 Sic
1474 2586 1552 2626 Od.
1587 2586 1636 2633 4,
1670 2587 1718 2634 5,
1752 2585 1818 2627 31¹.
1852 2597 1934 2637 pro
1976 2586 2086 2625 redit

1202 2649 1273 2689 alii
1303 2649 1457 2689 itidem
1486 2650 1610 2688 venit.
1664 2651 1901 2689 Praeterea
1932 2650 2082 2688 nostra

1201 2711 1330 2751 lectio
1371 2712 1502 2750 etiam
1533 2722 1558 2749 a
1590 2710 1729 2750 Codd.
1764 2709 1901 2750 multo
1941 2710 2085 2749 maio-

1201 2786 1299 2814 rem
1343 2774 1481 2813 habet
1529 2774 1863 2819 auctoritaten1;
1917 2773 2084 2812 etenim

1200 2839 1380 2888 reperta
1401 2838 1468 2876 est
1489 2837 1623 2876 etiam
1644 2837 1686 2875 in
1708 2838 1916 2886 quattuor
1937 2835 2080 2875 Codd.

1201 2899 1400 2939 Blandin.
1427 2897 1611 2949 aliisque
1635 2899 1841 2950 Cruquii‚
1874 2897 2079 2939 Pulman—

1202 2963 1270 3011 ni,
1302 2961 1582 3001 Bersmanni.

1256 3087 1402 3128 623-40.
1436 3087 1537 3139 tum]
1570 3099 1700 3128 «cum
1732 3087 1808 3128 tibi
1839 3087 1952 3127 dixi»
1976 3090 2079 3136 cet„

1204 3150 1265 3189 «si
1302 3152 1450 3190 tamen
1480 3151 1570 3198 ius,
1616 3151 1736 3201 quod
1773 3161 1845 3191 me
1877 3150 2079 3199 adiuvat,

1202 3211 1471 3252 labefactare.
1504 3213 1736 3253 conai·is‘?»
1772 3235 1816 3240 —
1837 3223 2000 3252 ‘mecum
2014 3212 2083 3262 fa-

1200 3275 1365 3326 cientia]
1399 3275 1462 3314 Cf.
1497 3275 1605 3326 Epp.
1636 3276 1686 3323 ⁶2,
1731 3275 1777 3323 4,
1821 3275 1889 3314 68.
1934 3297 1978 3302 —
2010 3277 2082 3313 at-

1201 3338 1348 3390 tentas]
1380 3338 1489 3376 Huic
1511 3336 1652 3376 verbo
1682 3335 1812 3388 plane
1840 3335 2083 3388 respondet

1204 3402 1401 3440 nostrum
1458 3400 1756 3450 anfecliten,
1819 3400 1867 3438 ut-
1921 3398 2081 3439 dicitur

1202 3461 1358 3513 aliquis
1402 3463 1578 3511 tentari,
1627 3461 1827 3502 attentari
1871 3461 1986 3501 bello.
2032 3483 2078 3491 —

1200 3536 1323 3574 super
1350 3525 1437 3576 hoc]
1472 3527 1675 3576 «praeter
1705 3523 1816 3572 hoc,
1851 3523 1906 3563 ad
1938 3524 2022 3565 hoc
2042 3537 2079 3572 ;»›
