2231 3787
245 229 334 281 ist
868 230 1076 269 uon-trit
1110 229 1407 270 strui-unni

237 367 322 403 est.
368 363 593 402 Frontonis
634 362 806 400 rireiter
837 363 1057 412 tempore.
1100 372 1186 411 quo
1225 359 1545 406 controversia,
1580 360 1727 397 utrum
1756 357 2036 409 praeferendi

236 435 381 471 essent
414 431 654 482 scriptores
686 432 862 481 Augusti
894 433 1083 470 aetatem
1117 429 1381 480 praegressi,
1415 439 1471 467 an
1502 428 1575 478 qui
1606 427 1688 467 sub
1719 428 1912 478 Augusto
1932 428 2038 468 seri-

234 505 437 552 pserunt,
472 502 583 539 inter
613 501 881 551 antiquarios
904 502 946 539 et
977 500 1273 539 recentiorum
1305 498 1570 548 scriptorum
1592 497 1881 537 admiratores
1903 507 2038 547 quam

235 572 425 610 maxime
457 569 723 620 agitabatur.
765 571 994 620 compositi
1025 568 1230 607 xidentur
1260 566 1315 606 ab
1348 566 1525 605 homine
1559 567 1697 606 otioso
1731 566 2039 617 (semidoctum

235 639 499 680 nebulonem
541 643 664 678 vocat
710 638 990 686 Lambinus).
1038 639 1111 687 qui
1154 637 1286 676 animi
1329 647 1458 675 causa
1501 637 1748 675 tentaturus
1788 637 1905 684 erat,
1952 645 2042 686 quo

235 709 367 749 modo
398 709 627 748 exordium
667 708 973 759 qualecunque
1006 708 1142 757 aptari
1184 709 1333 758 posset
1375 705 1570 745 sermoni
1600 705 1749 755 utique
1781 704 2038 757 abruptiori,

236 779 313 818 sed
346 779 450 818 satis
482 780 648 818 munito
681 778 814 817 Persii
846 777 890 816 3.
930 778 962 814 t.
999 776 1261 814 imitatione:
1309 776 1462 824 Nempe
1502 775 1576 814 hoe
1611 773 1810 814 assiduo?
1855 775 2044 814 Senten-

237 850 319 887 tiae
352 850 470 899 ipsae
503 849 659 898 partim
692 847 909 885 obscurae
942 848 1062 889 sunt,
1106 845 1289 896 partim,
1333 844 1439 884 dum
1471 843 1670 895 leporem
1702 843 1928 893 affectant,
1973 844 2042 884 in-

236 917 404 959 sulsae.
438 922 481 956 ut
516 915 616 955 illud
646 916 812 966 funibus
843 916 930 954 udis
962 915 1238 962 Exhortalus,
1273 914 1524 964 lloratiique
1556 912 1736 953 consilio
1767 923 1950 965 prorsus
1974 924 2044 954 re-

236 991 442 1038 pugnant.
504 987 739 1026 Mendesion
772 985 934 1024 rustice
965 982 1155 1035 appellat
1185 983 1460 1023 versificator
1491 981 1728 1031 Lucilium,
1773 983 1898 1024 cuius
1926 982 2042 1024 mul-

237 1061 329 1096 tum
362 1056 519 1103 salem,
555 1056 798 1106 ingenium,
831 1053 1129 1093 urbanitatem
1160 1052 1273 1092 ultro
1304 1052 1502 1103 agnoseit
1531 1053 1759 1101 Horatius,
1799 1052 1844 1092 id
1873 1053 2044 1092 tantum

236 1126 412 1167 dolens,
464 1136 620 1164 *tersus
657 1125 751 1164 eius
785 1135 870 1163 non
914 1124 1019 1163 satis
1059 1121 1334 1169 elaborat-os,
1382 1123 1510 1162 nimis
1555 1122 1769 1170 verbose,
1821 1121 2045 1162 interdum

237 1198 367 1235 etiam
401 1193 693 1245 negligenter,
729 1204 963 1244 expressas
993 1203 1091 1232 esse
1123 1193 1384 1240 sententias,
1419 1192 1550 1231 nimis
1573 1203 1674 1231 eum
1698 1191 1778 1231 sibi
1810 1189 2044 1232 indulsisse

239 1268 276 1304 in
310 1263 609 1304 immiscendis
638 1262 787 1302 verbis
819 1263 1010 1302 Graecis.
1073 1263 1259 1301 Prorsus
1290 1261 1555 1301 mendosum
1587 1272 1685 1301 esse
1718 1262 1843 1301 simia
1882 1261 2045 1301 Horatii

237 1335 494 1386 perxineere
527 1332 612 1372 volt
643 1335 753 1372 teste
787 1333 880 1383 ipso
912 1333 1101 1379 Catone,
1137 1330 1282 1371 Lucilii
1315 1331 1575 1379 defensore,
1610 1331 1708 1381 qui,
1740 1332 1788 1370 ut
1815 1331 1897 1380 ait,
1930 1329 2046 1370 male

238 1406 375 1443 factos
415 1414 570 1443 rei-sus
608 1401 847 1442 emendare
879 1413 929 1441 ac
962 1401 1099 1453 polire
1131 1403 1271 1452 paret..
1334 1402 1533 1451 Cogitant
1563 1400 1618 1440 de
1649 1399 1820 1440 Valerio
1852 1401 2043 1448 Catone,

239 1476 362 1513 euius
393 1472 610 1512 habemus
641 1473 766 1512 Diras
797 1474 839 1511 et
872 1471 1075 1522 Lydiam,
1110 1469 1153 1510 id
1184 1473 1270 1519 est,
1305 1470 1359 1510 de
1391 1471 1678 1521 grammatico
1699 1481 1751 1510 ae
1781 1472 1911 1521 poeta
1930 1471 2047 1510 tem-

240 1554 398 1594 porum
441 1542 738 1581 Sullanorum.
787 1543 860 1591 qui
901 1552 939 1579 a.
972 1552 1013 1580 u.
1050 1552 1086 1580 e.
1122 1540 1215 1580 723.
1249 1540 1320 1578 vix
1360 1540 1403 1578 in
1442 1540 1552 1579 vivis
1583 1541 1701 1588 erat,
1749 1540 1829 1580 etsi
1856 1540 1966 1579 vixit
1992 1541 2049 1579 ad

239 1618 469 1652 eelremam
511 1616 726 1651 senectam.
802 1613 978 1650 Sueton.
1015 1612 1208 1649 Gramm.
1243 1610 1306 1648 -Μ,
1383 1609 1467 1649 Sed
1514 1609 1557 1648 id
1601 1612 1675 1648 aut
1718 1609 1931 1660 ignoravit
1973 1611 2049 1649 aut

243 1683 420 1721 omnino
452 1693 540 1721 non
571 1681 739 1721 curm-it
768 1683 823 1724 is.
868 1681 940 1730 qui
974 1681 1013 1719 in
1047 1679 1131 1719 hoe
1162 1679 1342 1718 exordio
1373 1678 1610 1719 scribendo
1640 1689 1795 1719 seeum
1825 1679 1920 1730 ipse
1959 1689 2048 1718 non

244 1753 388 1791 minus
420 1763 552 1802 quam
584 1750 817 1790 nobiseum
854 1748 969 1789 lusit.
1031 1749 1171 1797 Quid?
1215 1748 1331 1799 quod
1375 1750 1464 1788 tota
1502 1759 1574 1788 res
1612 1747 1846 1799 desumpta
1875 1747 2050 1788 videtur

243 1833 293 1860 ex
339 1822 737 1860 Grammaticorum
783 1821 1032 1859 narratione
1077 1820 1268 1858 servata
1295 1817 1422 1857 nobis
1453 1830 1475 1857 a
1515 1818 1721 1857 Suetonio
1765 1819 1959 1858 Gramm.
1991 1818 2046 1857 2:

242 1892 384 1930 Crates
422 1891 692 1930 Mallotes--
714 1890 863 1929 nostris
896 1889 1083 1938 exemplo
1125 1889 1205 1938 fuit
1247 1889 1302 1927 ad
1343 1888 1604 1927 imitmzdum.
1664 1888 1870 1927 Hactenus
1911 1891 2049 1927 tamen

246 1961 412 2009 mutati,
446 1965 491 1998 ut
520 1960 711 1998 earmina
736 1970 895 2009 parum
924 1960 1057 1998 adhuc
1087 1959 1299 2008 divolgata
1326 1958 1390 1997 vel
1419 1958 1704 2008 defunctorum
1733 1957 1964 1997 amicorum
1985 1957 2053 1998 vel

241 2033 273 2068 si
306 2042 481 2079 quorum
502 2031 681 2069 aliorum
705 2029 972 2079 probassent,
1005 2029 1239 2079 diliqenlius
1258 2031 1562 2075 retractarent,
1585 2048 1602 2054 —
1622 2047 1639 2056 —
1658 2031 1702 2066 ul
1722 2027 1886 2066 Laelius
1901 2026 2051 2066 Arche-

243 2102 333 2139 laus
358 2101 593 2148 i'eetIusque
610 2100 863 2138 Philocomus
882 2098 1029 2138 Lucilii
1047 2098 1219 2145 satiras,
1241 2097 1466 2147 familiaris
1484 2097 1568 2135 sui:
1603 2107 1707 2145 quas
1726 2097 1867 2147 leyisse
1881 2108 1923 2136 se
1937 2098 2052 2147 apud

242 2170 484 2209 Archelaum
515 2171 727 2218 Pompeius
755 2170 960 2216 Lenaeus,
1007 2169 1119 2217 apud
1155 2167 1431 2207 Philocomum
1466 2167 1650 2205 Valerius
1680 2166 1780 2206 Cato
1811 2167 2046 2216 praedicat.

244 2239 444 2279 tlonsudit
491 2240 618 2290 igitur
648 2240 889 2278 memoriae
919 2239 1022 2277 vitio
1054 2238 1288 2281 Catonem,
1337 2237 1467 2276 huius
1496 2237 1560 2275 rei
1605 2237 1791 2284 testem,
1839 2246 1941 2276 cum
1970 2236 2047 2283 iis,

245 2311 316 2360 qui
350 2321 395 2348 re
425 2321 529 2349 vera
564 2308 708 2349 Lucilii
738 2307 1079 2348 ὁιασκευασταὶ
1111 2307 1305 2355 fuerant,
1350 2305 1479 2357 paulo
1518 2307 1617 2357 post·
1645 2307 1803 2357 poetae
1834 2307 2048 2354 mortem,

244 2385 288 2420 ut
320 2381 487 2431 opinor.
551 2380 784 2430 (Memento
806 2379 937 2418 etiam
968 2377 1130 2417 Satiras
1150 2388 1172 2416 a
1205 2375 1310 2416 Iulio
1342 2375 1465 2416 Floro
1496 2374 1660 2416 electas
1682 2387 1733 2415 ex
1764 2376 1928 2424 Ennio,
1962 2377 2050 2415 Lu-

246 2450 364 2498 cilio,
412 2451 630 2498 Varrone,
678 2451 789 2488 teste
827 2448 1129 2499 porphyrione
1160 2447 1216 2485 ad
1247 2447 1354 2498 Epp.
1395 2447 1440 2493 4,
1486 2445 1524 2485 3.
1558 2445 1708 2495 initio.)
1744 2469 1789 2475 —
1820 2446 1894 2485 hoc
1922 2445 2055 2486 lenius

247 2522 311 2560 ille
351 2520 451 2571 cet]
492 2519 714 2558 Sententia
751 2517 993 2557 admodum
1037 2517 1184 2568 inepta
1215 2516 1391 2556 Catonis
1430 2526 1579 2556 mores
1622 2514 1789 2567 probos
1818 2515 1954 2556 refert
1994 2515 2051 2556 ad

246 2591 569 2629 verret-tionem
613 2598 826 2627 versuum
870 2586 1217 2632 Lucilianorum,
1267 2586 1308 2625 in
1349 2596 1435 2636 qua
1482 2586 1572 2636 ipsa
1611 2596 1716 2624 cura
1759 2596 1841 2636 pro
1871 2584 2051 2625 lenitate

250 2661 463 2699 sex-eritas
494 2658 636 2708 potius
657 2656 978 2707 requirebatur.
1039 2655 1206 2695 Deinde
1230 2656 1336 2694 Cato
1368 2656 1547 2705 propter
1577 2655 1735 2704 ingenii
1766 2653 2051 2695 subtilitatem

249 2730 532 2781 praeponitur
575 2727 708 2777 equiti
756 2728 948 2765 Romano
993 2726 1227 2776 eidemque
1273 2724 1573 2773 grammatico.
1640 2723 1744 2771 Quis
1788 2725 1937 2763 autem
1982 2724 2052 2764 hic

250 2800 396 2841 fuerit.
431 2799 589 2837 horum
619 2795 939 2835 versiculorum
970 2796 1232 2846 scriptorem
1264 2805 1349 2833 non
1380 2794 1520 2843 magis
1552 2803 1685 2843 quam
1718 2804 1798 2832 nos
1827 2794 1964 2834 scisse
1985 2804 2052 2833 ar-

251 2871 399 2909 bitror.
461 2868 630 2907 Etenim
663 2866 716 2905 de
758 2866 1010 2904 Maecenate
1049 2864 1238 2914 cogitare
1277 2862 1405 2914 plane
1437 2862 1680 2902 absurdum
1713 2873 1813 2902 esse
1844 2863 1942 2914 quis
1972 2874 2051 2903 ne·-

251 2939 396 2990 gabiis?
426 2939 514 2977 Nec·
545 2936 683 2987 magis
714 2934 945 2985 significari
977 2935 1119 2985 potest
1151 2934 1206 2981 is,
1240 2943 1373 2983 quem
1404 2943 1626 2971 nonnemo
1648 2943 1699 2971 ex
1729 2933 1864 2984 ipsius
1885 2932 2052 2973 Satirae

250 3022 288 3046 x.
324 3008 362 3048 6.
397 3010 564 3046 temere
596 3006 796 3057 arripuit,
833 3006 879 3044 D.
915 3003 1146 3050 Laberius,
1181 3002 1512 3053 mimographus
1543 3000 1741 3051 illustris,
1784 3012 1869 3042 non
1900 3012 2052 3053 gram-

251 3079 456 3118 maticus.
481 3078 553 3126 qui
577 3077 733 3115 decem
756 3074 982 3114 mensibus
1002 3075 1099 3124 post
1123 3072 1320 3112 Caesaris
1341 3071 1527 3111 caedem
1550 3071 1601 3121 (a.
1622 3082 1664 3110 u,
1685 3083 1723 3111 c.
1742 3072 1836 3111 7⁴⁴.
1856 3071 2051 3121 ineunte>

251 3147 534 3197 sexagenario
579 3146 716 3184 maior
762 3147 962 3184 mortuus
1004 3146 1083 3182 est.
1146 3142 1455 3191 (Hieronymus
1500 3141 1543 3180 in
1587 3140 1748 3181 Chron.
1789 3140 1950 3181 Euseb.
1994 3141 2050 3181 ad

252 3217 423 3267 olymp.
460 3215 558 3262 484,
609 3216 660 3261 2.)
702 3216 765 3253 «Is
807 3214 991 3263 igitur,»›
1038 3222 1171 3263 quem
1212 3211 1292 3250 sibi
1334 3211 1455 3250 finxit
1494 3210 1943 3262 prooemiographus,
1991 3220 2050 3249 «a

253 3287 557 3337 grammatico.
590 3284 883 3333 antiquiorum
915 3282 1046 3321 veluti
1076 3283 1224 3320 sectae
1254 3281 1475 3332 principe,
1509 3279 1656 3320 multis
1685 3279 1842 3331 plagis,
1876 3289 1958 3318 nec
1984 3278 2052 3318 fe·-

253 3354 343 3394 rula
377 3354 540 3397 solum.
574 3353 650 3393 secl
683 3352 784 3391 loris
815 3355 854 3391 et
889 3351 1083 3395 funibus,
1117 3362 1204 3402 quo
1235 3351 1374 3401 magis
1404 3349 1605 3389 dolerent
1634 3348 1846 3395 verbera,
1894 3347 2051 3388 made-

256 3425 374 3463 favus
407 3425 446 3463 in
478 3422 624 3462 sehola
658 3423 924 3462 erhortomsn
960 3419 1025 3470 (al.
1059 3424 1277 3466 exoratus,
1326 3431 1375 3459 ex
1410 3419 1705 3466 eorrectione,
1753 3428 1840 3469 quo
1870 3428 2052 3458 amove-
