2231 3787
870 272 967 311 LIB.
1004 272 1035 310 1.
1097 271 1261 310 EPIST.
1296 270 1363 309 xl.
1927 266 2028 317 489

265 403 368 455 Per
406 401 653 454 brumam
692 401 920 463 Tiberis,
965 400 1146 455 Sextili
1187 417 1375 454 mense
1416 401 1674 454 caminus.

266 505 406 556 Dum
444 503 568 557 licet
610 521 673 557 ac
710 503 912 557 voltum
953 511 1133 557 servat
1171 505 1406 556 Fortuna
1444 502 1765 573 benignum,
1963 502 2030 553 20

266 607 470 659 Romae
510 604 761 659 laudetur
800 607 991 660 Samos
1032 614 1085 660 et
1124 603 1283 660 Chios
1325 613 1377 658 et
1416 603 1633 658 Rhodos
1673 603 1887 657 absens.

267 709 365 770 Tu,
409 725 792 779 quamcunque
833 708 970 762 deus
1008 707 1103 762 tibi
1143 707 1495 761 fortunaverit
1528 706 1743 768 horam,

269 808 431 863 Grata
469 827 624 863 sume
664 827 851 873 manU,
893 828 1001 864 neu
1041 810 1219 864 dulcia
1258 809 1413 864 differ
1450 810 1504 862 in
1544 826 1765 869 annum,

269 913 357 975 Ut,
399 930 731 984 quocunque
770 912 891 967 loco
932 912 1126 975 fueris,
1169 912 1369 966 vixisse
1408 910 1638 965 libenter

256 1035 298 1073 et
328 1033 395 1073 ⁶23.
430 1034 637 1073 omittunt
666 1035 757 1073 tres
790 1033 928 1074 Codd.
967 1032 1166 1072 Blandin.
1215 1055 1259 1061 —
1301 1032 1368 1071 ⁶23.
1410 1043 1484 1071 nec
1515 1032 1567 1081 d,
1602 1042 1681 1072 sex
1712 1032 1907 1072 Pottierii
1939 1035 1983 1072 et

255 1097 356 1136 LCt.
393 1098 457 1147 (Ut
487 1108 588 1146 nos,
623 1096 809 1149 bScEp.)
836 1119 880 1125 —-

254 1160 368 1199 tierii
399 1158 622 1211 plerique,
656 1160 764 1199 item
796 1160 873 1211 Ep.

202 1264 273 1311 iis,
309 1264 384 1314 qui
417 1274 522 1302 mox
553 1261 834 1314 appellantur
863 1261 1090 1301 abalienati

199 1328 292 1366 iure
332 1326 499 1365 civium.
561 1324 771 1365 Bullatius
816 1326 935 1365 enim
967 1326 1088 1363 certe

202 1401 292 1428 non
324 1390 419 1428 erat
441 1387 581 1437 exsul,
617 1387 697 1428 sed
719 1387 873 1438 splene
895 1386 1092 1437 aliquan-

202 1450 344 1491 tulum
368 1450 601 1490 laborabat
620 1450 712 1499 vel,
747 1451 781 1490 si
803 1451 972 1499 mavis,
1005 1462 1091 1502 με-

202 1509 491 1567 λαγχολικὸς
523 1514 632 1552 erat.
690 1513 797 1561 «Qui
830 1512 951 1552 domi
983 1524 1089 1553 suae

203 1579 438 1618 contentus
471 1577 603 1624 vivit,
650 1575 964 1628 pulcherrimis
1010 1575 1091 1616 illis

204 1640 412 1680 Graeciae
459 1641 504 1679 et
542 1639 673 1679 Asiae
721 1638 911 1679 urbibus
947 1650 1090 1689 aeque

202 1703 394 1743 libenter
425 1704 547 1743 caret
578 1714 630 1742 ac
660 1701 796 1742 rebus
833 1701 1095 1742 molestissi-

204 1767 332 1806 mis.»
369 1789 412 1794 —-
459 1766 669 1817 Mytilene]
717 1760 747 1818 ἦ
793 1762 980 1819 μεγάλη
1010 1765 1091 1805 καὶ

203 1824 328 1881 καλὴ
358 1830 547 1867 vocatur
576 1839 599 1866 a
630 1829 780 1879 Longo
806 1829 851 1877 4,
878 1829 914 1867 4.
953 1852 998 1856 —-
1029 1829 1095 1879 fa-

204 1893 271 1944 cit]
308 1893 484 1940 «iuvat,
519 1893 621 1943 apta
654 1893 763 1931 est.»
815 1893 1015 1943 Propert.
1049 1891 1090 1941 4,

207 1957 223 1995 4
246 1988 254 2004 ,
287 1956 363 1995 2οῑ
396 1956 491 1994 Non
510 1955 635 2006 faciet
655 1955 783 2005 capiti
805 1955 915 1993 dura
935 1965 1094 1993 corona

204 2030 309 2058 meo.
358 2017 482 2058 Ovid.
531 2018 632 2056 Her.
678 2018 723 2066 6,
769 2017 876 2056 4⁵28:
925 2018 1095 2057 Medeae

208 2081 371 2131 faciunt
401 2081 456 2118 acl
484 2080 614 2118 scelus
642 2091 761 2119 omne
779 2091 943 2118 manvus.
988 2080 1091 2119 Her.

211 2145 262 2183 115
286 2176 293 2192 ,
328 2143 376 2183 8:
423 2143 518 2181 Non
547 2143 652 2193 facit
679 2144 734 2181 ad
764 2143 964 2181 lacrimas
994 2142 1097 2181 bar—

210 2207 312 2245 bitos
339 2205 429 2244 ‘ulta
448 2215 574 2244 meas.
621 2207 691 2244 Pr.
717 2204 772 2244 de
795 2205 1098 2244 medicamen-

212 2270 297 2309 tis:
330 2267 436 2308 Plin.
471 2268 523 2307 H.
557 2268 606 2307 N.
639 2267 715 2316 ⁶22,
750 2267 825 2316 48,
859 2268 904 2306 24
933 2279 940 2305 z
980 2268 1099 2306 Facit

210 2334 265 2372 acl
296 2331 581 2383 difficultatem
608 2331 760 2370 urinae
791 2328 1097 2381 (chamaeleon

210 2394 384 2445 herba).
422 2417 468 2422 —
513 2393 712 2445 Paenula]
758 2394 895 2433 vestis
936 2403 1098 2444 gausa-

211 2459 314 2511 pina
343 2456 415 2496 vel
446 2457 649 2505 scortea,
696 2468 782 2508 qua
814 2467 950 2508 super
979 2456 1097 2495 tuni—

214 2531 314 2561 cam
339 2521 524 2571 accepta
545 2521 749 2570 tempore
771 2519 993 2570 frigidiore
1014 2529 1097 2570 per

213 2584 370 2623 itinera
418 2581 686 2629 utebantur3
750 2593 833 2634 per
880 2582 1099 2621 aestatem

214 2647 397 2697 propter
420 2644 757 2696 spissitudinem
777 2643 966 2684 molesta
985 2645 1094 2683 erat.

216 2709 379 2748 Contra
435 2711 665 2757 campestre
725 2705 1095 2757 (subligaculum,

214 2769 535 2809 succinctorium
554 2770 738 2820 August.
766 2769 813 2808 C.
837 2769 889 2808 D.
911 2768 976 2818 44,
997 2769 1096 2819 47.),

216 2828 476 2883 κατάζωμα
512 2827 744 2884 (διάζωμα
785 2832 891 2888 περὶ
931 2827 991 2871 τὰ
1032 2831 1102 2870 αῖ-

217 2892 329 2932 δοῖα
344 2894 544 2943 Thucyd.
565 2895 603 2942 4,
624 2894 697 2943 6.),
721 2894 1098 2945 Kampfschurz,

220 2956 449 3006 inguinum
467 2955 772 2996 velamentum
786 2955 987 3002 linteum,
1013 2966 1101 3007 quo

222 3016 513 3068 cingebantur
532 3018 717 3057 iuvenes
739 3019 782 3058 in
801 3020 971 3069 Campo
993 3019 1105 3059 Mar-

221 3080 302 3127 tio,
348 3079 455 3119 nudi
498 3089 686 3130 corpora
727 3082 990 3120 exercentes
1032 3079 1104 3120 vel

222 3141 416 3182 Tiberim
445 3140 722 3182 denatantes.
773 3143 1045 3193 Augustinus
1073 3141 1100 3182 l.

222 3203 280 3243 l.:
330 3203 409 3253 Qui
446 3203 506 3242 ita
547 3203 742 3242 succincti
771 3209 887 3254 sunt,
935 3215 1106 3255 campe—

222 3270 374 3306 stratos
391 3265 537 3316 votyus
557 3265 755 3314 appellat.
784 3289 828 3293 —-
853 3267 984 3319 auris]
1012 3268 1106 3307 Hoc

223 3328 352 3380 longe
398 3328 714 3379 significantius
760 3329 829 3366 est
873 3329 928 3367 ad
973 3328 1106 3380 frigus

225 3390 467 3431 molestum
501 3388 845 3441 exprimendum
880 3401 1016 3440 quam
1044 3389 1109 3429 al-

229 3455 322 3492 tera
342 3452 473 3492 lectio
494 3452 618 3492 horis.
648 3474 690 3478 -
716 3451 878 3502 Sextili]
908 3451 970 3490 Cs.
996 3452 1104 3503 Epp.

231 3515 276 3563 4,
308 3515 356 3563 7,
389 3516 429 3555 2.
468 3538 510 3543 —
546 3513 748 3564 caminus]
796 3512 965 3554 foculus
1006 3524 1107 3552 cum

904 1096 973 1137 ⁶24.
1012 1095 1071 1147 Ut]
1108 1097 1165 1135 Tu
1186 1096 1326 1136 Codd.
1351 1094 1571 1142 Blandin.⁷
1606 1095 1794 1145 Franeq.
1821 1096 1865 1134 et
1884 1096 1985 1135 Pot-

924 1161 987 1210 (Ut
1018 1170 1122 1207 nos,
1157 1156 1278 1208 bSc.)

1154 1270 1318 1312 pruna,
1369 1260 1465 1310 qui,
1513 1261 1561 1298 ut
1604 1259 1803 1307 videtur,
1853 1271 1907 1298 ex
1950 1271 2038 1299 uno

1157 1320 1380 1363 conclavis
1411 1320 1508 1361 loco
1538 1322 1581 1360 in
1602 1320 1790 1361 alterum
1813 1322 2040 1362 transferri

1155 1387 1358 1438 poterat,
1394 1383 1601 1436 qualibus
1624 1385 1882 1424 etiamnunc
1908 1385 2041 1424 inter-

1156 1449 1265 1488 dum
1295 1449 1480 1487 utuntur
1499 1446 1608 1486 Itali.
1659 1446 1869 1487 Consulto
1892 1450 2041 1487 autem

1157 1509 1353 1551 cumulat
1408 1510 1752 1561 perversissima
1806 1521 2039 1561 quaeque,

1156 1576 1204 1613 ut
1234 1574 1277 1612 in
1301 1571 1517 1613 versiculo
1548 1571 1619 1612 illo
1650 1572 1766 1623 apud
1795 1571 1905 1612 Plut.
1929 1572 2039 1612 Adv.

1158 1637 1289 1676 Stoic.
1323 1636 1398 1684 ⁶26,
1433 1636 1484 1675 6:
1518 1633 1817 1688 Δειπνῶμεν,
1853 1633 1929 1674 ἵνα
1959 1635 2042 1675 θύ-

1158 1711 1309 1751 rottei),
1335 1696 1411 1738 ἵνα
1428 1695 1619 1751 λουώιιε
1625 1698 1702 1738 θα.
1729 1699 2046 1738 —voltumser-

1155 1766 1229 1801 vat
1257 1763 1303 1801 F.
1334 1761 1388 1812 b.]
1437 1760 1667 1801 Philemon
1697 1762 1827 1801 Klein
1860 1773 1904 1832 p.
1939 1761 2039 1800 339.

1150 1819 1290 1864 Ὅταν
1335 1836 1425 1863 ποτ
1484 1819 1818 1881 ἆνθοώποισιν
1850 1819 1879 1876 ἦ
1912 1820 2044 1876 Τύχη

1158 1901 1208 1941 201
1196 1884 1289 1942 λᾷ.
1341 1886 1464 1926 Oxid.
1504 1888 1633 1927 Trist.
1660 1888 1705 1935 4,
1739 1887 1788 1934 5,
1821 1887 1899 1925 27:
1932 1887 2047 1925 Dum

1159 1924 1278 1990 iuvat
1314 1954 1351 1990 et
1387 1950 1504 1989 voltu
1532 1951 1640 1990 iidet
1668 1951 1751 1989 For
1754 1953 1856 1988 tuna
1886 1960 2043 1988 sereno.

1160 2016 1304 2054 Nerva
1351 2014 1395 2052 in
1440 2013 1593 2052 Edicto
1635 2012 1752 2064 apud
1795 2011 1899 2051 Plin.
1933 2013 2044 2063 Epp.

1163 2077 1239 2125 40,
1265 2077 1342 2115 66:
1378 2077 1509 2125 Quem
1537 2076 1728 2115 Fortuna
1748 2075 1915 2125 imperii
1933 2075 2049 2114 voltu

1160 2139 1331 2178 meliore
1359 2139 1558 2188 respexit.
1597 2160 1642 2166 —-
1675 2136 1842 2189 Romae]
1897 2138 2048 2177 «Dum

1162 2203 1327 2241 Romae
1373 2202 1561 2241 vix-imus
1592 2199 1766 2249 felices,
1813 2199 2048 2239 laudemus

1163 2275 1269 2303 sane
1303 2275 1516 2303 amoenas
1549 2266 1592 2303 et
1624 2263 1833 2315 pulchras
1864 2262 1958 2303 illas
1978 2274 2050 2302 ur-

1161 2326 1244 2366 bes
1263 2358 1270 2374 ,
1304 2337 1387 2366 nec
1411 2328 1563 2365 tamen
1580 2326 1855 2377 abripiamur
1869 2325 1962 2364 ullo
1975 2336 2049 2365 eas

1161 2388 1336 2428 visendi
1358 2388 1625 2428 desiderio.»
1648 2410 1693 2415 -—
1718 2387 1874 2438 absens]
1907 2387 2051 2426 «Rho-

1165 2452 1246 2491 dos
1291 2462 1315 2490 a
1353 2451 1495 2503 patria
1534 2452 1684 2490 nostra
1729 2449 1884 2501 procul
1923 2450 2048 2489 sita.»

1220 2514 1367 2554 22-30.
1404 2514 1481 2563 Tu,
1507 2524 1800 2563 quamcunque
1821 2513 1924 2562 cet]
1963 2512 2052 2552 Cur

1162 2589 1235 2617 vv.
1273 2577 1341 2617 ⁶22.
1387 2578 1431 2616 et
1470 2576 1538 2616 23.
1582 2577 1626 2616 in
1676 2575 1859 2626 Cruquii
1908 2574 2047 2615 Codd.

1165 2640 1317 2680 omissi
1337 2638 1518 2689 fuerint,
1553 2638 1803 2678 Schmidius
1833 2639 1956 2677 recte
1980 2649 2052 2677 ex-

1164 2702 1343 2755 plicavit
1372 2713 1423 2741 ex
1457 2701 1586 2742 simili
1616 2702 1737 2741 initio
1768 2713 1811 2740 v.
1842 2700 1929 2749 ⁶24„
1976 2699 2052 2739 ubi

1164 2765 1330 2805 librarii
1361 2764 1419 2804 illi
1443 2763 1564 2804 velut
1585 2763 1699 2804 saltu
1721 2764 1836 2804 facto
1858 2763 2053 2814 scripse-

1166 2830 1271 2867 runt
1304 2828 1361 2866 Tu
1391 2837 1650 2877 quocunque.
1679 2850 1724 2855 —
1755 2824 2052 2877 fortunaverit]

1166 2891 1217 2930 V.
1250 2891 1473 2942 fortunare
1517 2891 1584 2930 est
1624 2888 1918 2929 formularum
1948 2887 2053 2928 reli-

1168 2954 1409 3005 giosarum.
1461 2952 1666 2992 Afranius
1707 2951 1825 3003 apud
1856 2953 1965 2991 Non.
2006 2961 2050 3002 p.

1170 3015 1263 3055 409.
1297 3016 1458 3056 Mero:
1491 3016 1601 3055 Deos
1629 3026 1703 3066 eqo
1734 3014 1867 3053 omnis
1896 3017 1942 3052 ut
1970 3014 2057 3064 for-

1169 3079 1377 3118 tunassint
1399 3089 1567 3128 precor.
1597 3101 1641 3105 —
1677 3077 1815 3116 Grata
1833 3086 1948 3115 sume
1966 3086 2057 3114 ma-

1167 3140 1239 3192 nu]
1284 3141 1411 3192 quasi
1447 3140 1616 3180 donum
1652 3140 1773 3179 esset
1801 3136 1973 3178 visibile
2005 3148 2055 3177 ac

1169 3202 1342 3252 tactile,
1385 3214 1467 3255 pro
1497 3202 1720 3254 pedestris
1752 3202 1862 3240 orat.
1898 3200 2054 3250 «grato

1171 3266 1363 3305 animo.»
1414 3286 1458 3293 —
1507 3265 1682 3313 annum]
1731 3275 1811 3315 pro
1853 3264 2053 3312 tempore

1172 3327 1355 3367 infinito.
1390 3329 1498 3380 Epp.
1525 3328 1540 3366 4
1565 3359 1573 3376 ,
1597 3327 1643 3375 2,
1668 3326 1719 3365 38
1741 3337 1748 3363 t
1792 3325 1827 3363 si
1857 3323 1956 3372 quid
1983 3323 2055 3361 Est

1173 3390 1383 3438 animum,
1431 3390 1573 3440 differs
1606 3386 1784 3426 curandi
1823 3389 1979 3433 tempus
2013 3384 2055 3422 in

1174 3452 1367 3492 annum?
1401 3475 1444 3480 -
1487 3452 1641 3490 vixisse
1671 3447 1855 3496 libenter]
1901 3446 2055 3485 Crates

1174 3515 1367 3564 tragicus
1408 3513 1524 3565 apud
1556 3513 1678 3562 Diog.
1715 3510 1855 3549 Laert.
1891 3508 1936 3557 6,
1971 3506 2053 3548 98:
