2231 3787
283 287 384 337 (370

353 420 415 469 At
453 416 496 468 si
536 412 750 466 divitiae
788 408 1109 481 prudentem
1147 404 1378 458 reddere
1417 408 1662 471 possent,

890 277 1103 318 HORATII
1136 274 1385 316 EPISTOLA
1395 272 1501 313 RU'M

356 518 408 571 Si
449 515 705 587 cupidum
745 510 1097 579 timidumque
1139 506 1314 558 minus
1354 511 1430 562 te,
1473 516 1667 570 nempe
1709 497 1957 556 rubereS,

357 619 568 673 Viveret
606 617 656 668 in
696 614 852 668 terris
891 621 942 664 te
981 610 1024 662 si
1065 607 1187 678 quis
1226 603 1438 658 avarior
1474 618 1598 655 uno.

357 721 410 773 Si
452 718 729 791 proprium
766 722 873 774 est,
915 709 1063 782 quod
1102 708 1224 780 quis
1262 705 1398 758 libra
1435 711 1704 758 mercatur
1743 709 1795 755 et
1833 717 1986 761 aere,

358 820 662 887 Quaedam,
705 817 748 869 si
789 812 965 869 credis
1004 808 1286 870 consultis,
1330 805 1597 875 mancipat
1633 820 1794 866 usus3

361 923 463 987 Qui
502 929 553 973 te
593 918 762 990 pascit
802 932 953 986 ager,
995 922 1117 966 tuus
1158 918 1262 973 est,
1305 918 1358 962 et
1393 907 1584 960 vilicus
1624 904 1783 966 Orbi,

2008 901 2027 954 4
2042 904 2109 954 6Ο

362 1024 496 1078 Cum
532 1029 746 1091 segetes
786 1024 940 1070 occat
975 1013 1069 1068 tibi
1109 1029 1234 1065 mox
1270 1010 1535 1063 frumenta
1574 1006 1818 1067 daturas,

362 1127 433 1178 Te
472 1123 747 1177 dominum
787 1117 959 1172 sentit.

1034 1117 1142 1168 Das
1181 1129 1456 1172 nummOS,
1499 1108 1699 1180 accipis
1738 1124 1924 1167 uvam,

406 1297 499 1336 456.
517 1296 676 1343 minus,
708 1298 753 1332 tu
780 1302 924 1341 nempe
954 1301 1007 1329 ex
1035 1299 1124 1328 uno
1155 1285 1387 1327 Pulmanni
1417 1283 1633 1334 Cuningh.
1657 1305 1701 1310 -
1728 1281 1820 1321 458.
1852 1285 2061 1320 mercatus

347 1365 384 1400 et
415 1370 510 1399 aere
540 1362 596 1397 est
626 1358 673 1404 S,
720 1366 835 1394 unus
869 1353 937 1402 (8.)
970 1350 1186 1397 Pottierii,
1225 1349 1311 1388 duo
1344 1346 1576 1394 Schmidii,
1623 1346 1688 1385 LC
1732 1346 1776 1384 et
1810 1343 2057 1391 Bentleius,

347 1425 556 1462 mercatus
585 1424 622 1459 et
651 1429 746 1457 aere
777 1419 806 1456 t.
859 1417 922 1466 (Ut
951 1425 1057 1463 nos,
1091 1411 1285 1452 Pottierii
1316 1410 1483 1458 ceteri,
1517 1409 1655 1454 bScd,
1700 1408 1787 1447 duo
1818 1405 2060 1455 Schmidii.)

351 1505 399 1513 —
434 1483 527 1523 460.
563 1480 673 1532 Orbi]
707 1480 803 1531 aqri
833 1489 948 1518 corr.
971 1476 1016 1516 b.
1046 1499 1088 1503 ——
1115 1474 1208 1514 464.
1241 1474 1419 1512 daturus
1446 1471 1587 1520 bScd,
1621 1470 1815 1510 Pottierii
1843 1468 2060 1521 plerique,

350 1548 441 1585 tres
464 1542 688 1591 Schmun,
713 1542 809 1581 LtF.
846 1540 910 1590 (Ut
930 1548 1026 1586 nos,
1062 1536 1202 1577 Codd.
1226 1534 1445 1585 Blandin.,
1467 1532 1599 1587 βγζκ,
1625 1535 1835 1584 quattuor
1853 1530 2061 1578 Pottierii‚

297 1700 577 1753 glossemata.
605 1721 649 1725 —
672 1696 870 1747 cupidum
890 1693 1174 1743 timidumque]

298 1763 376 1804 Od.
400 1764 441 1811 2,
467 1763 533 1810 46,
558 1762 622 1801 45.
657 1760 782 1799 timor
811 1762 884 1797 aut
904 1757 1052 1807 cupido
1074 1757 1178 1795 Sor-

297 1827 431 1865 didus.
464 1825 572 1875 Epp.
598 1824 614 1862 4
636 1854 643 1870 ,
672 1823 719 1869 ⁵2,
745 1822 789 1860 54
814 1832 821 1858 :
858 1821 937 1870 Qui
964 1819 1079 1869 eupit
1107 1822 1180 1856 aut

298 1887 457 1927 metuit.
492 1885 554 1924 Cf.
575 1885 682 1936 Epp.
706 1884 745 1928 4,
765 1883 804 1930 6,
825 1882 848 1921 9
867 1893 934 1932 sq.
957 1904 1001 1909 —
1020 1879 1177 1931 nempe]

303 1949 421 1988 «sine
445 1946 605 1995 dubio,
634 1947 682 1984 ut
702 1943 826 1984 facile
849 1941 1074 1982 intellectu
1095 1943 1176 1989 est,

300 2010 553 2051 naturlieh.»
587 2007 650 2048 Cf.
681 2007 807 2047 Hand
837 2006 906 2045 IV.
939 2016 983 2056 p.
1011 2005 1103 2044 458.
1129 2025 1177 2031 -

307 2075 465 2114 Viveret
494 2072 538 2110 in
568 2069 702 2120 terris]
734 2070 844 2120 Epp.
868 2069 916 2115 2,
942 2069 980 2116 4,
1005 2066 1102 2106 494ῑ
1137 2066 1182 2104 Si

302 2138 408 2188 foret
428 2135 471 2173 in
491 2133 627 2173 terris.
653 2153 698 2160 -—
725 2129 846 2180 libra]
872 2129 1002 2169 Gaius
1021 2129 1058 2176 4,
1085 2127 1178 2167 449;

304 2200 377 2238 Est
412 2195 669 2245 mancipatio
687 2215 706 2222 -
725 2215 739 2223 κ
760 2192 1023 2244 imaginaria
1060 2200 1186 2240 quae-

306 2262 405 2300 dam
422 2259 602 2298 venditio
614 2268 627 2305 ,·
648 2279 667 2285 -
682 2277 700 2284 -
715 2266 844 2305 eaque
862 2265 929 2294 res
944 2255 1006 2293 ita
1022 2253 1182 2304 agitur,

304 2322 498 2362 adhibitis
539 2331 622 2359 non
664 2319 801 2357 minus
840 2328 969 2367 quam
1003 2316 1185 2364 quinque

306 2385 492 2433 testibus,
535 2381 690 2421 civibus
718 2380 915 2420 Romanis
942 2378 1181 2429 puberibus,

307 2453 344 2489 et
367 2451 591 2498 praeterea
614 2445 696 2484 alio
717 2443 896 2482 eiusdem
916 2440 1182 2489 condicionis,

309 2511 381 2560 qui
417 2509 568 2548 libram
597 2516 770 2546 aeneam
805 2508 959 2553 teneat,
1006 2503 1077 2553 qui
1106 2514 1186 2552 ap-

302 2573 488 2623 pella-tur
519 2569 734 2619 libripens:
780 2568 834 2617 is,
872 2567 943 2615 qui
975 2566 1186 2615 mancipio

311 2635 483 2684 accipit,
514 2643 604 2671 rem
633 2635 770 2670 tenens
798 2630 860 2668 ita
890 2628 1013 2668 dicit:
1043 2629 1082 2668 H
1088 2638 1187 2667 unc

313 2707 402 2748 esso
445 2694 698 2734 hominem
742 2703 801 2731 ea:
843 2692 960 2730 iure
1004 2691 1188 2740 Quiri-

313 2760 441 2798 tium
468 2768 629 2796 meum
659 2766 766 2795 esse
795 2754 900 2803 aio,
932 2754 1076 2802 isque
1103 2753 1190 2791 mi-

313 2821 362 2859 hi
397 2824 590 2869 emptus
625 2821 698 2857 est
734 2818 826 2856 hoc
856 2827 979 2855 aere
1007 2826 1188 2854 aenea—

315 2893 405 2932 que
435 2882 600 2921 libra:
632 2881 776 2919 deinde
805 2890 901 2919 aere
926 2878 1106 2928 pereutit
1137 2878 1191 2916 li—

316 2945 404 2983 bra
417 2955 481 2992 m,
506 2944 628 2991 idque
648 2952 733 2981 aes
762 2942 834 2980 dat
854 2941 904 2990 ei,
928 2952 956 2979 a
977 2952 1057 2990 quo
1073 2951 1192 2978 man-

315 3007 422 3057 cipio
466 3005 640 3054 caeokpit,
687 3004 807 3051 quasi
841 3004 967 3053 pretii
1002 3003 1104 3042 loeo.
1140 3023 1186 3029 —

316 3067 524 3118 consultis]
566 3066 661 3106 Vid.
687 3065 743 3104 ad
767 3067 854 3104 Sat.
880 3066 895 3104 4
918 3097 926 3114 ,
961 3066 976 3104 4
1000 3097 1008 3114 ,
1042 3065 1107 3103 47.
1145 3086 1188 3091 -

316 3128 544 3180 mancipat]
576 3127 669 3168 Noli
700 3138 802 3166 cum
833 3127 1192 3166 Commentatore

319 3194 521 3245 Cruquii,
556 3200 691 3242 quern
721 3190 921 3239 sequitur
949 3187 1197 3228 Dillenbur-

319 3267 412 3307 ger,
430 3252 712 3305 interpretari
731 3251 976 3301 «mancipio
993 3249 1191 3300 accipit,»

321 3317 402 3358 sed
434 3315 677 3366 «mancipio
701 3313 818 3353 dat.»
845 3334 888 3339 -—
912 3310 1023 3362 usus]
1048 3311 1090 3350 id
1111 3313 1192 3359 est,

321 3379 553 3430 usucapio,
588 3388 702 3429 quae
724 3377 906 3415 auctore
927 3373 1105 3425 Ulpiano
1127 3374 1192 3412 Fr.

323 3442 388 3490 49,
413 3441 452 3481 8.
486 3444 555 3480 est
575 3440 745 3480 dominii
775 3437 939 3487 adeptio
962 3447 1041 3486 per
1065 3436 1198 3475 conti-

322 3503 560 3543 nuationem
570 3500 831 3552 possessionis
839 3500 940 3540 anni
951 3499 1015 3539 vel
1031 3499 1196 3547 biennii,

1239 1702 1384 1731 rerum
1425 1690 1639 1730 mobilium
1681 1689 1804 1738 anni,
1849 1686 2122 1726 immobilium

1242 1753 1413 1801 biennii3
1434 1752 1596 1804 quibus
1614 1750 1728 1791 adde
1747 1750 1889 1799 Gaiie,
1905 1749 1980 1790 44:
2005 1750 2123 1799 Quod

1241 1817 1331 1855 ideo
1361 1820 1570 1865 receptum
1594 1816 1783 1863 videtur,
1815 1824 1866 1852 ne
1885 1824 2027 1852 rerum
2047 1813 2123 1851 do—

1241 1879 1376 1918 minia
1401 1879 1555 1917 diutius
1583 1878 1626 1916 in
1655 1878 1811 1916 incerto
1841 1879 1992 1922 essent,·
2029 1886 2124 1914 cum

1242 1941 1447 1992 sufficeret
1468 1941 1632 1979 domino
1650 1940 1705 1978 ad
1729 1940 1769 1978 in
1777 1939 2022 1988 quirendam
2037 1949 2126 1977 rem

1243 2014 1363 2042 snam
1383 2003 1485 2042 anni
1506 2006 1581 2041 aut
1611 2001 1764 2041 biennii
1791 2001 1990 2050 spatium,
2015 2001 2126 2050 quod

1245 2070 1402 2114 tempus
1417 2066 1472 2103 ad
1491 2065 1787 2114 usucapionem
1805 2063 2032 2113 possessori
2052 2063 2127 2102 tri-

1245 2128 1386 2167 butusm
1415 2131 1485 2167 est.

1303 2190 1522 2229 460-467.
1567 2189 1715 2228 ‘vilicus
1754 2187 1866 2238 Orbi]
1914 2186 2122 2236 «Orbius,

1246 2253 1420 2303 ignotus
1476 2251 1807 2291 latifundiorum
1874 2260 2123 2302 possessor.

1248 2314 1425 2366 (ORBIO
1454 2313 1648 2354 MAGNO
1681 2316 1750 2353 est
1769 2314 1889 2352 Grut.
1913 2312 2014 2361 589,
2039 2312 2123 2360 40..,

1248 2376 1366 2428 apud
1385 2387 1521 2427 quem
1544 2378 1776 2428 praeterea
1792 2375 1986 2415 ORBIAE
2004 2375 2130 2425 quat-

1249 2443 1349 2479 tuor
1386 2438 1699 2490 reperiuntur.)
1757 2439 1820 2478 De
1862 2448 1910 2477 re
1952 2437 2125 2477 Comm,

1251 2503 1453 2553 Cruquii:
1482 2503 1614 2553 «Ayer
1635 2502 1710 2553 qui
1730 2503 1774 2541 te
1795 2501 1951 2552 pascit,
1974 2508 2129 2551 quam-

1249 2565 1317 2604 vis
1359 2563 1537 2604 alterius
1578 2564 1633 2604 sit
1659 2565 1934 2615 proprietas,
1976 2565 2128 2602 tamen

1253 2630 1352 2667 tuus
1384 2629 1472 2676 est,
1511 2628 1613 2678 quia
1645 2637 1697 2666 eo
1728 2627 1866 2666 uteris
1889 2627 1933 2665 et
1961 2624 2128 2664 fructus

1250 2690 1486 2742 percipis.»
1528 2690 1639 2728 Nam
1670 2690 1854 2739 accepto
1876 2698 1899 2726 a
1921 2689 1963 2726 te
1986 2686 2128 2738 pretio

1251 2751 1404 2791 vilicus
1434 2750 1512 2790 tibi
1544 2751 1691 2801 fruges
1720 2749 1893 2796 vendin
1927 2751 1973 2788 tu
2000 2749 2130 2799 igitur

1251 2825 1359 2853 vere
1389 2813 1597 2852 dominus
1625 2823 1692 2861 es,
1725 2810 1795 2851 ille
1816 2810 1992 2850 videtur
2012 2821 2127 2858 esse,

1253 2888 1306 2916 eo
1338 2877 1519 2926 insuper
1548 2874 1823 2923 discrimine,
1856 2876 1904 2913 ut
1932 2876 1978 2913 tu
1998 2872 2130 2912 hodie

1254 2949 1355 2978 cum
1378 2949 1506 2983 uvas,
1541 2948 1639 2977 cras
1660 2936 1824 2988 pullos,
1858 2935 2020 2976 deinde
2045 2934 2134 2974 fru-

1254 3003 1403 3040 menta
1426 3002 1469 3039 et
1488 3000 1587 3039 vina
1610 3010 1758 3048 emas,
1783 2996 1993 3050 paulatim
2015 3006 2133 3036 mer-

1257 3064 1371 3103 ceris
1402 3065 1544 3102 totum
1574 3073 1731 3113 agrum
1763 3061 1821 3112 (id
1850 3063 1937 3109 est,
1975 3069 2133 3099 omnes

1259 3127 1352 3165 eius
1393 3126 1673 3176 proventus),
1722 3134 1857 3174 quem
1900 3132 2135 3174 possessor

1258 3188 1467 3227 trecentis
1497 3185 1673 3227 milibus
1708 3184 1837 3225 simul
1868 3183 2020 3225 solutis
2050 3183 2135 3223 sibi

1260 3252 1408 3290 emit.»
1432 3250 1629 3288 DlLLENB.
1654 3272 1698 3276 —
1718 3247 1849 3298 occat]
1874 3245 2044 3286 Colum.
2065 3246 2132 3295 44,

1258 3314 1298 3361 2,
1318 3313 1370 3352 82
1387 3324 1394 3350 :
1421 3312 1597 3351 Sementi
1615 3311 1733 3361 facta
1747 3311 1940 3348 inoccare
1959 3311 2132 3357 oportet,

1259 3375 1368 3425 quod
1395 3374 1612 3424 sparseris.
1639 3395 1684 3400 —-
1707 3369 1896 3421 daturas]
1929 3369 1990 3410 Cf.
2013 3370 2130 3420 Virg.

1261 3437 1336 3476 Ge.
1360 3436 1400 3485 2,
1425 3434 1528 3475 44οῑ
1559 3436 1678 3485 Ipsae
1697 3433 1899 3474 Caucasio
1917 3432 2074 3472 steriles
2090 3433 2135 3471 in

1258 3498 1409 3537 vertice
1436 3497 1566 3536 silvae
1602 3518 1625 3524 —
1645 3518 1667 3524 —
1701 3496 1845 3535 Dant
1883 3493 1987 3534 alios
2024 3493 2135 3533 aliae
