2231 3787
306 266 405 317 544.

908 267 1121 307 HORATII
1152 267 1518 309 EPISTOLARUM

376 399 543 450 Dante
584 398 778 457 minor,
822 398 1065 467 quamvis
1106 398 1210 450 fers
1251 407 1300 449 te
1341 397 1535 449 nullius
1576 406 1837 467 egentem.

377 499 564 553 Omnis
603 499 930 569 Aristippum
970 498 1150 552 decuit
1187 497 1337 549 color
1376 507 1427 549 ct
1467 506 1634 549 status
1675 506 1727 549 et
1764 514 1874 550 res,

375 603 681 655 Tentantem
722 600 949 658 maiora,
996 598 1104 651 sere
1144 597 1520 668 praesentibus
1560 615 1809 668 aequum.

379 703 598 762 Contra,
639 718 798 771 quem
839 699 1038 770 duplici
1077 716 1254 770 panno
1293 699 1546 770 patientia
1586 698 1747 754 velat.

374 803 629 859 Mirabor,
672 802 811 854 vitae
850 801 935 853 via
975 801 1017 853 si
1058 818 1318 854 conversa
1359 800 1586 854 decebit.

412 979 477 1017 25.
510 977 715 1027 sapientia
745 974 981 1016 Markland.

302 1145 427 1174 nem:
473 1144 611 1185 «quae
641 1144 832 1185 poscens
863 1135 910 1172 tu
941 1132 1034 1184 ipse
1068 1143 1177 1172 con-

302 1197 460 1243 fiteris,
496 1199 537 1235 te
571 1197 702 1235 etiam
724 1195 851 1246 volgo
872 1195 1099 1242 minorem,
1134 1193 1177 1232 id

302 1261 390 1307 est,
432 1258 688 1298 inferiorem
729 1259 773 1297 et
803 1258 842 1296 ei
874 1257 999 1307 quasi
1031 1256 1178 1296 obno-

300 1322 420 1361 xium
451 1331 594 1360 esse.»
644 1321 743 1371 lpse
781 1319 1001 1370 Diogenes
1042 1318 1097 1357 de
1129 1330 1177 1358 se

301 1383 418 1435 apud
438 1384 560 1433 Diog.
586 1383 630 1421 L.
657 1383 703 1430 6,
737 1382 814 1421 60:
846 1377 987 1421 Κύων
1007 1378 1180 1420 καλοῦ-

299 1458 390 1497 μαι
427 1441 540 1495 τοὺς
582 1443 671 1496 μὲν
711 1440 930 1493 διδόντας
971 1444 1176 1491 σαίνων,

302 1503 411 1557 τους
453 1505 502 1547 δὲ
550 1503 618 1559 μὴ
669 1502 887 1555 διδόντας
935 1500 1177 1553 ὑλακτῶν,

300 1567 412 1620 τοὺς
441 1567 490 1609 δὲ
521 1564 762 1626 πονηροὺς
783 1564 984 1607 δάκνων.
1014 1591 1056 1597 —
1081 1567 1177 1618 fers]

302 1632 578 1684 «praedicas,
625 1632 814 1678 iactas,»
847 1633 896 1668 ut
924 1630 1042 1679 Virg.
1066 1630 1176 1668 Aen.

299 1697 338 1741 5,
363 1695 463 1734 372:
490 1695 559 1744 qui
581 1705 620 1732 se
637 1693 843 1742 Bebrycia
857 1693 1022 1731 veniens
1036 1692 1180 1741 Amyci

300 1758 347 1797 de
375 1761 493 1808 pente
520 1756 690 1807 serebat.
718 1779 763 1782 —
796 1755 962 1806 nullius]
995 1756 1180 1805 Propter

300 1819 622 1871 oppositionem
640 1819 776 1857 Dante
791 1818 930 1856 minor
945 1815 1104 1856 melius
1120 1817 1182 1856 vi-

301 1881 450 1924 detur,
487 1882 534 1919 ut
563 1880 649 1919 hoc
678 1891 719 1919 Υ.
743 1879 963 1918 habemus
994 1889 1074 1929 pro
1101 1890 1180 1929 ge-

300 1955 407 1983 nere
425 1941 669 1983 masculino
688 1953 822 1992 quam
844 1952 924 1992 pro
941 1942 1112 1989 neutro,
1133 1942 1181 1979 ut

301 2008 369 2046 est
389 2009 437 2045 A.
472 2008 516 2045 P.
551 2004 650 2044 324:
687 2004 839 2043 nullius
860 2004 1019 2042 avaris.
1053 2003 1175 2053 Diog.

300 2069 346 2107 L.
368 2068 413 2116 6,
437 2069 512 2106 55:
534 2062 665 2122 Πρὸς
686 2061 800 2115 τοὺς
822 2062 1180 2117 συμβουλεύον-

300 2141 385 2178 τας
414 2125 498 2168 τὸν
529 2123 807 2184 ἀποδράντα
834 2122 982 2166 αὐτοῦ
1005 2121 1180 2166 δοῦλον

300 2195 479 2245 ζητεῖν,
530 2189 750 2239 Γελοῑον,
785 2184 909 2242 ἔφη,
943 2190 985 2228 εἰ
1013 2186 1180 2241 Μάνης

299 2254 388 2306 μὲν
406 2254 552 2311 χωρὶς
572 2251 830 2306 Διογένους
851 2249 923 2308 ζῇ,
948 2249 1179 2304 Διογένης

300 2315 349 2356 δὲ
379 2317 523 2373 χωρὶς
553 2312 719 2355 Μάνου
753 2310 808 2355 οὐ
841 2311 1057 2354 δύναται.

354 2379 501 2419 23-26.
528 2379 668 2417 Omnis
680 2378 939 2427 Aristippum
957 2376 1060 2427 cet]
1083 2374 1182 2415 Plu-

300 2442 439 2481 tarch.
464 2441 518 2480 de
540 2442 698 2491 Tranq.
719 2451 788 2479 an.
809 2441 833 2480 8
855 2453 862 2479 :
889 2435 937 2478 Ὁ
953 2433 1181 2495 Ἀρίστιπ-

300 2515 389 2553 πος
408 2527 432 2532 -
449 2525 471 2531 -
492 2497 698 2555 ἀγαθός,
737 2496 899 2559 ὥσπερ
927 2500 1002 2542 ἐπὶ
1034 2497 1177 2554 ζυγοῦ

299 2563 419 2623 πρὸς
449 2561 506 2605 τὰ
537 2563 761 2613 βελτίονα
790 2564 884 2604 τῶν
921 2559 1180 2615 ὑποκειμέ-

301 2642 394 2667 νων
437 2624 748 2684 ἐξαναφερειν
792 2627 874 2666 καὶ
907 2620 1179 2674 ἀνακουφί-

299 2694 392 2742 ζειν
423 2686 585 2730 αὐτόν.
618 2691 740 2740 Diog.
765 2691 809 2729 L.
834 2690 874 2736 2,
900 2689 975 2728 66:
1017 2682 1099 2727 Ἦν
1128 2685 1177 2727 δὲ

303 2749 468 2802 ἱκανὸς
498 2748 814 2808 ἁρμόσασθαι
843 2751 924 2790 καὶ
945 2746 1075 2803 τόπῳ
1097 2750 1178 2789 καὶ

301 2813 459 2872 χρόνῳ
503 2816 584 2855 καὶ
621 2811 862 2871 προσώπῳ
906 2813 987 2852 καὶ
1017 2808 1179 2852 πᾶσαν

302 2879 579 2934 περίστασιν
628 2872 872 2933 ἁρμονίως
918 2871 1179 2931 ino-apim-

302 2940 432 2979 σθαι.
462 2963 505 2968 —
529 2940 654 2991 color]
696 2941 904 2978 «externa
934 2939 1048 2977 vitae
1080 2947 1180 2988 spe-

302 3002 392 3041 cies
423 3003 554 3052 atque
579 3001 823 3040 condicio.»
857 3002 943 3040 Sat.
967 3001 1008 3048 2,
1036 2999 1072 3046 4,
1098 2998 1174 3037 6οτ

303 3065 494 3114 Quisquis
535 3065 613 3103 erit
657 3063 954 3103 vitae-color.
1017 3061 1177 3100 Statius

302 3126 440 3166 Praef.
467 3125 566 3165 Silv.
593 3125 684 3164 Lib.
706 3127 775 3164 11.:
798 3124 966 3171 Melior,
990 3124 1056 3161 vir
1077 3123 1180 3172 opli-

300 3199 387 3237 me,
407 3211 426 3216 -
439 3189 514 3227 -in
536 3188 645 3227 omni
665 3187 774 3226 vilae
789 3186 924 3225 colore
945 3186 1174 3224 tersissime.

303 3273 348 3278 —
373 3249 515 3301 status]
552 3250 771 3288 «rationes
801 3258 904 3286 cum
926 3246 1018 3287 aliis
1041 3249 1084 3286 et
1104 3258 1180 3286 ne-

302 3312 637 3352 cessitudines.»
671 3332 717 3339 —
749 3310 827 3361 res]
864 3320 960 3349 «res
992 3308 1176 3349 familia-

301 3376 381 3423 ris,
415 3372 733 3425 qualiscunque
755 3372 941 3411 diversis
972 3372 1181 3422 tempori-

302 3436 386 3475 bus
407 3438 544 3475 erat.»
566 3458 609 3463 —-
635 3436 870 3475 natantem
896 3434 998 3485 cet]
1020 3444 1179 3484 «quae-

303 3500 474 3537 rentem
497 3496 678 3548 quidem
700 3494 896 3542 meliora,
928 3496 1176 3545 praesentia

1241 1134 1390 1172 autem
1424 1143 1603 1184 semper
1633 1143 1776 1184 aequo
1799 1133 1947 1172 animo
1979 1132 2125 1172 feren-

1242 1196 1376 1233 tem.»
1404 1217 1448 1222 —-
1493 1195 1580 1245 fere
1613 1194 1902 1244 praesentibus
1929 1195 2121 1246 aequum]

1244 1255 1349 1296 «sed
1379 1256 1454 1307 qui
1481 1255 1654 1296 solebat
1675 1267 1819 1307 aequo
1840 1257 1987 1296 animo
2008 1256 2123 1295 ferre

1243 1329 1425 1357 omnem
1455 1318 1570 1358 vitae
1612 1319 1921 1358 condicionem
1951 1330 2002 1358 ac
2032 1321 2125 1358 sta-

1243 1383 1338 1420 tum
1355 1394 1362 1429 ;
1382 1396 1400 1416 »
1432 1382 1481 1420 ut
1510 1392 1613 1420 cum
1645 1381 1798 1433 Oedipi
1821 1380 2000 1421 Colonei
2023 1392 2124 1421 ver—

1242 1442 1311 1483 bis
1353 1443 1436 1493 (VV.
1470 1443 1507 1482 3.
1540 1443 1605 1484 4.:
1655 1445 1735 1494 Τίς
1763 1437 1849 1483 τόν
1879 1440 2124 1496 πλανήτην

1245 1502 1472 1544 Οἰδίπουν
1515 1501 1626 1544 καθ’
1672 1501 1856 1563 ἡμέραν
1901 1502 1999 1558 Τὴν
2038 1502 2125 1546 νῦν

1244 1571 1530 1618 σπανιστοῖς
1577 1565 1759 1619 δέξεται
1810 1566 2065 1625 δωρήμασι
2079 1580 2096 1615 ,·
2107 1567 2123 1618 )

1244 1640 1351 1669 usus
1384 1632 1473 1678 est,
1512 1630 1587 1669 ubi
1619 1631 1754 1671 fracta
1787 1642 1897 1670 nave
1930 1632 2124 1682 Syracu-

1245 1702 1317 1731 sas
1337 1694 1542 1739 venerat,
1572 1692 1954 1743 quemadmodum
1977 1694 2126 1731 narrat

1246 1753 1436 1793 Galenus
1481 1754 1574 1793 Vol.
1612 1756 1662 1794 11.
1708 1766 1805 1806 pag.
1837 1757 1861 1794 5
1893 1765 1959 1804 sq.
2011 1754 2120 1794 Edit.

1247 1817 1447 1856 Charter.
1476 1840 1520 1844 ——
1552 1828 1673 1866 quem
1702 1818 1857 1866 duplici
1887 1817 1988 1868 cet]
2021 1817 2125 1857 Dio—

1245 1888 1430 1928 genem,
1472 1879 1545 1928 qui
1576 1880 1624 1918 ut
1653 1879 1929 1918 satisfaceret
1958 1879 2126 1918 doctri-

1245 1951 1328 1979 nae
1351 1950 1482 1988 suae,
1518 1942 1642 1980 cuius
1662 1941 1857 1991 primum
1880 1942 2010 1992 caput
2031 1943 2125 1980 erat

1241 2002 1447 2051 patientia
1500 2001 1769 2059 (καρτερία,
1816 1999 2121 2055 τλημοσύνη,

1245 2063 1474 2103 tolerantia
1516 2063 1708 2113 laboris,
1756 2066 1950 2116 inopiae,
1999 2064 2124 2105 dolo-

1244 2136 1359 2165 rum.
1410 2126 1499 2165 Cic.
1535 2126 1589 2166 (16
1613 2127 1683 2166 Or.
1709 2127 1748 2175 3,
1775 2128 1840 2176 47,
1865 2128 1939 2166 62:
1973 2127 2025 2166 ab
2043 2127 2124 2167 An*

1244 2188 1434 2237 listhene,
1482 2189 1552 2238 qui
1583 2189 1912 2238 patientiam
1944 2194 1982 2229 et
2010 2191 2126 2229 duri-

1244 2250 1349 2288 tiam
1390 2251 1433 2289 in
1477 2251 1691 2290 Socratico
1724 2262 1910 2291 sermone
1937 2252 2124 2292 maxime

1245 2313 1499 2361 adamarat,
1547 2313 1747 2365 Cynici),
1793 2325 1874 2365 pro
1920 2313 2049 2365 pallio
2080 2316 2125 2354 et

1243 2375 1391 2413 tunica
1422 2378 1656 2416 contentus
1683 2378 1777 2415 erat
1797 2387 1883 2416 una
1905 2376 2047 2416 abolla
2070 2388 2123 2417 ex

1243 2435 1342 2487 (vili)
1371 2448 1518 2488 panno
1541 2438 1763 2487 confecta,
1798 2450 1883 2489 qua
1907 2439 2125 2488 dupliciter

1244 2498 1550 2538 amiciebatur.
1596 2501 1865 2550 Cynicorum
1894 2501 2012 2540 hunc
2042 2501 2124 2540 ha-

1242 2560 1386 2600 bitum
1417 2560 1518 2600 ideo
1539 2561 1760 2602 vocabant
1787 2560 2021 2602 διπλοΐδα.
2071 2564 2120 2603 Hi

1243 2623 1372 2673 igitur
1415 2617 1646 2674 ἀχίτωνες
1686 2625 1892 2675 quidem,
1940 2626 2019 2666 sed
2050 2623 2120 2665 δι-

1244 2683 1540 2737 πλοείματοι.
1565 2687 1689 2736 Diog.
1704 2689 1748 2726 L.
1763 2687 1802 2734 6,
1816 2688 1888 2726 22:
1913 2686 2122 2744 τρίβωνα

1243 2743 1485 2796 διπλώσας
1514 2743 1701 2803 πρῶτος
1729 2745 1852 2787 κατά
1881 2761 2014 2799 τινας
2042 2747 2121 2790 διὰ

1243 2805 1298 2848 τὸ
1356 2803 1572 2861 άνάγκην
1621 2804 1748 2857 ἔχειν
1792 2811 1874 2850 καὶ
1917 2809 2121 2852 ἐνεύδειν

1243 2865 1387 2924 αὐτῷ.
1440 2871 1550 2910 Hinc
1581 2871 1686 2911 ibid.
1721 2873 1787 2913 76.
1836 2874 2046 2915 Cercidas
2077 2875 2119 2915 in

1244 2932 1490 2973 Meliambis
1536 2945 1639 2974 eum
1680 2935 1737 2974 ita
1769 2935 2030 2988 descripsit:
2073 2931 2120 2976 Ὁ

1243 2992 1608 3053 βακτροφόρας,
1655 2995 2012 3050 διπλοείματος,
2044 3000 2120 3038 αἰ-

1243 3055 1549 3115 θεριβόσκας.
1584 3060 1712 3099 Pallio
1747 3065 1886 3100 autem
1913 3061 2016 3100 nihil
2042 3072 2121 3102 ex—

1238 3121 1437 3171 peditius,
1471 3123 1631 3161 etiamsi
1661 3123 1840 3172 duplex,
1873 3124 1982 3172 quod
2012 3123 2120 3163 Cra-

1243 3185 1353 3233 tetis,
1401 3185 1449 3222 ut
1492 3185 1551 3223 ait
1591 3183 1767 3224 Tertull.
1816 3184 1871 3224 de
1909 3183 2039 3236 pallio
2075 3186 2114 3224 5.

1244 3247 1542 3295 Hieronymus
1573 3247 1681 3297 Epp.
1710 3247 1776 3285 22.
1813 3257 1856 3298 p.
1889 3247 1982 3285 442.
2016 3246 2119 3286 Val—

1244 3306 1370 3347 lars.:
1409 3307 1525 3346 Viros
1554 3318 1714 3357 quoque
1741 3307 1857 3358 fuye,
1891 3318 1992 3356 quos
2010 3308 2119 3348 vide-

1241 3370 1302 3408 ris
1329 3373 1563 3418 catenatos,
1606 3369 1752 3418 quibus
1778 3369 1942 3419 feminei
1970 3374 2119 3409 contra

1242 3432 1479 3482 Apostolum
1522 3433 1675 3479 crines,
1721 3431 1933 3470 hircorum
1969 3431 2113 3477 barba,

1242 3495 1411 3544 nigrum
1429 3493 1619 3546 ¹pallium
1648 3497 1683 3532 el
1714 3493 1814 3531 nudi
1844 3493 1887 3532 in
1912 3493 2118 3542 patien-
