2231 3787
362 277 459 328 750

1158 279 1369 319 llORA'l'll

430 407 738 460 Lauiluvcrc
777 407 942 460 sales:
986 408 1202 460 nimium
1243 409 1501 477 patienter
1541 416 1851 478 utrumque.

429 511 501 561 Ne
541 508 713 562 (licam
753 508 935 563 stulte.
979 509 1178 562 mirati,
1223 509 1264 558 si
1308 506 1466 559 modo
1506 524 1605 576 ego
1644 517 1693 560 ct
1735 525 1830 559 vos

428 610 636 663 Scimus
677 609 992 662 inm-imnum
1033 607 1210 678 lepido
1250 624 1514 677 seponere
1554 606 1694 660 dicto

431 711 850 779 Legitiummipic
892 726 1080 760 sonum
1121 707 1295 777 digitis
1335 707 1592 761 callemus
1631 718 1683 760 et
1720 725 1865 761 aure.

469 868 557 905 27¹.
593 871 783 914 utrosque
814 866 1172 912 (iunius-*liziniius
1211 887 1250 893 —
1292 866 1382 904 272.
1417 867 1504 904 Nun
1538 867 1672 905 (licam
1707 866 1843 905 codd.
1870 867 1985 916 Regii
2008 865 2110 913 (luo,

411 940 523 968 uuus
556 930 693 974 Fcac,
727 928 943 967 Sanadon.
985 951 1024 955 -
1062 929 1222 966 mii-atis
1254 929 1370 966 modo
1405 929 1447 966 Β.
1498 947 1539 955 —
1587 928 1677 967 273.
1711 938 1751 967 se
1774 928 1956 977 pondere
1986 929 2031 967 B.
2070 950 2114 956 —

358 1072 575 1119 creparet.
604 1087 646 1095 —
673 1067 882 1106 Plautinos
903 1066 1006 1116 cet]
1030 1066 1092 1105 Cf.
1121 1068 1229 1117 Epp.
1299 1077 1378 1117 per
1423 1065 1659 1106 contulisse
1709 1068 1862 1117 poetas
1910 1066 2169 1107 comoediae

358 1133 401 1171 -2,
438 1133 479 1173 t,
516 1131 589 1169 ΠΟ
621 1141 718 1180 sqq.
755 1152 796 1157 „.
838 1131 871 1167 si
913 1128 1045 1180 modo]
1083 1127 1230 1183 εἷπε-ρ,
1300 1139 1440 1167 novae
1471 1129 1661 1176 Atticos,
1707 1128 1826 1168 unde
1867 1126 1990 1168 facile
2030 1130 2071 1168 in
2101 1127 2171 1168 illo

361 1203 474 1231 wenn
493 1192 656 1230 anders.
694 1190 815 1229 llaud
838 1191 960 1229 Turs.
984 1192 1052 1229 lll.
1078 1202 1119 1241 p.
1137 1190 1229 1229 633.

386 1277 403 1281 -
451 1254 611 1292 Scimus
654 1252 770 1303 cet]
818 1253 891 1291 «si
939 1253 1072 1292 modo
1117 1253 1232 1291 dicta

357 1315 553 1356 scurrilia
586 1326 638 1354 ac
668 1315 820 1366 frigida
851 1315 1119 1365 distinguere
1152 1325 1232 1355 nos

356 1379 523 1418 scimus
563 1388 586 1416 a
627 1388 733 1417 vere
763 1376 917 1428 lepidis
948 1380 992 1416 et>
1021 1376 1230 1421 urbanis;

357 1451 491 1491 quam
522 1439 701 1490 quidem
724 1440 954 1478 scientiam
981 1449 1113 1478 nemo
1135 1449 1235 1490 pro-
1265 1477 1268 1496 ι

1299 1189 1553 1230 desiderare
1598 1190 1736 1241 potuit
1781 1188 2077 1230 urbanitatem
2120 1201 2172 1229 ac

1299 1251 1521 1302 leporem3
1561 1262 1582 1290 a
1616 1252 1853 1298 Cicerone,
1886 1251 1962 1303 qui
1991 1251 2086 1303 ipse
2115 1250 2172 1291 ad

1299 1313 1414 1352 dicta
1437 1313 1634 1352 iacienda
1656 1323 1906 1364 propensus
1923 1314 2032 1362 erat,
2050 1311 2176 1355 Plau-

1299 1378 1392 1414 tum
1423 1378 1673 1427 spectatum
1704 1386 1804 1415 esse
1835 1376 1974 1426 magis
1996 1386 2077 1428 per
2098 1386 2172 1416 se-

1299 1440 1391 1476 met
1421 1438 1588 1489 ipsum,
1622 1448 1707 1476 non
1734 1440 2041 1488 comparatum
2071 1448 2173 1478 cum

357 1503 470 1541 secto
508 1501 634 1541 nobis
669 1500 988 1540 abiudicabit.»
1029 1522 1072 1528 —
1115 1511 1234 1550 sepo·
1264 1497 1268 1564 l
1299 1499 1537 1539 Menandro
1569 1497 1902 1539 etPhilemone.
1939 1500 2032 1539 Iam
2051 1499 2173 1551 quod

357 1563 465 1615 nere]
499 1574 792 1608 «secernere,
835 1563 1083 1603 dinoscere.
1102 1579 1119 1596 n
1167 1563 1230 1602 Ct.
1265 1565 1268 1603 3
1298 1561 1353 1600 ad
1384 1571 1596 1601 numeros
1624 1561 1896 1601 comicorum
1919 1561 2173 1602 Latinorum

356 1629 442 1665 Sat.
469 1628 512 1668 ⁴.
537 1626 583 1671 3,
610 1625 708 1665 4⁸3:
758 1626 862 1664 insto
904 1636 1111 1664 secernere
1151 1625 1235 1663 ini-

356 1699 496 1738 quum.
531 1688 617 1726 Sat.
645 1689 660 1725 4
684 1719 691 1729 ,
717 1688 763 1731 6,
798 1687 868 1726 63;
916 1688 1029 1737 turpi
1059 1687 1235 1726 secernis

355 1751 580 1789 honestum.
614 1750 722 1800 Epp.
750 1750 787 1792 l.
821 1750 882 1797 ¹5,
907 1749 983 1788 29:
1015 1750 1144 1788 cit-em
1174 1749 1236 1787 di-

356 1816 535 1850 nosceret
564 1812 686 1850 hoste.
721 1812 828 1862 Epp.
854 1811 896 1853 ⁶2.
923 1812 970 1856 ’2,
996 1810 1073 1851 44:
1106 1822 1234 1850 curvo
1265 1826 1267 1831 ¹

355 1874 563 1911 dinoscere
605 1875 775 1910 rectum.
818 1892 861 1898 —
910 1873 1234 1922 Leyittmmnque

354 1933 512 1984 sonum]
546 1933 759 1972 «Versum
791 1932 845 1971 ad
866 1933 971 1972 artis
1000 1931 1119 1983 leges
1142 1932 1234 1972 ela-
1265 1930 1269 1973 l

356 1996 605 2035 boratum.»
628 1994 691 2033 Cf.
717 1994 823 2044 Epp.
849 1995 888 2040 ’2,
912 1995 950 2039 ’2,
978 1995 1069 2033 409.
1095 2016 1142 2022 —
1167 1995 1232 2033 di-

355 2056 464 2108 yitis]
511 2054 673 2106 quibus
717 2067 802 2094 non
847 2058 935 2094 tam
977 2054 1229 2107 simpliciter

356 2120 647 2158 numerantur
666 2128 877 2156 versuum
904 2117 1065 2168 pedes,
1097 2128 1232 2168 quam

356 2178 523 2231 pollicis
554 2179 643 2218 ictu
674 2181 881 2217 notantur
903 2173 1090 2235 ἄρσεις,
1123 2180 1232 2219 utin

358 2241 655 2292 symphoniis,
690 2240 756 2279 ubi
784 2245 970 2291 tempora
992 2242 1119 2281 etiam
1138 2241 1235 2280 ani-

358 2315 424 2342 mo
454 2303 680 2342 metiuntur
709 2307 745 2342 et
770 2304 922 2353 pedum
942 2308 980 2343 et
1009 2304 1234 2355 digitorum

356 2367 440 2404 ictu
465 2365 685 2404 intervalla
706 2365 872 2416 siqnant
892 2365 1137 2415 quibusdam
1158 2377 1235 2405 no-

356 2429 420 2467 tis.
461 2425 635 2475 Quintil.
667 2427 712 2472 9,
743 2426 789 2471 4,
822 2428 888 2466 5-1.
946 2428 1234 2467 Terentianus

356 2488 483 2528 2353:
517 2499 707 2536 moram,
742 2490 876 2539 Quam
900 2490 1064 2539 pollicis
1088 2500 1235 2528 sonore

356 2551 419 2590 cel
455 2550 608 2600 plausu
639 2551 756 2600 pedis
790 2552 1118 2599 Discriminare,
1163 2551 1234 2601 qui

357 2615 498 2653 docent
517 2618 674 2662 artem,
706 2613 848 2653 solent.
875 2636 920 2641 —
949 2614 1133 2655 Multum
1153 2624 1234 2653 au-

358 2679 449 2714 tem
492 2674 737 2726 discrepat,
780 2686 835 2714 ne
881 2674 1027 2715 dicam
1069 2675 1234 2715 Sidonii

358 2735 616 2788 Apollinaris
661 2739 812 2776 notum
860 2735 962 2776 illud
1006 2736 1080 2784 23,
1128 2736 1230 2777 ⁴48:

359 2800 530 2847 Graios,
562 2799 728 2845 Ploute,
764 2799 870 2838 sales
899 2799 1035 2849 lepore
1063 2800 1232 2848 transis,

359 2862 584 2901 Ciceronis
629 2861 683 2901 de
730 2860 880 2901 Plauto
923 2862 1133 2902 iudicium
1176 2862 1233 2902 de

358 2922 479 2962 Otfic.
510 2925 543 2964 t.
570 2924 633 2966 29,
663 2922 760 2963 ⁴04:
792 2924 961 2973 Dupleoe
989 2929 1046 2963 est
1067 2925 1233 2964 omnino

360 2985 523 3022 iocandi
552 2995 704 3034 glenus:
748 2996 877 3024 unum
908 2985 1128 3035 illiberale,
1155 2997 1233 3036 pe-

358 3046 519 3093 tulans,
549 3047 827 3097 flagitiosum,
860 3047 1127 3094 obscoenum‚·
1167 3049 1235 3087 al-

358 3113 490 3147 terum
512 3108 690 3158 eleqans,
720 3108 942 3157 urbanum,
962 3110 1231 3160 inqeniosum‚

357 3171 536 3219 facetum
550 3181 562 3214 ,·
593 3180 674 3218 quo
702 3181 850 3220 genere
868 3182 947 3209 non
968 3172 1089 3211 modo
1107 3172 1234 3211 Plau-

358 3238 423 3271 tus
452 3236 587 3271 noster
621 3237 658 3271 et
695 3233 923 3271 Atticorum
959 3234 1134 3282 antiqua
1162 3245 1233 3272 co-

360 3296 546 3343 moedia,
577 3296 646 3334 sed
665 3295 790 3334 etiam
812 3294 1145 3344 philosophorum
1161 3297 1235 3335 So-

359 3358 613 3395 craticorum
655 3357 749 3395 libri
791 3357 932 3407 referti
974 3362 1081 3396 sunt.
1140 3358 1232 3405 Qua

362 3418 541 3468 quidem
586 3420 628 3458 in
669 3430 716 3458 re
758 3420 937 3459 minime
967 3418 1234 3460 obliviscen-

362 3479 467 3519 dum
489 3482 556 3520 est
574 3481 798 3520 Horatium
820 3491 921 3520 cum
948 3479 1097 3521 Plauto
1119 3491 1235 3521 sem·
1266 3515 1267 3518 ,

1298 1624 1474 1671 attinet,
1509 1624 1648 1674 magis
1670 1624 1803 1662 etiam
1824 1624 1934 1663 mira
1955 1625 2024 1664 est
2044 1624 2176 1672 Quin-

1299 1685 1430 1725 tiliani
1463 1686 1681 1726 sententia
1714 1686 1787 1733 40,
1827 1686 1868 1732 t,
1891 1685 1965 1725 99:
2001 1685 2175 1726 Terentii

1297 1749 1455 1797 scripta
1482 1753 1576 1787 sunt
1607 1749 1650 1787 in
1678 1748 1752 1787 hoc
1779 1757 1928 1798 yenere
1955 1747 2174 1799 elegantis-

1297 1811 1402 1849 sima
1432 1815 1469 1849 et
1492 1811 1589 1859 plus
1617 1810 1751 1849 adhuc
1775 1808 1973 1848 habitura
1990 1809 2171 1860 qratiae,

1297 1873 1331 1910 si
1360 1873 1471 1910 intra
1501 1883 1643 1911 versus
1670 1871 1879 1910 trimetros
1904 1871 2118 1911 stetissent.

1354 1933 1555 1972 275-277.
1603 1934 1793 1984 Ignotum
1822 1932 1923 1984 cet.]
1955 1933 2062 1981 Quia
2083 1943 2175 1973 ma-

1298 1995 1413 2034 xima
1438 1993 1649 2045 epistolae
1672 2004 1774 2045 pars
1790 1996 1993 2034 versatur
2012 1995 2055 2034 in
2070 1999 2176 2046 poe·

1300 2057 1358 2096 sis
1390 2056 1592 2094 scenicae
1626 2055 1900 2106 praeceptis,
1933 2058 2054 2096 recte
2075 2056 2122 2096 h.
2143 2055 2171 2097 l.

1297 2129 1368 2156 vv.
1406 2117 1631 2157 275-288.
1671 2115 1909 2157 adumbrat
1945 2117 2176 2158 historiam

1299 2179 1553 2229 tragoediae
1593 2181 1636 2218 et
1675 2177 1932 2218 comoediae
1963 2180 2173 2227 Graecae,

1299 2240 1460 2291 quibus
1481 2239 1550 2280 vel
1572 2242 1755 2292 propter
1771 2251 1843 2280 vv,
1864 2240 2067 2281 258-274.
2090 2251 2175 2292 op-

1299 2305 1522 2354 ponuntur
1551 2303 1804 2342 Latinorum
1835 2301 1877 2342 in
1908 2302 1976 2343 his
2004 2302 2176 2354 generi-

1299 2364 1383 2404 bus
1428 2363 1624 2412 t'abulae,
1670 2367 1714 2404 et
1749 2363 1931 2414 quidem
1971 2375 2025 2405 ex
2060 2365 2175 2405 iusta

1300 2427 1560 2466 meritorum
1596 2427 1827 2477 utriusque
1864 2427 2051 2468 nationis
2080 2427 2176 2467 exi-

1298 2491 1548 2530 stimatione
1580 2489 1635 2529 de
1666 2490 1718 2529 iis
1755 2489 1952 2530 iudicare
1981 2489 2170 2530 videtur.

1298 2554 1346 2592 In
1366 2552 1435 2592 his
1455 2551 1663 2592 omnibus
1682 2551 1858 2591 videtur
1876 2551 2004 2603 sequi
2023 2561 2175 2603 gram-

1299 2614 1446 2654 matici
1475 2612 1545 2653 vel
1575 2613 1772 2654 historici
1807 2611 1990 2655 alicuius
2019 2614 2175 2654 Graeci

1299 2677 1574 2728 opinionem,
1605 2675 1687 2715 nisi
1718 2675 1813 2727 ipse
1847 2675 2100 2727 tragoediae
2128 2678 2176 2718 et

1298 2737 1557 2779 comoediae
1587 2737 1829 2790 primordia
1858 2737 2069 2778 confudit.
2105 2738 2174 2778 Si-

1298 2800 1439 2849 milia,
1471 2799 1609 2840 multo
1639 2803 1789 2840 tamen
1816 2801 1954 2851 magis
1974 2800 2171 2849 confusa.

1298 2862 1431 2903 tradit
1448 2864 1629 2902 Tzetzes
1647 2862 1752 2918 περὶ
1772 2859 2011 2919 διαφορᾶς
2031 2874 2174 2917 ποιη-

1298 2921 1392 2965 τῶν
1422 2926 1463 2964 in
1494 2925 1692 2964 Crameri
1721 2924 1889 2965 Anecd.
1920 2927 1992 2966 Gr.
2023 2926 2093 2966 111.
2123 2936 2168 2978 p.

1298 2986 1392 3027 334.
1445 2987 1608 3026 Horatii
1667 2997 1844 3027 errores
1890 2987 2173 3028 confutarunt

1298 3047 1504 3088 Welcker
1520 3049 1737 3100 A'achvtraq
1752 3060 1795 3101 p.
1810 3049 1906 3090 247.
1929 3050 1979 3090 C.
2001 3049 2050 3090 Ο.
2065 3047 2173 3091 uffi-

1298 3109 1363 3150 ler
1383 3111 1522 3150 Rhein.
1541 3112 1729 3151 Musewm
1748 3112 1787 3151 5.
1811 3110 1850 3151 3.
1873 3121 1917 3163 p.
1935 3110 2033 3151 335.
2062 3110 2174 3152 The-

1298 3173 1388 3223 spis
1425 3183 1505 3223 pro
1546 3173 1773 3213 inventore
1813 3173 2064 3224 tragoediae
2090 3173 2174 3213 ha-

1298 3233 1505 3274 bebatur.
1540 3235 1604 3276 Ci’.
1629 3234 1785 3276 Suidas
1805 3235 1848 3275 in
1867 3235 1912 3275 h.
1930 3246 1972 3275 v.
1994 3235 2174 3276 Diosco-
2228 3261 2231 3266 -

1298 3295 1419 3335 rides
1447 3297 1578 3336 Anth.
1603 3295 1690 3336 Pal.
1711 3298 1741 3336 1.
1765 3308 1809 3349 p.
1832 3296 1926 3338 427.
1948 3295 2078 3338 simili
2097 3307 2172 3337 er·
2226 3327 2231 3341 .

1298 3368 1400 3397 rore
1429 3360 1563 3408 atque
1596 3359 1820 3398 Horatius:
1851 3358 2031 3408 Θέσπις
2062 3352 2169 3408 ὅδε,

1298 3415 1525 3475 τραγικὴν
1542 3415 1597 3469 ὃς
1610 3415 1849 3460 ἀνέπλασε
1862 3415 2050 3477 πρῶτος
2063 3415 2172 3461 ἄοι-
2227 3411 2231 3421 “

1298 3478 1387 3533 δὴν
1402 3478 1660 3533 Κωμήταις
1680 3478 1853 3539 νεαρὰς
1865 3479 2169 3535 καινοτομῶν
