2231 3787
834 296 933 335 2-st
968 296 1211 337 POETicA.

1845 298 1946 349 689

191 424 545 481 persimilem,
590 426 742 478 cuius
782 425 926 479 velut
965 428 1109 498 aegri
1151 429 1356 480 somnia
1397 446 1563 482 vanae

190 526 479 597 Fingentm·
517 528 749 598 specieS‚
793 537 850 580 ut
890 546 987 582 nec
1026 547 1124 600 pes
1164 547 1263 583 nec
1303 539 1463 601 caput
1499 531 1587 583 uni

187 628 460 682 Reddatur
498 630 714 683 formae.

188 729 463 794 Quidlibet
501 730 733 784 audendi
775 749 991 803 semper
1028 734 1122 786 suit
1160 751 1334 806 aequa
1373 743 1626 805 potestas

792 631 1091 685 Pictoribus
1131 640 1292 704 atque
1334 634 1507 703 poetis

1881 738 1944 790 ll)

188 833 397 885 Scimus
424 842 477 886 et
501 832 637 886 hanc
664 833 875 886 veniam
902 835 1246 906 petimusque
1275 836 1578 909 damusque
1607 838 1868 901 vicissim,

188 934 296 988 Sed
334 953 440 988 non
480 944 536 987 ut
573 934 800 1005 placidis
840 942 1032 989 coeant
1070 938 1313 1000 immitia,
1355 956 1460 992 non
1501 949 1557 992 ut

170 1085 356 1127 Schelle.
414 1088 522 1127 Vide
554 1087 775 1127 Adnotatt.
828 1111 871 1115 —
920 1087 957 1127 8.
994 1088 1244 1140 Funyzmtw·
1274 1090 1329 1137 B,
1365 1089 1405 1129 id
1439 1092 1528 1138 est,
1567 1092 1807 1142 finguntur,
1841 1095 1885 1131 ut

170 1149 381 1189 exhibent
412 1149 552 1189 Codd.
578 1151 774 1201 quinque
806 1150 924 1200 Regii
956 1151 1090 1189 Paris.
1115 1149 1290 1201 aliique.
1321 1173 1363 1179 -
1400 1153 1438 1191 9.
1475 1153 1716 1192 Ιίειῑάαηηιν
1745 1154 1883 1193 Codd.

169 1214 378 1263 quattuor
409 1214 541 1263 Regii.

116 1345 274 1387 talibus
296 1348 479 1398 picturis
498 1358 757 1398 perversam
775 1347 998 1388 licentiam

113 1410 336 1450 Vitruvius
358 1411 396 1457 7,
421 1411 468 1449 5:
503 1411 736 1461 Pinguntur
767 1411 911 1461 (nunc)
945 1415 1000 1450 te-

113 1472 255 1511 ctoriis
282 1477 471 1511 monstra
492 1473 634 1522 potius
655 1484 782 1523 quam
803 1485 857 1513 ομιτ
878 1473 998 1512 rebus

109 1535 238 1587 finitis
258 1535 463 1586 imayines
481 1540 644 1575 certae:
667 1557 688 1563 —
704 1558 726 1564 -
743 1547 796 1575 ex
816 1536 1000 1575 coliculis

110 1601 233 1651 stores
276 1599 497 1637 dimidiata
534 1598 724 1638 habentes
759 1610 814 1638 eac
849 1610 891 1638 se
919 1609 998 1638 eat-

112 1661 255 1701 euntia
282 1661 438 1712 sigilla,
471 1661 560 1700 alia
584 1662 793 1709 humanu,
818 1661 905 1700 alia
928 1661 998 1700 be-

111 1724 291 1763 stiarum
321 1723 526 1774 capitibus
555 1725 709 1763 similia
725 1736 736 1762 .·
783 1724 885 1763 haec
915 1735 998 1762 au-

111 1791 190 1826 tem
233 1797 306 1825 uec
353 1790 449 1825 sunt
490 1798 564 1826 uec
598 1787 691 1838 fieri
722 1790 896 1836 possunt
924 1797 998 1833 uec

109 1849 293 1900 fuerunt.
318 1871 341 1876 -
361 1873 384 1878 -
419 1850 558 1899 Neque
589 1850 785 1899 picturae
817 1848 997 1898 probari

111 1912 267 1959 debe-nt,
291 1924 398 1962 quac
420 1925 501 1951 non
526 1917 620 1951 sunt
641 1913 793 1951 similes
811 1912 993 1950 veritati.

166 1975 258 2014 6-9.
309 1974 390 2025 isti]
429 1976 739 2026 contemptim.
786 1998 828 2002 —
878 1976 997 2026 ae9ri

110 2037 287 2086 somnia]
322 2037 490 2088 «SosJno
520 2037 750 2087 d'infermi,
790 2048 810 2076 e
837 2037 924 2088 fola
955 2038 996 2076 di

111 2099 333 2139 romanzi»
368 2099 473 2138 dixit
506 2100 640 2139 etiam
666 2100 905 2139 petrarcha
938 2100 994 2139 de

110 2161 246 2202 rebus
276 2162 544 2202 vanissimis.
592 2162 757 2212 Trionfo
779 2161 816 2200 d'
837 2162 926 2200 Am.
953 2161 992 2210 4,

111 2225 178 2264 66.
203 2248 246 2252 ——
268 2224 421 2276 vanae]
446 2225 513 2263 «in
531 2235 682 2264 rerum
702 2227 857 2264 natura
876 2224 995 2264 haud

110 2287 420 2339 reperiendae,
445 2298 731 2339 nequaquam
748 2299 927 2328 verae.»
946 2311 990 2316 -

111 2350 359 2403 Ρὶηῃθηταν]
403 2351 523 2390 Haec
556 2353 623 2390 est
654 2349 843 2401 legitima
877 2353 994 2390 tem-

110 2423 271 2464 porum
302 2414 586 2453 consecutio:
633 2414 992 2465 fore—finyentur,

111 2486 198 2514 non
239 2477 472 2527 sumuntur.
542 2475 696 2516 Tibull.
738 2477 784 2524 4,
823 2476 870 2525 4,
911 2477 989 2516 65:

112 2538 242 2588 Quem
262 2539 494 2589 referent
522 2540 693 2588 Musae,
724 2540 867 2579 vivet
888 2540 990 2587 cet.,

111 2600 185 2640 ubi
223 2599 291 2640 alii
332 2599 446 2640 male
482 2601 683 2652 referunt.
722 2625 764 2629 —-
799 2613 872 2641 nec
904 2601 991 2652 pes]

110 2662 247 2703 Plaut..
290 2664 410 2703 Asin.
452 2663 497 2711 3,
530 2663 576 2711 3,
608 2663 708 2703 439:
755 2675 828 2703 uec
870 2667 996 2713 caput

111 2737 182 2765 nec
206 2737 281 2776 pes
308 2737 546 2766 sermonum
575 2727 766 2776 adparet.
815 2727 903 2766 Cic.
937 2726 992 2766 ad

111 2789 230 2827 Fam.
255 2790 300 2834 7,
334 2789 377 2828 31
402 2821 409 2837 ,
435 2790 484 2828 Ὲῑ
518 2793 612 2828 tuas
640 2800 705 2828 res
734 2789 796 2828 ita
824 2793 995 2828 coutra-

110 2854 221 2900 ctas,
252 2855 318 2898 ut,
352 2852 701 2899 quemadmodem
721 2851 887 2898 scribis,
920 2863 993 2891 uec

110 2917 237 2963 caput
263 2924 337 2952 uec
359 2914 497 2963 pedes.
539 2936 583 2941 —
630 2914 725 2963 uni]
760 2915 836 2954 Est
867 2914 990 2954 adie-

112 2976 213 3015 ctivi
234 2975 452 3027 prolepsis
472 2977 666 3027 poetica:
694 2978 792 3023 «ita,
817 2979 866 3016 ut
885 2989 989 3025 una,

112 3039 232 3077 certa
263 3049 315 3077 ac
346 3038 487 3086 finita,
537 3039 642 3078 sit.»
679 3060 722 3066 —
764 3039 991 3090 Reddatur]

113 3099 447 3139 «conformetur
475 3111 527 3139 ac
557 3100 868 3151 respondeat.»
904 3103 992 3141 Na-

112 3163 207 3200 tura
228 3173 378 3201 rerum
396 3163 484 3211 dat,
498 3165 629 3213 poeta
645 3164 778 3203 reddit
793 3166 842 3202 ut
863 3163 992 3204 debi-

111 3225 220 3263 tum.
273 3224 510 3275 Singularis
544 3227 692 3264 autem
724 3237 747 3265 a
779 3226 890 3266 meis
922 3237 992 3265 ce-

111 3287 307 3338 terisque
348 3288 524 3339 optimis
562 3287 814 3339 quibusque
848 3287 986 3327 Codd.

112 3347 312 3389 firmatus
351 3361 536 3400 prorsus
569 3351 851 3389 Horatianam
881 3360 990 3389 con-

113 3411 395 3452 suetudinem
416 3412 566 3452 refert.
602 3412 664 3452 Cf.
685 3414 772 3451 Sat.
794 3413 831 3459 4,
856 3411 896 3460 4,
922 3413 985 3452 45.

114 3472 157 3520 6,
192 3474 284 3513 431.
321 3476 373 3503 -’
396 3475 572 3526 formae]
605 3475 697 3514 Hoc
726 3486 767 3514 V.
797 3474 989 3526 comple-

115 3535 244 3574 ctitur
274 3538 317 3575 et
347 3547 468 3585 eam,
515 3547 650 3588 quam
690 3547 770 3577 nos
801 3536 989 3577 dicimus

210 3613 360 3649 Honu.
389 3623 465 3650 vot,
507 3614 548 3649 ΙΙ.
602 3624 653 3650 EI)
696 3623 779 3650 nm.
809 3613 867 3649 ΙΙΙ.

1062 1348 1320 1388 interiorem
1351 1348 1564 1397 formam,
1602 1347 1754 1393 ἰδέαν,
1790 1361 1943 1390 exem-

1061 1410 1176 1462 plar,
1213 1411 1331 1462 quod
1363 1411 1541 1451 artificis
1573 1414 1708 1452 menti
1735 1412 1945 1453 obversa-

1061 1476 1153 1522 tur,
1203 1476 1246 1513 et
1290 1475 1587 1523 exteriorem,
1635 1487 1770 1526 quam
1815 1475 1944 1515 nobis

1061 1538 1268 1587 proponit
1298 1537 1452 1576 artifex
1481 1537 1552 1577 vel
1582 1540 1729 1590 poeta.

1116 1600 1262 1639 9-113.
1313 1600 1542 1639 Pictor-ibus
1572 1602 1675 1653 cet]
1718 1602 1793 1640 Est
1824 1595 1944 1640 ὑπο-

1059 1658 1191 1718 (popa
1235 1662 1480 1714 (subiectio)
1527 1674 1549 1702 e
1591 1665 1741 1702 mente
1787 1664 1830 1701 et
1866 1674 1943 1701 ore

1059 1724 1147 1764 ficti
1168 1725 1427 1774 adversarii,
1462 1737 1596 1777 quam
1620 1727 1766 1765 statim
1799 1727 1945 1776 sequi-

1059 1790 1130 1826 tur
1169 1783 1496 1846 ἀνθυποφορά
1534 1788 1802 1839 (responsio):
1851 1789 1945 1827 Sci-

1059 1863 1150 1890 mus
1181 1854 1263 1891 cet.
1305 1876 1348 1880 -
1385 1852 1589 1901 Quidlibet
1618 1851 1820 1902 audendi]
1868 1852 1943 1890 Di—

1058 1913 1202 1965 philus
1221 1915 1335 1966 apud
1355 1915 1512 1954 Athen.
1538 1915 1576 1961 6,
1600 1917 1614 1954 l
1636 1927 1643 1952 τ
1664 1910 1745 1963 Ὡς
1764 1913 1813 1951 οἱ
1831 1924 1942 1969 τρα-

1057 1975 1203 2030 γῳδοί
1233 1990 1408 2026 φασιν,
1455 1973 1529 2027 οἷς
1559 1974 1759 2028 ἐξουσία
1776 1970 1941 2015 οΈστιν

1058 2038 1208 2094 λέγειν
1239 2034 1429 2079 ἅπαντα
1458 2040 1539 2079 καὶ
1570 2041 1725 2078 ποιεῖν
1749 2035 1937 2089 μόνοις.

1058 2103 1235 2142 Aristot.
1261 2103 1452 2153 Metaph.
1480 2103 1517 2147 4,
1542 2102 1582 2149 2,
1609 2102 1682 2141 40:
1708 2097 1831 2140 κατὰ
1853 2098 1942 2154 τὴν

1058 2165 1341 2219 παροιμίαν,
1365 2160 1532 2203 Πολλὰ
1553 2162 1820 2214 ψεύδονται
1840 2159 1943 2204 doc—

1057 2225 1146 2267 ὁοί.
1195 2227 1370 2266 Lucian.
1410 2228 1493 2266 Pro
1527 2227 1686 2277 imagg.
1717 2227 1790 2267 48:
1838 2226 1941 2266 Πα-

1057 2285 1193 2338 λαιὸς
1226 2279 1370 2338 οὗτος
1394 2283 1419 2327 ὅ
1443 2284 1609 2341 λόγος,
1642 2283 1940 2339 ἀνευθύνους

1058 2347 1178 2390 εἶναι
1222 2351 1302 2390 καὶ,
1343 2346 1547 2403 ποιητὰς
1583 2351 1664 2390 καὶ
1704 2353 1936 2407 γραφέας.

1060 2437 1105 2442 -
1140 2413 1290 2465 aequa]
1322 2415 1418 2453 Non
1450 2415 1518 2453 est
1550 2425 1657 2465 «par
1689 2414 1937 2464 utrisque‚»

1056 2478 1104 2516 ut
1147 2478 1325 2516 vertunt
1368 2476 1482 2516 Voss
1527 2477 1570 2515 et
1613 2474 1807 2523 Arnold,
1859 2475 1936 2515 sed

1058 2540 1186 2578 «iure
1229 2539 1446 2590 permissa
1494 2541 1538 2577 et
1581 2538 1790 2578 omnibus
1824 2537 1937 2577 ultro

1057 2601 1398 2649 concedenda,»
1431 2601 1600 2651 bittigy,
1634 2611 1721 2640 non
1751 2601 1935 2651 gyleich,

1056 2666 1103 2704 ut
1143 2664 1333 2704 dicimus
1375 2674 1557 2712 aequam
1596 2663 1753 2714 legem,
1800 2673 1938 2711 aequa

1056 2728 1168 2766 iura.
1232 2727 1394 2765 Contra
1438 2725 1542 2764 dicit
1582 2726 1794 2773 Diintzer‚
1855 2725 1937 2765 sed

1056 2789 1231 2829 frustra.
1273 2789 1319 2827 In
1351 2786 1487 2826 altera
1521 2788 1637 2827 enim
1668 2787 1935 2839 interpreta-

1054 2853 1173 2891 tione
1199 2850 1329 2890 nimis
1359 2849 1537 2900 languet
1556 2862 1597 2889 V.
1621 2860 1779 2899 aequa,
1814 2851 1935 2902 quod

1055 2914 1236 2953 omnino
1268 2913 1406 2952 omitti
1438 2914 1612 2963 poterat
1631 2911 1700 2951 vel
1730 2924 1935 2953 commu—

1055 2976 1235 3016 tandum
1270 2977 1362 3015 erat
1395 2985 1497 3014 cum
1525 2986 1596 3014 VV.
1623 2976 1776 3025 plena,
1818 2988 1936 3015 sum-

1052 3051 1138 3078 ma.
1167 3061 1210 3066 —-
1244 3038 1419 3087 Scimus]
1466 3039 1649 3085 «Hoc,»
1690 3039 1935 3090 respondet

1054 3103 1154 3141 ficto
1200 3101 1482 3149 adversario,
1533 3100 1784 3152 «equidem
1824 3112 1934 3140 nun-

1054 3174 1187 3215 quam
1229 3164 1435 3214 negavi.»
1471 3184 1514 3191 -
1552 3164 1762 3202 «Petimus
1805 3165 1930 3214 quasi

1051 3228 1233 3277 poetae,
1266 3227 1415 3265 damus
1443 3227 1568 3276 quasi
1601 3227 1781 3265 critici»
1828 3228 1928 3265 Acii.

1055 3311 1101 3316 —
1129 3288 1348 3338 placidis-
1369 3288 1572 3338 immitia]
1614 3289 1664 3329 Ut
1701 3287 1737 3326 si
1767 3288 1809 3326 in
1841 3289 1932 3326 tra-

1052 3350 1207 3400 goedia
1239 3361 1399 3390 saevus
1430 3349 1585 3400 aliquis
1619 3351 1834 3399 tyrannus
1863 3360 1933 3388 re-

1050 3416 1183 3464 pente
1216 3412 1343 3452 fieret
1372 3423 1451 3452 rex
1480 3410 1854 3451 clementissimus
1879 3422 1930 3450 ac

1052 3476 1332 3515 iustissimus.
1387 3475 1591 3521 «Arct.e,»
1631 3473 1790 3524 inquit,
1826 3484 1931 3511 «co-

1051 3535 1190 3589 pulari
1221 3548 1294 3576 res
1316 3534 1595 3576 insociabiles
1617 3537 1659 3575 et
1682 3537 1928 3576 contrariae

1605 3611 1645 3648 ’Νι
