2231 3787
860 246 957 284 LIB.
993 245 1041 284 11.
1104 245 1215 284 SAT.
1251 246 1317 284 111.

1910 244 2001 296 *271

263 380 381 442 Qua
420 395 505 431 me
545 376 786 438 stultitia,
832 375 1087 446 quoniam
1125 392 1230 428 non
1271 384 1352 428 est
1391 392 1560 446 genus
1602 394 1790 436 unum,

263 479 500 532 Insaniro
543 478 741 549 putas?
779 478 889 547 Ego
929 493 1051 529 nam
1092 476 1282 530 videor
1321 476 1446 529 mihi
1488 494 1666 531 sanus.

264 580 431 644 Quid,
474 588 634 650 capnt
672 578 973 632 abscissum
1011 578 1260 631 manibus
1301 596 1424 632 curn
1462 588 1637 649 portat
1675 582 1852 649 Agave

265 682 418 734 Gnati
466 681 712 742 infeliciS‚
757 681 858 734 sibi
899 689 1009 734 turn
1049 680 1250 733 furiosa
1287 680 1542 734 videtur?

264 781 493 836 Stultum
532 800 617 836 me
657 783 850 844 fateor,
892 782 1050 836 liceat
1087 781 1389 836 concedere
1428 783 1597 843 veris,

1911 786 2012 838 305

262 886 434 955 Atque
475 885 635 938 etiam
675 884 944 948 insanum3
989 893 1191 938 tantum
1230 884 1333 938 hoc
1371 884 1641 948 edissere,
1684 904 1792 958 quo
1832 906 1918 942 nie

303 1074 397 1114 30¹1.
433 1075 525 1123 Qua
553 1084 617 1113 mc
647 1074 822 1113 stultitia
851 1073 969 1124 hScp
994 1075 1037 1113 et
1056 1083 1213 1114 omnes
1235 1075 1451 1122 Pottierii‚
1486 1075 1580 1114 tFJ:
1617 1076 1752 1126 Quam
1771 1088 1835 1117 me
1861 1079 1962 1118 stul-

248 1138 384 1176 titiam
414 1138 478 1177 LC
513 1137 750 1188 (Cruquius
782 1147 805 1176 e
838 1135 946 1176 Cod.
980 1137 1151 1186 Mart),

1198 1134 1423 1175 Bentleius
1456 1138 1499 1175 et
1528 1137 1581 1177 M.
1620 1160 1664 1165 —
1698 1138 1792 1178 303.
1827 1139 1962 1179 absci-

247 1211 337 1239 sum
371 1199 457 1250 (sic)
491 1200 654 1238 demens
683 1210 907 1251 superscr.
944 1197 1045 1238 «vel
1076 1197 1298 1237 manibus»
1330 1211 1425 1238 cum
1462 1201 1511 1248 S,
1559 1200 1763 1241 abscisum
1802 1204 1963 1243 demens

248 1274 342 1302 cum
362 1262 440 1311 bc,
475 1262 699 1301 abscissum
720 1262 883 1302 deniens
907 1272 1001 1301 cum
1022 1261 1173 1312 p‚LCt.
1200 1261 1418 1312 (abscisum
1435 1262 1628 1302 manibus
1645 1275 1740 1304 cum
1758 1267 1964 1307 vetustis-

249 1325 386 1365 simus
416 1323 693 1373 Blandinius,
741 1325 933 1376 optimus
965 1322 1216 1372 Pulmanni,
1263 1320 1317 1362 ὄτ
1357 1325 1400 1364 et
1432 1334 1525 1363 var.
1561 1323 1660 1365 lect.
1694 1324 1750 1376 λ.)
1786 1349 1831 1356 -—
1865 1327 1958 1369 304.

247 1389 347 1428 Nati
375 1399 419 1440 p.
457 1410 501 1416 —
534 1392 630 1428 tunc
659 1387 714 1438 b,
762 1388 869 1428 item
900 1388 926 1426 S
957 1396 1184 1438 superscr.
1217 1396 1331 1425 num.

193 1551 438 1593 vendendis
476 1552 634 1601 hortis⁷
682 1551 866 1600 tabulis,
915 1551 1071 1601 signis,

195 1617 238 1655 et
268 1614 449 1666 quidem
479 1615 622 1654 maius
660 1616 792 1655 etiam
829 1625 962 1665 quam
995 1624 1075 1652 an-

193 1679 289 1726 tea,
324 1687 411 1728 quo
442 1677 612 1717 iactura
641 1676 710 1716 illa
741 1678 826 1716 cito
859 1686 1076 1727 compen—

195 1741 360 1780 setur.»
418 1740 552 1790 Magis
583 1740 718 1779 etiam
758 1740 843 1779 hoc
884 1738 931 1778 fit
967 1738 1076 1777 ridi-

195 1801 343 1842 culum
372 1804 633 1853 propterea,
679 1802 799 1853 quod
832 1801 953 1841 haud
993 1800 1076 1840 ob—

195 1875 324 1904 scure
369 1863 607 1914 significat,
654 1864 975 1916 Damasippum
1019 1862 1074 1902 ad

194 1928 396 1966 veterem
427 1936 560 1967 suum
590 1926 917 1979 quaesticulum
954 1925 1075 1966 redi-

194 1990 345 2027 turum
375 1998 427 2027 ac
460 1988 765 2040 philosophari
803 1988 1072 2036 desiturum,

195 2053 232 2092 si
260 2050 464 2091 alicunde
495 2064 703 2093 nummos
734 2056 889 2093 nactus
926 2054 981 2092 sit
1020 2051 1076 2091 ad

196 2113 386 2153 emenda
432 2124 508 2163 ea,
556 2125 672 2164 quae
717 2116 887 2155 cariore
932 2115 1075 2166 pretio

195 2186 349 2216 rursus
370 2174 461 2215 aliis
481 2176 657 2216 vendat.
680 2200 723 2207 -—
737 2178 889 2227 pluris]
913 2187 1075 2227 «quarn

194 2238 455 2289 priusquam
486 2237 752 2285 decoxisti;»
797 2250 906 2279 non:
953 2249 1077 2277 «ma-

196 2311 324 2351 gno»,
342 2310 504 2350 neque,
523 2300 571 2338 ut
586 2299 736 2339 volunt
751 2301 923 2340 Comm.
938 2300 1073 2350 Cruq.

197 2364 242 2402 et
269 2362 484 2402 Diintzer:
521 2362 698 2411 «pluris,
733 2373 868 2413 quam
899 2371 1078 2412 compa-

195 2424 301 2463 rasti
314 2436 350 2471 »;
384 2434 497 2474 quae
530 2425 749 2464 sententia
779 2424 886 2463 mihi
918 2422 1076 2463 saltem

194 2484 526 2536 languidissima
563 2485 752 2525 videtur.
794 2508 839 2513 —
878 2486 971 2535 Qua
1013 2496 1077 2525 me

196 2546 394 2598 stultitia]
441 2548 564 2586 Hanc
606 2546 846 2587 lectionem
888 2547 1077 2598 praetuli

196 2610 379 2661 propter
455 2608 672 2648 Codicum
749 2610 1072 2649 auctoritatem.

199 2672 409 2723 «Propter
454 2682 588 2723 quam
634 2671 862 2712 stultitiam
905 2674 980 2712 tua
1024 2682 1078 2711 ex

198 2733 399 2774 doctrina
442 2743 515 2772 me
565 2734 731 2774 insanis
774 2734 1079 2773 adnumeras‘?

198 2795 320 2847 quod
349 2795 531 2845 quidem
561 2796 667 2835 mihi
707 2796 837 2836 nimis
867 2806 1079 2836 severum

199 2857 409 2896 iudicium
439 2856 657 2897 videtur.»
711 2859 977 2908 (Praeterea,
1001 2858 1079 2898 ubi

199 2918 320 2969 legas
351 2929 478 2967 quam
515 2930 580 2959 me
617 2920 860 2970 stultitiam,
907 2931 995 2960 uno
1035 2921 1080 2960 in

201 2978 418 3020 versiculo
447 2978 590 3020 littera
619 2991 662 3020 m
681 2982 916 3033 quinquies
936 2982 1079 3034 posita

200 3051 336 3082 sonus
381 3041 520 3080 oritur
562 3041 682 3081 haud
726 3044 858 3083 nimis
902 3046 1076 3095 gratus,

201 3104 284 3143 etsi
313 3102 593 3142 accusativus
623 3114 705 3154 per
733 3115 781 3144 se
811 3107 962 3146 rectus
993 3107 1076 3155 est,

200 3166 249 3204 ut
267 3160 430 3214 φόβον
452 3161 722 3213 φοβεῖσθαι
738 3165 901 3217 (Eurip.
917 3167 1076 3207 Troad.

203 3227 340 3278 ⁴465.)
382 3237 435 3267 ac
475 3224 646 3266 similia.
706 3226 828 3267 Conf.
867 3238 1000 3279 supra
1034 3240 1077 3268 v.

202 3288 286 3339 63.)
322 3309 367 3317 -
402 3300 441 3338 q.
464 3299 547 3328 non
576 3291 634 3328 est
651 3298 779 3339 genus
805 3290 949 3341 unum]
979 3289 1077 3329 vid.

201 3360 243 3389 v.
277 3349 329 3390 53
360 3360 458 3400 sqq.
496 3372 540 3378 —
571 3350 662 3400 Ego
697 3360 798 3388 nam
837 3348 940 3400 cet.]
978 3350 1076 3390 Vid.

204 3409 274 3450 ad.
296 3421 338 3450 v.
362 3411 430 3451 20.

259 3471 353 3512 303.
386 3471 481 3513 304.
544 3470 643 3512 «Nil
678 3472 894 3521 mirum»,
940 3472 1082 3523 inquit

1137 1549 1454 1600 Damasippus,
1498 1550 1644 1600 «quod
1684 1551 1729 1590 tu
1766 1550 1844 1591 tibi
1882 1563 2017 1594 sanus

1136 1611 1315 1651 videris.
1397 1611 1517 1650 Haec
1579 1612 1674 1663 ipsa
1739 1615 1858 1653 enim
1914 1614 2016 1655 mali

1137 1674 1352 1724 ignoratio
1413 1673 1608 1712 insaniae
1663 1675 1731 1714 est
1792 1677 2015 1727 propria.»

1141 1759 1185 1764 —
1217 1739 1347 1785 caput
1375 1735 1598 1775 abscissum
1637 1736 1738 1787 cet.]
1778 1738 1935 1789 Hygin.
1970 1739 2013 1778 F.

1139 1797 1244 1838 484:
1291 1798 1507 1848 Pentheus,
1551 1799 1745 1843 Echionis
1781 1804 1818 1839 et
1857 1801 2019 1853 Aqaves

1133 1861 1265 1912 filius,
1299 1859 1396 1911 (rex
1428 1860 1669 1911 Thebarum,
1675 1861 1691 1912 )
1721 1862 1915 1902 Liber-um
1942 1875 2018 1904 ne-

1135 1923 1252 1973 9avit
1295 1924 1414 1962 deum
1459 1934 1540 1962 esse
1584 1935 1658 1964 nec
1699 1926 1900 1974 mysteria
1933 1926 2019 1965 eius

1137 1986 1326 2035 accipere
1354 1986 1495 2024 voluit.
1559 1985 1615 2024 Ob
1654 1986 1728 2026 hoc
1757 1998 1850 2027 eum
1878 1988 2019 2039 Agave

1137 2052 1274 2088 mater
1303 2059 1398 2087 cum
1427 2048 1638 2087 sororibus
1664 2050 1737 2088 Ino
1768 2054 1805 2089 et
1831 2050 2025 2090 Autonoe

1130 2122 1210 2161 per
1229 2111 1440 2150 insaniam
1461 2122 1489 2149 a
1508 2110 1653 2150 Libero
1675 2111 1875 2151 obiectam.
1893 2123 2020 2152 mem-

1137 2173 1290 2212 bratim
1310 2173 1502 2213 laniavit.
1558 2174 1622 2212 De
1641 2173 1801 2214 eadem
1822 2185 1870 2213 re
1892 2173 2015 2214 ovid.

1138 2236 1240 2274 Met.
1279 2234 1327 2283 3,
1375 2235 1476 2274 727:
1522 2234 1850 2284 Avolsumque
1894 2241 2020 2286 caput

1137 2295 1276 2346 digitis
1295 2296 1514 2344 compleam
1537 2297 1710 2347 (Agave)
1732 2298 1914 2337 cruentis
1928 2299 2021 2338 Cla-

1137 2361 1228 2396 mat
1257 2357 1326 2396 «Io
1355 2357 1545 2406 comites,
1579 2369 1682 2407 opus
1709 2358 1810 2398 haec
1837 2359 2019 2398 victoria

1138 2423 1325 2458 nostrum
1355 2421 1438 2458 est!
1453 2434 1473 2454 »
1509 2442 1554 2447 —
1586 2420 1782 2459 manibus
1808 2443 1831 2449 -
1854 2422 2018 2471 portat]

1140 2483 1258 2522 Haec
1300 2480 1429 2521 lectio
1472 2482 1785 2523 «atrocitatem
1829 2484 2018 2525 foedita—

1138 2546 1321 2594 temque
1352 2544 1557 2583 facinoris
1588 2545 1772 2585 mirifice
1803 2548 1948 2597 auget.
1970 2567 2019 2576 ··-

1139 2607 1209 2645 Sic
1239 2605 1470 2657 Euripides
1491 2606 1651 2646 Bacch.
1675 2618 1717 2646 v.
1737 2607 1831 2647 967.
1856 2608 1911 2648 de
1934 2608 2019 2649 hac

1140 2669 1235 2719 ipsa
1279 2679 1355 2708 re:
1419 2664 1688 2724 Φερόμενος
1735 2662 1905 2721 ἧξεις-
1925 2692 1949 2699 -
1968 2669 2019 2711 ἐν

1140 2729 1306 2785 χερσὶ
1334 2727 1573 2786 μητρός.
1614 2742 1656 2771 v.
1693 2731 1817 2771 4439:
1865 2730 2019 2789 κρᾶτα

1139 2791 1175 2831 δ’
1203 2789 1392 2841 ἄθλιον,
1416 2785 1556 2850 Ὅπερ
1585 2790 1810 2842 λαβοῦσα
1838 2791 2019 2848 τυγχά-

1139 2866 1210 2895 νει
1255 2851 1417 2911 μήτηρ
1465 2859 1627 2911 χεροῖν
1646 2885 1656 2904 ,
1713 2852 1901 2907 Πήξαᾶ
1951 2855 2019 2896 ἐπ’

1140 2911 1292 2974 ἄκρον
1305 2915 1503 2975 θύρσον.
1518 2929 1560 2957 v.
1575 2917 1701 2958 4278:
1722 2918 1861 2968 Τίνος
1876 2914 2022 2975 πρόσ-

1141 2990 1272 3019 ωπον
1301 2977 1402 3032 δῆτ’
1442 2978 1493 3019 ἐν
1535 2975 1820 3033 ἀγκάλαις
1864 2974 2020 3030 ῗέχεις;

1138 3037 1318 3091 --³'13a,
1368 3042 1413 3081 τί
1456 3038 1671 3088 λεύσσω;
1719 3042 1764 3081 τί
1806 3042 2021 3097 φέρομαι

1140 3100 1233 3144 τόδ’
1263 3102 1314 3144 ἐν
1334 3106 1498 3161 χεροῖν
1510 3114 1524 3151 ‚·
1545 3125 1564 3133 -
1582 3125 1601 3132 -
1619 3102 1730 3143 Illud
1751 3104 1914 3143 demens
1932 3114 2019 3143 non

1141 3165 1276 3206 modo
1307 3166 1499 3205 otiosum
1543 3165 1615 3204 hic
1655 3166 1748 3213 est,
1795 3164 1876 3204 sed
1915 3175 2021 3204 sen-

1140 3228 1324 3267 tentiam
1370 3226 1501 3278 plane
1550 3227 1705 3266 onerat
1754 3227 1798 3265 et
1844 3226 2015 3276 gravat,

1140 3289 1278 3328 immo
1300 3289 1502 3340 putidam
1521 3287 1668 3328 reddit
1689 3289 1732 3328 et
1751 3286 2017 3327 inficetam.»

1140 3351 1294 3389 BENTL.

1197 3411 1399 3450 305-344.
1449 3411 1571 3462 veris]
1604 3411 1651 3449 ut
1680 3418 1814 3459 supra
1844 3418 1884 3446 v.
1913 3405 2015 3446 223:

1140 3473 1342 3520 cruentis,
1373 3483 1414 3511 v.
1438 3471 1539 3512 244:
1567 3480 1804 3521 pravorum
1822 3490 1840 3499 -
1859 3479 2016 3517 amore,
