2231 3787
819 280 915 318 LIB.
951 281 981 318 1.
1046 280 1208 319 EPIST.
1243 281 1351 319 v111.

1903 281 2006 334 4139

246 408 436 463 Vivere
476 427 577 464 nec
616 418 762 464 recte
801 427 902 465 nec
946 410 1206 475 suaviter3
1248 410 1391 464 haud
1432 412 1559 483 quia
1598 412 1801 483 grando

246 511 562 566 Contuderit
599 513 736 567 vites
778 512 1065 584 oleamque
1107 513 1460 566 momorderit
1511 522 1717 574 aestus,
1979 518 2008 567 5

242 614 355 668 Nec
394 614 522 686 quia
559 614 868 686 longinquis
908 623 1210 669 armentum
1249 624 1491 686 aegrotet
1530 616 1582 668 in
1622 618 1790 688 agris,

244 715 353 769 Sed
393 716 522 788 quia
560 725 741 770 mente
781 717 958 770 minus
997 716 1208 772 validus
1249 735 1412 789 quam
1451 736 1681 790 corpore
1718 728 1827 774 toto

240 817 319 871 Nil
359 817 548 872 audire
588 818 769 881 velim,
810 819 882 871 nil
925 819 1160 883 discere,
1209 819 1359 892 quod
1401 819 1543 875 levet
1582 838 1836 893 aegrum3

244 919 389 973 Fidis
430 920 677 975 offendar
714 921 961 984 medicis,
1006 922 1209 975 irascar
1248 922 1460 985 amiciS,

280 1070 317 1111 4.
353 1072 457 1110 haut
486 1070 565 1111 dE.
595 1093 639 1099 —
663 1072 702 1111 5.
731 1071 914 1111 oleamve
945 1083 999 1111 cx
1028 1083 1116 1111 uno
1140 1072 1248 1111 Cod.
1272 1073 1506 1123 Reginensi
1548 1075 1586 1125 (a
1616 1085 1683 1125 pr.
1703 1075 1779 1125 m.)
1812 1076 1948 1116 Bent-

222 1133 334 1174 leius
365 1135 409 1173 et
429 1134 530 1174 Fea.
567 1134 630 1185 (Ut
651 1145 756 1183 nos,
793 1144 951 1174 omnes
981 1135 1121 1174 nostri
1153 1137 1195 1174 et
1225 1136 1451 1186 Pottierii.)
1488 1159 1532 1164 —
1568 1137 1605 1176 6.
1632 1138 1749 1176 arvis
1776 1139 1946 1179 Veneta

225 1195 345 1236 4484.
394 1197 438 1236 et
468 1207 491 1235 e
523 1195 663 1236 Codd.
697 1197 968 1237 Torrentius.

226 1283 270 1287 -
303 1259 342 1299 8.
376 1260 487 1299 leuat
516 1260 561 1299 E.

166 1395 392 1435 wohnliche
433 1396 721 1448 Erscheinuny
756 1396 850 1434 ist.»
889 1397 1052 1436 IAcons.

166 1459 273 1499 Tota
314 1461 465 1500 autem
495 1460 579 1499 hac
607 1458 744 1500 veluti
776 1460 1055 1501 consessione

165 1532 330 1573 pravae
362 1523 651 1573 aegritudinis
674 1521 916 1563 molestum
936 1523 1056 1562 hunc

165 1586 300 1625 animi
330 1587 494 1626 statum
527 1584 718 1625 allevare
755 1584 972 1635 conatur.)
1007 1607 1052 1613 —-

163 1648 299 1688 multa
326 1652 365 1688 et
386 1648 585 1700 pulchra]
618 1643 773 1687 πολλὰ
803 1648 884 1688 καὶ
913 1644 1052 1688 καλά.

166 1709 254 1750 Cfr.
302 1710 430 1750 Hand
476 1712 601 1750 Turs.
644 1712 694 1750 ΙΙ.
736 1722 779 1763 p.
819 1710 912 1751 475.
963 1711 1051 1750 Cic.

164 1771 281 1812 Lael.
307 1773 353 1822 9,
378 1773 452 1812 30:
485 1774 684 1812 utilitates
712 1774 869 1813 multae
899 1777 937 1813 et
964 1785 1056 1812 ma-

163 1846 287 1887 gnae.
321 1834 497 1875 Tuscul.
521 1837 570 1885 5,
596 1835 671 1885 35,
705 1836 799 1875 4021.
838 1836 882 1875 in
913 1837 1056 1886 epita-

164 1897 269 1949 phio
326 1897 641 1950 Sardanapali:
707 1902 752 1937 at
797 1898 872 1937 illa
919 1898 1057 1937 iacent

161 1961 300 2000 multa
341 1965 379 2000 et
415 1961 649 2011 praeclara
691 1961 854 2001 relicta.
892 1982 936 1988 —
977 1961 1056 2000 ini—

162 2023 343 2075 nantem]
397 2022 716 2075 «pollicentem
764 2035 816 2063 ac
865 2022 1053 2063 molien-

162 2086 298 2125 tem.»
354 2085 452 2124 Vid.
502 2085 558 2125 ad
599 2087 685 2125 Sat.
720 2087 768 2134 Ξ),
803 2085 848 2134 3,
883 2086 921 2125 9.
983 2086 1052 2125 Sic

165 2149 298 2188 etiam
330 2148 485 2188 Graeci
516 2149 736 2198 usurpant
755 2159 797 2187 v.
820 2143 1048 2188 ἀπειλεῖν.

164 2210 323 2262 Odyss.
355 2209 410 2259 θ,
452 2210 559 2250 383:
603 2204 747 2261 Ἧμὲν
785 2204 1052 2264 ἀπείλησας

162 2268 478 2330 βητάρμονας
509 2267 631 2312 εἶναι
661 2267 904 2330 ἀρίστους.
964 2276 1052 2315 Re-

163 2335 302 2376 fertur
345 2338 495 2376 autem
544 2336 761 2387 imprimis
805 2337 862 2376 ad
906 2337 1050 2377 studia

164 2399 361 2451 poetica,
396 2398 582 2439 fortasse
615 2399 748 2443 etiam
777 2398 834 2438 ad
854 2399 1051 2439 studium

162 2461 335 2501 virtutis
371 2472 424 2500 ac
461 2461 718 2512 sapientiae.
768 2484 801 2488 —
841 2472 914 2500 nec
943 2466 1052 2501 recte

164 2523 268 2572 cet]
317 2533 430 2562 «non
470 2523 600 2563 nimis
630 2522 746 2563 bene
777 2534 850 2563 me
880 2524 1047 2574 vivere,

163 2596 251 2625 non
283 2585 389 2625 satis
420 2596 492 2625 me
524 2585 619 2636 ipso
641 2587 900 2626 contentum
931 2597 1046 2636 esse,

161 2649 400 2699 propterea
430 2659 515 2688 nec
542 2649 768 2688 suaviter.»
800 2648 882 2688 Alii
902 2649 1048 2689 minus

162 2711 264 2762 apte
293 2721 336 2750 v.
359 2714 467 2750 recte
496 2709 743 2762 explicant:
779 2712 1047 2763 «sapientiae

163 2774 522 2813 convenienter.»
564 2773 675 2813 Adv.
708 2775 895 2815 suaviter
925 2775 1050 2815 simi-

161 2834 260 2875 liter
287 2837 553 2887 usurpatum
582 2835 724 2876 habes
755 2838 841 2876 Sat.
872 2837 888 2876 11
909 2869 917 2886 ,
943 2837 981 2885 9,
1005 2838 1046 2876 5.

166 2920 211 2925 —
250 2898 363 2937 haud
408 2898 522 2948 quia]
570 2899 863 2951 «keineswegss,
909 2900 1046 2939 weil.»

164 2958 291 2998 Hand
335 2959 460 2999 Turs.
494 2961 563 2998 ΙΙΙ.
609 2972 653 3011 p.
682 2961 748 3000 33.
797 2984 841 2990 —
883 2963 1048 3012 gyrando

164 3022 403 3062 Contuderit
430 3022 544 3072 vites]
576 3022 654 3061 Od.
680 3023 724 3072 3,
761 3025 777 3062 4
801 3056 808 3072 ,
833 3024 914 3064 29:
958 3035 1049 3064 ver—

164 3083 334 3123 beratae
375 3083 581 3134 yrandine
623 3084 781 3124 vineae.
818 3107 863 3114 —
897 3087 1050 3126 oleam-

164 3144 253 3196 que]
294 3145 449 3194 Utique
480 3145 566 3184 hoc
595 3147 758 3187 rectius
790 3158 926 3198 quam
963 3149 1049 3189 ole-

163 3218 313 3254 amve3
358 3207 523 3246 etenim
555 3207 716 3247 eodem
746 3208 837 3248 fere
869 3212 1046 3251 aestatis

164 3274 368 3321 tempore
413 3268 580 3320 grando
625 3270 900 3311 contundere
937 3272 1049 3312 solet

163 3333 275 3373 vites
312 3333 356 3372 et
384 3333 533 3371 aestus
574 3334 743 3372 torrere
771 3332 936 3383 oleam,
978 3337 1047 3375 te-

164 3395 404 3435 nerrimam
435 3393 659 3434 arborem.
687 3417 732 3422 —
763 3398 1046 3449 momorderit]

165 3456 217 3496 Et
253 3456 308 3496 de
339 3457 465 3497 aestu
495 3458 539 3496 et
569 3456 624 3496 de
661 3456 820 3507 frigore
869 3458 969 3507 (Sat.
1002 3459 1042 3508 2,

167 3518 205 3567 6,
241 3518 321 3569 45.)
358 3519 546 3566 dicitur,
586 3519 629 3558 h.
664 3518 689 3559 l.
725 3518 779 3559 de
812 3518 920 3560 foliis
953 3531 1048 3561 are-

1026 1196 1090 1246 (Ut
1119 1208 1222 1245 nos,
1271 1209 1428 1238 omnes
1467 1200 1606 1238 nostri
1638 1201 1681 1239 et
1720 1201 1944 1251 Potitierii.)

1122 1395 1247 1436 factis
1276 1393 1491 1447 bacisque
1524 1397 1647 1437 ustis.
1689 1416 1732 1424 -—
1758 1397 2006 1450 longinquis]

1121 1460 1172 1500 Ut
1216 1457 1375 1498 divites
1418 1469 1577 1509 greges
1622 1458 1852 1500 habebant
1892 1462 2008 1501 etin

1122 1519 1325 1560 Calabria
1348 1522 1392 1560 et
1410 1521 1454 1561 in
1476 1520 1608 1561 Gallia
1632 1521 1868 1574 Cisalpina.
1891 1524 2010 1564 Diin-

1119 1584 1214 1623 tzer
1259 1582 1369 1635 (coll.
1410 1582 1516 1623 Plin.
1558 1585 1608 1624 H.
1643 1586 1692 1624 N.
1740 1585 1786 1634 9,
1823 1585 1894 1635 117,
1928 1587 2004 1625 ⁵26:

1119 1645 1231 1685 linea
1251 1646 1499 1697 lonqinqua.
1519 1646 1558 1696 8,
1578 1645 1645 1695 42,
1671 1647 1721 1686 65
1735 1659 1748 1685 .·
1779 1647 2009 1698 longyi‘nqua

1117 1708 1303 1760 itinera.)
1338 1707 1551 1760 explicat:
1602 1707 1712 1748 «late
1743 1711 2006 1760 porrectis,»

1119 1781 1255 1821 quam
1286 1771 1652 1821 significationem
1681 1771 1867 1811 demum
1888 1773 2009 1824 apud

1120 1831 1414 1872 Claudianum
1444 1834 1631 1884 reperiri
1666 1833 1800 1873 tradit
1830 1835 2007 1875 Forcel—

1117 1893 1257 1944 linus,
1292 1896 1417 1945 Rapt.
1451 1897 1574 1935 Pros.
1610 1896 1656 1944 3,
1692 1896 1798 1936 363:
1847 1897 2009 1948 lonqin—

1119 1969 1204 2007 qua
1228 1968 1306 2007 per
1336 1969 1550 2007 aequora;
1584 1957 1662 1997 ubi
1693 1960 1842 1998 tamen
1873 1960 2007 1999 inter-

1116 2020 1282 2071 pretari
1325 2018 1459 2059 licet:
1508 2019 1662 2071 «longe
1707 2032 1731 2060 a
1773 2020 1901 2062 nobis
1932 2033 2006 2061 re—

1116 2084 1282 2122 mota.»
1318 2105 1362 2110 —-
1397 2083 1530 2135 agris]
1579 2084 1718 2134 «agris
1757 2085 2002 2135 pascuis;»

1115 2146 1164 2183 ut
1207 2144 1466 2185 dividebant
1523 2156 1653 2197 agros
1699 2147 1742 2185 in
1784 2157 2001 2198 pascuos‚

1117 2218 1263 2257 arvos,
1287 2207 1510 2258 arbustos‚
1535 2209 1744 2248 consitos.
1781 2208 2003 2250 «Aliorum

1116 2270 1231 2308 arvis
1260 2271 1406 2310 minus
1436 2269 1607 2322 placet,
1642 2272 1743 2321 quia
1774 2282 1885 2311 arva
1902 2283 2005 2324 pro-

1116 2334 1212 2385 prie
1256 2336 1386 2383 sunt,
1452 2345 1566 2385 quae
1616 2336 1798 2375 arantur
1840 2338 2002 2387 segetis

1117 2406 1293 2435 causa.»
1329 2397 1455 2435 Gnsn.

1171 2459 1291 2498 7-112.
1338 2459 1484 2511 mente]
1518 2459 1728 2511 Hippocr.
1760 2461 1924 2512 Aphor.
1958 2463 1998 2511 2,

1115 2522 1167 2561 6:
1211 2516 1406 2562 Ὁκόσοι
1435 2522 1690 2573 πονέοντές
1718 2534 1763 2563 τι
1792 2521 1877 2564 τοῦ
1910 2521 2001 2563 σώ-

1112 2596 1268 2637 ματος
1310 2581 1369 2624 τὰ
1410 2581 1563 2625 πολλὰ
1594 2582 1688 2625 τῶν
1718 2582 1879 2626 πόνων
1910 2583 2000 2627 οὖν.

1114 2645 1456 2699 αἰσθάνονται,
1488 2651 1758 2691 τουτέοισιν
1779 2646 1809 2702 ἦ
1830 2648 1998 2704 γνώμη

1114 2713 1289 2753 νοσέει.
1313 2736 1357 2741 -
1379 2725 1507 2763 quam
1528 2724 1703 2764 corpore
1722 2713 1818 2764 toto]
1839 2724 2000 2764 «quae-

1111 2776 1178 2815 vis
1210 2776 1409 2827 corporis
1438 2787 1541 2827 pars
1563 2775 1748 2816 validior
1774 2778 1842 2816 est
1862 2787 1999 2826 quam

1113 2838 1287 2879 animus
1318 2849 1491 2879 meus.»
1513 2861 1558 2865 -
1589 2838 1662 2877 Nil
1690 2839 1838 2877 audire
1856 2839 1994 2888 velim,

1111 2901 1171 2940 nil
1200 2901 1368 2950 discere]
1400 2899 1463 2940 Cf.
1498 2900 1609 2951 Epp.
1643 2901 1689 2950 4,
1724 2900 1769 2949 ’1,
1803 2900 1883 2941 48:
1916 2902 1998 2940 Di·-

1110 2974 1222 3002 scere
1251 2966 1290 3002 et
1318 2963 1639 3002 audii-ennon
1665 2963 1729 3002 vis
1745 2961 1766 3001 t>
1788 2987 1834 2994 „-
1867 2963 1995 3014 Fidis]

1113 3025 1236 3076 «qui,
1282 3026 1332 3064 ut
1361 3025 1455 3076 ipse
1485 3024 1628 3076 probe
1660 3025 1780 3073 scio,
1828 3023 1996 3065 malum

1111 3098 1266 3127 meum
1296 3088 1417 3127 omni
1446 3087 1581 3127 modo
1616 3086 1767 3127 levare
1796 3085 1993 3126 volunt.»

1111 3150 1289 3190 Amicos
1321 3151 1471 3189 autem
1493 3151 1718 3201 corrigere
1748 3150 1867 3189 hunc
1896 3160 1995 3200 pra-

1112 3223 1218 3251 vum
1262 3213 1396 3252 animi
1435 3211 1638 3252 habitum
1677 3212 1860 3252 aventes
1891 3221 1993 3249 cum

1112 3274 1299 3315 medicis
1321 3276 1565 3326 comparat.
1618 3273 1772 3315 Celsus
1801 3271 1989 3312 Praefat.

1112 3336 1128 3374 4
1157 3348 1163 3373 z
1214 3336 1442 3386 Concipw,
1475 3348 1570 3376 cum
1601 3348 1688 3386 par
1716 3335 1887 3374 scientia
1915 3333 1990 3381 sit,

1109 3398 1318 3438 utiliorem
1361 3402 1501 3438 tamen
1539 3399 1743 3437 medicum
1770 3406 1853 3435 esse
1882 3395 1993 3434 ami-

1109 3471 1205 3499 cum
1247 3471 1377 3508 quam
1406 3465 1666 3500 extraneum.
1729 3457 1867 3507 (Idem
1898 3456 1989 3496 fere

1112 3521 1165 3562 de
1199 3533 1246 3562 se
1277 3524 1379 3573 post
1408 3521 1600 3562 reditum
1633 3532 1686 3560 ex
1716 3520 1872 3560 itinere
1903 3520 1991 3559 Ita-
