2231 3787
197 216 260 265 37
269 216 298 266 6

795 216 1007 255 ΗΟΒΑΤΗ
1039 216 1403 257 EPISTULARUM

271 346 467 399 Laudis
508 362 690 400 amore
732 356 930 399 tumes:
974 355 1096 398 sunt
1135 354 1280 399 certa
1317 343 1556 415 piacula,
1601 361 1741 415 quae
1782 353 1831 397 te

271 450 371 501 Ter
409 465 544 518 pure
584 447 721 501 lecto
760 457 1010 519 poterunt
1047 463 1296 501 recreare
1336 445 1558 498 libello.-

270 549 513 611 lnx‘idus,
557 549 871 610 iracundus,
916 550 1083 606 iners,
1125 549 1371 609 vinosa&
1424 555 1654 607 amator,

268 653 434 704 Nemo
474 651 611 705 adeo
651 652 794 704 serus
835 659 939 711 est,
981 659 1038 702 ut
1076 667 1182 702 non
1222 650 1506 703 mitescere
1545 651 1745 721 possit,

270 754 321 806 Si
363 753 523 806 modo
563 752 802 807 culturae
840 752 1130 823 patientem.
1168 752 1474 805 commodet
1511 769 1712 806 aurem.

1949 753 2017 806 40

270 855 442 908 Virtus
484 865 562 908 est
599 855 786 907 vitium
825 854 1009 924 sugere
1049 862 1101 906 et
1140 854 1401 925 sapientia
1441 854 1610 925 prima

310 1007 373 1045 39.
411 1006 464 1054 za]
498 1006 568 1055 qni
598 1008 686 1045 tres
718 1004 856 1044 Codd.
891 1004 1008 1056 apud
1039 1004 1296 1045 Obbarium.

198 1148 277 1185 bos
308 1150 445 1185 aulem
477 1146 677 1184 nonsatis
697 1145 859 1184 usitate.
896 1144 957 1185 Cf.
983 1146 1070 1184 Sat.
1103 1146 1107 1190 1
1139 1147 1285 1195 despue
1326 1147 1593 1186 carminibus.

200 1211 244 1254 2,
277 1209 325 1255 3,
360 1209 409 1247 Ξῖ
443 1218 509 1258 sq.

253 1272 318 1311 36.
354 1271 420 1310 37.
468 1271 621 1309 Laudis
651 1281 793 1309 amore
814 1269 978 1321 [mnes]
1010 1271 1073 1309 De

198 1333 450 1373 huiusmodi
506 1333 881 1372 enuntiationibus
930 1333 1076 1383 hypo-

199 1397 396 1439 theticis,
442 1398 544 1447 post
586 1406 695 1445 quas
735 1394 838 1435 olim
884 1396 1075 1434 interro—

199 1458 328 1508 gandi
360 1459 532 1508 signum
562 1457 813 1509 ponebant,
849 1456 901 1496 ef.
926 1458 1013 1496 Sat.
1035 1458 1074 1505 1l,

206 1523 244 1568 1,
280 1521 345 1561 45.
393 1522 696 1560 llermannum
727 1519 784 1559 ad
814 1520 961 1571 Eurip.
986 1521 1077 1559 An-

199 1584 341 1623 drom.
368 1583 461 1624 646.
513 1582 730 1622 Timocles
762 1582 881 1634 apud
915 1583 1072 1622 Athen.

201 1648 248 1691 6,
284 1647 331 1694 Ξ,
372 1647 444 1685 Υκ’)’ῑ
492 1642 666 1695 Χωλός
709 1646 779 1696 τίς
822 1644 944 1693 ἐστι,
991 1641 1076 1684 τὸν

200 1706 495 1761 Φιλοκτήτην
527 1704 630 1765 ὁρᾷ.
678 1709 741 1748 De
760 1708 900 1747 verbo
922 1713 1079 1747 tzmzere

202 1773 364 1811 011531.
391 1772 434 1818 2,
468 1771 515 1819 3,
548 1771 644 1811 213.
697 1770 965 1810 «Ambitioni
1004 1781 1077 1810 se-

200 1833 370 1873 cundus
401 1836 500 1884 post
521 1834 748 1872 avaritiam
780 1831 905 1872 locus
928 1831 1079 1871 tribui-

203 1900 296 1944 tur,
339 1898 385 1934 ut
426 1897 511 1934 Sat.
548 1896 593 1943 sl,
634 1894 682 1944 4,
716 1895 783 1934 26.
830 1895 947 1943 ⁶2‚⁶2‚
983 1895 1075 1933 487.

205 1959 310 2009 lipp.
338 1959 381 2007 Ξ,
418 1959 463 2005 ’2,
490 1959 567 1997 205
590 1968 685 2008 sq.»
718 1958 868 1996 OBBAR.
895 1979 940 1986 —
966 1961 1080 1996 certa

197 2021 369 2070 piacula
393 2019 494 2071 cet]
520 2020 798 2071 «praesentia
820 2030 871 2058 ac
890 2019 1076 2070 probata

202 2083 444 2123 remedia.»
509 2083 725 2131 Quoniam
775 2082 1079 2133 antiquissimo

203 2149 404 2197 tempore
451 2145 596 2184 morbi
639 2145 695 2183 ad
739 2145 848 2184 iram
892 2145 1078 2184 deorum

205 2207 519 2247 immortalium
563 2206 873 2246 referebantur
911 2205 1080 2256 (Celsus

205 2271 342 2310 Praei.
368 2271 440 2320 1.),
472 2271 585 2310 11300
615 2272 714 2309 ante
738 2270 884 2308 omnia
905 2265 1082 2324 καθάρ-

202 2346 346 2385 gaam,
393 2333 619 2372 sacrificiis
652 2332 870 2384 expianda
906 2335 949 2372 et
987 2331 1082 2383 pla-

205 2396 345 2435 canda
399 2397 513 2443 erat;
566 2396 669 2434 hinc
716 2406 830 2435 nove
880 2395 1083 2435 medica-

205 2462 354 2498 menta
403 2459 494 2509 ipsa
538 2458 714 2508 piacula
760 2460 905 2498 vocat.
989 2459 1082 2497 Iam

202 2532 308 2561 vero
353 2521 466 2560 haec
504 2520 829 2560 medicamenta
868 2522 970 2560 sunt
1009 2531 1083 2560 sa-

205 2585 417 2637 pientium
441 2585 618 2636 scripta,
652 2596 765 2636 quae
789 2585 1079 2625 attentissime

207 2652 247 2687 et
279 2648 425 2687 animo
457 2658 479 2686 3
511 2647 921 2698 perturbationibus
945 2657 1081 2698 quam

207 2711 397 2749 maxime
433 2721 574 2749 vacuo
611 2708 759 2761 legere
797 2721 848 2749 ac
879 2709 1081 2749 meditari

207 2772 440 2820 debemus,
467 2784 713 2823 eorumque
736 2771 915 2812 consilia
936 2772 1077 2822 sequi.

208 2836 503 2873 Perseverans
534 2837 684 2873 autem
716 2835 759 2874 in
787 2835 935 2886 priore
970 2835 1082 2873 ima-

207 2898 303 2947 gine
337 2896 392 2935 ad
422 2895 557 2935 libros
589 2895 780 2936 morales
812 2895 1003 2947 applicat
1038 2895 1082 2934 id

207 2959 325 3009 quod
348 2960 524 3010 proprie
547 2959 602 2998 de
624 2958 962 2998 medicamentis
983 2958 1083 3008 post

208 3025 352 3060 certas
384 3022 608 3061 cantiones
647 3020 874 3072 religiosas
903 3019 973 3059 vel
1015 3019 1082 3058 di—

207 3095 305 3123 cam
335 3084 547 3133 mysticas
578 3086 622 3122 et
661 3085 854 3133 magicas
893 3082 1081 3133 sumptis

206 3145 335 3185 valet.
412 3147 457 3184 In
501 3145 754 3184 huiusmodi
797 3145 952 3184 ritibus
998 3155 1081 3183 nu-

207 3219 332 3247 mero
365 3208 556 3246 ternario
587 3217 876 3257 permagnam
898 3207 988 3245 vim
1010 3206 1083 3244 tri-

206 3269 418 3309 buebant.
466 3269 651 3308 Theocr.
677 3266 799 3318 Idyll.
824 3269 870 3314 Ξ,
904 3267 976 3307 453:
1006 3262 1081 3317 Ἐς

206 3333 305 3388 τρὶς
347 3327 634 3371 <incarnatam
678 3331 759 3369 καὶ
803 3330 902 3386 τρὶς
946 3326 1078 3379 τάδε,

209 3393 392 3439 πότνια,
426 3392 587 3445 (scam-3.
624 3394 746 3434 Conf.
772 3395 857 3433 Sat.
891 3395 931 3443 ⁶2,
967 3395 1004 3442 4,
1038 3395 1076 3433 7.

209 3457 360 3498 Tibull.
393 3459 429 3500 1,
456 3460 500 3504 2,
535 3458 609 3498 562
647 3458 720 3498 Ter
739 3467 861 3505 cane,
886 3461 947 3496 ter
967 3457 1083 3496 (lictis

1670 1146 1861 1187 Eosdem
1907 1148 2016 1187 ritus

1138 1208 1470 1260 praecedebant
1491 1207 1794 1258 lustrationes,
1828 1208 2018 1248 ablutio-

1139 1282 1218 1311 nes
1237 1303 1243 1319 ,
1278 1270 1521 1310 secubitus.
1567 1273 1674 1311 Pare
1693 1272 1823 1322 igitur
1843 1267 2018 1325 (ἁγνῶς

1139 1334 1219 1371 καὶ
1265 1329 1516 1389 καθαρῶς,
1566 1334 1826 1385 qereiniqt
1870 1332 2017 1383 Voss.)

1138 1394 1302 1435 librum
1331 1395 1434 1446 legit
1464 1407 1518 1435 ex
1547 1397 1632 1436 hac
1663 1396 1877 1447 imagine,
1919 1395 2020 1446 «qui

1140 1469 1187 1497 se
1218 1457 1439 1506 lustravit,
1480 1458 1641 1498 eadem
1671 1458 1931 1498 castimonia
1961 1457 2017 1497 ad

1139 1519 1376 1570 legendum
1408 1520 1652 1569 accedens,
1688 1531 1740 1559 30
1771 1520 1807 1560 si
1836 1529 1937 1559 rem
1958 1519 2022 1559 di-

1138 1583 1289 1621 vinam
1321 1584 1441 1622 esset
1477 1582 1673 1623 facturus
1705 1582 1766 1633 (ut
1805 1582 1866 1621 ait
1907 1583 2022 1621 Tur-

1140 1644 1343 1694 nebus)»;
1365 1645 1545 1696 proprie
1567 1655 1675 1684 vero
1698 1645 1735 1684 is
1751 1676 1760 1693 ,
1786 1644 1889 1695 «qui
1907 1655 2020 1695 puro

1142 1709 1184 1747 et
1214 1708 1336 1746 casto
1367 1709 1435 1747 est
1463 1708 1656 1746 animo.»
1705 1704 1872 1757 Dilogia
1912 1706 2021 1745 item

1142 1771 1255 1809 inest
1284 1770 1326 1808 in
1354 1780 1396 1808 V.
1431 1769 1586 1817 libello,
1630 1767 1751 1820 quod
1778 1780 1820 1808 v.
1855 1767 2023 1819 signifi-

1142 1834 1212 1871 cat
1229 1834 1272 1871 et
1292 1832 1508 1883 scriptum
1527 1830 1842 1883 philosophum
1864 1833 1909 1870 et
1929 1841 2024 1870 car-

1142 1906 1246 1934 men
1276 1895 1501 1944 magicum
1528 1905 1581 1933 ex
1603 1893 1749 1945 aliquo
1779 1892 1925 1932 libello
1947 1893 2026 1932 Or-

1142 1957 1273 2008 phico
1315 1955 1384 1995 vel
1429 1955 1557 1996 simili
1598 1956 1652 1995 ad
1689 1951 1880 2005 τελετὰς
1917 1966 2024 2007 spe-

1144 2022 1289 2059 ctante
1335 2020 1535 2071 petitum.
1596 2020 1732 2069 Iunge
1768 2020 1918 2058 autem
1963 2022 2024 2058 ter

1143 2082 1265 2130 lecto,
1298 2092 1386 2121 non
1417 2085 1479 2120 ter
1501 2092 1611 2131 pure
1640 2092 1724 2120 nec
1754 2084 1817 2120 ter
1838 2091 1948 2131 pure
1977 2080 2022 2119 et

1144 2148 1204 2183 ter
1233 2144 1355 2191 lecto,
1389 2154 1503 2193 quae
1527 2142 1710 2194 quidem
1741 2141 2023 2182 callidissima

1145 2209 1239 2246 erat
1268 2206 1400 2246 ratio!

1199 2268 1344 2309 38-42.
1391 2268 1571 2319 amator]
1609 2268 1806 2308 Donatus
1843 2266 1900 2306 ad
1937 2267 2024 2307 Te-

1144 2335 1257 2372 rent.
1280 2331 1415 2372 Andr.
1448 2330 1495 2380 4,
1530 2331 1575 2380 3,
1609 2331 1653 2370 3:
1698 2330 1865 2370 Amicus
1893 2329 2025 2369 animi

1145 2400 1216 2444 est,
1241 2399 1408 2434 amator
1426 2405 1525 2433 cero
1546 2393 1748 2444 corporis.
1779 2393 1871 2433 Gic.
1892 2393 2020 2432 Tusc.

1146 2458 1194 2508 4,
1229 2459 1303 2507 42,
1336 2459 1410 2497 27:
1443 2457 1567 2496 Aliud
1596 2461 1652 2496 est
1672 2460 1905 2496 amatorem
1923 2466 2022 2505 esse,

1145 2522 1261 2560 aliud
1289 2523 1514 2560 amantem.
1575 2520 1668 2559 Hoc
1697 2519 1851 2558 vitium
1880 2518 2026 2558 mulie-

1143 2585 1357 2624 rositatem
1385 2584 1516 2622 vocat
1554 2583 1643 2622 Cic.
1686 2583 1814 2621 Tusc.
1852 2579 1900 2630 4,
1948 2581 2021 2629 Μ,

1144 2647 1212 2686 ⁶26.
1240 2669 1283 2674 —
1305 2644 1531 2696 mitescere]
1563 2643 1710 2684 Verba
1739 2644 1851 2682 mitis
1880 2644 1923 2682 et
1942 2643 2025 2681 im—

1143 2709 1254 2748 mitis
1283 2707 1543 2759 saepissime
1572 2706 1627 2745 de
1649 2706 1796 2745 animo
1827 2705 2024 2745 humano

1145 2772 1429 2821 usurpantur.
1462 2768 1647 2808 Difficile
1678 2766 1902 2807 intellectu
1933 2768 2022 2815 est,

1146 2844 1224 2873 cur
1253 2831 1492 2871 Lambinus
1523 2831 1635 2870 haec
1667 2828 2020 2881 reprehenderit.

1147 2896 1248 2934 «Est
1267 2895 1416 2933 autem
1439 2904 1596 2941 usus,»
1629 2893 1790 2943 inquit,
1825 2890 2024 2932 «duabus

1147 2954 1529 3005 translationibus,
1578 2965 1692 3006 quae
1738 2956 1892 2994 mutuo
1936 2965 2024 2994 non

1146 3018 1439 3071 respondent,
1470 3019 1584 3069 ferus
1605 3019 1649 3057 et
1667 3017 1897 3065 mitescere,
1922 3026 2026 3056 cum

1146 3083 1258 3130 sera,
1308 3082 1351 3121 id
1396 3083 1482 3130 est,
1531 3074 1677 3137 ἄγρια
1711 3079 2027 3119 mansuescant

1146 3145 1289 3196 potius
1320 3155 1400 3184 seu
1432 3143 1706 3190 cicurentur,
1751 3139 1914 3181 acerba
1946 3140 2025 3180 mi-

1147 3208 1358 3247 tescant.»
1412 3206 1476 3244 Tu
1515 3204 1568 3245 cf.
1605 3203 1789 3244 Accium
1819 3202 1943 3242 Both.
1977 3203 2021 3240 P.

1146 3270 1212 3308 Sc.
1237 3281 1280 3320 p.
1301 3268 1402 3309 249:
1434 3268 1605 3307 Nullam
1625 3271 1682 3306 est
1703 3266 1914 3316 ingenium
1933 3267 2026 3302 tan-

1145 3336 1232 3371 tam
1269 3342 1399 3380 neque
1435 3342 1508 3369 cor
1547 3334 1633 3369 tam
1675 3329 1862 3379 ferum,
1909 3326 2026 3376 Quod

1145 3406 1226 3433 non
1257 3394 1443 3432 labascat
1474 3393 1640 3443 linqua,
1672 3390 1910 3429 mitescat
1935 3399 2026 3427 ma-

1146 3458 1195 3496 lo.
1249 3458 1334 3496 Liv.
1362 3456 1434 3504 33,
1471 3454 1542 3495 45:
1578 3458 1620 3494 u!
1649 3454 1788 3504 seras
1819 3450 2024 3502 quasdam
