2231 3787
256 217 355 268 55⁶2
861 219 1076 260 HORATII
1103 219 1469 262 EmsrorARUM

789 472 1231 520 EPISOEOLA
1260 470 1523 520 xvlu.

327 566 379 618 Si
420 565 560 619 bene
601 575 651 620 te
691 567 839 628 novi,
880 574 1115 627 metueS,
1156 565 1431 621 liberrime
1470 565 1623 628 Lolli,

325 667 628 720 Scurrantis
668 668 907 738 speciem
945 667 1239 738 praebere,
1280 668 1559 738 professus
1598 667 1845 723 amicum.

325 767 389 822 Ut
426 776 667 820 matrona
705 768 973 821 meretrici
1013 767 1198 839 dispar
1236 769 1336 822 erit
1373 777 1535 840 atque

324 867 594 931 Discolor,
637 867 800 922 infido
841 885 1062 922 scurrae
1102 868 1318 923 distabit
1355 870 1574 924 amicus

359 1017 441 1057 ΕΡ.
464 1017 611 1058 XVIII.
645 1017 684 1058 4.
717 1030 869 1058 scurra
896 1020 928 1059 E
968 1019 1061 1070 (sed
1091 1021 1318 1071 postrema
1349 1019 1493 1059 littera
1524 1021 1567 1059 in
1597 1019 1781 1070 rasura).
1821 1041 1868 1048 —
1909 1021 1948 1059 5.
1981 1024 2020 1060 et

295 1090 431 1130 prope
451 1081 481 1119 L
502 1091 525 1120 e
548 1080 688 1120 Codd.
724 1080 888 1131 (Nullus
920 1092 1140 1131 meorum,
1173 1083 1301 1131 Feae,
1335 1081 1559 1132 Pottierii.)
1586 1105 1631 1110 —
1661 1082 1700 1121 7.
1725 1085 1841 1121 tensa
1868 1083 2013 1121 Acron

301 1203 448 1242 XVIII.
495 1202 707 1253 Lollium,
755 1205 974 1244 iuniorem
1020 1206 1133 1244 ami-
1193 1205 1333 1244 vitare
1365 1204 1583 1254 deberet,
1633 1205 1837 1255 tradidit,
1888 1206 1931 1246 in
1975 1204 2072 1245 loco

249 1275 352 1304 cum
385 1264 453 1314 (de
477 1275 564 1315 quo
585 1265 687 1305 vide
707 1298 714 1313 ,
749 1277 862 1317 quae
893 1267 1009 1306 dicta
1031 1269 1133 1308 sunt
1195 1268 1423 1307 communi
1445 1267 1500 1307 de
1523 1266 1778 1307 difficultate
1795 1278 1847 1308 ac
1865 1267 2074 1319 periculis

247 1326 304 1365 ad
334 1326 578 1378 Epistolam
606 1328 892 1378 secundam),
926 1330 1131 1369 Horatius
1196 1328 1393 1369 culturae
1423 1330 1671 1380 potentium
1693 1331 1938 1370 amicorum
1961 1341 2075 1381 pau-

247 1388 304 1428 ad
333 1391 505 1428 rectam
543 1390 791 1440 potentium
825 1390 1042 1430 culturam
1072 1393 1132 1430 ita
1194 1389 1328 1441 lisper
1356 1391 1618 1430 immoratur
1640 1391 1723 1441 (vv.
1747 1391 1928 1442 86-88.).
1962 1393 2076 1432 «Ca—

246 1451 448 1497 instituit,
482 1453 531 1490 ut
551 1451 887 1492 adolescentem
910 1453 1039 1493 huius
1060 1464 1133 1503 ge-
1194 1455 1272 1503 put
1311 1464 1462 1492 rerum
1501 1455 1703 1500 autem‚»
1744 1454 1911 1504 pergit,
1958 1454 2076 1494 «hoc

246 1512 366 1552 neris
396 1513 512 1551 vitae
546 1513 733 1554 fortasse
766 1515 896 1554 nimis
919 1515 1131 1566 cupidum
1195 1515 1285 1562 est,
1330 1516 1379 1553 ut
1408 1514 1750 1563 accommodes,
1798 1515 1949 1566 quoad
1979 1516 2074 1556 eius

245 1575 470 1625 nimiaque
504 1577 741 1616 commoda
773 1576 856 1616 sibi
890 1577 992 1616 inde
1024 1587 1131 1627 pro-
1194 1575 1289 1614 fieri
1309 1577 1480 1626 potest,
1509 1579 1607 1617 tuos
1628 1587 1778 1616 mores
1794 1578 1911 1628 regis
1932 1579 1993 1617 tui
2012 1578 2076 1617 in-

246 1637 520 1684 mittentem,
554 1638 684 1678 simul
706 1639 960 1687 admoneat,
995 1649 1130 1690 quam
1195 1636 1282 1676 doli
1301 1638 1552 1678 universae.
1576 1639 1758 1688 Verum,
1788 1650 1843 1679 ne
1866 1642 1988 1680 recta
2003 1641 2074 1680 via

247 1697 385 1738 multa
416 1699 559 1738 officia
589 1699 729 1739 libero
752 1703 795 1740 et
823 1701 1014 1751 ingenuo
1034 1701 1130 1739 viro
1195 1698 1400 1748 deerres,
1427 1701 1547 1740 omni
1567 1702 1770 1751 tempore
1791 1700 2076 1754 philosopho-

246 1762 317 1800 vix
349 1762 453 1802 satis
481 1762 611 1812 digna
633 1763 716 1802 sint
739 1762 1022 1803 observanda
1043 1761 1128 1802 tale
1161 1763 1165 1786 ¹
1192 1772 1292 1800 rum
1314 1763 1477 1812 scripta
1499 1761 1646 1813 legere
1667 1774 1850 1814 perges,
1881 1774 2075 1814 quorum

247 1824 331 1862 iter
362 1824 594 1873 ingressis,
641 1827 683 1863 et
715 1836 849 1875 quam
880 1824 1017 1864 multa
1048 1836 1131 1876 pe-
1192 1824 1463 1863 institutione
1504 1824 1773 1875 quandoque
1817 1825 2070 1875 condiscas,

246 1885 384 1925 ricula
428 1885 648 1926 fautorem
701 1887 957 1927 offendendi
1002 1889 1128 1927 anxie
1194 1896 1308 1936 quae
1330 1887 1385 1925 sit
1403 1887 1492 1924 vita
1513 1885 1744 1937 tranquilla
1772 1889 1815 1926 et
1834 1898 1940 1927 vere
1962 1887 2075 1928 bea-

250 1948 502 1988 devitanda.
541 1949 710 1989 Idcirco
733 1951 948 1999 amicum,
974 1952 1130 1989 natura
1192 1949 1257 1995 ta,
1284 1958 1367 1998 qua
1393 1947 1604 1998 equidem
1626 1959 1707 1999 ego
1728 1949 1771 1988 in
1793 1949 1952 1989 Sabino
1969 1960 2072 1990 meo

248 2010 305 2049 ad
361 2008 615 2050 libertatem
662 2023 965 2063 propensum,
1027 2013 1128 2050 ante
1191 2009 1438 2061 perfruor.»
1474 2009 1716 2060 Epistolam
1738 2012 1950 2063 scriptam
1971 2022 2072 2052 esse

1193 2083 1232 2111 a.
1257 2083 1299 2111 u.
1326 2083 1363 2111 c.
1389 2071 1482 2111 734.
1508 2072 1640 2112 docet
1658 2084 1698 2111 v.
1725 2073 1777 2112 56
1798 2084 1866 2125 sq.

1250 2134 1340 2174 4-4..
1373 2134 1419 2173 Si
1449 2134 1545 2173 bene
1565 2138 1602 2173 te
1620 2134 1731 2186 novi]
1765 2135 1828 2175 Cf.
1853 2136 1938 2176 Sat.
1965 2137 2004 2184 ’1,
2029 2137 2069 2185 9,

1161 2202 1165 2296 ι
1193 2197 1260 2235 22.
1294 2197 1462 2236 Seneca
1486 2196 1620 2248 Epist.
1646 2197 1712 2245 46,
1733 2197 1778 2235 6:
1810 2197 1903 2237 Iam
1922 2198 1974 2237 ab
1994 2199 2074 2238 ini-

1161 2297 1165 2431 *
1193 2258 1271 2306 tio,
1295 2258 1328 2297 si
1349 2262 1386 2297 te
1407 2258 1504 2297 bene
1521 2259 1634 2307 novi,
1662 2259 1965 2308 circumspicies
1983 2262 2069 2300 cet.

248 2072 396 2111 omnia
428 2072 689 2112 dehortatur
719 2085 741 2113 a
765 2074 941 2114 duobus
964 2073 1046 2114 sibi
1069 2073 1129 2112 di-

246 2133 388 2173 versis
430 2134 567 2181 vitiis,
615 2136 863 2186 asperitatis
903 2137 1131 2175 inconcin-

247 2206 331 2235 nae
363 2194 500 2235 altero
534 2196 619 2247 (W.
643 2198 735 2237 5—8.
762 2199 949 2249 115-20.)‚
992 2198 1130 2238 altero

250 2256 511 2298 adulationis
556 2258 750 2298 scurrilis
794 2261 883 2308 (vv.
923 2259 1127 2309 40-44.).

248 2320 418 2360 Deinde
452 2320 583 2360 docet
613 2321 863 2361 cavendum
903 2332 1026 2371 esse,
1074 2333 1129 2361 ne
1197 2342 1241 2348 —
1274 2324 1428 2359 metues
1447 2320 1743 2373 ——praebere]
1791 2321 1985 2362 «vitabis
2005 2345 2029 2352 -
2048 2345 2072 2352 -

246 2383 379 2421 variis
409 2383 525 2423 vitiis
558 2382 774 2432 (libidine,
818 2383 932 2430 alea,
978 2386 1132 2424 osten—
1191 2381 1470 2433 praeberem
1505 2382 1748 2431 «cavebis,
1781 2395 1836 2423 ne
1858 2395 2072 2436 --prae-

248 2444 434 2492 tatione,
484 2445 677 2495 avaritia)
723 2447 955 2496 potentem
987 2445 1131 2485 fauto-
1192 2443 1345 2483 beas.»
1392 2444 1455 2484 Cf.
1479 2444 1532 2483 ad
1556 2445 1635 2484 Od.
1660 2446 1705 2493 2,
1729 2446 1777 2494 2,
1802 2446 1840 2485 7.
1868 2469 1913 2474 -
1945 2446 2072 2486 liber-

248 2517 346 2544 rem
390 2504 460 2545 vel
505 2505 559 2545 ab
606 2518 654 2546 se
700 2506 862 2547 alienet
899 2506 969 2547 vel
1000 2508 1130 2548 nimis
1192 2506 1310 2557 rime]
1351 2507 1398 2545 In
1430 2507 1525 2557 ipso
1557 2506 1826 2558 superlativo
1857 2509 1973 2549 inest
2002 2510 2070 2548 ta-

249 2567 466 2608 obnoxius
498 2569 537 2608 ei
568 2568 645 2608 fiat
672 2569 742 2609 vel
780 2570 837 2609 ita
867 2570 921 2609 ab
954 2581 1007 2609 eo
1038 2572 1130 2609 tra-
1193 2569 1277 2607 cita
1308 2567 1573 2617 admonitio,
1621 2580 1675 2608 ne
1708 2564 1978 2627 παῤῥησίᾳ,
2013 2571 2069 2611 de

250 2631 413 2679 ctetur,
461 2632 509 2669 ut
546 2630 717 2671 solebat
746 2643 886 2671 vanos
924 2632 1129 2671 homines
1192 2641 1278 2681 qua
1323 2629 1613 2681 gloriabatur,
1661 2633 1864 2683 tempore
1901 2635 1945 2672 et
1972 2633 2069 2673 loco

249 2692 416 2731 sensim
448 2692 638 2743 perdere
660 2692 923 2745 Eutrapelus
950 2692 1018 2733 ille
1043 2694 1125 2743 (vv,
1191 2693 1338 2732 minus
1382 2695 1630 2743 opportuno
1670 2694 1799 2733 nimis
1829 2694 2065 2747 indulgeat.

248 2753 429 2802 2436).
489 2755 601 2793 Dein
632 2753 817 2795 Lollium
851 2755 1126 2803 dehortatur,
1190 2753 1326 2794 Aliter
1344 2754 1503 2794 Iacobs
1524 2756 1569 2794 L.
1585 2755 1635 2794 V.
1655 2766 1698 2806 p.
1714 2756 1781 2794 77:
1802 2757 1866 2796 Es
1885 2756 2069 2798 karante

248 2824 304 2852 ne
354 2815 555 2854 curiosus
606 2817 662 2855 sit
713 2819 992 2857 secretorum
1040 2828 1128 2855 neu
1192 2817 1316 2855 doch
1363 2816 1481 2855 eben
1529 2827 1580 2855 so
1622 2821 1717 2867 qut
1760 2818 1915 2857 darin
1957 2820 2070 2859 eine

250 2877 489 2916 commissa
519 2877 709 2928 divolget
732 2879 814 2928 (VV.
840 2879 905 2918 37.
931 2879 1037 2929 38.);
1071 2890 1127 2918 ne
1191 2879 1319 2917 leise
1346 2878 1695 2930 Erinnerunq
1729 2891 1794 2919 an
1833 2881 1925 2920 das
1954 2886 2069 2922 ent—

250 2948 326 2977 sua
360 2938 501 2977 studia
530 2940 685 2980 studiis
707 2941 878 2991 patroni
899 2942 1126 2980 remittere
1190 2940 1368 2979 halben
1397 2941 1530 2987 sein,
1576 2952 1685 2980 was
1728 2942 1924 2982 Lollius
1964 2944 2069 2983 sich

250 3002 502 3049 cunctetur,
538 3013 649 3041 neve
682 3002 952 3042 inofficiosus
982 3003 1129 3042 videa-
1190 3001 1344 3040 selbst
1373 3002 1611 3054 schuldiq
1639 3015 1768 3054 war,
1805 3006 1904 3044 und
1931 3006 2069 3046 viel-

250 3064 320 3101 tur
352 3062 434 3112 (vv.
459 3063 673 3112 39-66.);
722 3075 776 3103 ne
823 3065 1039 3104 incautius
1071 3064 1126 3104 de
1190 3063 1859 3118 leichtbisweilenverqass.
1880 3068 2070 3107 —Scur-

249 3123 341 3164 aliis
371 3123 576 3175 loquatur
609 3125 690 3174 (vx'.
725 3125 917 3175 68-74.);
952 3137 1006 3165 ne
1047 3137 1128 3165 an-
1189 3128 1337 3176 rantis]
1373 3126 1547 3178 «pabuli
1580 3139 1714 3168 causa
1739 3131 2004 3169 assentantis
2026 3132 2070 3170 et

250 3185 369 3225 cillas
401 3196 620 3236 puerosve
644 3185 811 3225 domini
840 3186 1018 3226 adamet
1041 3188 1122 3237 (vv.
1190 3189 1330 3228 risum
1360 3190 1624 3229 moventis.»
1658 3191 1786 3230 [ΑΜΒ.
1822 3213 1867 3219 -
1901 3191 2069 3241 profes—

247 3247 440 3298 72-75.);
489 3259 543 3287 ne
589 3247 914 3299 imprudentius
955 3251 1054 3300 agat
1084 3250 1125 3288 in
1188 3250 1269 3301 sus]
1304 3251 1534 3291 «omnibus
1563 3252 1649 3292 tuis
1679 3253 1943 3292 necessariis
1965 3262 2067 3292 cum

246 3308 339 3349 aliis
385 3309 752 3349 commendandis
789 3309 859 3348 vel
903 3310 1117 3363 intempe-
1190 3311 1350 3353 dixeris
1381 3314 1638 3363 potentioris
1670 3316 1711 3353 te
1739 3314 1929 3353 amicum
1951 3325 2068 3354 sem-

247 3372 357 3411 stive
380 3371 673 3412 defendendis
697 3372 780 3422 (vv,
805 3372 984 3422 76-85.).
1033 3374 1124 3413 lam
1188 3386 1270 3426 per
1301 3374 1419 3424 fore,
1452 3387 1679 3426 nunquam
1709 3375 1997 3427 parasitum.»
2019 3398 2063 3404 —

246 3435 484 3484 postquam
506 3436 567 3475 tot
588 3435 829 3486 praecepta
847 3434 902 3474 de
920 3435 983 3483 iis,
1009 3447 1122 3485 quae
1158 3469 1159 3472 ,
1187 3437 1345 3488 dispar]
1368 3437 1564 3478 moribus
1588 3439 1631 3477 et
1650 3437 1835 3488 ingenio.
1863 3460 1904 3465 —
1926 3438 2067 3477 Disco-
