2231 3787
836 258 934 297 .st
968 257 1208 297 POETMIA.

1843 258 1870 309 x]

1879 258 1907 308 xi

1913 258 1943 308 ω

190 387 406 458 Oppida
448 386 647 448 moliri,
691 386 838 458 leges
880 386 1116 440 incidere
1155 386 1322 457 ligno:

187 489 273 542 Sic
314 488 485 541 honor
524 497 576 541 et
620 506 813 542 nomen
855 488 1047 541 divinis
1088 487 1297 542 vatibus
1336 497 1496 558 atque

188 588 526 644 Carminibus
569 589 727 642 venit.

1842 491 1943 541 400

805 591 932 643 Post
970 589 1068 643 hos
1110 589 1330 660 insignis
1370 591 1635 644 Homerus

188 693 559 764 Tyrtaeusque
601 707 778 743 mares
819 691 1025 744 animos
1066 692 1116 743 in
1157 692 1340 744 Martia
1379 691 1518 746 bella

187 791 441 846 Versibus
480 792 717 855 exacuit,
760 791 934 846 dietae
972 810 1070 864 per
1111 793 1349 846 earmina
1391 803 1590 851 sortes,

187 894 248 946 Et
288 893 427 946 vitae
468 901 759 946 monstrata
798 894 884 947 via
922 902 1033 957 est3
1073 902 1125 947 et
1163 895 1332 965 gratia
1372 913 1558 966 regum

185 994 374 1048 Pieriis
413 1003 610 1048 tentata
650 994 854 1054 modis,
897 995 1168 1066 ludusque
1209 1005 1456 1066 repertus

1841 1000 1941 1051 405

167 1159 259 1199 BSd
276 1162 320 1200 et
336 1171 450 1200 corr.
463 1159 507 1209 1),
523 1161 627 1200 item
648 1161 744 1202 FMJ
761 1164 806 1200 et
824 1159 1145 1212 Dillenburger.
1157 1184 1199 1189 -
1215 1160 1308 1201 395.
1322 1161 1435 1213 sono]
1454 1162 1541 1202 loco
1553 1173 1596 1214 p.
1608 1185 1649 1190 —
1668 1162 1759 1204 397.
1775 1176 1888 1204 saxa

167 1224 213 1263 B.
239 1246 282 1252 —
302 1223 395 1263 399.
420 1223 607 1275 teqesque
622 1223 662 1263 d.
689 1247 731 1252 -
753 1223 846 1264 403.
867 1225 990 1264 sortis
1010 1234 1234 1275 superscr.
1255 1234 1275 1263 e
1291 1224 1337 1263 B.
1362 1245 1406 1253 -
1438 1223 1531 1264 405.
1553 1229 1754 1274 temptata
1772 1227 1880 1266 BTd.

112 1364 245 1416 (leges
277 1363 460 1415 Solonis)
492 1365 656 1405 Athenis
677 1364 829 1404 assibus
849 1365 994 1416 ligneis
1023 1368 1027 1442 ι
1059 1375 1245 1414 nomen,
1287 1363 1401 1404 adeo
1432 1366 1479 1404 ut
1510 1364 1764 1416 complures
1797 1366 1936 1406 Codd.

112 1428 266 1467 incisae
285 1431 392 1466 sunt.
429 1427 491 1467 Cf.
518 1425 627 1466 Plut.
651 1425 735 1466 Sol.
761 1427 828 1466 ⁶25.
854 1449 896 1454 —
924 1428 993 1466 Sic
1058 1426 1175 1476 Regii
1197 1425 1445 1478 praebeant
1468 1428 1766 1477 Dircaeusque,
1792 1427 1834 1467 id
1855 1429 1938 1477 est,

108 1491 241 1530 honor
271 1489 376 1541 cet.]
421 1490 686 1530 «posteritas
717 1488 934 1529 beneficia
968 1499 991 1528 a

1057 1488 1286 1528 Pindarus.
1322 1488 1496 1537 Quintil.
1524 1490 1597 1537 40,
1624 1490 1661 1537 l,
1686 1490 1766 1529 56:
1803 1490 1941 1540 Quid?

110 1553 239 1601 Lino,
285 1552 485 1603 Orpheo,
528 1552 708 1591 Musaeo
740 1552 990 1602 ceterisque
1022 1544 1025 1605 ξ
1054 1553 1254 1591 Horatius
1295 1552 1460 1603 frustra
1503 1553 1724 1602 Tyrtaeum
1762 1554 1940 1593 Homero

108 1615 248 1655 sacris
270 1612 350 1654 illis
372 1613 559 1653 deorum
584 1613 900 1665 interpretibus
922 1625 993 1654 ac-

1023 1609 1025 1612 ’
1055 1613 1299 1666 subiungit?
1324 1638 1368 1642 -
1391 1627 1530 1655 mares
1551 1615 1725 1667 animos]
1749 1617 1811 1655 De
1834 1617 1939 1666 Tyr-

109 1679 238 1728 eepta
282 1678 406 1727 grato
445 1677 592 1715 animo
633 1687 881 1726 agnoscens
914 1687 991 1716 eos
1056 1679 1156 1717 taeo
1201 1678 1487 1727 Atheniensi,
1535 1679 1609 1729 qui
1653 1679 1695 1718 in
1740 1680 1938 1720 secundo

108 1737 424 1779 immortalitati
468 1739 786 1778 consecravit.»
847 1739 987 1787 Idem,

109 1800 231 1852 quod
253 1801 457 1841 Horatius
479 1801 626 1852 poesi,
661 1801 816 1841 Cicero
840 1800 991 1840 tribuit

107 1875 213 1904 cum
254 1862 581 1915 philosophiae,
622 1864 749 1904 Tusc.
783 1865 832 1912 5,
862 1864 907 1911 ⁶2,
939 1865 986 1903 5:

110 1927 167 1966 Tu
196 1926 316 1966 urbes
337 1927 561 1977 peperisti,
595 1930 640 1966 tu
669 1927 888 1976 dissipatos
915 1927 991 1966 ho-

106 1990 238 2029 mines
266 1989 310 2028 in
339 1990 572 2029 societatem
601 1989 711 2028 vitae
739 1990 988 2038 convocasti,

106 2057 151 2092 tu
202 2063 268 2091 eos
320 2052 429 2091 inter
475 2062 514 2091 se
557 2051 698 2101 primo
747 2051 988 2101 domiciliis,

106 2115 251 2154 deinde
298 2114 525 2165 coniu9iis,
564 2118 650 2153 tum
687 2113 925 2153 litterarum
954 2118 990 2153 et

23 2218 33 2227 ⁴
104 2188 252 2217 vocum
281 2177 568 2216 communione
597 2176 798 2226 iunxisti,
847 2180 891 2215 tu
920 2177 988 2215 in-

104 2240 274 2280 venti-ia:
316 2239 473 2290 le9um,
515 2243 559 2277 tu
588 2239 795 2289 magistra
823 2249 988 2278 morum

104 2307 142 2344 et
177 2302 419 2352 disciplinae
455 2302 593 2353 fuisti;
641 2303 734 2341 tum
771 2300 986 2352 eloquen-

105 2365 213 2413 tiae,
260 2364 315 2404 de
356 2365 527 2404 invent.
561 2364 607 2413 ’1,
638 2364 677 2402 2.
716 2363 771 2403 de
801 2363 917 2403 Orat.
945 2365 982 2413 l,

157 2488 361 2530 [iot-407.
407 2489 499 2528 Post
528 2488 600 2527 hos
620 2487 722 2540 cet]
753 2489 788 2528 A
811 2487 984 2528 vatibus

103 2552 328 2602 mythicis,
343 2561 456 2602 quos
473 2550 516 2590 di
534 2551 812 2602 inspirarant,
830 2553 984 2592 transit

103 2614 159 2655 ad
189 2614 420 2654 historiam
459 2613 606 2665 poesis
643 2615 790 2653 certae
822 2625 874 2654 ac
903 2625 985 2654 ve-

102 2688 179 2717 rae
216 2675 336 2729 apud
376 2677 590 2725 Graecos,
632 2675 713 2716 sed
743 2677 980 2728 poeticam,

102 2739 148 2779 id
191 2738 311 2791 quod
350 2738 615 2790 interpretes
649 2738 848 2778 nondum
879 2739 984 2779 satis

101 2803 454 2854 perspexerunt3
498 2811 594 2840 eam
629 2800 753 2849 dico,
787 2811 900 2851 quae
932 2799 984 2840 li-

100 2863 266 2904 beriori
307 2863 503 2914 poemati
546 2861 813 2903 didascalico
853 2863 982 2903 unice

102 2926 377 2967 conveniret.
412 2947 458 2953 —-
487 2925 705 2976 Homerus]
725 2923 836 2966 Male
868 2936 983 2965 non-

102 2987 228 3038 nulli,
262 2989 311 3026 ut
329 2985 556 3036 Wieland,
589 2989 691 3038 post
711 2987 795 3027 hoc
816 2998 981 3028 nomen

102 3049 198 3091 eolo
229 3049 525 3100 distinguunt,
559 3051 606 3088 ut
635 3050 716 3089 sit:
760 3051 883 3090 «Post
910 3051 982 3090 hos

100 3113 221 3152 venit
250 3111 423 3164 insiynis
444 3111 669 3158 Homerus,·
703 3112 981 3163 Tyrtaeusque

101 3175 221 3214 cet.»
280 3175 421 3213 Immo
469 3172 658 3213 verbum
708 3175 877 3214 exacuit
924 3174 980 3214 ad

99 3239 340 3287 utrumque
370 3236 548 3287 poetam
578 3236 783 3287 pertinet.
812 3259 856 3264 ——
883 3237 983 3286 Tyr-

100 3299 229 3351 taeus]
259 3299 394 3339 Notas
424 3297 480 3338 de
512 3308 564 3337 eo
600 3297 770 3339 fabulas
800 3299 871 3338 hic
901 3310 979 3340 co-

100 3361 224 3412 piose
246 3362 427 3400 narrant
449 3358 742 3409 scholiastae,
777 3371 889 3412 quas
911 3372 979 3401 re-

100 3424 255 3475 petere
275 3422 380 3462 nihil
401 3422 568 3462 attinet.
594 3422 804 3463 Ceterum
826 3423 867 3462 in
887 3422 978 3475 ple-

101 3485 249 3537 risque
286 3484 424 3526 Codd.
463 3485 617 3525 vitiose
663 3485 878 3537 scriptum
910 3487 977 3526 est

1055 1739 1172 1779 bello
1202 1741 1422 1780 Messenio
1453 1742 1679 1792 Spartanis
1709 1741 1797 1780 dux
1828 1743 1937 1783 mis—

1056 1814 1132 1843 sus
1164 1805 1256 1849 est,
1291 1804 1481 1843 Iustinus
1513 1804 1560 1852 3,
1593 1805 1640 1852 5,
1665 1804 1707 1843 9:
1741 1806 1937 1845 carmina

1055 1866 1256 1906 emet-citui
1287 1877 1368 1916 pro
1406 1867 1592 1905 contione
1630 1867 1848 1914 recitavit,·
1893 1868 1938 1906 in

1055 1928 1200 1979 quibus
1229 1929 1494 1968 hortamenta
1529 1929 1711 1978 virtutis,
1759 1930 1937 1969 damno-

1053 2003 1150 2030 rum
1192 1991 1367 2040 solatia,
1414 1991 1505 2030 belli
1543 1992 1717 2030 consilia
1752 1993 1938 2031 conscri-

1047 2058 1207 2104 pserat.
1237 2075 1281 2081 ——
1305 2053 1445 2105 sortes]
1480 2053 1690 2093 «Oracula
1718 2054 1934 2106 imprimis

1052 2115 1264 2167 Delphica
1287 2116 1433 2155 dicit.»
1467 2118 1613 2156 GLoss.
1656 2116 1796 2156 Sortes
1816 2118 1935 2157 enim

1052 2190 1154 2219 suas
1174 2180 1465 2218 Fortunarum
1479 2180 1863 2219 Praenestinarum
1875 2182 1935 2220 at-

1053 2252 1138 2291 que
1160 2241 1482 2280 Antiatinarum
1504 2241 1686 2279 Romani
1716 2241 1771 2280 ad
1803 2244 1934 2282 Grae-

1051 2313 1207 2342 corum
1246 2301 1426 2342 oracula
1464 2301 1782 2343 transferentes
1819 2303 1932 2343 haec

1051 2366 1107 2404 ita
1139 2364 1364 2404 interdum
1394 2363 1726 2415 nuncupabant.
1761 2365 1849 2405 Cic.
1875 2365 1931 2407 de

1050 2427 1238 2467 Divinat.
1263 2427 1303 2475 2,
1327 2426 1394 2474 33,
1419 2426 1493 2465 70:
1529 2426 1668 2466 Sortes
1697 2438 1789 2476 eae,
1823 2438 1932 2476 quae

1049 2491 1279 2539 ducuntur,
1312 2501 1396 2528 non
1415 2489 1542 2538 illae,
1586 2500 1694 2539 quae
1720 2491 1930 2530 vaticina-

1048 2552 1158 2592 tione
1192 2552 1451 2604 sunduntur,
1498 2562 1604 2601 quae
1639 2551 1819 2592 oracula
1858 2564 1931 2593 ve-

1047 2615 1138 2654 rius
1157 2615 1345 2654 dicimus.
1392 2612 1503 2653 Ibid.
1527 2614 1567 2661 ⁶2,
1591 2613 1659 2662 56,
1685 2615 1784 2653 445:
1817 2616 1931 2654 Nam

1047 2688 1141 2717 cum
1172 2688 1269 2717 sors
1299 2677 1374 2716 illa
1403 2677 1514 2716 edita
1542 2679 1599 2715 est
1625 2675 1929 2725 opulentissimo

1047 2741 1136 2792 re9i
1154 2741 1306 2780 Asiae:
1339 2740 1511 2780 Croesus
1529 2739 1681 2787 Halym
1701 2743 1930 2787 penetra-ns

1046 2813 1249 2853 maynam
1286 2805 1494 2852 pervertet
1532 2812 1657 2850 opum
1693 2801 1798 2850 vim,
1838 2804 1922 2842 cet.

1049 2865 1172 2905 Conf.
1195 2875 1237 2904 V.
1262 2864 1357 2904 21¹9.
1387 2887 1430 2892 —
1463 2864 1574 2902 vitae
1601 2867 1838 2903 monstrata
1855 2865 1927 2904 via

1045 2927 1116 2978 est]
1148 2927 1368 2979 poematis
1389 2924 1666 2966 didascalicis
1690 2927 1733 2965 et
1752 2928 1925 2977 gnomi-

1046 2990 1130 3035 eis;
1164 2989 1380 3040 significat
1403 2988 1670 3037 Hesiodum,
1698 2987 1920 3039 Solonem,

1044 3051 1369 3103 Theognidem,
1415 3049 1704 3102 Phocylidem
1748 3053 1833 3091 eet.
1876 3075 1920 3080 —

1042 3115 1188 3166 qratia
1210 3124 1355 3165 requm
1372 3112 1474 3164 cet.]
1499 3113 1568 3152 Sic
1583 3113 1822 3162 Pindarus,
1856 3113 1924 3152 Si-

1043 3176 1276 3224 monides,
1322 3173 1642 3226 Bacchylides,
1696 3174 1919 3223 Hieronis,

1043 3239 1256 3279 Theronis
1278 3236 1554 3288 aliorumque
1579 3237 1832 3288 principum
1852 3238 1921 3275 vi-

1042 3310 1195 3341 rorum
1237 3299 1434 3340 favorem
1473 3297 1742 3339 carminibus
1781 3297 1921 3338 ambi-

1041 3364 1215 3402 verunt.
1245 3385 1290 3390 —
1320 3361 1476 3412 Pieriis]
1511 3360 1574 3400 Cf.
1605 3359 1682 3399 Od.
1707 3359 1754 3407 3,
1779 3358 1818 3408 4,
1846 3358 1912 3400 40.

1045 3446 1088 3452 —
1112 3424 1326 3476 ludusque]
1359 3422 1586 3464 «remissio
1618 3423 1662 3461 et
1681 3420 1916 3462 oblectatio

1040 3487 1289 3527 animorum
1319 3496 1400 3538 per
1428 3485 1581 3537 poesin
1617 3484 1843 3526 scenicam
1873 3484 1915 3524 in
