2231 3787
193 332 294 383 ἱ262
829 331 1039 370 nonA‘rn
1072 330 1371 371 s-x‘riiiAnUM

264 463 438 517 Verba
475 463 596 516 l'acit
631 460 779 514 leno:
822 459 1098 530 Quidquid
1138 459 1287 515 mihi,
1334 457 1598 528 quidquid
1626 466 1678 510 et
1702 457 1894 511 horum

265 565 471 635 Cuique
492 563 634 616 domi
659 571 753 616 est.
785 561 836 613 id
857 560 1018 614 crede
1047 569 1196 612 tuum
1217 558 1372 612 etrel
1393 575 1534 611 nunc
1554 566 1676 628 pete
1698 557 1783 612 vel
1805 575 1939 612 cras

262 665 484 736 Accipe.
527 663 657 734 quid
697 671 880 716 contra
919 660 1126 713 iuvenis
1166 659 1507 730 responderit
1551 676 1786 730 aequus:

264 769 318 818 ln
357 767 479 818 nive
520 767 732 817 Lucana
768 762 968 815 dormis
1008 769 1285 821 ocreatus,
1326 768 1383 813 ut
1421 777 1611 830 aprum

264 870 499 923 Coenem
538 883 662 935 ego;
705 874 756 916 tu
798 864 975 933 pisces
1013 860 1239 914 hiberno
1279 878 1345 914 ex
1382 878 1621 932 aequore
1658 861 1854 925 verris3
1899 861 2001 915 235

260 969 449 1039 Segnis
488 984 589 1037 ego
631 965 878 1035 indignus
917 962 1008 1034 qui
1047 969 1250 1015 tantum
1288 961 1622 1032 possideam:
1664 962 1838 1016 aufer!

261 1072 423 1123 Sume
463 1068 554 1121 tibi
595 1066 808 1126 decieS‚
851 1063 944 1116 tibi
984 1063 1340 1127 tantumdem,
1380 1062 1474 1117 tibi
1515 1062 1730 1134 triplex,

264 1169 410 1225 [nde
448 1185 584 1222 uxor
622 1166 800 1220 media
839 1164 1005 1219 currit
1043 1164 1110 1218 de
1149 1172 1306 1218 nocte
1345 1173 1550 1218 vocata.

257 1271 419 1324 Filius
458 1269 654 1339 Aesopi
694 1267 988 1322 detractam
1029 1284 1095 1321 ex
1132 1284 1263 1320 aure
1303 1265 1574 1336 Metellae,

295 1429 388 1469 ⁶233.
423 1432 571 1467 contra
600 1427 700 1465 haec
731 1426 907 1473 invenis,
939 1424 1027 1476 bcp
1066 1427 1109 1464 et
1144 1434 1299 1464 omnes
1329 1424 1538 1463 Pottierii.
1574 1424 1638 1474 (Ut
1667 1434 1773 1472 nos,
1806 1424 1864 1474 S.)
1900 1443 1944 1451 —

241 1492 335 1533 234.
369 1491 429 1543 In]
465 1492 522 1530 th
550 1488 772 1530 Bentleius
804 1488 916 1527 coni.
950 1486 1166 1538 probante
1187 1486 1357 1526 Vossio.
1384 1507 1430 1513 —
1453 1485 1621 1537 dormis]
1654 1486 1784 1525 duras
1811 1486 1951 1527 Mark—

240 1555 357 1595 land.
395 1577 438 1583 —
472 1564 598 1603 apros
627 1554 668 1591 S.
706 1575 750 1579 -
783 1550 876 1590 235.
912 1550 1027 1589 vellis
1065 1550 1149 1600 Scp
1182 1550 1226 1587 et
1255 1558 1368 1587 corr.
1404 1547 1432 1586 b
1465 1558 1517 1586 ac
1546 1545 1698 1598 plures
1727 1547 1946 1596 Pottierii,

242 1619 309 1657 FJ.
340 1640 379 1646 -
408 1617 501 1656 υ238.
535 1619 682 1655 currat
712 1613 850 1654 Codd.
885 1611 1008 1663 aliq.,
1043 1613 1113 1659 Lt,
1146 1610 1280 1660 sumit
1308 1609 1523 1648 Torrentii
1543 1620 1658 1649 unus
1679 1611 1723 1649 et
1744 1608 1868 1658 alter,
1892 1621 1946 1659 φ.

246 1702 289 1707 —-
317 1679 484 1727 acicula]
516 1677 674 1728 legitur
698 1678 741 1716 et
764 1679 958 1714 vocata.»
991 1676 1196 1714 Ponpnrn.
1218 1704 1225 1720 ,
1260 1683 1312 1711 ex
1334 1682 1422 1721 quo
1443 1672 1574 1711 citata
1594 1671 1775 1711 edidere
1797 1673 1953 1712 Baxte-

245 1752 318 1781 rus
351 1743 395 1780 et
428 1742 670 1786 Gesnems,
707 1739 860 1788 sicque
892 1738 1004 1776 Feae
1034 1737 1109 1776 Ba.
1143 1738 1190 1776 A.
1225 1746 1248 1774 a
1280 1744 1369 1774 sec.
1403 1744 1462 1774 m.
1491 1756 1535 1762 —-
1567 1734 1663 1774 239.
1686 1733 1829 1784 Filius]
1863 1734 1953 1774 Clo—

243 1805 334 1843 dius
363 1802 497 1842 dubia
526 1800 708 1842 Bentleii
738 1800 943 1852 suspicio.

244 1934 443 1975 231-238.
495 1933 598 1984 leno]
631 1931 758 1984 Apud
792 1930 1065 1971 luxuriosum
1130 1928 1366 1969 retricibus
1395 1927 1623 1980 praefero,
1657 1928 1715 1968 ad
1743 1938 1816 1968 me
1847 1929 2003 1977 currit,

189 1998 289 2037 leno
348 1997 517 2048 primus
581 1994 773 2045 loquitur
836 1996 1065 2044 tamquam
1130 1991 1285 2041 quavis
1314 1990 1424 2030 hora
1444 1990 1551 2029 mihi
1572 1991 1752 2041 praesto
1782 1991 1892 2030 est.»
1927 1991 2008 2030 Re-

190 2060 389 2099 omnium
433 2055 705 2097 nebulonum
747 2057 973 2107 patronus.
1015 2075 1061 2082 —
1131 2054 1199 2093 cte
1230 2064 1278 2093 se
1309 2052 1446 2092 habet
1475 2052 1764 2101 indicativus,
1798 2063 1901 2092 cum
1920 2052 2007 2092 hoc

189 2121 358 2172 aequus]
381 2120 668 2170 «benignus,»
692 2117 789 2157 κατ’
807 2118 1063 2175 εἰρωνείαν.
1129 2115 1254 2154 XXX.
1290 2115 1339 2154 H.
1376 2115 1416 2153 S.
1449 2114 1700 2165 praemium
1729 2113 1783 2154 sit
1817 2113 2006 2154 eximiae

192 2207 237 2212 —
257 2185 304 2223 In
326 2181 428 2232 nive]
454 2183 564 2222 Cum
586 2181 642 2220 ad
662 2183 922 2220 venatorem
942 2191 1069 2231 prae-
1130 2176 1367 2224 facilitatis,
1413 2186 1501 2226 qua
1538 2175 1637 2215 leno
1672 2175 1821 2215 iuveni
1851 2175 2008 2214 coniu-

190 2248 365 2286 sentem
386 2255 432 2284 se
456 2246 706 2291 convertat,
740 2254 850 2294 opus
873 2254 960 2282 non
983 2245 1064 2291 est,
1096 2270 1099 2304 i
1130 2250 1231 2291 gem
1288 2239 1467 2278 iamiam
1524 2237 1801 2284 commodam
1859 2248 2007 2288 neque

193 2311 239 2348 ut
268 2306 518 2348 scribamus
536 2305 606 2345 vel
627 2306 683 2344 Tu
703 2306 795 2344 nice
816 2316 918 2344 cum
939 2305 1068 2344 Bent-
1129 2311 1236 2340 vero
1265 2301 1332 2340 his
1354 2298 1512 2340 oblatis
1541 2298 1664 2338 illum
1685 2309 1803 2339 nunc
1824 2298 2008 2339 demum

190 2370 274 2410 leio
317 2367 387 2407 vel
436 2369 490 2407 Tu
539 2368 581 2406 in
623 2368 716 2406 nive
758 2378 861 2407 cum
905 2367 1067 2406 eodem
1131 2374 1183 2402 eo
1223 2363 1436 2402 inducere
1472 2364 1671 2402 conatur.
1708 2384 1754 2390 —-
1784 2362 1923 2402 media
1960 2362 2009 2402 de

192 2435 233 2472 et
257 2429 469 2481 Gargallo.
496 2429 618 2469 Conf.
642 2441 683 2467 v.
703 2430 797 2468 ΞΩ.
826 2451 869 2457 -
895 2430 1068 2468 Lucana
1096 2420 1099 2484 i
1128 2426 1257 2478 nocte]
1303 2420 1401 2464 ἀπὸ
1443 2424 1607 2477 μέσων
1650 2422 1847 2464 νυκτῶν.
1918 2423 2005 2464 Cfr.

189 2516 242 2523 --
262 2493 428 2544 aprum]
462 2491 525 2531 Cf.
550 2493 636 2530 Sat.
661 2492 706 2539 ⁶2,
740 2491 785 2539 8,
819 2491 858 2531 6.
896 2514 940 2519 -
974 2493 1069 2530 dor-
1096 2488 1099 2538 l
1132 2488 1361 2528 Censorin.
1385 2486 1461 2528 24:
1493 2487 1698 2536 Incipiam
1727 2499 1756 2526 a
1783 2491 1901 2526 nocte
1918 2496 2009 2526 me-

191 2557 281 2605 mis]
316 2555 464 2594 «humi
496 2556 537 2592 te
569 2553 751 2600 sternis,
785 2554 855 2601 ut,
889 2553 924 2592 si
955 2552 1065 2593 forte
1096 2539 1099 2631 Ι
1131 2551 1223 2599 dia,
1257 2549 1367 2598 quod
1396 2553 1554 2598 tempus
1576 2549 1836 2598 principium
1865 2551 1904 2588 et
1924 2559 2012 2598 po-

190 2619 359 2670 possis,
394 2627 601 2656 somnum
629 2615 819 2666 capias.»
866 2615 952 2655 Cir.
978 2616 1063 2656 Sat.
1096 2637 1099 2648 ι
1129 2618 1327 2653 stremum
1368 2616 1426 2652 est
1468 2612 1548 2651 diei
1588 2612 1779 2652 Romani.
1841 2612 2012 2661 Tempus

191 2682 207 2719 ,1
234 2713 240 2727 ,
277 2683 291 2719 l
315 2713 322 2725 ,
357 2680 422 2718 Ti.
479 2680 664 2717 Prorsus
696 2678 822 2727 igitur
852 2688 1069 2729 superva-
1132 2677 1241 2725 quod
1268 2675 1362 2713 huic
1384 2674 1634 2723 proximum
1663 2678 1720 2714 est
1745 2677 1923 2713 vocatur
1951 2673 2010 2713 de

193 2753 331 2783 canea
361 2739 598 2780 Marklandi
639 2741 892 2780 coniectura
922 2741 1064 2779 duras.

199 2828 241 2832 —
266 2803 411 2854 verris]
445 2801 711 2849 everriculo,
746 2802 788 2841 id
811 2801 952 2853 quod,
986 2803 1068 2841 etsi

194 2868 322 2916 negat
354 2866 459 2911 Fea,
494 2864 587 2903 fieri
616 2866 788 2915 poterat
810 2865 942 2904 etiam
962 2875 1069 2916 pro-

195 2927 356 2968 celloso
379 2927 512 2973 mari,
547 2937 634 2965 non
656 2925 798 2965 solum
818 2925 1065 2976 tranquillo.

1130 2737 1297 2777 media
1324 2739 1494 2775 nocte:
1525 2736 1712 2785 sequitur
1729 2736 2006 2786 yallicinium,

1130 2811 1226 2839 cum
1253 2799 1355 2849 galli
1383 2809 1534 2837 canere
1561 2798 1777 2847 incipiunt.

1185 2860 1386 2901 239—242.
1445 2859 1606 2911 Aesopi]
1651 2861 1803 2911 tragici
1847 2861 2009 2901 actoris

1132 2922 1469 2964 celebratissimi
1510 2924 1552 2961 et
1591 2923 1815 2962 Ciceronis
1851 2923 2005 2972 amici,

1132 2987 1255 3026 cuius
1286 2983 1398 3023 filius
1430 2982 1609 3024 Clodius
1639 2995 1779 3036 nepos
1812 2983 2010 3024 luxurio-

1132 3047 1332 3088 sissimus
1363 3046 1454 3085 fuit.
1517 3045 1640 3085 Conf.
1666 3047 1773 3097 Epp.
1797 3047 1844 3095 2,
1869 3046 1885 3085 4
1906 3077 1914 3094 ,
1938 3046 2006 3086 82.

1136 3133 1180 3138 —-
1220 3108 1419 3160 Metellae]
1462 3108 1650 3149 Caecilia
1688 3107 1858 3149 Metella
1899 3119 2011 3148 uxor

1134 3175 1177 3213 P.
1203 3171 1391 3212 Cornelii
1426 3171 1595 3212 Lentuli
1625 3172 1892 3223 Spintheris,
1935 3172 2008 3221 qui

1134 3245 1235 3275 curn
1267 3245 1318 3274 ea
1341 3233 1577 3274 divortium
1600 3233 1702 3274 fecit
1721 3244 1758 3272 a.
1784 3244 1826 3273 u.
1851 3243 1888 3272 c.
1912 3233 2007 3272 709.

1133 3298 1313 3349 propter
1352 3294 1605 3336 Dolabellae
1647 3305 1839 3334 amores.
1900 3294 2012 3334 Huic

194 2989 339 3030 Altera
371 2988 550 3039 quidem
586 2986 715 3026 lectio
744 2988 857 3027 vellis
893 2989 980 3027 iam
1011 2987 1066 3026 ab
1098 3017 1100 3027 .

194 3056 365 3092 Acrone
403 3051 699 3097 memoratur,
747 3051 820 3100 qui
851 3061 949 3090 eam
991 3061 1070 3089 ex-

195 3114 342 3166 ponit:
405 3123 533 3151 ‹1cum
582 3111 835 3152 difficultate
890 3112 1067 3152 trahis.»

196 3175 283 3215 Sed
339 3174 608 3213 contrarium
659 3173 836 3212 videtur
892 3174 1067 3213 Latinae

197 3235 504 3277 consuetudini
533 3235 679 3274 vellere
705 3236 835 3283 pisces
860 3246 913 3274 esc
940 3236 1066 3283 mari,

196 3298 321 3348 quasi
349 3308 456 3336 vero
488 3297 638 3336 nescio
670 3307 756 3346 quo
787 3297 906 3336 visco
927 3308 1068 3348 aquae

196 3361 345 3400 essent
375 3359 505 3398 affixi.
543 3380 585 3385 —
610 3357 751 3408 decies]
785 3361 969 3398 centena
993 3359 1071 3398 mi·
1133 3359 1293 3410 Aesopi
1337 3357 1450 3398 filius
1494 3357 1769 3397 iocabundus
1808 3356 2010 3396 inaurem

196 3421 248 3460 lia
282 3421 560 3465 sestertium;
595 3420 769 3459 circiter
798 3420 977 3468 200,000
1002 3422 1065 3459 Fr.
1134 3420 1342 3468 detraxit,
1387 3418 1517 3470 largis
1561 3420 1716 3470 postea
1747 3417 2009 3458 muneribus

197 3483 300 3522 Gall.
339 3504 382 3510 -
408 3483 478 3521 tibi
499 3505 520 3511 -
544 3482 654 3521 Unde
682 3494 793 3521 mor
824 3480 924 3531 cet]
950 3481 1065 3529 «tibi,
1135 3483 1517 3533 compensaturus.
1573 3481 1660 3520 «De
1689 3480 1775 3519 hoc
1813 3478 2011 3521 Maevius

197 3542 319 3588 leno,
354 3556 375 3583 a
408 3555 494 3594 quo
527 3545 618 3595 ipsa
653 3554 781 3590 uxor,
816 3554 949 3593 quam
980 3554 1070 3584 mc·
1131 3546 1261 3596 poeta
1299 3541 1493 3584 scribit.»
1543 3543 1695 3582 Ponru.
1732 3563 1778 3569 —
1818 3540 2010 3590 solidum]

2224 1075 2231 1939 —ss———ss——a———a—-a-—m——Q
2228 1056 2231 1065 ΔΑ
