2231 3787
895 202 991 240 ΜΒ.
1026 203 1055 240 1.
1117 204 1227 242 sAT.
1263 204 1310 243 x.
1910 206 2009 260 1157

271 330 371 393 Qui
406 330 626 382 'multum
658 348 794 401 puer
832 340 877 383 et
917 331 1040 385 loris
1077 341 1122 385 et
1159 333 1369 401 funibus
1410 335 1521 387 udis
1979 340 2010 390 5

263 430 613 496 Ea‘hortatus‚
659 441 715 485 ut
752 441 878 485 esset
916 451 1060 503 opem
1098 435 1185 504 qui
1218 434 1356 504 ferre
1390 437 1553 506 poetis

263 532 496 603 Antiqui-s
524 544 699 605 posset
737 543 917 588 contra
953 535 1167 605 fastidia
1205 546 1408 602 nostra,

266 634 740 689 Grammatieorwn
778 639 1002 708 equitum
1040 638 1374 692 doctissimus.
1423 640 1486 692 t't
1524 639 1733 692 redeam
1770 640 1916 693 illuc:

262 737 466 808 Nempe
508 739 861 810 incomposito
901 739 1007 792 dixi
1049 739 1191 810 pedo
1230 757 1451 794 currere
1492 758 1682 794 versus

261 838 445 892 Lucili.

523 840 655 904 Quis
696 850 800 894 tam
837 841 1004 895 Lucili
1045 842 1218 895 fautor
1256 842 1434 913 inepte
1475 851 1587 903 cst,

260 941 323 995 Ut
361 958 467 993 non
504 940 607 994 hoc
649 942 916 996 fateatur?
955 945 1019 995 At
1056 942 1225 1001 idem,
1269 943 1417 1014 quod
1459 943 1571 997 sale
1612 944 1778 997 multo

259 1042 459 1097 Urbem
498 1043 770 1105 defricuit,
814 1043 998 1097 charta
1036 1043 1285 1097 laudatur
1322 1044 1531 1098 eadem.

259 1145 368 1198 Nec
388 1152 565 1198 tamon
586 1144 688 1198 hoc
710 1144 951 1198 tribuens
976 1144 1219 1198 dederim
1241 1163 1461 1217 quoque
1485 1154 1689 1212 cetera3
1719 1164 1840 1200 nam
1863 1148 1940 1201 sic
1978 1149 2008 1199 ὃ

258 1246 320 1298 Et
356 1244 549 1299 Laberi
588 1246 780 1299 mimos
818 1254 876 1298 ut
914 1245 1137 1317 pulchra
1176 1253 1428 1318 poemata
1464 1248 1642 1302 mirer.

295 1413 333 1451 5.
361 1422 471 1461 puer
499 1415 555 1451 est
584 1411 684 1451 loris
715 1411 769 1451 de
806 1413 990 1451 Gesneri
1032 1413 1143 1451 coni.
1188 1412 1420 1461 Heindorf,
1462 1424 1595 1463 nuper
1630 1414 1730 1453 loris
1768 1415 1955 1465 Rutger-

242 1474 348 1513 sius.
392 1496 436 1502 -d
477 1473 515 1512 6.
547 1474 782 1513 Emortalus
813 1474 903 1524 (sic)
937 1474 965 1512 h
997 1476 1040 1513 et
1071 1485 1185 1513 corr.
1219 1475 1253 1523 i,
1300 1475 1517 1514 Emoralus
1545 1475 1662 1525 bcL,
1709 1476 1955 1516 Eat-ornatus

240 1535 501 1585 Glareanus,
535 1537 803 1587 Rutgersius.
830 1538 891 1587 <U
913 1547 1015 1585 nos,
1040 1548 1084 1588 p,
1110 1537 1173 1585 C.)
1196 1559 1240 1564 —
1260 1539 1365 1577 Post
1386 1537 1498 1578 haec
1521 1537 1754 1578 subditicia
1775 1539 1819 1578 in
1844 1539 1952 1579 Cod.

238 1598 267 1638 b
300 1601 367 1640 est
395 1600 587 1651 spatium
616 1611 807 1640 vacuum
839 1600 1032 1639 duorum
1060 1610 1288 1640 versuum.

295 1670 334 1710 2.
371 1670 495 1720 inepti
524 1669 569 1709 b.
622 1692 666 1698 —-
709 1671 748 1710 ὅ.
783 1670 821 1709 6.
854 1681 955 1709 num
982 1672 1039 1709 sic
1073 1692 1096 1698 -
1129 1692 1151 1698 -
1187 1669 1345 1709 mirer?
1389 1681 1443 1722 cp
1476 1673 1520 1710 et
1549 1668 1715 1722 aliquot
1744 1672 1951 1712 Pottierii.

240 1732 339 1783 (non
359 1733 416 1772 sic
437 1734 527 1773 tres
549 1733 767 1781 Pottierii‚
802 1744 873 1773 nec
903 1734 960 1772 sie
988 1743 1103 1772 unus
1135 1732 1369 1782 eiusdem.)

183 1883 295 1924 quos
325 1884 412 1912 non
443 1874 588 1922 notat,
629 1874 769 1913 risum
801 1874 973 1914 excitat.
1009 1895 1055 1902 —

182 1936 330 1975 charta
349 1957 372 1964 —
392 1935 548 1984 eadem]
583 1936 652 1974 «in
683 1934 843 1975 eadem
872 1934 941 1975 illa
982 1937 1063 1975 Sa-

1125 1873 1241 1924 apta.
1323 1871 1554 1924 <Sulpicius
1596 1873 1855 1925 Apollinaris
1905 1887 2009 1917 cum

1125 1936 1343 1975 Frontone
1389 1934 1590 1976 fabulans
1629 1947 1699 1987 ap.
1734 1936 1919 1978 Gellium
1955 1940 2004 1978 N.

183 1999 288 2037 tira»
322 1998 367 2047 4,
408 1996 453 2046 4,
495 1997 534 2036 7.
572 2020 616 2025 —
651 1997 845 2049 dederim]
885 1998 980 2038 vid.
1005 1997 1062 2037 ad
1089 1990 1093 2007 ¹
1123 2000 1171 2037 A.
1207 1997 1279 2047 49,
1314 1997 1387 2037 43;
1420 1998 1579 2037 Fuisset
1603 1998 1777 2037 verbum
1804 1999 1879 2039 hoc
1914 2000 2008 2051 (na-

182 2061 292 2112 Epp-.
324 2060 374 2108 2,
410 2060 458 2107 4,
493 2059 586 2099 4⁵25.

238 2123 277 2162 6.
310 2121 474 2171 Laberi]
505 2121 700 2162 Macrob.
733 2122 905 2162 Saturn.
929 2123 976 2171 2,
1011 2123 1058 2172 7,

183 2195 225 2236 p.
258 2183 360 2224 342:
411 2183 491 2234 (D.)
522 2184 764 2233 Laberium,
797 2195 975 2234 asperae
1009 2185 1063 2224 li-

183 2246 353 2286 bertatis
387 2247 564 2294 equitem
605 2248 859 2297 Romanum,
908 2248 1064 2288 Caesar

184 2309 417 2360 quingentis
436 2308 600 2347 milibus
619 2309 832 2359 invitavit,
858 2314 904 2348 ut
926 2311 1063 2360 prod-

185 2373 264 2411 iret
293 2372 336 2410 in
365 2381 530 2410 scenam
559 2375 596 2410 et
624 2371 710 2420 ipse
730 2376 872 2422 ayeret
899 2373 1061 2421 mimos,

183 2444 286 2483 quos
312 2433 589 2483 scriptitabat.
649 2434 729 2473 Sed
761 2438 946 2484 potestas
979 2446 1062 2474 non

183 2497 336 2545 solum,
371 2497 404 2536 si
435 2497 601 2546 inritet,
633 2497 703 2536 sed
730 2498 875 2545 etiam,
908 2498 942 2536 si
961 2509 1062 2548 sup-

177 2560 326 2610 plicet,
358 2559 489 2610 cogi&
533 2559 642 2598 unde
669 2569 710 2598 se
739 2563 775 2598 et
803 2559 1006 2599 Laberius
1035 2571 1063 2599 a

183 2623 360 2663 Caesare
388 2625 578 2661 eoactum
606 2623 650 2661 in
683 2622 859 2673 Proioqo
888 2626 1063 2662 testatur

181 2685 243 2724 his
268 2684 472 2732 versibus,
507 2685 590 2723 cet.
624 2684 832 2734 Sequitur
850 2684 1061 2736 Prologus

183 2747 360 2798 optimis
389 2747 542 2797 utique
572 2747 720 2797 poesis
752 2747 930 2786 Latinae
962 2758 1061 2786 mo-

182 2809 404 2850 numentis
453 2809 844 2858 adnumerandus3
901 2821 1060 2850 verum

182 2873 306 2912 mimi
335 2873 416 2922 ipsi
447 2882 536 2911 non
565 2871 709 2912 solum
738 2873 938 2921 Horatio,
979 2872 1060 2913 sed

184 2935 319 2973 etiam
349 2934 551 2974 Ciceroni
586 2934 706 2974 haud
742 2935 873 2975 nimis
908 2934 1061 2986 place-

183 2993 303 3034 bant.
373 2996 462 3035 Cic.
505 2995 562 3034 ad
598 2996 717 3036 Fam.
759 2998 836 3046 42,
883 2998 958 3047 48,
1006 2998 1055 3037 2:

181 3058 386 3107 Equidem
422 3057 480 3095 sic
516 3057 604 3097 iam
643 3058 820 3098 obdurui
858 3058 911 3108 (a.
940 3070 986 3099 u.
1017 3070 1055 3099 0.

183 3119 312 3169 709.),
343 3122 389 3158 ut
418 3118 525 3158 ludis
549 3119 740 3159 Caesaris
767 3121 899 3161 nostri
918 3122 1059 3162 animo

182 3182 430 3232 aequissimo
466 3203 489 3209 -
522 3203 547 3209 -
583 3182 774 3222 audirem
813 3183 980 3224 Laberii
1021 3190 1060 3225 et

179 3245 312 3285 Publii
343 3243 468 3295 (Syri)
498 3245 714 3293 poemata.
773 3245 1058 3298 Displicuisse

183 3307 360 3347 Horatio
390 3305 596 3345 videntur
625 3306 816 3347 maxime
857 3308 952 3348 ioca
990 3310 1060 3349 in—

183 3369 362 3411 terdum
404 3370 550 3410 minus
586 3368 758 3409 urbana
802 3372 846 3410 et
888 3372 1058 3413 tantum

1122 2059 1220 2109 nus)
1266 2071 1294 2099 a
1336 2064 1373 2100 te
1412 2061 1580 2099 civitate
1610 2061 1834 2111 donatum,
1867 2085 1893 2093 -
1920 2085 1944 2091 -
1973 2063 2006 2102 si

1123 2126 1168 2161 ta
1206 2133 1251 2162 eo
1289 2124 1349 2162 uti
1398 2123 1594 2173 dignatus
1639 2123 1773 2173 fores,
1829 2129 2008 2175 essetque

1122 2186 1165 2224 id
1191 2185 1397 2235 impendio
1421 2186 1680 2235 probabilius
1701 2199 1829 2237 quam
1850 2198 1959 2236 quae
1979 2199 2008 2228 a

1122 2247 1298 2287 Laberio
1326 2248 1527 2299 i91zobiiia
1555 2249 1679 2288 nimis
1719 2253 1757 2289 et
1795 2251 2008 2290 sordentia

1122 2309 1167 2347 in
1204 2320 1326 2348 usum
1365 2310 1533 2361 linquae
1572 2311 1730 2350 latinae
1768 2311 2009 2352 intromissa

1122 2375 1229 2410 sunt.
1278 2370 1485 2410 Similiter
1506 2371 1560 2411 de
1584 2382 1637 2411 eo
1659 2372 1825 2412 iudicat
1846 2374 2005 2414 Fronto

1123 2431 1178 2471 de
1224 2434 1350 2472 oratt.
1387 2434 1513 2485 epist.
1549 2433 1604 2484 4.)
1669 2433 1756 2473 Cfr.
1797 2434 2006 2475 Welcker

1124 2495 1357 2547 Traqo'dien
1400 2508 1442 2548 p.
1479 2496 1599 2536 4359.
1668 2497 1917 2545 Quinetiam
1960 2499 2004 2538 in

1122 2557 1218 2608 ipso
1249 2557 1320 2597 illo
1352 2557 1562 2609 Prologo,
1602 2569 1738 2609 quem
1769 2570 1873 2599 cum
1902 2559 2006 2600 Val-

1123 2621 1358 2660 ckenaerio
1390 2622 1482 2660 tam
1512 2619 1638 2660 multi
1668 2620 1871 2661 admirati
1903 2624 2006 2662 sunt

1122 2684 1255 2733 atque
1278 2683 1533 2723 etiamnunc
1553 2682 1852 2734 admirantur,
1885 2685 2006 2725 Wie-

1120 2745 1226 2786 land
1256 2748 1300 2785 et
1329 2756 1414 2785 van
1452 2745 1629 2786 Heusde
1660 2745 1794 2785 Lucil.
1827 2757 1871 2798 p.
1907 2748 2000 2787 405.

1120 2809 1474 2849 inconcinnitatis
1507 2810 1551 2848 et
1580 2808 1845 2859 garrulitatis
1865 2810 2003 2850 vesti-

1122 2872 1187 2923 gia
1233 2870 1317 2911 sibi
1355 2871 1725 2912 animadvertisse
1761 2871 1843 2912 visi
1883 2875 1999 2913 sunt.

1124 2933 1344 2985 —mimos]
1368 2934 1490 2974 Ovid.
1511 2934 1638 2974 Trist.
1657 2935 1705 2983 2,
1730 2933 1808 2974 497
1830 2945 1839 2972 :
1873 2935 2003 2985 Quid,

1118 2997 1153 3035 si
1183 2997 1434 3046 scripsissem
1461 2997 1609 3036 mimos
1638 2995 1836 3036 obscoena
1862 2997 2006 3038 iocan-

1119 3065 1194 3110 teS,
1234 3061 1314 3111 Qui
1342 3071 1502 3110 semper
1529 3060 1643 3100 vetiti
1667 3061 1824 3100 crimen
1845 3061 2004 3101 amoris

1117 3122 1296 3163 habent?
1314 3146 1359 3150 —
1376 3122 1569 3173 pulchra]
1595 3122 1861 3174 «perfecta»;
1894 3133 1999 3163 nam

1120 3185 1241 3237 quod
1271 3185 1328 3225 ad
1349 3185 1721 3236 compositionem
1743 3186 1787 3224 et
1807 3195 2004 3224 commo—

1121 3249 1225 3289 dam
1265 3249 1398 3288 totius
1433 3248 1618 3288 actionis
1656 3246 2002 3299 implicationem

1121 3322 1173 3351 ac
1194 3309 1461 3351 solutionem
1491 3310 1671 3358 attinet,
1704 3309 1828 3349 mimi
1856 3306 2002 3348 Labe-

1120 3373 1230 3412 riani
1261 3383 1367 3412 sane
1400 3370 1696 3423 postponendi
1726 3370 1852 3409 erant
1870 3368 2001 3409 fabu-

185 3431 240 3471 ad
269 3432 447 3473 infimae
483 3430 628 3484 plebis
666 3432 780 3473 risus
818 3434 1058 3485 captandos
1085 3431 1089 3467 Ι
1121 3433 1171 3476 lis
1200 3434 1483 3475 Menandreis
1514 3435 1557 3473 et
1586 3431 1872 3473 Terentianis.
