2231 3787
861 276 955 314 ΗΒ.
992 276 1037 314 ΙΙ4

1105 275 1265 314 l·]l'lS'l'.
1302 277 1328 314 l.

1910 276 2011 325 6:39

261 409 317 459 Et
356 407 689 459 formidatam
734 406 939 459 l‘artliis
983 415 1031 458 te
1073 407 1314 477 principe
1359 409 1603 460 Romani.

256 509 324 566 Si,
353 518 610 579 quantuni
633 526 906 579 cuperem,
935 525 1153 579 possem
1178 525 1427 579 quoque,
1458 507 1554 562 sed
1583 526 1761 579 neque
1786 528 2008 581 parvum

254 612 481 663 Carmen
522 611 774 663 maiestas
816 611 1006 681 recipit
1043 619 1132 663 tua
1171 628 1271 664 nec
1310 627 1464 664 meus
1505 610 1668 664 audet

253 714 382 765 Rem
421 721 627 765 tentare
668 712 870 782 pudor,
913 731 1076 786 quam
1115 713 1258 766 vires
1298 713 1437 767 serre
1477 723 1744 767 recusent.

251 814 520 868 Sedulitas
560 824 739 867 autem
780 813 964 875 stulte,
1008 832 1171 885 quem
1210 814 1406 886 diligit,
1448 825 1624 887 urget,
1906 817 2008 869 ⁶260

250 917 547 988 Praecipue
587 935 710 970 cum
750 934 808 970 se
849 917 1087 970 numeris
1131 917 1473 971 commendat
1514 927 1566 971 et
1603 927 1744 971 arte:

250 1019 418 1072 Discit
456 1021 597 1073 enini
638 1020 794 1073 citius
836 1019 1188 1089 meminitque
1230 1018 1483 1071 libentius
1525 1019 1677 1079 illud,

284 1187 379 1225 ζ259.
423 1190 619 1225 recusant
651 1186 805 1225 tertius
838 1185 1061 1224 Schmidii.
1102 1208 1144 1213 —-
1188 1185 1283 1225 260.
1319 1190 1480 1232 autem,
1519 1186 1640 1225 stulte
1669 1198 1788 1236 quem
1819 1188 1951 1239 diligit

230 1249 504 1301 distinguunt
534 1249 756 1289 LCtFMJs.
794 1249 857 1299 (Ut
889 1260 990 1297 nos,
1026 1247 1281 1296 Bentleius.>

294 1431 297 1439 s
348 1390 410 1429 Cf.
436 1391 608 1429 Becker
629 1389 684 1429 de
707 1390 842 1430 Muris
862 1392 951 1429 vet.
976 1391 1058 1429 Ro-

174 1464 274 1492 mae
305 1463 348 1504 p.
374 1454 441 1492 55.
470 1476 514 1480 —
545 1451 723 1503 Parthis]
758 1451 820 1491 Cf.
847 1452 924 1491 Od.
949 1452 987 1500 3,
1013 1453 1051 1498 5,

172 1516 196 1554 2
228 1526 296 1566 sq.
331 1514 376 1563 4,
413 1516 460 1563 5,
491 1515 559 1554 25.
600 1516 747 1554 Carm.
782 1525 874 1554 sec.
910 1514 960 1554 53
984 1524 1051 1564 sq.

171 1578 259 1618 Sat.
284 1578 333 1625 2,
368 1579 415 1626 5,
448 1578 514 1617 62.
548 1579 658 1629 Epp.
685 1580 728 1626 11,
755 1577 827 1626 2¹⁴2,
853 1578 919 1617 ⁶27.
977 1578 1054 1615 «In

171 1641 369 1691 quinque
407 1641 529 1680 hisce
560 1641 786 1689 versibus,
835 1640 911 1680 ubi
943 1651 1055 1679 enu-

172 1705 334 1751 merat,
369 1705 476 1754 quot
501 1706 785 1754 quantaeque
809 1715 882 1743 res
903 1704 1053 1753 gestae

169 1777 193 1804 a
215 1767 345 1817 po'e'ta
362 1768 609 1816 Augustum
632 1765 913 1805 celebraturo
935 1776 1058 1805 com-

168 1828 404 1879 ponendae
436 1829 545 1877 sint,
580 1827 718 1868 multo
740 1829 963 1868 ornatiore
987 1828 1055 1867 di-

169 1890 299 1931 cendi
330 1901 494 1942 genere
528 1892 572 1930 et
612 1890 943 1931 sonantioribus
973 1901 1055 1929 vo-

174 1390 301 1429 orta.)

169 1953 338 1994 cahulis
386 1954 522 1993 utitur
555 1955 688 2005 poeta
728 1964 863 2004 quam
902 1955 945 1993 in
977 1965 1054 1993 ce-

167 2017 317 2056 teris.»
349 2017 523 2055 RissnEL.
567 2017 683 2055 Dum
704 2016 821 2056 vires
843 2027 946 2056 suas
968 2015 1056 2055 ele—

167 2081 262 2128 vat,
297 2078 481 2118 easdem
508 2078 787 2119 demonstrat
817 2081 949 2130 atque
982 2090 1055 2118 ex-

169 2142 290 2182 serit.

221 2204 424 2244 257-0259.
473 2204 518 2243 Si
549 2208 754 2253 quantum
784 2203 887 2255 cet]
927 2204 1051 2242 «Hoc

167 2269 295 2307 vetus
316 2278 416 2307 esse
439 2266 606 2306 dictum
624 2267 865 2306 Aristarchi
887 2265 1048 2314 ferunt,

168 2331 267 2381 qui,
316 2341 419 2370 cum
450 2328 588 2369 multa
622 2328 979 2381 reprehenderet
1007 2329 1050 2367 in

167 2394 390 2441 Homero,
424 2391 598 2432 aiebat:
630 2393 715 2431 Nec
743 2403 783 2431 se
807 2403 926 2441 posse
944 2392 1051 2430 scri-—

167 2456 284 2505 bere,
336 2456 683 2505 quemadmodum
724 2455 870 2503 vellet,
919 2465 1051 2504 ‘neque

165 2518 290 2567 velle,
315 2518 665 2566 quemadmodum
679 2521 857 2567 posset.»
890 2519 1045 2556 Ponpn.

168 2584 255 2621 Sat.
280 2583 327 2631 2,
353 2582 368 2620 4
391 2613 398 2629 ,
425 2581 498 2620 4⁶2:
535 2580 739 2630 Cupidum
758 2603 781 2608 -
797 2602 820 2608 -
838 2580 948 2619 vires
977 2581 1050 2619 de-

163 2646 323 2697 ficiunt.
351 2666 397 2672 --
429 2643 769 2695 maiestas-tua]
804 2645 885 2685 «Ut
913 2644 1050 2683 maie-

165 2711 251 2747 stas
284 2706 432 2757 populi
468 2705 573 2746 olim
604 2705 838 2745 dicebatur
866 2708 1052 2757 propter

166 2770 341 2822 imperii
380 2769 732 2820 magnitudinem
769 2779 820 2807 ac
861 2769 1051 2819 dignita-

157 2825 278 2881 tem,
327 2844 416 2884 quo
445 2836 649 2883 tempore
683 2831 875 2883 populus
905 2833 1050 2883 impe-

165 2896 218 2934 rii
248 2905 473 2935 summam
504 2893 759 2942 obtinebat,
803 2895 888 2942 sic,
923 2897 1050 2945 post—

168 2969 303 3010 quam
331 2958 571 3009 imperium
592 2969 614 2997 a
648 2956 811 3009 populo
832 2957 886 2996 ad
908 2968 1049 2996 unum

166 3020 428 3060 translatum
474 3022 562 3070 est,
607 3021 818 3060 maiestas
849 3030 1045 3070 quoque,

167 3096 282 3136 quae
312 3086 433 3123 tanto
463 3084 652 3135 imperio
684 3082 955 3131 debebatur,
989 3083 1048 3122 si-

166 3146 257 3186 mul
295 3146 351 3185 ad
388 3157 528 3185 unum
571 3144 694 3184 illum
732 3143 942 3184 translata
981 3146 1049 3183 at—

167 3221 254 3261 que
295 3209 398 3248 hinc
441 3208 640 3247 maiestas
680 3207 855 3258 Augusti
904 3206 1045 3255 dicta,

168 3282 282 3323 quae
314 3270 418 3310 olim
447 3268 597 3322 populi
626 3269 810 3309 Romani
837 3269 1047 3308 maiestas

168 3334 274 3373 fuit:
307 3335 452 3373 aetate
483 3343 592 3371 vero
613 3329 817 3371 Trebellii
842 3329 1047 3370 Pollionis

166 3397 365 3435 maiestas
396 3395 576 3446 proprie
610 3394 760 3432 vocari
794 3395 950 3444 coepta
981 3395 1049 3433 est

168 3459 262 3509 ipsa
287 3458 460 3509 imperii
491 3457 680 3508 dignitas
708 3454 779 3495 vel
808 3455 1046 3506 imperium

168 3530 315 3571 psum,
339 3521 425 3560 boc
442 3523 523 3569 est,
547 3517 789 3569 βασιλεία,
809 3528 944 3569 quam
964 3518 1043 3568 qui

1120 1388 1259 1428 habet
1287 1390 1323 1428 is
1354 1390 1599 1441 imperator
1630 1392 1673 1429 et
1693 1392 1916 1440 Augustus
1937 1390 2005 1429 di-

1121 1454 1259 1499 citur;
1311 1454 1355 1492 ut
1396 1451 1584 1503 dignitas
1617 1452 1863 1493 consularis
1895 1465 2004 1492 con—

1120 1514 1265 1554 sulem
1296 1514 1398 1554 facit
1420 1517 1463 1554 et
1484 1516 1705 1566 praetoria
1730 1518 2001 1566 praetorem,

1119 1577 1183 1617 sic
1211 1577 1408 1616 maiestas
1438 1578 1755 1629 imperatorem
1789 1580 1831 1617 et
1860 1581 2005 1628 Augu-

1119 1641 1261 1684 stun];
1306 1650 1407 1678 nam
1439 1640 1621 1691 dignitas
1651 1639 1706 1679 de
1739 1638 1832 1679 aliis
1864 1640 2004 1689 magi-

1119 1701 1354 1747 stratibus,
1385 1703 1585 1741 maiestas
1615 1702 1669 1742 de
1701 1701 1794 1741 solo
1816 1702 2002 1753 imperio

1119 1765 1395 1804 dicebatur.»
1429 1766 1656 1805 SALMAslus
1679 1765 1734 1804 ad
1756 1765 1864 1804 Hist.
1887 1767 1999 1815 Aug.

1119 1827 1197 1867 Ed.
1223 1828 1360 1878 Lugd.
1385 1828 1478 1866 Bat.
1504 1829 1553 1866 Il.
1579 1838 1622 1878 p.
1645 1827 1742 1867 228.
1770 1851 1815 1855 —
1838 1827 2000 1878 recipit]

1119 1890 1379 1930 «admittit»
1413 1891 1503 1930 Liv.
1527 1890 1595 1938 29,
1625 1889 1703 1930 24:
1736 1901 1783 1929 re
1811 1891 1899 1930 iam
1919 1903 2002 1930 mm

1116 1954 1233 1993 ultra
1259 1954 1482 2002 recipiente
1510 1952 1827 1992 czmclationem.
1856 1976 1901 1981 —
1925 1965 2003 2003 pu-

1118 2016 1208 2067 dor]
1243 2017 1417 2055 «rectus
1448 2025 1608 2055 sensus
1631 2015 1748 2063 eius,
1783 2014 1903 2066 quod
1926 2015 2002 2054 de-

1117 2080 1231 2118 cet.»
1273 2101 1317 2105 —
1363 2078 1475 2128 ferre
1509 2077 1712 2129 recusent]
1756 2079 1806 2117 A.
1840 2079 1885 2117 P.
1920 2077 1996 2117 39:

1117 2141 1216 2190 quid
1256 2141 1367 2191 ferre
1408 2144 1624 2188 recusent,
1683 2141 1791 2189 Quid
1831 2140 2000 2179 valeant

1116 2204 1291 2243 humeri.

1112 2291 1120 2296 -
1170 2266 1401 2306 260-263.
1449 2263 1676 2315 Seducitas]
1721 2265 1999 2316 Dienstqe-

1113 2328 1438 2380 flissenheit,
1472 2338 1588 2367 non:
1622 2327 1999 2377 Zudrinylich—

1113 2392 1226 2431 keit.
1277 2389 1416 2430 «Talis
1447 2392 1597 2429 autem
1623 2388 1835 2429 sedulitas
1858 2388 1998 2438 (Sido—

1114 2456 1173 2494 nii
1203 2452 1464 2505 Apollinaris
1495 2453 1641 2492 Carm.
1675 2451 1745 2500 23,
1776 2450 1871 2492 478.
1905 2452 1998 2503 offi-

1112 2516 1296 2568 ciositas)
1317 2518 1422 2555 tunc
1444 2516 1683 2566 imprimis,
1718 2525 1819 2553 cum
1842 2526 1997 2555 versus

1114 2591 1218 2621 suos
1263 2578 1589 2628 artificiumque
1630 2577 1857 2629 poeticum
1887 2589 1998 2616 ven—

1115 2644 1260 2683 ditans
1281 2641 1409 2681 nobis
1427 2652 1474 2681 se
1492 2640 1810 2680 commendare
1828 2640 1994 2687 studet,

1114 2704 1302 2745 molesta
1323 2702 1451 2742 nobis
1471 2702 1675 2750 accidit,»
1707 2701 1765 2741 ob
1797 2711 1993 2749 causam,

1115 2778 1250 2818 quam
1282 2766 1430 2806 statim
1453 2764 1593 2804 affert.
1623 2788 1667 2792 —
1701 2764 1843 2813 stulte,
1878 2774 1996 2813 quem

1114 2830 1272 2881 diligit,
1304 2827 1439 2878 urget]
1475 2828 1643 2866 «Homo
1675 2824 1856 2866 sedulus
1876 2825 1998 2865 vide-

1113 2891 1215 2931 licet
1244 2891 1287 2930 id
1319 2891 1427 2941 agit,
1461 2891 1508 2928 ut
1532 2890 1674 2929 amico
1695 2900 1776 2929 suo
1799 2898 1998 2928 commo—

1114 2954 1212 3001 det;
1260 2952 1340 2993 sed
1386 2952 1433 2992 fit
1477 2955 1526 2992 ut
1564 2953 1698 2992 nimio
1739 2951 1883 2992 studio
1923 2951 1992 3000 (cf.

1113 3018 1221 3068 Epp.
1249 3017 1264 3055 4
1288 3047 1295 3065 ,
1322 3015 1387 3064 43,
1411 3014 1471 3064 4.)
1515 3015 1821 3055 incommodet
1849 3014 1995 3065 potius

1114 3080 1175 3128 ei,
1210 3089 1346 3130 quem
1377 3077 1525 3129 diligit.
1573 3077 1709 3118 Stulte
1743 3087 1847 3127 ergo
1876 3076 1992 3123 facit,

1112 3142 1148 3182 si
1169 3141 1352 3193 quidem
1372 3139 1415 3179 id
1439 3141 1607 3191 ipsum,
1637 3139 1757 3191 quod
1776 3137 1883 3185 volt,
1907 3149 1993 3177 non

1112 3203 1414 3254 assequitur.»
1463 3203 1638 3242 Hnnsssr.
1667 3225 1712 3230 ——
1743 3200 1879 3251 urqet]
1926 3200 1990 3239 Cf.

1111 3278 1152 3306 V.
1176 3265 1280 3306 264:
1315 3265 1517 3317 officium,
1543 3265 1652 3314 quod
1669 3275 1734 3303 lme
1753 3266 1923 3314 qravat.
1941 3283 1987 3290 —-

1110 3329 1244 3368 Discit
1272 3329 1394 3377 enim]
1428 3327 1654 3378 «aliquis,»
1699 3337 1812 3373 non,
1845 3325 1894 3362 ut
1922 3322 1992 3363 alii

1109 3390 1286 3431 volunt:
1323 3391 1412 3438 «is,
1437 3390 1508 3429 cui
1528 3388 1726 3428 carmina
1748 3386 1992 3426 obtrudun-

1110 3456 1225 3493 tur.»
1277 3453 1524 3504 «Significat
1554 3452 1722 3490 maiore
1754 3448 1899 3489 studio
1930 3450 1991 3487 ri-

1111 3515 1280 3556 diculos
1310 3526 1468 3555 versus
1502 3512 1777 3565 (panegyrici
1807 3510 1989 3551 alicuius
