2231 3787
210 244 310 295 44⁶2

814 242 1030 283 HORATII
1067 241 1433 283 EPISTOLARUM

281 376 335 429 Si
376 392 463 430 res
503 373 616 428 sola
662 382 839 445 potest
876 374 1053 428 facere
1093 381 1145 426 et
1182 389 1400 426 servare
1439 371 1685 433 beatum,

280 478 395 531 Hoc
431 477 637 548 primus
676 484 892 548 repetas
932 493 1091 547 opUS,
1134 473 1236 526 hoc
1273 480 1580 543 postremus
1619 472 1845 526 omittas.

281 580 335 633 Si
376 579 701 633 fortunatum
739 579 952 649 species
993 585 1044 630 et
1082 575 1250 647 gratia
1287 582 1548 645 praestat,

282 683 584 735 Mercemur
622 698 862 741 servum,
905 678 997 749 qui
1038 677 1200 730 dictet
1237 676 1478 739 nomina,
1520 676 1735 730 laevum

1968 675 2036 727 50

282 784 384 848 Qui
423 782 621 836 fodicet
657 781 795 834 latus
835 788 888 833 et
927 787 1087 851 cogat
1123 787 1270 832 trans
1308 778 1552 850 pondera
1590 778 1833 832 dextram

321 933 386 973 48.
414 932 661 983 postremus]
694 936 906 971 extremus
927 941 964 970 c.
994 953 1038 958 —
1063 929 1130 970 49.
1149 933 1335 979 praestet
1365 929 1412 969 C.
1441 949 1485 956 —
1511 929 1578 968 54.
1610 928 1737 980 fodiet
1765 926 1913 978 Εᾶ,ζκ
1941 928 1986 967 et

265 1005 487 1047 superscr.
513 1006 540 1034 a
569 994 626 1043 b,
665 994 801 1045 fodiat
830 1005 878 1042 c,
911 991 1094 1033 Bentleii

212 1120 360 1161 culum
391 1122 594 1160 avertere
623 1119 825 1170 possunt.
863 1141 908 1146 —
949 1117 1089 1169 facere

210 1188 246 1224 et
281 1194 449 1222 servare
488 1181 664 1232 beatum]
700 1179 936 1221 «Consulto
976 1180 1087 1219 haec

211 1246 472 1296 repetuntur
509 1255 562 1283 ex
600 1242 799 1284 secundo
838 1253 995 1291 versu,
1042 1243 1089 1280 ut

210 1317 477 1359 perversum
537 1305 801 1357 cupidorum
856 1305 1088 1344 hominum

210 1369 423 1409 iudicium
451 1379 553 1408 cum
570 1379 675 1408 vera
693 1368 908 1419 sapientia
930 1367 1089 1407 infesto

212 1432 456 1472 certamine
488 1433 822 1482 componatur.»
847 1431 1045 1470 DILLENB.

267 1494 414 1534 49-51.
455 1494 606 1543 species
645 1497 681 1533 et
719 1493 877 1545 qratia]
913 1490 1092 1544 «splen—

212 1555 293 1595 dor
333 1557 563 1604 externus,
609 1554 722 1595 latus
765 1553 936 1603 clavus,
985 1551 1092 1593 sella

212 1616 399 1667 curulis,
434 1618 599 1667 fasces,
634 1629 799 1657 nomen
829 1618 977 1669 ipsum
998 1626 1094 1655 ma-

212 1683 441 1733 gistratus,
477 1692 612 1732 quem
643 1681 758 1732 geris
788 1679 859 1720 vel
889 1679 1089 1731 gessisti,

213 1747 254 1784 et
285 1755 391 1783 aura
412 1742 683 1795 popularis.»
725 1744 813 1783 Cic.
839 1743 883 1782 in
912 1743 997 1782 Pis.
1024 1742 1089 1790 Μ,

212 1807 289 1847 ’24ῑ
323 1808 530 1858 Magnum
548 1818 696 1846 nomen
718 1810 789 1856 est,
811 1817 975 1858 mayna
993 1816 1044 1854 sp
1056 1815 1095 1843 e-

213 1870 334 1918 cies,
368 1880 523 1919 maqna
555 1869 756 1919 diynitas,
788 1879 946 1919 magyna
966 1868 1095 1907 maie-

213 1936 298 1971 stas
326 1931 515 1970 consulis.
569 1930 655 1969 Cfr.
682 1931 790 1981 Epp.
821 1931 870 1979 2,
904 1931 953 1979 2,
987 1929 1089 1969 203:

218 1993 401 2042 Viribus,
443 1993 632 2044 ingenio,
675 1993 869 2042 specie,
916 1992 1093 2041 virtute,

215 2057 323 2105 loco,
349 2067 392 2094 re
411 2055 604 2094 Extremi
620 2055 876 2104 primorum,
901 2055 1098 2094 extremis

215 2129 342 2168 usque
355 2119 534 2168 priores.
572 2118 705 2157 Tacit.
725 2119 838 2157 Ann.
859 2116 899 2165 4,
924 2117 971 2156 6:
999 2117 1098 2168 (pri-

215 2183 299 2221 mis
320 2180 481 2220 Tiberii
508 2180 716 2231 principis
745 2178 883 2229 annis)
905 2190 983 2218 sua
1003 2191 1098 2218 con-

215 2244 388 2293 salibus,
433 2255 511 2282 sua
542 2242 811 2293 praetoribus
845 2242 1010 2291 species.
1047 2265 1092 2269 —

215 2309 450 2347 Mereemur
471 2305 572 2356 cet]
600 2304 788 2353 «Quodsi
810 2305 940 2355 igitur
960 2304 1098 2343 hono-

215 2380 288 2409 res
306 2369 490 2420 appetis,
511 2367 718 2407 omnibus
732 2367 984 2406 ambitionis
998 2366 1099 2405 arti-

216 2431 301 2471 bus
319 2432 461 2478 utere,
482 2441 592 2481 quas
610 2429 840 2469 evidenter
856 2430 915 2468 ita
933 2429 1100 2469 descri-

216 2493 280 2533 bit
309 2493 596 2533 Mamertinus
628 2495 789 2542 Paneg.
827 2490 980 2531 Iulian.
1019 2491 1093 2530 46:

220 2556 318 2605 Quis
338 2556 522 2607 ignorat,
545 2558 632 2593 tum
653 2565 836 2604 quoque,
860 2565 955 2594 cum
974 2553 1100 2593 hono-

217 2629 284 2658 res
307 2619 452 2668 populi
480 2618 657 2657 Romani
686 2617 901 2668 suffraqiis
919 2617 1099 2656 manda-

219 2679 395 2729 bantur,
434 2680 583 2719 multos
616 2679 741 2730 fuisse
777 2680 1099 2718 candidatorum

219 2741 409 2782 labores?
436 2742 668 2781 Ediscenda
697 2742 881 2781 omnium
900 2741 1096 2788 nomina,·

219 2805 405 2843 tributim
445 2815 582 2844 omnes
621 2808 747 2853 acque
783 2804 912 2843 etiam
945 2803 1098 2853 sinquli

219 2867 458 2914 salutandi,·
510 2867 827 2916 prehensandae
883 2866 1099 2905 obviorum

219 2939 393 2975 manus;
438 2928 624 2967 omnibus
667 2929 966 2975 arridendum,·
1015 2939 1096 2966 non

220 2991 352 3030 solum
389 3001 483 3029 cum
522 2991 692 3040 infimis,
738 2991 807 3029 sed
842 2989 968 3029 etiam
1006 3000 1100 3028 cum

221 3055 371 3105 ignotis
398 3053 704 3103 familiaritatis
732 3054 872 3104 imaqo
893 3052 1100 3091 simulan-

222 3118 291 3156 da.
349 3139 391 3143 —-
443 3116 629 3167 servam]
690 3113 1095 3163 nomenclatorem,

223 3179 348 3218 cuius
380 3180 473 3217 erat
503 3178 703 3217 ediscere
734 3177 910 3216 nomina
949 3177 1099 3227 singu-

223 3240 365 3280 lorum
376 3251 515 3291 prope
537 3239 713 3287 civium,
734 3249 836 3289 quc,
857 3249 959 3278 cum
971 3249 1100 3290 pren-

226 3304 342 3341 saret
398 3302 624 3350 dominus,
683 3311 821 3339 unum
870 3311 1096 3351 quemque

226 3365 403 3404 nomine
422 3363 644 3416 appellare
666 3364 836 3414 posset,
861 3363 1098 3414 postquam

227 3437 383 3466 servus
419 3427 504 3465 hoc
542 3426 579 3466 ei
620 3426 830 3472 dictasset,
873 3425 967 3464 eius
1003 3425 1098 3463 auri

226 3489 560 3529 insusurrasset.
596 3490 671 3538 (De
692 3486 1097 3528 nomenclatoribus

1127 992 1436 1043 «sequiores,»
1470 993 1513 1032 et
1543 992 1740 1042 quinque
1770 990 1979 1039 Pottierii,

1154 1115 1317 1157 Plinius
1348 1117 1399 1156 H.
1423 1118 1473 1156 N.
1498 1117 1572 1166 29,
1607 1117 1652 1167 ⁴,
1687 1116 1732 1156 8:
1772 1116 1913 1155 aliena
1948 1126 2038 1154 me-

1152 1180 1292 1219 moria
1320 1178 1588 1230 salutamus.)
1646 1179 1741 1218 Hoc
1779 1180 1930 1218 autem
1965 1174 2037 1217 vel

1155 1243 1347 1281 maxime
1364 1240 1678 1281 blandiebatur
1696 1240 1952 1280 hominibus
1974 1241 2040 1279 te-

1155 1304 1412 1353 nuioribus,
1436 1303 1514 1343 ubi
1535 1304 1602 1343 vir
1618 1301 1777 1343 nobilis
1800 1314 1878 1343 eos
1904 1303 2040 1343 etiam

1155 1367 1445 1420 praenomine
1488 1365 1712 1406 salutaret.
1776 1366 1862 1405 Sat.
1897 1366 1946 1414 2,
1987 1366 2037 1413 5,

1157 1431 1222 1470 3⁴2.
1275 1431 1364 1470 Cic.
1390 1429 1447 1469 ad
1467 1431 1552 1469 Att.
1578 1428 1623 1478 4,
1650 1429 1695 1478 4,
1728 1429 1775 1468 5:
1809 1428 1873 1468 Ad
1892 1426 2037 1466 urbem

1156 1494 1217 1532 ita
1244 1493 1353 1541 veni,
1384 1496 1430 1531 ut
1458 1503 1576 1531 nemo
1595 1491 1725 1545 αἰίὶαει
1741 1491 1900 1530 ordinis
1918 1490 2038 1529 homo

1156 1554 1456 1594 nomenclatori
1484 1557 1606 1593 notus
1634 1552 1782 1604 fuerit,
1830 1552 1902 1600 qui
1939 1550 2041 1590 mihi

1157 1617 1322 1657 obviam
1342 1628 1423 1655 non
1442 1616 1614 1655 venerit.
1665 1613 1729 1655 Cf.
1753 1625 1833 1665 pro
1854 1615 2039 1654 Murena

1158 1680 1234 1729 36,
1267 1680 1335 1719 77.
1372 1700 1416 1706 —
1452 1679 1616 1718 laevum
1643 1700 1666 1706 —
1695 1699 1717 1706 -
1744 1676 1878 1728 latas]
1921 1676 2043 1727 quod

1159 1740 1464 1782 nomenclator
1503 1741 1613 1781 hero
1652 1738 1849 1790 tegebat.
1893 1762 1938 1766 —
1975 1738 2044 1789 fo-

1159 1804 1276 1856 dicet]
1321 1803 1533 1844 Fodicare
1575 1803 1633 1854 (id
1677 1804 1767 1852 est,
1814 1812 1949 1853 saepe
1995 1802 2039 1841 et

1160 1868 1322 1906 acriter
1351 1867 1527 1915 fodere,
1560 1876 1781 1918 pungere,
1815 1863 2038 1913 vellicare)

1161 1928 1362 1970 solebant
1399 1928 1533 1978 latus,
1577 1940 1664 1979 quo
1696 1928 1820 1978 signo
1851 1928 2042 1966 attentos

1161 1991 1403 2031 redderent
1435 1991 1490 2030 de
1522 1989 1667 2041 aliqua
1688 2001 1736 2029 re
1768 1989 2034 2038 monendos,

1161 2055 1204 2093 h.
1228 2053 1255 2093 l.
1281 2055 1328 2092 ut
1367 2051 1610 2093 salutarent
1649 2052 1768 2091 hunc
1805 2050 1875 2091 vel

1162 2116 1391 2156 hominem
1440 2115 1495 2154 de
1549 2112 1798 2165 plebecula.
1864 2114 2040 2153 Terent.

1164 2180 1270 2218 Hec.
1305 2177 1351 2227 3,
1392 2178 1440 2226 ὃ,
1475 2177 1552 2216 46:
1598 2178 1727 2215 LACH.
1773 2175 1854 2215 Dic
1881 2175 2046 2214 iussisse

1162 2245 1211 2280 te.
1259 2242 1379 2279 Pffln.
1426 2239 1523 2278 Noli
1553 2239 1707 2289 fodere.
1758 2235 2040 2288 Pseudoplat.

1162 2304 1358 2343 Amator.
1382 2313 1425 2353 p.
1452 2301 1544 2341 432.
1568 2302 1635 2340 B.:
1669 2296 1873 2352 κινήσας
1895 2294 2044 2339 αὐτὸν

1162 2362 1226 2419 τῷ
1258 2360 1439 2418 ἀγκῶνι
1478 2358 1687 2421 ἠρόμην.
1741 2363 1952 2403 Ceterum
1990 2373 2043 2401 ex

1163 2439 1248 2467 usu
1279 2428 1400 2466 certe
1434 2426 1660 2466 Ciceronis
1699 2426 1841 2477 (Tusc.
1875 2424 1920 2474 3,
1964 2425 2040 2473 46,

1163 2490 1247 2540 35.)
1277 2489 1465 2540 fodicare
1493 2499 1582 2527 non
1614 2489 1682 2528 est
1721 2486 1923 2536 «leviter,
1967 2497 2045 2526 su-

1163 2552 1345 2604 perficie
1367 2553 1498 2591 tenus
1520 2550 1698 2599 fodere,
1732 2552 1965 2601 tangere,»
1997 2550 2046 2588 ut

1163 2614 1253 2655 volt
1296 2613 1521 2654 Glossator
1573 2613 1689 2665 apud
1738 2612 2040 2659 Torrentium‚

1165 2677 1247 2718 sed
1269 2677 1554 2716 contrarium.
1580 2699 1619 2705 —
1644 2675 1779 2727 cogat]
1814 2676 2044 2726 «impenso

1165 2740 1311 2779 studio
1356 2738 1550 2778 iubeat.»
1593 2759 1637 2766 —-—
1680 2742 1799 2778 trans
1836 2737 2042 2788 pondera]

1166 2800 1376 2853 «Propola
1422 2803 1464 2840 in
1509 2801 1695 2840 taberna
1737 2799 1901 2840 sedens
1941 2801 2043 2839 ante

1165 2876 1212 2905 se
1244 2863 1382 2903 habet
1409 2864 1604 2915 positam
1633 2863 1844 2902 trutinam
1866 2873 1918 2901 ac
1932 2873 2043 2911 pon-

1165 2928 1287 2975 dera,
1312 2926 1368 2965 ad
1389 2937 1503 2976 quae
1527 2936 1706 2966 merces
1724 2935 1852 2973 suas,
1877 2923 2040 2972 oleum,

1166 2990 1314 3041 piper,
1358 2989 1482 3038 thus,
1527 2987 1747 3039 saIgama,
1782 2989 1931 3027 cetera
1962 2986 2043 3026 ad-

1164 3050 1424 3091 ventoribus
1454 3051 1620 3091 vendit.
1673 3052 1765 3090 Iam
1795 3049 1870 3101 qui
1900 3049 2043 3089 hono-

1164 3124 1238 3153 res
1269 3124 1356 3153 non
1389 3114 1562 3164 captat,
1596 3112 1752 3152 transit
1781 3123 1836 3151 ne
1867 3111 2042 3151 intuens

1165 3176 1347 3227 quidem
1389 3175 1568 3215 infimae
1610 3175 1740 3215 sortis
1784 3174 2038 3220 hominem,

1164 3238 1426 3279 ambitiosus
1457 3249 1479 3277 a
1512 3236 1666 3278 sedulo
1707 3234 2040 3276 nomenclatore

1163 3301 1342 3341 iubetur
1386 3301 1424 3340 ei
1468 3302 1589 3339 trans
1634 3298 1863 3339 sordidum
1908 3297 2042 3337 istum

1165 3364 1428 3415 apparatum
1458 3361 1709 3414 ponderum
1732 3371 1784 3399 ac
1807 3370 2041 3399 mensura—

1163 3436 1264 3464 rum
1295 3424 1525 3465 dexteram
1556 3433 1697 3473 aeque
1721 3422 1906 3461 comiter
1934 3432 2040 3473 por-

1164 3487 1330 3539 rigere,
1366 3497 1417 3526 ac
1447 3487 1483 3527 si
1514 3484 1735 3526 familiaris
1758 3485 1899 3533 esset,
1933 3493 2039 3534 spe-

1919 2049 2041 2090 illum
2099 2083 2105 2086 .
