2231 3787
749 240 846 278 LIB.
883 240 911 277 1.
974 237 1137 277 EPIST.
1170 237 1314 276 XVIII.

200 372 291 424 Est
328 369 452 423 huic
491 370 766 422 diversum
804 368 931 421 vitio
971 367 1155 421 vitium
1193 383 1364 438 prope
1404 366 1599 425 maiuS,
1920 364 1950 411 55

198 472 472 542 Asperitas
513 471 740 541 agrestis
780 479 833 524 et
871 470 1189 524 inconcinna
1228 468 1542 540 gravisque,

201 574 353 637 Quae
393 589 452 626 se
493 573 834 626 commendat
870 580 1025 625 tonsa
1063 579 1208 632 cute,
1252 569 1504 623 dentibus
1546 568 1696 628 atris.

197 675 338 726 Dum
375 673 484 726 volt
519 673 738 727 libertas
779 673 882 727 dici
923 689 1073 726 mera
1109 688 1350 742 veraque
1387 671 1571 724 virtus.

197 776 373 827 Virtus
413 782 495 828 est
532 774 771 828 medium
809 774 1060 827 vitiorum
1102 782 1154 827 et
1190 773 1441 844 utrinque
1480 771 1778 825 reductum.

198 875 343 930 Alter
381 876 435 928 in
472 875 798 947 obsequium
836 875 957 946 plus
997 892 1173 947 aequo
1212 892 1415 946 pronus
1454 882 1506 927 et
1544 873 1632 926 imi
1886 873 1952 927 40

182 1035 224 1074 in
245 1034 321 1073 Ed.
349 1033 488 1083 4481„
522 1038 646 1074 tunsa
664 1044 779 1074 unus
801 1034 830 1073 F
835 1045 913 1073 eae
946 1035 1010 1085 (V.
1035 1033 1118 1083 A.).
1149 1056 1196 1062 —-
1231 1034 1498 1074 Commendat
1528 1043 1635 1084 quae
1663 1044 1705 1073 se
1732 1034 1898 1072 intonsa

180 1096 400 1136 Sanadon.
426 1119 473 1125 —
498 1097 538 1137 8.
588 1108 708 1137 mera
737 1097 818 1136 dici
848 1098 935 1137 LCt
967 1097 1124 1148 (invitis
1156 1096 1464 1146 membranis).
1492 1120 1536 1125 —
1561 1096 1599 1135 9.
1623 1100 1660 1135 et
1681 1106 1770 1135 om.
1794 1095 1837 1135 d.

125 1235 201 1287 lor]
231 1237 423 1276 Fuerunt
446 1237 520 1288 qui
542 1237 596 1277 de
620 1237 775 1277 habitu
796 1236 1007 1289 cultuque

126 1297 439 1349 intelligerent,
488 1300 589 1350 quia
630 1303 860 1340 matronae
892 1300 1006 1352 palla

125 1364 169 1401 et
199 1360 309 1401 stola
340 1361 439 1402 alba
471 1373 573 1401 cum
594 1363 741 1403 instita
761 1375 1002 1415 purpurea,

123 1422 355 1464 libertinae
388 1425 650 1465 meretrices
680 1426 830 1465 tunica
852 1437 1006 1477 super-

123 1486 283 1526 iniecta
314 1488 412 1536 toga
433 1488 632 1526 omnium
657 1487 856 1527 colorum
881 1488 1007 1527 indu-

123 1550 192 1587 tae
223 1549 267 1587 in
286 1547 514 1599 publicum
536 1549 787 1600 prodibant.
836 1551 1005 1589 Seneca

122 1612 171 1650 N.
198 1611 247 1658 Q.
272 1611 316 1657 7,
352 1611 395 1650 31
418 1643 425 1659 ,
460 1610 509 1651 4;
550 1612 706 1651 colores
733 1612 1003 1661 meretricios,

121 1674 326 1712 matronis
349 1674 514 1722 quidem
535 1686 616 1713 non
638 1674 890 1723 induendos,
922 1675 1006 1714 viri

121 1736 333 1774 sumimus.
381 1735 469 1774 Sed
500 1735 659 1775 melius
692 1736 746 1775 de
776 1738 868 1775 toto
889 1737 1003 1776 vitae

123 1796 271 1837 colore
303 1799 487 1836 externo
522 1799 622 1847 (Sat.
646 1799 692 1846 2,
718 1799 734 1836 sl
758 1829 766 1846 ‚
791 1798 857 1837 60.
892 1799 1000 1850 Epp.

123 1860 165 1908 4,
195 1860 268 1908 117,
298 1859 382 1909 ⁶23.)
428 1859 821 1910 interpretaberis,
872 1863 921 1900 ut
951 1862 1007 1901 sit

123 1920 345 1970 «diversa,
377 1921 905 1973 verschiedenartiq.»
939 1922 1002 1963 Cf.

122 1985 245 2023 Pers.
269 1984 317 2031 5,
351 1984 424 2022 52:
471 1983 586 2022 Mille
615 1984 827 2023 hominum
856 1986 1008 2034 species

121 2049 160 2084 et
186 2056 330 2084 rerum
359 2045 537 2084 discolor
556 2057 666 2085 usus.
695 2069 738 2074 —
763 2047 903 2098 infido]
938 2048 1002 2087 Cf.

122 2106 201 2146 Od.
228 2107 271 2155 4,
308 2106 381 2155 35,
405 2107 471 2146 25.
506 2109 620 2146 Part.
644 2108 705 2146 ita
733 2110 834 2158 post
862 2113 908 2148 ut
935 2109 1004 2149 vel

120 2169 226 2208 sicut
261 2179 396 2220 saepe
438 2169 673 2215 omittitur,
718 2180 806 2219 quo
839 2167 1002 2209 sactum

123 2233 213 2279 est,
261 2232 310 2269 ut
338 2231 381 2269 in
410 2241 592 2281 prosam
624 2241 686 2270 or.
718 2231 773 2270 ab
807 2232 1000 2284 interpo-

121 2291 336 2333 latoribus
381 2292 501 2332 haud
540 2304 641 2332 raro
685 2293 1002 2334 intruderetur.

123 2354 211 2395 Cfr.
235 2354 458 2395 Drakenb.
484 2355 540 2395 ad
561 2356 650 2394 Liv.
677 2356 723 2405 9,
757 2357 830 2406 117,
856 2355 896 2396 4.
935 2356 1002 2407 34,

123 2417 171 2465 9,
198 2417 263 2456 40.
298 2417 371 2466 39,
397 2416 441 2457 44
464 2449 472 2466 ,
499 2419 536 2457 4.
565 2441 608 2446 —
634 2429 807 2458 scurrae
823 2419 1009 2471 distabit]

122 2478 218 2518 Vid.
243 2479 298 2518 ad
320 2480 430 2531 Epp.
459 2481 496 2529 4,
523 2480 562 2528 7,
586 2479 654 2520 48.

178 2541 271 2580 5-9.
305 2542 525 2591 diversum]
570 2543 890 2592 «contrarium,
924 2555 1007 2596 op-

122 2603 360 2656 positum.»
376 2625 422 2632 —
442 2605 542 2643 vitio
556 2605 718 2656 vitium]
737 2606 800 2645 Cf.
819 2606 876 2645 ad
892 2607 1002 2658 Epp.

125 2666 173 2713 4,
209 2665 275 2714 ⁴9,
309 2665 348 2705 6.
377 2689 422 2694 —
448 2677 583 2717 prope
601 2667 752 2718 maius]
785 2670 1006 2719 quatenus

124 2727 159 2767 is
174 2758 183 2775 ,
208 2728 279 2767 cui
299 2728 431 2777 inest,
463 2740 649 2780 prorsus
671 2729 852 2770 aberrat
872 2741 895 2769 a
917 2731 1004 2770 fine

125 2800 206 2829 suo
223 2790 473 2841 principum
491 2792 687 2837 virorum
705 2792 905 2832 favorem
922 2792 1006 2833 sibi

125 2850 402 2891 conciliandi.
431 2876 475 2881 —
506 2855 682 2905 aqrestis
703 2855 806 2906 cet]
839 2856 1007 2895 Cumu-

126 2912 222 2952 latis
247 2913 316 2952 his
339 2913 577 2965 ἐπιθέτοις
597 2917 833 2967 significat,
868 2928 1010 2968 quan-

126 2977 279 3027 topere
309 2976 478 3025 ingrata
499 2988 550 3017 ac
572 2977 760 3019 molesta
782 2980 838 3020 sit
857 2980 1007 3021 huius-

127 3036 248 3076 modi
277 3038 512 3078 rusticitas.
539 3062 584 3067 —-
615 3041 879 3092 inconcinna]
913 3043 1007 3082 «in-

127 3100 315 3138 venusta
345 3101 479 3150 atque
516 3101 735 3152 insuavis,
781 3105 884 3154 quia
915 3105 1007 3145 dis-

127 3164 281 3213 crepat
316 3161 371 3201 ab
404 3173 456 3201 ea
484 3163 601 3202 vitae
642 3158 834 3214 ratione,
871 3177 1005 3217 quam

54 3257 57 3260 .
127 3224 330 3264 homines
374 3223 495 3276 politi
533 3227 578 3264 et
616 3236 769 3266 comes
808 3238 1007 3279 sequun-

127 3288 240 3325 tur.»
267 3307 311 3314 -
347 3298 454 3336 quae
483 3297 523 3326 se
552 3289 830 3338 commendat]
863 3301 1004 3340 «quae

129 3358 177 3388 se
207 3347 300 3389 aliis
331 3348 649 3389 commendare
680 3349 858 3398 studet,
892 3361 1005 3401 quae

131 3409 272 3450 credit
300 3412 420 3450 omni
450 3409 629 3450 mollitie
654 3411 788 3450 vitata
819 3422 866 3452 se
889 3423 1008 3452 com-

131 3472 392 3514 mendatum
422 3474 497 3523 iri,
531 3474 722 3514 maxime
752 3471 810 3531 τῇ
836 3472 887 3514 ἐν
905 3472 1005 3531 χρῷ

1072 1231 1248 1287 κουρᾷ,
1294 1230 1594 1282 parcimoniae
1633 1230 1782 1280 signo,
1829 1231 1954 1269 cete-

1072 1304 1210 1343 raque
1244 1291 1502 1343 negligentia
1535 1292 1578 1330 in
1608 1291 1782 1339 habitu,
1817 1302 1952 1342 quam

1073 1354 1448 1395 consectabantur
1481 1350 1701 1404 'aretalogi
1740 1354 1871 1393 Stoici
1910 1355 1955 1392 et

1073 1417 1225 1467 Cynici
1271 1417 1523 1466 horumque
1573 1416 1687 1455 inter
1729 1417 1952 1455 Romanos

1070 1480 1358 1519 imitatores.»
1399 1503 1444 1506 —
1487 1483 1608 1518 tonsa
1636 1479 1739 1530 cute]
1771 1479 1951 1529 Proprie

1072 1541 1281 1581 dicebant
1324 1546 1451 1591 caput
1495 1543 1550 1581 ad
1592 1546 1725 1581 cutem
1768 1542 1949 1580 tondere.

1072 1602 1187 1643 Cels.
1213 1604 1260 1652 3,
1294 1604 1358 1644 48.
1393 1603 1440 1652 4,
1471 1605 1510 1643 2.
1539 1626 1584 1631 -
1618 1603 1802 1642 dentibus
1832 1603 1951 1652 atris]

1071 1667 1102 1705 E
1125 1667 1345 1705 contrario
1368 1662 1394 1705 ὁ
1415 1662 1822 1723 ,ιιικροφιλότιμος
1843 1666 1954 1705 The-

1071 1729 1198 1779 ophr.
1235 1729 1364 1769 Char.
1394 1730 1460 1768 91.
1500 1729 1645 1768 Dubn.
1677 1728 1789 1768 solet
1823 1727 1953 1768 πλει-

1071 1788 1239 1841 στάκις
1269 1786 1626 1847 ἀποκείρασθαι
1655 1792 1736 1830 καὶ
1766 1787 1878 1841 τοὺς
1907 1786 1953 1829 ὂ-

1070 1851 1242 1904 ὂόντας
1259 1850 1462 1904 λευκοὺς
1479 1850 1619 1901 ἔχειν.
1647 1876 1693 1882 -
1719 1855 1799 1893 dici
1818 1854 1950 1905 mera]

1071 1917 1126 1957 de
1166 1918 1346 1956 homine
1384 1916 1629 1956 identidem
1659 1927 1785 1956 suam
1816 1915 1952 1955 liber—

1071 1982 1209 2019 tatem
1241 1981 1476 2030 crepante,
1512 1979 1620 2018 dum
1650 1979 1791 2018 nescit
1813 1990 1859 2018 se
1882 1989 1953 2018 ru-

1071 2044 1114 2083 di
1144 2043 1213 2083 illa
1244 2044 1483 2095 asperitate
1505 2042 1612 2083 alios
1631 2042 1875 2082 offendere.
1902 2065 1948 2071 -

1075 2107 1226 2156 Virtus]
1265 2117 1406 2145 «vera
1437 2107 1479 2145 in
1512 2105 1810 2156 qualicunque
1843 2116 1954 2145 con-

1072 2168 1245 2207 dicione
1277 2168 1456 2207 vivendi
1497 2169 1652 2206 ratio.»
1692 2190 1723 2195 -
1771 2168 1954 2206 medium

1068 2229 1280 2280 vitiorum]
1315 2241 1367 2268 ex
1398 2231 1500 2268 nota
1522 2228 1588 2267 illa
1612 2228 1856 2269 Aristotelis
1877 2229 1955 2269 do-

1073 2293 1225 2332 ctriua.
1261 2292 1358 2331 Eth.
1382 2292 1552 2331 Nicom.
1577 2292 1616 2339 ⁵2,
1642 2292 1687 2331 6:
1724 2286 1889 2331 7'Eams
1922 2287 1950 2344 ἦ

1071 2350 1217 2411 ἀρετὴ
1249 2348 1345 2405 ἕξις
1373 2350 1704 2411 προαιρετική,
1738 2353 1787 2394 ἑν
1808 2351 1954 2406 μεσό-

1070 2430 1176 2469 τητι
1207 2409 1348 2457 οὖσα.
1372 2439 1395 2445 -
1416 2439 1440 2445 -
1459 2413 1673 2469 μεσότης
1693 2414 1744 2456 δὲ
1763 2414 1851 2457 δύο
1872 2430 1954 2456 κα-

1071 2477 1209 2528 κιῶν,
1256 2477 1342 2532 τῆς
1378 2478 1468 2531 μὲν
1512 2473 1622 2518 καθ’
1662 2474 1950 2536 ὕπερβολήν,

1072 2540 1158 2594 τῆς
1179 2540 1229 2582 δὲ
1249 2543 1352 2581 κατ’
1374 2537 1606 2592 ἔλλειψιν.
1632 2543 1721 2582 Cic.
1741 2544 1861 2582 Brut.
1881 2542 1948 2592 40,

1074 2605 1174 2645 449ῑ
1210 2605 1313 2646 Cum
1332 2606 1464 2644 omnis
1481 2605 1615 2644 virtus
1634 2606 1708 2654 sit,
1730 2609 1777 2644 ut
1794 2610 1949 2653 vestra,

1070 2669 1218 2718 Brute,
1249 2672 1364 2707 vetus
1382 2667 1609 2707 Academia
1629 2667 1757 2716 dioeit,
1793 2668 1952 2707 medio-

1071 2732 1223 2780 critas,
1254 2734 1429 2779 uterque
1456 2730 1606 2768 horum
1632 2729 1813 2768 medium
1834 2731 1953 2778 quid-

1072 2794 1170 2832 dam
1204 2792 1366 2832 votebat
1403 2792 1531 2841 sequi.
1574 2814 1619 2819 —
1657 2793 1855 2842 utrinque
1881 2804 1951 2833 re-

1072 2855 1252 2906 ductum]
1301 2853 1382 2894 «ab
1413 2855 1604 2904 utroque
1637 2857 1858 2903 extremo,
1904 2857 1953 2895 ut

1072 2920 1166 2970 ipsa
1206 2918 1317 2957 ratio
1356 2917 1512 2965 docet,
1559 2919 1834 2957 remotum.»
1885 2918 1948 2958 Cf.

1073 2982 1246 3021 Lucret.
1286 2981 1335 3027 5,
1377 2978 1485 3019 839:
1544 2979 1834 3029 interutraque
1879 2990 1953 3019 nec

1069 3047 1234 3092 utrum,
1267 3042 1479 3091 utrimque
1507 3045 1726 3080 remotum.

1130 3105 1217 3144 40-AE
1227 3104 1267 3143 2.
1278 3103 1404 3155 Alter]
1425 3104 1701 3142 «assentator
1709 3102 1920 3144 scurrilis.
1930 3119 1949 3139 »

1075 3168 1130 3217 (v.
1151 3166 1208 3217 4.)
1229 3167 1336 3205 —in
1361 3165 1598 3214 obsequium
1623 3166 1726 3217 cet]
1751 3166 1950 3205 Ammia—

1073 3240 1156 3269 nus
1180 3230 1223 3268 in
1246 3227 1420 3268 Anthol.
1441 3227 1576 3268 Palat.
1596 3229 1647 3267 ΙΙ.
1667 3238 1710 3279 p.
1733 3226 1837 3267 204:
1868 3222 1947 3277 Μὴ

1073 3287 1134 3331 σύ
1149 3291 1190 3344 γ’
1204 3289 1275 3331 ἐπ’
1289 3285 1558 3347 ἀλλοτρίης,
1574 3283 1814 3345 ὦνθρωφ’,
1829 3285 1949 3338 ἵζοιο

1071 3353 1320 3410 τραπέζης,
1344 3349 1523 3405 Ψωμὸν
1539 3347 1766 3391 ὀνείδειον
1780 3350 1950 3407 γαστρὶ

1072 3409 1606 3472 χαριζόμενοςῇᾏλλοτε
1625 3412 1715 3465 μὲν
1734 3411 1949 3452 κλαίοντι

1073 3477 1154 3517 καὶ
1179 3476 1522 3530 ἐστυγνωμένῳ
1545 3469 1683 3526 ὄμμα
1712 3472 1949 3528 Συγκλαί-
