2231 3787
804 230 901 268 LlB.
936 230 968 268 Ι.

107 365 389 419 Sincerum
429 362 674 434 cupimus
715 377 808 413 vas
849 359 1164 413 incrustare.

1030 229 1139 268 sAT.
1177 229 1242 267 ιιι.
1871 223 1936 272 53

1241 357 1450 410 Probus
1490 357 1610 427 quis

105 466 402 521 Nobiscum
440 464 591 525 vivit,
633 461 858 516 multum
897 460 1168 514 demissus
1213 459 1400 512 homo:
1444 458 1513 510 illi

109 568 276 622 Tarde
316 582 640 638 cognomen,
674 564 861 636 pinyai
898 562 1105 616 damus.

1183 561 1281 615 Hic
1318 560 1450 632 fugit
1488 577 1676 614 omnes

108 670 335 724 Insidias
374 667 617 739 nullique
657 665 797 719 malo
837 664 975 718 latus
1015 663 1164 717 obdit
1203 671 1473 735 apertum,

222 835 368 875 56-58.
419 832 578 884 probus
607 832 698 882 quis
727 831 948 871 Nobiscum
975 829 1108 870 vivit?
1136 829 1314 869 multum
1343 833 1401 868 esi
1430 829 1626 868 demissus
1655 828 1788 867 homo.
1822 828 1882 866 iiii

166 899 324 947 Tarde,
357 906 582 947 cognomen
605 895 778 946 pinquis
809 895 958 933 damus
986 895 1016 933 L
1049 892 1124 944 (esi
1163 893 1333 933 addunt
1373 893 1506 932 etiam
1538 893 1747 943 quattuor
1779 893 1884 931 Pot-

164 960 306 1010 tierii)‚
334 958 493 1009 probus
523 958 614 1008 quis
641 957 865 996 Nobiscum
892 957 1018 1004 vivit,

1049 956 1227 995 muitum
1247 956 1444 995 demissus
1472 955 1592 994 homo
1613 954 1692 993 ilie.
1748 954 1883 993 Tarde

163 1033 387 1074 coquomen
428 1021 576 1071 pingui
620 1019 771 1059 damu-s
815 1020 846 1058 C
896 1029 999 1058 oum
1046 1019 1145 1059 cod.
1179 1018 1333 1059 Bland.
1366 1018 1668 1058 vetustissimo
1700 1019 1744 1057 et
1775 1017 1882 1057 Cod.

167 1084 393 1124 Sorbonae
428 1082 557 1133 (ficto)
602 1081 720 1133 apud
752 1079 1014 1128 Valartium,

1053 1081 1211 1130 probus
1241 1081 1332 1130 quis
1361 1079 1585 1120 Nobiscum
1612 1080 1734 1128 vivit,
1776 1079 1888 1118 mul—

165 1152 254 1187 tum
285 1147 483 1185 demissus
511 1146 631 1184 homo
662 1144 752 1183 ilie:
800 1144 830 1182 T
829 1144 934 1182 ardo
970 1154 1020 1182 ac
1050 1154 1276 1194 coqiiomen
1309 1143 1459 1194 pingui
1494 1142 1643 1181 damus
1670 1141 1809 1181 Bentl.
1845 1143 1886 1181 et

164 1207 378 1260 particula
419 1218 469 1246 ac
513 1207 557 1245 in
599 1210 636 1245 ei
680 1207 848 1245 mutata
889 1206 1034 1257 Haupt
1073 1205 1202 1246 Obss.
1246 1206 1359 1244 eritt.
1393 1216 1436 1256 p.
1470 1204 1555 1252 35„
1602 1204 1759 1244 Probus
1796 1205 1889 1252 quis

167 1271 380 1311 nobiscum
407 1270 528 1319 vivit,
562 1269 740 1309 multam
771 1269 969 1308 demissus
997 1269 1140 1316 homo‚·
1172 1268 1233 1307 iili
1266 1268 1400 1307 Tarde
1421 1278 1647 1318 coquomen
1671 1267 1822 1317 pinque·
1851 1270 1888 1306 et

167 1335 316 1373 damus
345 1334 525 1373 auctore
549 1331 807 1372 Heindorfio
830 1331 1038 1382 Doering.
1077 1330 1140 1380 (Ut
1162 1340 1263 1379 nos,
1300 1340 1457 1370 omnes
1478 1329 1566 1369 mei
1588 1331 1629 1368 et
1660 1328 1886 1379 Pottierii.)

113 1477 222 1525 lique
265 1474 436 1514 bibetur.
501 1474 671 1513 Seneca
716 1472 770 1512 de
816 1472 991 1513 Provid.

111 1539 161 1587 6,
196 1538 244 1577 3:
287 1538 382 1577 Non
412 1540 469 1577 est
497 1536 742 1589 istassoiida
763 1540 800 1576 et
819 1546 995 1577 SINCERA

113 1601 311 1652 felicitas,·
343 1610 495 1641 CRUSTA
523 1603 592 1638 esi.
626 1598 773 1639 Alexis
795 1600 838 1638 in
861 1598 995 1638 Grotii

111 1665 215 1704 Exc.
249 1674 293 1714 p.
328 1664 426 1702 577:
462 1658 526 1702 Τὸ
559 1658 710 1701 καλὸν
740 1660 791 1701 δὲ
822 1658 995 1718 χρῶμα

111 1722 380 1779 δευσοποιῷ
425 1721 688 1782 χρῴζομεν.
749 1723 851 1763 Alii:
901 1725 996 1763 «te-

113 1788 251 1828 ctorio
283 1787 450 1838 aliquo,
484 1799 651 1839 gypso,
683 1787 804 1838 piee,
835 1788 996 1837 stuppa

113 1850 384 1891 obducere.»
425 1872 470 1878 —
505 1849 663 1890 Probus
704 1849 797 1898 quis
820 1871 843 1877 —
869 1870 892 1876 -
917 1850 996 1887 da—

111 1913 216 1965 mus]
236 1911 470 1964 Duplicem
486 1911 707 1952 habemus
724 1912 886 1950 horum
898 1922 998 1950 ver-

111 1975 276 2015 borum
308 1975 736 2026 interpretationem3
773 1972 843 2013 alii
877 1973 997 2013 enim

114 2049 218 2077 eum
237 2036 458 2089 probitate
482 2038 616 2077 etiam
637 2036 894 2076 tarditatem
913 2036 1000 2075 vir-

114 2099 302 2149 tutibus,
342 2100 665 2140 demissionem
695 2110 796 2139 eum
826 2098 998 2150 pingui-

115 2162 266 2202 tudine
287 2162 402 2202 x‘itiis
429 2162 745 2209 adnumerant3
779 2160 850 2200 alii
870 2162 999 2201 Bent-

113 2225 199 2265 leio
231 2225 345 2265 duee
386 2224 657 2276 probitatem
687 2226 731 2264 et
760 2224 999 2264 demissio-

115 2298 235 2334 nem,
267 2289 316 2326 ut
345 2289 467 2335 sunt,
500 2298 581 2338 pro
612 2286 867 2335 virtutibus,
905 2287 998 2325 tar-

117 2349 300 2389 ditatem
332 2350 375 2387 et
405 2348 761 2399 pinguitudinem
780 2359 862 2399 pro
883 2348 997 2387 vitiis

116 2411 299 2451 habent.
354 2410 553 2450 Priorem
575 2409 902 2449 distinctionem
923 2419 998 2448 se-

118 2476 247 2514 cutus
269 2474 335 2513 est
361 2472 565 2511 Vossius:
596 2473 769 2522 Reti-ayt
798 2471 882 2510 sich
902 2470 999 2509 ehr-

117 2536 196 2575 lich
216 2536 344 2575 Einer
358 2533 547 2573 micans?
569 2533 600 2572 O
617 2534 684 2573 des
697 2544 779 2584 yar
793 2533 1000 2572 schwaeb-

116 2598 355 2649 miiihiqen!
405 2597 546 2636 Jenem
586 2596 850 2647 Lanqsamen
893 2594 1000 2634 ieilm

116 2661 199 2701 wir
247 2660 324 2699 den
370 2659 534 2698 Namen
581 2658 650 2697 des
691 2656 995 2696 Diimmlichen.

121 2722 316 2773 (Daciert
368 2721 445 2760 S'il
472 2731 499 2770 y
529 2731 557 2759 a
594 2719 743 2769 parmi
790 2730 895 2758 noas
941 2730 1000 2758 un

117 2785 278 2824 homme
307 2783 356 2823 de
385 2782 500 2832 bien,
541 2793 646 2822 nous
674 2782 811 2821 disens
841 2781 943 2831 qa'il
973 2792 1001 2820 a

119 2847 155 2886 le
184 2857 298 2885 coeur·
328 2845 413 2885 bas.
479 2845 539 2883 Un
569 2848 691 2884 autre
720 2855 815 2884 sera
834 2855 893 2883 un
916 2854 1001 2893 peu

121 2909 224 2956 le·nt‚·
255 2918 360 2947 nous
387 2918 438 2946 ne
466 2917 701 2957 manquons
726 2917 806 2956 pas
826 2907 874 2945 de
893 2906 998 2954 dire,

121 2970 225 3019 qu'il
253 2973 310 3009 est
347 2969 438 3008 bien
467 2973 619 3019 pesam
654 2973 691 3008 et
729 2969 820 3010 bien
849 2967 999 3019 epais.)

121 3031 317 3073 Alteram
356 3030 583 3081 adoptavit
622 3030 857 3070 Kirchner:
904 3029 1002 3069 Lebt

121 3093 366 3135 rechtiichen
406 3092 602 3132 Wa‘ndels
639 3094 767 3134 Einer
794 3093 872 3132 mii
899 3104 998 3142 uns,

121 3157 188 3199 ein
215 3157 349 3195 Mami
376 3154 459 3193 voli
486 3154 683 3204 Demuth,
722 3155 888 3195 schlichi
915 3155 1002 3193 und

123 3218 378 3260 bescheiden:
427 3216 558 3266 Tropf
583 3216 703 3256 heisst
741 3217 897 3257 seleher
924 3227 1002 3255 uns

123 3282 274 3334 yleich,
312 3281 399 3320 und
431 3279 698 3330 Dummkopf.
758 3279 996 3331 (Sanadonz

123 3344 258 3384 Avens
285 3354 388 3384 nous
417 3342 445 3382 a
474 3342 588 3381 vivre
624 3352 723 3381 avec
750 3352 807 3380 un
843 3341 1001 3380 homme

126 3408 174 3447 de
195 3405 362 3456 probite‘
383 3410 421 3446 et
449 3405 572 3444 d'une
599 3414 700 3443 rare
727 3403 935 3452 modestie,
972 3403 1003 3442 ii

123 3479 244 3518 passe
259 3480 370 3519 pour
392 3480 443 3508 zm
467 3467 593 3517 esprit
622 3466 738 3516 epais
757 3469 794 3505 et
818 3464 1002 3516 pesam.)

1063 1494 1107 1499 —-
1140 1469 1330 1521 multum]
1366 1468 1578 1519 «valde»,
1618 1470 1667 1510 ut
1697 1470 1784 1509 Sat.
1810 1470 1855 1519 ⁶2,
1889 1469 1938 1517 3,

1060 1534 1161 1574 447:
1194 1535 1373 1574 maltum
1402 1533 1521 1573 celer.
1584 1533 1672 1572 Sat.
1707 1533 1756 1582 ⁶2,
1791 1533 1836 1580 5,
1871 1531 1940 1571 92:

1058 1597 1236 1636 'muitum
1278 1595 1437 1634 similis.
1513 1595 1623 1646 Epp.
1673 1595 1718 1642 4,
1768 1594 1842 1643 40,
1891 1593 1937 1632 3:

1058 1659 1238 1699 Multam
1259 1658 1486 1697 dissimiles.
1520 1657 1851 1697 Demosthenes
1868 1667 1939 1707 ap.

1059 1721 1269 1762 Rutilium
1298 1722 1471 1772 Lupum
1495 1720 1540 1768 4,
1576 1719 1649 1759 47:
1683 1719 1802 1758 homo
1831 1719 1944 1758 mui—

1059 1788 1147 1823 tum
1173 1784 1400 1823 vehemens,
1439 1805 1482 1809 —
1521 1781 1731 1831 demissus]
1766 1780 1945 1820 «mode—

1060 1847 1176 1895 stus,
1223 1845 1442 1897 pudens.»
1503 1843 1594 1889 Cjc.
1640 1843 1695 1883 de
1731 1843 1848 1883 Orat.
1892 1843 1940 1891 ⁶2,

1060 1907 1134 1957 43,
1162 1909 1264 1948 482:
1300 1918 1429 1957 eaque
1451 1907 1616 1956 omnia,
1641 1916 1747 1956 quae
1771 1904 1945 1955 probo-

1058 1982 1195 2020 rum,
1240 1971 1600 2019 demissorum,
1641 1980 1725 2007 non
1754 1967 1941 2015 acriam,

1058 2045 1141 2073 ozon
1172 2033 1478 2083 pertinaciam,
1521 2043 1604 2072 'non
1642 2031 1940 2082 litigiosorum,

1059 2108 1144 2135 non
1175 2095 1423 2135 acerborum
1452 2099 1569 2144 sunt,
1614 2094 1736 2132 valde
1771 2092 1945 2132 benevo-

1061 2160 1234 2198 lentiam
1263 2158 1499 2197 conciliant.
1543 2167 1624 2208 pro
1655 2156 1839 2195 Murena
1868 2154 1942 2203 40,

1062 2222 1135 2261 87:
1170 2222 1222 2260 sit
1250 2221 1365 2271 apud
1392 2231 1464 2259 «vos
1492 2218 1716 2259 modesliae
1745 2218 1871 2265 iocus,
1895 2217 1948 2256 sit

1063 2284 1246 2324 demissis
1292 2283 1523 2323 hominibus
1564 2281 1837 2331 perfaqiam,
1896 2281 1948 2319 sit

1062 2347 1274 2386 amilium
1306 2345 1479 2395 pudori.
1517 2368 1561 2372 -
1599 2341 1943 2392 Tardo-pinyui]

1061 2409 1112 2447 V.
1130 2407 1322 2458 pinquis,
1356 2407 1400 2446 in
1422 2417 1510 2457 quo
1532 2405 1674 2445 maior
1694 2404 1945 2455 reprehen-

1063 2470 1127 2510 sio
1167 2471 1283 2510 inest
1321 2479 1458 2520 quam
1493 2468 1536 2507 in
1572 2479 1614 2506 v.
1649 2467 1817 2514 tardus,
1864 2477 1946 2517 per

1064 2531 1371 2582 gradationem
1402 2529 1629 2580 quandam
1658 2528 1834 2567 videtur
1864 2527 1945 2567 ad-

1064 2594 1227 2642 ditum⁷
1260 2594 1309 2632 ut
1339 2592 1588 2643 asyndeton
1609 2590 1714 2630 nihil
1737 2589 1947 2629 offensio-

1063 2658 1130 2697 nis
1160 2656 1340 2696 habeat.
1404 2653 1526 2695 Conf.
1570 2665 1611 2693 v,
1650 2653 1724 2693 84:
1769 2653 1948 2692 Paulam

1064 2719 1235 2768 deliquit
1263 2718 1444 2767 amicus,
1485 2717 1595 2767 quod
1623 2715 1703 2755 nisi
1731 2715 1944 2763 concedas,

1063 2782 1242 2821 habeare
1272 2780 1481 2829 insuavis,
1516 2777 1716 2818 acerbas:
1750 2777 1879 2816 Odisti
1910 2781 1947 2817 et

1063 2844 1174 2895 fugis
1204 2844 1288 2882 cet.

1119 2905 1266 2944 59-66.
1300 2903 1482 2953 nullique
1520 2902 1633 2942 malo
1671 2901 1773 2953 cet]
1816 2899 1947 2941 «nulli

1064 2965 1255 3017 maligno
1281 2965 1524 3005 insidiatori
1549 2963 1732 3004 velutin
1753 2962 1947 3003 batuen-

1065 3028 1122 3068 do
1152 3027 1342 3080 praebet
1378 3026 1490 3066 latus
1522 3025 1715 3073 nudum,
1762 3024 1840 3064 ubi
1881 3024 1947 3064 fe—

1063 3092 1226 3130 riatur»
1261 3087 1408 3141 («nulli
1439 3088 1515 3128 dat
1544 3098 1644 3128 sese
1666 3086 1945 3127 irridendum

1070 3153 1204 3204 idque
1234 3152 1344 3202 agit,
1378 3162 1433 3191 ne
1463 3149 1610 3201 lingua
1642 3147 1857 3189 malevola
1884 3146 1949 3187 la—

1065 3217 1285 3256 ceretur.»
1319 3214 1458 3254 Comi.
1484 3211 1649 3262 Cimo),
1684 3213 1945 3263 «propterea

1066 3278 1187 3329 quod
1218 3278 1383 3328 optime
1414 3275 1537 3315 novit
1567 3285 1616 3314 se
1647 3274 1797 3313 vivere
1834 3273 1948 3311 inter

1065 3341 1272 3380 homines
1310 3338 1502 3378 maxime
1538 3336 1710 3376 invidos
1752 3337 1795 3374 et
1825 3344 1947 3374 sem-

1064 3414 1146 3455 per
1185 3402 1416 3454 promptos
1458 3400 1515 3440 ad
1555 3398 1662 3438 alios
1704 3397 1947 3437 criminan-

1066 3465 1189 3505 dos.»
1242 3465 1358 3504 Cave
1396 3463 1508 3502 malo
1547 3470 1648 3501 cum
1681 3457 1773 3499 aliis
1806 3458 1945 3499 ducas
