2231 3787
873 259 970 298 Llss.
1005 259 1036 298 Ι.
1099 260 1210 299 SAT.
1243 259 1331 298 Vll.

270 391 551 446 Convenit:
593 422 663 429 -—
702 390 803 444 hoc
843 391 1040 444 etenim
1079 398 1201 444 sunt
1239 408 1427 444 omnes
1467 392 1583 445 iure
1623 390 1856 453 molesti,

1924 257 1942 310 ‘l
1958 258 2024 310 33

1960 390 2026 443 40

267 495 387 558 Quo
429 493 617 556 fortes,
659 492 857 564 quibus
899 492 1189 546 adversum
1228 492 1429 546 bellum
1469 492 1678 557 incidit3
1722 493 1858 546 inter

266 596 499 649 Hectora
537 594 845 649 Priamiden
885 595 1187 649 animosum
1225 603 1388 667 atque
1428 595 1564 648 inter
1601 594 1859 649 Achillem

266 699 349 751 Ira
387 697 483 750 fuit
521 697 789 769 capitalis,
832 706 890 750 ut
926 697 1110 751 ultima
1151 697 1418 751 divideret
1455 715 1630 759 mors,

263 801 380 854 Non
420 799 579 853 aliam
618 800 687 854 ob
729 817 976 862 causam,
1020 800 1121 853 nisi
1162 799 1310 872 quod
1349 800 1519 853 virtus
1560 800 1610 852 in
1651 808 1882 871 utroque

267 904 488 957 Summa
526 902 645 967 fuit,
687 902 796 955 duo
837 903 881 956 si
922 902 1196 956 discordia
1234 911 1391 956 vexet
1430 903 1657 963 inertes,
1961 902 2025 954 lo

1997 903 2019 915 υ

265 1007 366 1058 Aut
405 1006 448 1059 si
489 1004 799 1076 disparibus
838 1004 1040 1059 bellum
1079 1004 1302 1067 incidat,
1347 1013 1405 1058 ut
1442 1005 1690 1059 Diomedi

305 1181 371 1219 Μ.
405 1180 590 1219 adversis
620 1179 674 1219 de
699 1179 990 1231 Campenonii
1012 1179 1126 1219 coni.
1160 1179 1390 1219 Kirchner.
1429 1203 1471 1208 —
1506 1180 1626 1229 inter]
1660 1180 1758 1219 olim
1788 1177 1972 1219 Bentleii

249 1241 383 1281 dubia
415 1243 624 1294 suspicio.
653 1265 697 1269 —-
733 1242 798 1281 45.
833 1242 913 1280 duo
943 1252 1168 1293 superscr.
1203 1244 1307 1282 dnos
1336 1243 1378 1282 S.
1408 1265 1452 1271 —
1485 1247 1613 1282 vexat
1643 1242 1849 1292 Aldinae,
1882 1254 1973 1283 vet·-

247 1309 304 1345 set
335 1316 358 1345 e
389 1304 592 1344 Lambini
623 1303 764 1344 Codd.
797 1303 1044 1354 Bentleius,
1094 1306 1200 1345 item
1231 1306 1259 1345 F
1292 1308 1336 1345 et
1364 1305 1594 1345 Kirchner.

1660 1306 1723 1356 (Ut
1754 1317 1854 1353 nos,
1889 1316 1973 1345 no—

247 1370 325 1409 stri
357 1369 400 1407 et
428 1368 643 1415 Pottierii,
675 1367 785 1407 item
815 1368 907 1407 tres
938 1367 1170 1418 Lambini.)

194 1500 425 1542 Cornelius
471 1501 656 1541 Sisenna
701 1504 904 1549 senator,
953 1501 1077 1541 cuius

193 1565 408 1606 acerbum
441 1566 609 1605 dictum
640 1566 684 1605 in
715 1566 962 1616 Augustum
984 1576 1079 1604 me-

193 1631 338 1669 morat
367 1630 446 1669 Dio
470 1629 592 1669 Cass.
617 1628 691 1677 54,
724 1628 791 1667 Ξῖ.
826 1628 883 1667 ad
904 1639 943 1667 a.
968 1639 1010 1667 u.
1036 1639 1073 1668 c.

196 1691 267 1732 744
283 1724 309 1741 .,
332 1690 402 1732 vel
418 1693 605 1744 propter
621 1693 816 1731 aetatem
839 1691 1078 1742 significari

193 1755 360 1806 nequit.
420 1755 534 1795 Baro
557 1765 709 1794 scurra
743 1755 811 1794 est
832 1754 950 1806 apud
973 1755 1074 1794 Sen.

194 1818 403 1858 Controv.
446 1818 485 1857 7.
524 1828 568 1868 p.
604 1818 698 1856 425.
741 1817 835 1868 Bip.
872 1817 1077 1858 diversus

192 1883 368 1934 utique,
402 1881 486 1922 nisi
515 1880 574 1920 ibi
607 1882 867 1932 corruptum
898 1881 966 1921 est
995 1892 1078 1920 no-

193 1957 313 1985 men.
343 1968 383 1975 —-
412 1945 526 1994 equis
545 1967 568 1973 -
589 1944 706 1994 albis]
741 1955 843 1983 cum
874 1944 918 1983 hi
941 1942 1080 1983 celer-

193 2009 293 2048 rimi
324 2019 423 2049 esse
446 2006 764 2055 crederentur3
798 2006 900 2047 inde
924 2008 1077 2046 natum

192 2071 278 2110 hoc
308 2070 616 2123 proverbium.
679 2071 748 2109 Sic
781 2068 919 2109 Plaut.
954 2071 1073 2110 Asin.

193 2134 239 2182 ⁶2,
272 2134 317 2182 2,
353 2134 427 2172 42:
473 2134 587 2172 Nam
615 2134 650 2172 si
679 2144 719 2172 se
747 2133 841 2171 huic
872 2133 1080 2172 occasioni

195 2201 354 2247 tempus
374 2196 707 2245 subcerduxerit,
739 2197 969 2246 Nunquam
989 2197 1080 2235 ede-

188 2259 262 2309 pol
291 2259 510 2310 quadrtyis
539 2258 643 2297 albis
674 2259 890 2308 indipiscet
912 2263 1074 2309 postea.

194 2323 287 2361 Iam
334 2322 460 2361 Hom.
507 2319 553 2360 Il.
600 2334 657 2369 κ,
703 2321 796 2361 4-37.
845 2322 901 2361 de
946 2323 1079 2362 Rhesi

197 2385 346 2436 equis:
393 2380 672 2440 λευκότεροι
706 2382 898 2434 χιόνος,
934 2384 1078 2424 θείειν

194 2446 233 2487 δ’
265 2442 519 2500 ἀνέμοισιν
563 2442 752 2499 ὁμοῖοι,
800 2446 919 2486 unde
958 2448 1075 2498 Virg.

195 2514 304 2552 Aen.
340 2512 412 2560 4⁶2,
447 2510 520 2551 84:
557 2511 636 2560 Qui
667 2510 811 2562 (Turni
844 2510 958 2562 equi)
982 2522 1082 2550 can-

196 2575 295 2614 dore
323 2575 437 2613 nives
456 2575 683 2624 anteirent,
716 2574 904 2613 czwst'bus
925 2585 1076 2622 auras3

196 2637 469 2688 talibusque,
518 2638 672 2688 utpote
713 2637 787 2687 qui
829 2637 963 2676 etiam
998 2647 1080 2688 pro

196 2700 508 2753 pulcherrimis
529 2699 829 2749 haberentur,
864 2700 907 2739 in
928 2700 1083 2740 trium-

196 2764 297 2816 phis
329 2762 586 2803 utebantur.
648 2764 728 2803 Dio
752 2764 875 2803 Cass.
901 2762 976 2813 43,
1012 2763 1077 2803 44.

253 2827 398 2867 40-48.
440 2828 665 2877 Postquam
693 2827 797 2866 nihil
825 2849 848 2855 -
878 2851 902 2857 -
931 2838 1082 2867 conve-

196 2889 271 2941 nit]
312 2891 578 2941 «Postquam
616 2888 739 2930 litem
777 2890 919 2930 amice
957 2890 1082 2930 deci-

199 2952 306 2992 dere
346 2953 390 2991 et
428 2951 651 2992 conciliari
696 2963 785 2993 non
829 2954 1080 3005 poterant.»

202 3037 247 3042 -
279 3014 353 3053 hoc
383 3015 531 3053 etenim
567 3015 669 3066 cet]
704 3016 895 3055 «Omnes
935 3015 1084 3055 homi-

200 3087 279 3116 nes
316 3075 498 3122 molesti,
546 3076 768 3127 difficiles,
817 3077 1082 3118 contentiosi

198 3139 273 3178 hoc
310 3138 403 3178 iure
441 3142 559 3187 sunt,
606 3138 728 3179 idem
767 3140 834 3179 ius
872 3139 956 3179 sibi
996 3140 1084 3180 sta-

199 3202 356 3251 tuunt,
405 3200 564 3241 eodem
609 3201 743 3240 modo
785 3203 942 3254 agunt,
992 3213 1081 3253 quo

199 3264 344 3314 fortes,
379 3263 633 3303 fortitudine
661 3262 745 3303 sibi
774 3275 932 3315 pares,
967 3265 1083 3304 inter

202 3337 314 3378 quos
369 3327 599 3366 certamen
649 3325 870 3376 singulare
926 3328 1079 3367 oritur.

203 3389 330 3438 Quod
359 3390 490 3441 igitur
528 3389 643 3429 inter
673 3388 785 3429 duos
824 3388 960 3428 sortes
999 3400 1083 3429 usu

204 3452 346 3501 venit,
380 3454 427 3492 ut
456 3451 573 3492 ferro
605 3452 718 3491 inter
749 3461 796 3491 se
815 3450 1081 3500 decernant,

204 3515 289 3554 hoc
326 3514 445 3555 idem
482 3513 736 3555 hominibus
774 3483 1085 3566 pervicacibus

1141 1502 1375 1554 proprium
1392 1504 1472 1552 est,
1497 1504 1545 1543 ut
1567 1514 1749 1544 causam
1767 1514 1895 1544 suam
1909 1514 2029 1544 sum-

1141 1576 1216 1604 ma
1248 1566 1532 1606 contentione
1566 1568 1739 1617 agant.»
1794 1567 2029 1607 Mirscnnn-

1142 1638 1253 1667 Llca.
1322 1629 1465 1669 Minus
1522 1629 1724 1680 apposite
1785 1628 2030 1669 construxit

1142 1690 1376 1730 Heindorf:
1425 1691 1572 1730 Omnes
1601 1692 1735 1740 enim,
1770 1691 1918 1740 quibus
1948 1692 2029 1730 ad—

1140 1764 1306 1792 versum
1336 1753 1483 1792 bellum
1516 1754 1680 1803 incidit,
1726 1754 1801 1794 hoc
1834 1753 2024 1805 (eodem)

1140 1817 1232 1857 iure
1252 1821 1347 1856 sunt
1373 1816 1532 1856 molesti
1565 1817 1694 1867 (inter
1714 1816 1794 1867 se),
1828 1828 1908 1866 quo
1935 1817 2029 1867 for-

1141 1884 1211 1919 tes.
1261 1903 1306 1908 —
1356 1881 1579 1919 adversum
1622 1879 1784 1931 bellum]
1834 1880 2029 1919 «acerri-

1142 1953 1267 1983 mum
1314 1944 1598 1983 certamen.»
1674 1942 1796 1981 Coni.
1844 1942 2032 1981 adversis

1144 2008 1188 2045 et
1218 2005 1362 2044 audax
1395 2007 1439 2044 et
1469 2015 1807 2056 supervacanea
1836 2005 2026 2044 videtur.

1144 2091 1190 2097 —
1202 2069 1383 2108 Hectora
1401 2068 1503 2118 cet]
1528 2067 1947 2118 Coniparationibus
1959 2068 2028 2108 his

1142 2131 1390 2171 Homericis
1419 2142 1502 2183 per
1531 2131 1820 2182 parenthesin
1852 2131 2028 2170 insertis

1142 2192 1377 2234 ridiculam
1408 2193 1594 2233 instituit
1624 2194 1954 2245 oppositionem
1976 2192 2029 2233 li-

1142 2259 1196 2298 tis
1226 2268 1308 2308 per
1330 2267 1377 2297 se
1408 2255 1647 2305 leviculae‚
1683 2257 1929 2296 acerrimos
1950 2267 2030 2308 pu—

1143 2322 1374 2371 gnatores,
1420 2330 1532 2370 quos
1564 2318 1800 2367 describit,
1849 2320 2028 2359 Hectori

1144 2387 1188 2422 et
1216 2380 1371 2422 Achilli
1401 2380 1748 2432 aequiparando.
1777 2405 1822 2409 —
1850 2382 1995 2420 inter-
2013 2403 2031 2410 -

1142 2443 1262 2495 inter]
1309 2442 1507 2495 Duplicis
1553 2443 1682 2483 huius
1727 2454 1882 2495 praep.
1921 2443 2030 2482 inter

1143 2517 1282 2556 usus,
1341 2506 1384 2546 in
1435 2517 1523 2557 quo
1571 2506 1717 2546 haesit
1773 2505 2026 2555 Bentleius,

1146 2567 1350 2621 exempla
1393 2568 1583 2620 praebet
1626 2568 1755 2608 Hand
1799 2570 1923 2609 Turs.
1956 2570 2026 2608 Ill.

1144 2645 1188 2686 p.
1222 2632 1318 2673 409.
1371 2632 1457 2673 Cfr.
1491 2633 1600 2684 Epp.
1636 2633 1685 2681 4,
1726 2633 1772 2680 2,
1816 2632 1881 2671 42.
1934 2632 2025 2671 Liv.

1147 2696 1213 2745 40,
1239 2696 1278 2743 7,
1304 2695 1319 2734 ’1
1344 2707 1351 2733 ;
1384 2699 1591 2735 certatum
1609 2695 1788 2735 --inter
1805 2694 1882 2744 Ap.
1907 2694 2030 2735 Clau-

1145 2759 1261 2798 dium
1288 2758 1477 2798 ‘maxime
1502 2759 1644 2810 ferunt
1673 2762 1711 2798 et
1738 2759 1847 2798 inter
1874 2759 1918 2797 P.
1942 2759 2031 2797 De-

1146 2824 1257 2862 cium
1292 2823 1472 2862 Murem.
1524 2823 1616 2862 Nec
1656 2820 1846 2861 multum
1886 2819 2034 2860 differt

1145 2883 1270 2925 Pind.
1303 2886 1431 2924 Nem.
1464 2884 1512 2934 8,
1546 2885 1624 2924 54:
1660 2880 1748 2924 τὰν
1772 2878 2030 2941 Ἀδράστου

1146 2944 1235 2988 τάν
1265 2959 1315 2986 τε
1352 2944 1606 2999 Καδμείων
1650 2941 1766 3005 ἔριν.
1818 2969 1863 2974 ——
1916 2946 1989 2986 Ira
2008 2968 2032 2974 -

1145 3011 1355 3061 capitalis]
1399 3012 1448 3050 ut
1485 3010 1655 3050 morbus
1690 3009 1908 3060 capitalis,
1957 3019 2036 3048 ca-

1145 3075 1246 3126 put,
1296 3074 1435 3113 vitam
1476 3075 1661 3125 petens,
1712 3074 1770 3113 ita
1815 3073 1864 3111 ut
1908 3070 2034 3111 aliter

1147 3147 1283 3189 quam
1325 3135 1505 3176 alterius
1544 3136 1685 3176 utrius
1729 3136 1874 3175 morte
1920 3133 2033 3174 finiri

1147 3211 1236 3239 non
1256 3200 1423 3251 posset.
1448 3197 1495 3238 Il.
1519 3210 1575 3247 χ,
1608 3198 1713 3238 264:
1738 3192 1928 3254 Ἐκτορ,
1959 3192 2030 3248 μή

1147 3275 1257 3315 μοι,
1290 3256 1491 3311 ἄλαστε,
1536 3257 1884 3314 συνημοσύνας
1914 3254 2033 3311 ἀγό-

1148 3337 1256 3383 ρευε
1300 3323 1398 3364 κτλ.
1455 3347 1503 3353 -
1549 3324 1692 3375 vexet]
1743 3323 1933 3363 verbum
1977 3321 2033 3361 de

1149 3386 1391 3427 omnibus
1425 3387 1558 3427 animi
1622 3382 2035 3437 perturbationibus

1150 3451 1362 3491 usitatum
1423 3449 1648 3489 efficacius
1707 3447 1841 3486 etiam
1900 3456 2034 3496 quam

1150 3512 1335 3554 Bentleii
1366 3516 1517 3559 verset,
1561 3511 1686 3552 cuius
1716 3508 1845 3550 valde
1879 3509 2036 3560 exigua
