<?xml version="1.0" encoding="UTF-8"?>
<!DOCTYPE html PUBLIC "-//W3C//DTD XHTML 1.0 Transitional//EN"
    "http://www.w3.org/TR/xhtml1/DTD/xhtml1-transitional.dtd">
<html xmlns="http://www.w3.org/1999/xhtml" xml:lang="en" lang="en">
 <head>
  <title>
</title>
<meta http-equiv="Content-Type" content="text/html;charset=utf-8" />
  <meta name='ocr-system' content='tesseract 3.04.00' />
  <meta name='ocr-capabilities' content='ocr_page ocr_carea ocr_par ocr_line ocrx_word'/>
</head>
<body>
  <div class='ocr_page' id='page_1' title='image "./qhoratiusflaccus02horauoft_0830.png"; bbox 0 0 2231 3787; ppageno 0'>
   <div class='ocr_carea' id='block_1_1' title="bbox 238 233 337 285">
    <p class='ocr_par' dir='ltr' id='par_1_1' title="bbox 238 233 337 285">
     <span class='ocr_line' id='line_1_1' title="bbox 238 233 337 285; baseline -0.01 0"><span class='ocrx_word' id='word_1_1' title='bbox 238 233 337 285; x_wconf 71' lang='lat'>782</span> 
     </span>
    </p>
   </div>
   <div class='ocr_carea' id='block_1_2' title="bbox 1025 228 1239 268">
    <p class='ocr_par' dir='ltr' id='par_1_2' title="bbox 1025 228 1239 268">
     <span class='ocr_line' id='line_1_2' title="bbox 1025 228 1239 268; baseline -0.005 0"><span class='ocrx_word' id='word_1_2' title='bbox 1025 228 1239 268; x_wconf 81' lang='lat' dir='ltr'><strong>HORATII</strong></span> 
     </span>
    </p>
   </div>
   <div class='ocr_carea' id='block_1_3' title="bbox 297 353 1713 427">
    <p class='ocr_par' dir='ltr' id='par_1_3' title="bbox 297 353 1713 427">
     <span class='ocr_line' id='line_1_3' title="bbox 297 353 1713 427; baseline -0.008 -11"><span class='ocrx_word' id='word_1_3' title='bbox 297 366 351 416; x_wconf 89' lang='lat' dir='ltr'>ln</span> <span class='ocrx_word' id='word_1_4' title='bbox 390 362 528 416; x_wconf 88' lang='lat' dir='ltr'>mala</span> <span class='ocrx_word' id='word_1_5' title='bbox 566 360 804 415; x_wconf 90' lang='lat' dir='ltr'>derisum</span> <span class='ocrx_word' id='word_1_6' title='bbox 842 357 1010 414; x_wconf 89' lang='lat' dir='ltr'>semel</span> <span class='ocrx_word' id='word_1_7' title='bbox 1052 363 1446 427; x_wconf 85' lang='lat' dir='ltr'>exceptumque</span> <span class='ocrx_word' id='word_1_8' title='bbox 1485 353 1713 407; x_wconf 79' lang='lat' dir='ltr'><strong>sinistre.</strong></span> 
     </span>
    </p>
   </div>
   <div class='ocr_carea' id='block_1_4' title="bbox 299 455 1786 534">
    <p class='ocr_par' dir='ltr' id='par_1_4' title="bbox 299 455 1786 534">
     <span class='ocr_line' id='line_1_4' title="bbox 299 455 1786 534; baseline -0.008 -15"><span class='ocrx_word' id='word_1_9' title='bbox 299 466 359 520; x_wconf 89' lang='lat' dir='ltr'>Ut</span> <span class='ocrx_word' id='word_1_10' title='bbox 397 462 533 516; x_wconf 87' lang='lat' dir='ltr'>mala</span> <span class='ocrx_word' id='word_1_11' title='bbox 571 479 735 534; x_wconf 87' lang='lat' dir='ltr'>quem</span> <span class='ocrx_word' id='word_1_12' title='bbox 773 460 985 516; x_wconf 87' lang='lat' dir='ltr'>scabies</span> <span class='ocrx_word' id='word_1_13' title='bbox 1024 467 1115 511; x_wconf 90' lang='lat' dir='ltr'>aut</span> <span class='ocrx_word' id='word_1_14' title='bbox 1151 456 1372 510; x_wconf 86' lang='lat' dir='ltr'>morbus</span> <span class='ocrx_word' id='word_1_15' title='bbox 1411 455 1592 526; x_wconf 87' lang='lat' dir='ltr'>regius</span> <span class='ocrx_word' id='word_1_16' title='bbox 1630 462 1786 525; x_wconf 82' lang='lat' dir='ltr'>urget</span> 
     </span>
    </p>
   </div>
   <div class='ocr_carea' id='block_1_5' title="bbox 296 557 1505 619">
    <p class='ocr_par' dir='ltr' id='par_1_5' title="bbox 296 557 1505 619">
     <span class='ocr_line' id='line_1_5' title="bbox 296 557 1505 619; baseline -0.008 0"><span class='ocrx_word' id='word_1_17' title='bbox 296 569 397 619; x_wconf 82' lang='lat' dir='ltr'>Aut</span> <span class='ocrx_word' id='word_1_18' title='bbox 434 565 690 618; x_wconf 87' lang='lat' dir='ltr'>fanaticus</span> <span class='ocrx_word' id='word_1_19' title='bbox 728 579 880 616; x_wconf 85' lang='lat' dir='ltr'>error</span> <span class='ocrx_word' id='word_1_20' title='bbox 924 569 976 614; x_wconf 91' lang='lat' dir='ltr'>et</span> <span class='ocrx_word' id='word_1_21' title='bbox 1014 557 1272 612; x_wconf 88' lang='lat' dir='ltr'>iracunda</span> <span class='ocrx_word' id='word_1_22' title='bbox 1307 557 1505 618; x_wconf 88' lang='lat' dir='ltr'>Diana,</span> 
     </span>
    </p>
   </div>
   <div class='ocr_carea' id='block_1_6' title="bbox 297 659 1692 734">
    <p class='ocr_par' dir='ltr' id='par_1_6' title="bbox 297 659 1692 734">
     <span class='ocr_line' id='line_1_6' title="bbox 297 659 1692 734; baseline -0.007 -15"><span class='ocrx_word' id='word_1_23' title='bbox 297 669 562 721; x_wconf 79' lang='lat' dir='ltr'>Vesanum</span> <span class='ocrx_word' id='word_1_24' title='bbox 603 664 837 734; x_wconf 84' lang='lat' dir='ltr'>tetigisse</span> <span class='ocrx_word' id='word_1_25' title='bbox 875 662 1060 714; x_wconf 89' lang='lat' dir='ltr'>timent</span> <span class='ocrx_word' id='word_1_26' title='bbox 1097 659 1413 729; x_wconf 82' lang='lat' dir='ltr'>fugiuntque</span> <span class='ocrx_word' id='word_1_27' title='bbox 1453 662 1692 728; x_wconf 79' lang='lat' dir='ltr'>poetam,</span> 
     </span>
    </p>
   </div>
   <div class='ocr_carea' id='block_1_7' title="bbox 1938 655 2039 708">
    <p class='ocr_par' dir='ltr' id='par_1_7' title="bbox 1938 655 2039 708">
     <span class='ocr_line' id='line_1_7' title="bbox 1938 655 2039 708; baseline -0.02 0"><span class='ocrx_word' id='word_1_28' title='bbox 1938 655 2039 708; x_wconf 78' lang='lat'>455</span> 
     </span>
    </p>
   </div>
   <div class='ocr_carea' id='block_1_8' title="bbox 298 760 1815 837">
    <p class='ocr_par' dir='ltr' id='par_1_8' title="bbox 298 760 1815 837">
     <span class='ocr_line' id='line_1_8' title="bbox 298 760 1815 837; baseline -0.007 -17"><span class='ocrx_word' id='word_1_29' title='bbox 298 768 400 832; x_wconf 82' lang='lat' dir='ltr'>Qui</span> <span class='ocrx_word' id='word_1_30' title='bbox 440 767 678 837; x_wconf 72' lang='lat' dir='ltr'>sapiunt,</span> <span class='ocrx_word' id='word_1_31' title='bbox 720 764 917 834; x_wconf 82' lang='lat' dir='ltr'>agitant</span> <span class='ocrx_word' id='word_1_32' title='bbox 956 761 1111 833; x_wconf 88' lang='lat' dir='ltr'>pueri</span> <span class='ocrx_word' id='word_1_33' title='bbox 1150 760 1456 831; x_wconf 79' lang='lat' dir='ltr'>incautique</span> <span class='ocrx_word' id='word_1_34' title='bbox 1499 767 1815 829; x_wconf 85' lang='lat' dir='ltr'>sequuntur.</span> 
     </span>
    </p>
   </div>
   <div class='ocr_carea' id='block_1_9' title="bbox 300 865 1677 927">
    <p class='ocr_par' dir='ltr' id='par_1_9' title="bbox 300 865 1677 927">
     <span class='ocr_line' id='line_1_9' title="bbox 300 865 1677 927; baseline -0.007 -5"><span class='ocrx_word' id='word_1_35' title='bbox 300 870 420 927; x_wconf 85' lang='lat' dir='ltr'>Hic,</span> <span class='ocrx_word' id='word_1_36' title='bbox 463 868 592 921; x_wconf 92' lang='lat' dir='ltr'>dum</span> <span class='ocrx_word' id='word_1_37' title='bbox 630 865 874 920; x_wconf 89' lang='lat' dir='ltr'>sublimis</span> <span class='ocrx_word' id='word_1_38' title='bbox 914 880 1105 917; x_wconf 81' lang='lat' dir='ltr'>versus</span> <span class='ocrx_word' id='word_1_39' title='bbox 1144 870 1382 916; x_wconf 86' lang='lat' dir='ltr'>ructatur</span> <span class='ocrx_word' id='word_1_40' title='bbox 1420 869 1473 914; x_wconf 90' lang='lat' dir='ltr'>et</span> <span class='ocrx_word' id='word_1_41' title='bbox 1511 868 1677 921; x_wconf 89' lang='lat' dir='ltr'>errat,</span> 
     </span>
    </p>
   </div>
   <div class='ocr_carea' id='block_1_10' title="bbox 300 963 1568 1033">
    <p class='ocr_par' dir='ltr' id='par_1_10' title="bbox 300 963 1568 1033">
     <span class='ocr_line' id='line_1_10' title="bbox 300 963 1568 1033; baseline -0.007 -10"><span class='ocrx_word' id='word_1_42' title='bbox 300 971 353 1023; x_wconf 81' lang='lat' dir='ltr'>Si</span> <span class='ocrx_word' id='word_1_43' title='bbox 394 968 556 1024; x_wconf 83' lang='lat' dir='ltr'>veluti</span> <span class='ocrx_word' id='word_1_44' title='bbox 596 967 815 1022; x_wconf 83' lang='lat' dir='ltr'>merulis</span> <span class='ocrx_word' id='word_1_45' title='bbox 857 966 1088 1019; x_wconf 91' lang='lat' dir='ltr'>intentus</span> <span class='ocrx_word' id='word_1_46' title='bbox 1129 963 1330 1017; x_wconf 82' lang='lat' dir='ltr'>decidit</span> <span class='ocrx_word' id='word_1_47' title='bbox 1367 978 1568 1033; x_wconf 81' lang='lat' dir='ltr'>auceps</span> 
     </span>
    </p>
   </div>
   <div class='ocr_carea' id='block_1_11' title="bbox 287 1124 1993 1247">
    <p class='ocr_par' dir='ltr' id='par_1_11' title="bbox 287 1124 1993 1247">
     <span class='ocr_line' id='line_1_11' title="bbox 340 1124 1988 1177; baseline -0.007 -1"><span class='ocrx_word' id='word_1_48' title='bbox 340 1135 434 1176; x_wconf 72' lang='lat'>456.</span> <span class='ocrx_word' id='word_1_49' title='bbox 467 1138 660 1174; x_wconf 76' lang='lat' dir='ltr'>secuntur</span> <span class='ocrx_word' id='word_1_50' title='bbox 690 1144 728 1172; x_wconf 88' lang='lat' dir='ltr'>c.</span> <span class='ocrx_word' id='word_1_51' title='bbox 766 1156 808 1160; x_wconf 94' lang='lat'>-—</span> <span class='ocrx_word' id='word_1_52' title='bbox 844 1130 938 1171; x_wconf 72' lang='lat'>457.</span> <span class='ocrx_word' id='word_1_53' title='bbox 969 1130 1158 1169; x_wconf 67' lang='lat' dir='ltr'>sublimes</span> <span class='ocrx_word' id='word_1_54' title='bbox 1187 1128 1270 1177; x_wconf 69' lang='lat' dir='ltr'>Tel,</span> <span class='ocrx_word' id='word_1_55' title='bbox 1303 1127 1509 1167; x_wconf 77' lang='lat' dir='ltr'>sublimeis</span> <span class='ocrx_word' id='word_1_56' title='bbox 1539 1127 1605 1166; x_wconf 90' lang='lat' dir='ltr'>Ct.</span> <span class='ocrx_word' id='word_1_57' title='bbox 1642 1148 1687 1153; x_wconf 90' lang='lat'><strong>—</strong></span> <span class='ocrx_word' id='word_1_58' title='bbox 1721 1124 1816 1166; x_wconf 81' lang='lat'>458.</span> <span class='ocrx_word' id='word_1_59' title='bbox 1850 1125 1919 1164; x_wconf 84' lang='lat' dir='ltr'>Sic</span> <span class='ocrx_word' id='word_1_60' title='bbox 1941 1125 1988 1164; x_wconf 91' lang='lat' dir='ltr'>T.</span> 
     </span>
     <span class='ocr_line' id='line_1_12' title="bbox 287 1188 1993 1247; baseline -0.007 -10"><span class='ocrx_word' id='word_1_61' title='bbox 287 1222 330 1226; x_wconf 83' lang='lat'>—</span> <span class='ocrx_word' id='word_1_62' title='bbox 365 1208 527 1247; x_wconf 62' lang='lat' dir='ltr'>ausper</span> <span class='ocrx_word' id='word_1_63' title='bbox 555 1197 602 1244; x_wconf 87' lang='lat' dir='ltr'>T,</span> <span class='ocrx_word' id='word_1_64' title='bbox 636 1205 787 1244; x_wconf 77' lang='lat' dir='ltr'>anceps</span> <span class='ocrx_word' id='word_1_65' title='bbox 816 1205 882 1246; x_wconf 91' lang='lat' dir='ltr'>pr.</span> <span class='ocrx_word' id='word_1_66' title='bbox 907 1192 949 1232; x_wconf 87' lang='lat' dir='ltr'>d.</span> <span class='ocrx_word' id='word_1_67' title='bbox 978 1214 1021 1220; x_wconf 96' lang='lat'><strong>—</strong></span> <span class='ocrx_word' id='word_1_68' title='bbox 1057 1191 1150 1232; x_wconf 75' lang='lat'>459.</span> <span class='ocrx_word' id='word_1_69' title='bbox 1176 1191 1271 1232; x_wconf 73' lang='lat'>460.</span> <span class='ocrx_word' id='word_1_70' title='bbox 1296 1191 1445 1230; x_wconf 82' lang='lat' dir='ltr'>clamet</span> <span class='ocrx_word' id='word_1_71' title='bbox 1473 1189 1661 1240; x_wconf 60' lang='lat' dir='ltr'>Longum</span> <span class='ocrx_word' id='word_1_72' title='bbox 1691 1188 1734 1228; x_wconf 89' lang='lat' dir='ltr'>d.</span> <span class='ocrx_word' id='word_1_73' title='bbox 1762 1211 1806 1216; x_wconf 95' lang='lat'>—-</span> <span class='ocrx_word' id='word_1_74' title='bbox 1838 1188 1993 1227; x_wconf 81' lang='lat' dir='ltr'>sint--</span> 
     </span>
    </p>
   </div>
   <div class='ocr_carea' id='block_1_12' title="bbox 227 1339 1126 3508">
    <p class='ocr_par' dir='ltr' id='par_1_12' title="bbox 227 1339 1112 1902">
     <span class='ocr_line' id='line_1_13' title="bbox 230 1339 1105 1386; baseline -0.01 0"><span class='ocrx_word' id='word_1_75' title='bbox 230 1346 388 1386; x_wconf 86' lang='lat' dir='ltr'>merito</span> <span class='ocrx_word' id='word_1_76' title='bbox 424 1344 579 1384; x_wconf 79' lang='lat' dir='ltr'>serium</span> <span class='ocrx_word' id='word_1_77' title='bbox 616 1342 775 1381; x_wconf 36' lang='lat' dir='ltr'>*malum</span> <span class='ocrx_word' id='word_1_78' title='bbox 810 1340 896 1380; x_wconf 89' lang='lat' dir='ltr'>dici</span> <span class='ocrx_word' id='word_1_79' title='bbox 925 1339 1105 1379; x_wconf 88' lang='lat' dir='ltr'>debet.»</span> 
     </span>
     <span class='ocr_line' id='line_1_14' title="bbox 234 1403 1110 1458; baseline -0.009 -9"><span class='ocrx_word' id='word_1_80' title='bbox 234 1433 276 1439; x_wconf 87' lang='lat'>-</span> <span class='ocrx_word' id='word_1_81' title='bbox 304 1407 497 1458; x_wconf 74' lang='lat' dir='ltr'>derisum]</span> <span class='ocrx_word' id='word_1_82' title='bbox 533 1417 583 1444; x_wconf 85' lang='lat' dir='ltr'>«a</span> <span class='ocrx_word' id='word_1_83' title='bbox 614 1403 902 1456; x_wconf 88' lang='lat' dir='ltr'>popularibus</span> <span class='ocrx_word' id='word_1_84' title='bbox 924 1403 1014 1443; x_wconf 90' lang='lat' dir='ltr'>suis</span> <span class='ocrx_word' id='word_1_85' title='bbox 1037 1414 1110 1442; x_wconf 81' lang='lat' dir='ltr'>ex-</span> 
     </span>
     <span class='ocr_line' id='line_1_15' title="bbox 231 1464 1109 1523; baseline -0.008 -13"><span class='ocrx_word' id='word_1_86' title='bbox 231 1471 450 1523; x_wconf 88' lang='lat' dir='ltr'>plosum.»</span> <span class='ocrx_word' id='word_1_87' title='bbox 497 1468 673 1508; x_wconf 83' lang='lat' dir='ltr'>Minime</span> <span class='ocrx_word' id='word_1_88' title='bbox 706 1466 861 1506; x_wconf 81' lang='lat' dir='ltr'>referri</span> <span class='ocrx_word' id='word_1_89' title='bbox 882 1466 967 1504; x_wconf 90' lang='lat' dir='ltr'>hoc</span> <span class='ocrx_word' id='word_1_90' title='bbox 987 1477 1026 1504; x_wconf 81' lang='lat' dir='ltr'>v,</span> <span class='ocrx_word' id='word_1_91' title='bbox 1052 1464 1109 1503; x_wconf 88' lang='lat' dir='ltr'>ad</span> 
     </span>
     <span class='ocr_line' id='line_1_16' title="bbox 230 1526 1111 1574; baseline -0.009 -1"><span class='ocrx_word' id='word_1_92' title='bbox 230 1535 455 1574; x_wconf 73' lang='lat' dir='ltr'>derisorem</span> <span class='ocrx_word' id='word_1_93' title='bbox 494 1530 614 1570; x_wconf 91' lang='lat' dir='ltr'>illum</span> <span class='ocrx_word' id='word_1_94' title='bbox 656 1541 697 1567; x_wconf 77' lang='lat' dir='ltr'>v.</span> <span class='ocrx_word' id='word_1_95' title='bbox 729 1528 851 1574; x_wconf 82' lang='lat'>433.,</span> <span class='ocrx_word' id='word_1_96' title='bbox 883 1531 931 1567; x_wconf 90' lang='lat' dir='ltr'>ut</span> <span class='ocrx_word' id='word_1_97' title='bbox 961 1526 1111 1566; x_wconf 76' lang='lat' dir='ltr'>volunt</span> 
     </span>
     <span class='ocr_line' id='line_1_17' title="bbox 232 1590 1111 1644; baseline -0.008 -9"><span class='ocrx_word' id='word_1_98' title='bbox 232 1593 448 1642; x_wconf 83' lang='lat' dir='ltr'>nonnulli,</span> <span class='ocrx_word' id='word_1_99' title='bbox 494 1594 618 1644; x_wconf 88' lang='lat' dir='ltr'>patet</span> <span class='ocrx_word' id='word_1_100' title='bbox 656 1603 709 1631; x_wconf 82' lang='lat' dir='ltr'>ex</span> <span class='ocrx_word' id='word_1_101' title='bbox 750 1590 956 1630; x_wconf 73' lang='lat' dir='ltr'>adiuncto</span> <span class='ocrx_word' id='word_1_102' title='bbox 988 1600 1111 1629; x_wconf 52' lang='lat' dir='ltr'>esoce-</span> 
     </span>
     <span class='ocr_line' id='line_1_18' title="bbox 227 1651 1109 1708; baseline -0.008 -11"><span class='ocrx_word' id='word_1_103' title='bbox 227 1663 427 1708; x_wconf 76' lang='lat' dir='ltr'>ptumque</span> <span class='ocrx_word' id='word_1_104' title='bbox 455 1657 642 1702; x_wconf 74' lang='lat' dir='ltr'>sinistre,</span> <span class='ocrx_word' id='word_1_105' title='bbox 680 1653 800 1705; x_wconf 91' lang='lat' dir='ltr'>quod</span> <span class='ocrx_word' id='word_1_106' title='bbox 831 1653 1007 1705; x_wconf 83' lang='lat' dir='ltr'>proprie</span> <span class='ocrx_word' id='word_1_107' title='bbox 1040 1651 1109 1691; x_wconf 90' lang='lat' dir='ltr'>di-</span> 
     </span>
     <span class='ocr_line' id='line_1_19' title="bbox 232 1714 1109 1767; baseline -0.008 -7"><span class='ocrx_word' id='word_1_108' title='bbox 232 1722 344 1760; x_wconf 87' lang='lat' dir='ltr'>citur</span> <span class='ocrx_word' id='word_1_109' title='bbox 374 1719 429 1759; x_wconf 90' lang='lat' dir='ltr'>de</span> <span class='ocrx_word' id='word_1_110' title='bbox 460 1718 696 1765; x_wconf 81' lang='lat' dir='ltr'>histrione,</span> <span class='ocrx_word' id='word_1_111' title='bbox 738 1716 812 1767; x_wconf 88' lang='lat' dir='ltr'>qui</span> <span class='ocrx_word' id='word_1_112' title='bbox 842 1714 1109 1765; x_wconf 88' lang='lat' dir='ltr'>simulatque</span> 
     </span>
     <span class='ocr_line' id='line_1_20' title="bbox 234 1777 1112 1831; baseline -0.009 -9"><span class='ocrx_word' id='word_1_113' title='bbox 234 1785 275 1822; x_wconf 90' lang='lat' dir='ltr'>in</span> <span class='ocrx_word' id='word_1_114' title='bbox 306 1793 440 1823; x_wconf 89' lang='lat' dir='ltr'>scena</span> <span class='ocrx_word' id='word_1_115' title='bbox 472 1781 728 1831; x_wconf 88' lang='lat' dir='ltr'>comparet,</span> <span class='ocrx_word' id='word_1_116' title='bbox 764 1777 1035 1824; x_wconf 78' lang='lat' dir='ltr'>exsibilatur,</span> <span class='ocrx_word' id='word_1_117' title='bbox 1068 1777 1112 1815; x_wconf 88' lang='lat' dir='ltr'>in</span> 
     </span>
     <span class='ocr_line' id='line_1_21' title="bbox 233 1839 1109 1902; baseline -0.008 -17"><span class='ocrx_word' id='word_1_118' title='bbox 233 1844 403 1902; x_wconf 72' lang='grc' dir='ltr'><em>εἴρωνα</em></span> <span class='ocrx_word' id='word_1_119' title='bbox 413 1846 561 1883; x_wconf 90' lang='lat' dir='ltr'>autem</span> <span class='ocrx_word' id='word_1_120' title='bbox 580 1841 700 1881; x_wconf 90' lang='lat' dir='ltr'>illum</span> <span class='ocrx_word' id='word_1_121' title='bbox 715 1842 895 1880; x_wconf 88' lang='lat' dir='ltr'>minime</span> <span class='ocrx_word' id='word_1_122' title='bbox 907 1839 1109 1891; x_wconf 89' lang='lat' dir='ltr'>quadrat.</span> 
     </span>
    </p>

    <p class='ocr_par' dir='ltr' id='par_1_13' title="bbox 233 1901 1126 3508">
     <span class='ocr_line' id='line_1_22' title="bbox 288 1901 1109 1955; baseline -0.009 -8"><span class='ocrx_word' id='word_1_123' title='bbox 288 1906 490 1947; x_wconf 76' lang='lat'>453-456.</span> <span class='ocrx_word' id='word_1_124' title='bbox 523 1907 571 1944; x_wconf 90' lang='lat' dir='ltr'>ln</span> <span class='ocrx_word' id='word_1_125' title='bbox 602 1903 795 1955; x_wconf 80' lang='lat' dir='ltr'>epilogo,</span> <span class='ocrx_word' id='word_1_126' title='bbox 828 1904 877 1941; x_wconf 89' lang='lat' dir='ltr'>ut</span> <span class='ocrx_word' id='word_1_127' title='bbox 907 1901 1020 1941; x_wconf 85' lang='lat' dir='ltr'>solet</span> <span class='ocrx_word' id='word_1_128' title='bbox 1041 1901 1109 1952; x_wconf 85' lang='lat' dir='ltr'>(cf.</span> 
     </span>
     <span class='ocr_line' id='line_1_23' title="bbox 237 1963 1115 2020; baseline -0.008 -11"><span class='ocrx_word' id='word_1_129' title='bbox 237 1969 293 2009; x_wconf 88' lang='lat' dir='ltr'>ad</span> <span class='ocrx_word' id='word_1_130' title='bbox 325 1970 433 2020; x_wconf 88' lang='lat' dir='ltr'>Epp.</span> <span class='ocrx_word' id='word_1_131' title='bbox 459 1969 505 2015; x_wconf 75' lang='lat'>2,</span> <span class='ocrx_word' id='word_1_132' title='bbox 532 1969 568 2006; x_wconf 79' lang='lat' dir='ltr'>l.</span> <span class='ocrx_word' id='word_1_133' title='bbox 593 1967 719 2016; x_wconf 77' lang='lat' dir='ltr'>extr.)</span> <span class='ocrx_word' id='word_1_134' title='bbox 753 1963 984 2004; x_wconf 87' lang='lat' dir='ltr'>ridiculam</span> <span class='ocrx_word' id='word_1_135' title='bbox 1015 1974 1115 2015; x_wconf 88' lang='lat' dir='ltr'>pro-</span> 
     </span>
     <span class='ocr_line' id='line_1_24' title="bbox 235 2030 1115 2084; baseline -0.009 -12"><span class='ocrx_word' id='word_1_136' title='bbox 235 2033 359 2084; x_wconf 88' lang='lat' dir='ltr'>ponit</span> <span class='ocrx_word' id='word_1_137' title='bbox 388 2030 626 2080; x_wconf 79' lang='lat' dir='ltr'>imaginem</span> <span class='ocrx_word' id='word_1_138' title='bbox 658 2030 814 2080; x_wconf 76' lang='lat' dir='ltr'>po‘etae</span> <span class='ocrx_word' id='word_1_139' title='bbox 837 2036 1020 2078; x_wconf 90' lang='lat' dir='ltr'>prorsus</span> <span class='ocrx_word' id='word_1_140' title='bbox 1040 2037 1115 2064; x_wconf 84' lang='lat' dir='ltr'>ve-</span> 
     </span>
     <span class='ocr_line' id='line_1_25' title="bbox 236 2088 1115 2139; baseline -0.009 -5"><span class='ocrx_word' id='word_1_141' title='bbox 236 2096 331 2134; x_wconf 86' lang='lat' dir='ltr'>sani</span> <span class='ocrx_word' id='word_1_142' title='bbox 363 2096 407 2133; x_wconf 89' lang='lat' dir='ltr'>et</span> <span class='ocrx_word' id='word_1_143' title='bbox 437 2092 492 2132; x_wconf 94' lang='lat' dir='ltr'>ab</span> <span class='ocrx_word' id='word_1_144' title='bbox 525 2091 730 2131; x_wconf 90' lang='lat' dir='ltr'>omnibus</span> <span class='ocrx_word' id='word_1_145' title='bbox 753 2089 885 2129; x_wconf 86' lang='lat' dir='ltr'>derisi</span> <span class='ocrx_word' id='word_1_146' title='bbox 908 2092 991 2139; x_wconf 72' lang='lat' dir='ltr'>(W.</span> <span class='ocrx_word' id='word_1_147' title='bbox 1016 2088 1115 2128; x_wconf 81' lang='lat'><strong>453-</strong></span> 
     </span>
     <span class='ocr_line' id='line_1_26' title="bbox 236 2151 1116 2207; baseline -0.008 -11"><span class='ocrx_word' id='word_1_148' title='bbox 236 2156 365 2205; x_wconf 55' lang='lat'>476).</span> <span class='ocrx_word' id='word_1_149' title='bbox 413 2155 584 2207; x_wconf 89' lang='lat' dir='ltr'>Optime</span> <span class='ocrx_word' id='word_1_150' title='bbox 608 2156 757 2192; x_wconf 90' lang='lat' dir='ltr'>autem</span> <span class='ocrx_word' id='word_1_151' title='bbox 778 2151 1021 2203; x_wconf 84' lang='lat' dir='ltr'>respondet</span> <span class='ocrx_word' id='word_1_152' title='bbox 1044 2162 1116 2190; x_wconf 80' lang='lat' dir='ltr'>ex—</span> 
     </span>
     <span class='ocr_line' id='line_1_27' title="bbox 237 2214 1115 2266; baseline -0.009 -7"><span class='ocrx_word' id='word_1_153' title='bbox 237 2218 362 2259; x_wconf 90' lang='lat' dir='ltr'>ordio</span> <span class='ocrx_word' id='word_1_154' title='bbox 403 2218 566 2266; x_wconf 78' lang='lat' dir='ltr'>exitus,</span> <span class='ocrx_word' id='word_1_155' title='bbox 603 2217 912 2255; x_wconf 83' lang='lat' dir='ltr'>monstruosae</span> <span class='ocrx_word' id='word_1_156' title='bbox 949 2214 1115 2264; x_wconf 85' lang='lat' dir='ltr'>figurae</span> 
     </span>
     <span class='ocr_line' id='line_1_28' title="bbox 238 2275 1114 2332; baseline -0.007 -13"><span class='ocrx_word' id='word_1_157' title='bbox 238 2283 368 2332; x_wconf 76' lang='lat' dir='ltr'>poeta</span> <span class='ocrx_word' id='word_1_158' title='bbox 414 2280 619 2319; x_wconf 85' lang='lat' dir='ltr'>furiosus.</span> <span class='ocrx_word' id='word_1_159' title='bbox 664 2300 699 2306; x_wconf 92' lang='lat'>——</span> <span class='ocrx_word' id='word_1_160' title='bbox 753 2276 919 2315; x_wconf 79' lang='lat' dir='ltr'>morbus</span> <span class='ocrx_word' id='word_1_161' title='bbox 960 2275 1114 2326; x_wconf 44' lang='grc' dir='ltr'>’νε-φας]</span> 
     </span>
     <span class='ocr_line' id='line_1_29' title="bbox 238 2337 1117 2395; baseline -0.008 -12"><span class='ocrx_word' id='word_1_162' title='bbox 238 2343 423 2383; x_wconf 88' lang='lat' dir='ltr'>morbus</span> <span class='ocrx_word' id='word_1_163' title='bbox 454 2343 687 2392; x_wconf 78' lang='lat' dir='ltr'>arquatus,</span> <span class='ocrx_word' id='word_1_164' title='bbox 735 2337 940 2395; x_wconf 58' lang='grc' dir='ltr'>ἅτερος,</span> <span class='ocrx_word' id='word_1_165' title='bbox 975 2338 1117 2378; x_wconf 78' lang='lat' dir='ltr'>Gelb-</span> 
     </span>
     <span class='ocr_line' id='line_1_30' title="bbox 237 2401 1118 2449; baseline -0.007 -5"><span class='ocrx_word' id='word_1_166' title='bbox 237 2405 398 2444; x_wconf 78' lang='lat' dir='ltr'>sucht.</span> <span class='ocrx_word' id='word_1_167' title='bbox 435 2403 548 2444; x_wconf 91' lang='lat' dir='ltr'>Cels.</span> <span class='ocrx_word' id='word_1_168' title='bbox 574 2402 619 2449; x_wconf 87' lang='lat'>3,</span> <span class='ocrx_word' id='word_1_169' title='bbox 654 2401 727 2442; x_wconf 68' lang='lat'>24:</span> <span class='ocrx_word' id='word_1_170' title='bbox 760 2403 837 2441; x_wconf 77' lang='lat' dir='ltr'>Per</span> <span class='ocrx_word' id='word_1_171' title='bbox 867 2411 984 2439; x_wconf 79' lang='lat' dir='ltr'>omne</span> <span class='ocrx_word' id='word_1_172' title='bbox 1013 2405 1118 2439; x_wconf 83' lang='lat' dir='ltr'>tem-</span> 
     </span>
     <span class='ocr_line' id='line_1_31' title="bbox 233 2463 1115 2517; baseline -0.006 -11"><span class='ocrx_word' id='word_1_173' title='bbox 233 2478 314 2517; x_wconf 76' lang='lat' dir='ltr'>pus</span> <span class='ocrx_word' id='word_1_174' title='bbox 342 2466 539 2506; x_wconf 79' lang='lat' dir='ltr'>utendum</span> <span class='ocrx_word' id='word_1_175' title='bbox 568 2469 624 2504; x_wconf 80' lang='lat' dir='ltr'>est</span> <span class='ocrx_word' id='word_1_176' title='bbox 667 2464 781 2511; x_wconf 75' lang='lat' dir='ltr'>lusu,</span> <span class='ocrx_word' id='word_1_177' title='bbox 828 2464 939 2512; x_wconf 71' lang='lat' dir='ltr'>ioco,</span> <span class='ocrx_word' id='word_1_178' title='bbox 986 2463 1115 2511; x_wconf 74' lang='lat' dir='ltr'>ludis,</span> 
     </span>
     <span class='ocr_line' id='line_1_32' title="bbox 240 2525 1117 2578; baseline -0.006 -10"><span class='ocrx_word' id='word_1_179' title='bbox 240 2529 436 2577; x_wconf 75' lang='lat' dir='ltr'>lascivia,</span> <span class='ocrx_word' id='word_1_180' title='bbox 465 2539 543 2578; x_wconf 81' lang='lat' dir='ltr'>per</span> <span class='ocrx_word' id='word_1_181' title='bbox 573 2537 679 2576; x_wconf 76' lang='lat' dir='ltr'>quae</span> <span class='ocrx_word' id='word_1_182' title='bbox 696 2537 811 2565; x_wconf 82' lang='lat' dir='ltr'>mens</span> <span class='ocrx_word' id='word_1_183' title='bbox 829 2525 1117 2571; x_wconf 54' lang='lat' dir='ltr'>exhilaretum</span> 
     </span>
     <span class='ocr_line' id='line_1_33' title="bbox 241 2588 1121 2640; baseline -0.007 -8"><span class='ocrx_word' id='word_1_184' title='bbox 241 2592 289 2632; x_wconf 88' lang='lat' dir='ltr'>ob</span> <span class='ocrx_word' id='word_1_185' title='bbox 319 2602 426 2640; x_wconf 81' lang='lat' dir='ltr'>quae</span> <span class='ocrx_word' id='word_1_186' title='bbox 456 2590 601 2640; x_wconf 88' lang='lat' dir='ltr'>regius</span> <span class='ocrx_word' id='word_1_187' title='bbox 632 2588 816 2628; x_wconf 88' lang='lat' dir='ltr'>morbus</span> <span class='ocrx_word' id='word_1_188' title='bbox 851 2588 983 2627; x_wconf 78' lang='lat' dir='ltr'>dictus</span> <span class='ocrx_word' id='word_1_189' title='bbox 1009 2588 1121 2627; x_wconf 76' lang='lat' dir='ltr'>vide-</span> 
     </span>
     <span class='ocr_line' id='line_1_34' title="bbox 241 2648 1120 2698; baseline -0.008 -4"><span class='ocrx_word' id='word_1_190' title='bbox 241 2659 324 2694; x_wconf 78' lang='lat' dir='ltr'>tur.</span> <span class='ocrx_word' id='word_1_191' title='bbox 360 2653 423 2693; x_wconf 88' lang='lat' dir='ltr'>Cs.</span> <span class='ocrx_word' id='word_1_192' title='bbox 448 2651 554 2691; x_wconf 90' lang='lat' dir='ltr'>Plin.</span> <span class='ocrx_word' id='word_1_193' title='bbox 580 2652 628 2690; x_wconf 90' lang='lat' dir='ltr'>H.</span> <span class='ocrx_word' id='word_1_194' title='bbox 653 2652 703 2690; x_wconf 90' lang='lat' dir='ltr'>N.</span> <span class='ocrx_word' id='word_1_195' title='bbox 728 2651 805 2698; x_wconf 73' lang='lat'>⁵22,</span> <span class='ocrx_word' id='word_1_196' title='bbox 836 2648 913 2696; x_wconf 68' lang='lat'>24,</span> <span class='ocrx_word' id='word_1_197' title='bbox 937 2649 1004 2688; x_wconf 78' lang='lat'>53.</span> <span class='ocrx_word' id='word_1_198' title='bbox 1039 2650 1120 2688; x_wconf 92' lang='lat' dir='ltr'>Se-</span> 
     </span>
     <span class='ocr_line' id='line_1_35' title="bbox 241 2711 1122 2763; baseline -0.008 -6"><span class='ocrx_word' id='word_1_199' title='bbox 241 2729 336 2757; x_wconf 88' lang='lat' dir='ltr'>ren.</span> <span class='ocrx_word' id='word_1_200' title='bbox 367 2717 543 2755; x_wconf 87' lang='lat' dir='ltr'>Samon.</span> <span class='ocrx_word' id='word_1_201' title='bbox 580 2713 683 2752; x_wconf 78' lang='grc'>4033</span> <span class='ocrx_word' id='word_1_202' title='bbox 714 2723 780 2763; x_wconf 89' lang='lat' dir='ltr'>sq.</span> <span class='ocrx_word' id='word_1_203' title='bbox 835 2734 864 2740; x_wconf 85' lang='lat'>-</span> <span class='ocrx_word' id='word_1_204' title='bbox 910 2711 1122 2762; x_wconf 77' lang='lat' dir='ltr'>fanaticus</span> 
     </span>
     <span class='ocr_line' id='line_1_36' title="bbox 242 2773 1121 2829; baseline -0.008 -11"><span class='ocrx_word' id='word_1_205' title='bbox 242 2777 376 2829; x_wconf 79' lang='lat' dir='ltr'>error]</span> <span class='ocrx_word' id='word_1_206' title='bbox 410 2776 517 2816; x_wconf 84' lang='lat' dir='ltr'>Flor.</span> <span class='ocrx_word' id='word_1_207' title='bbox 543 2776 588 2823; x_wconf 88' lang='lat'>3,</span> <span class='ocrx_word' id='word_1_208' title='bbox 622 2775 692 2822; x_wconf 74' lang='lat'>49,</span> <span class='ocrx_word' id='word_1_209' title='bbox 721 2774 769 2814; x_wconf 82' lang='lat'>4:</span> <span class='ocrx_word' id='word_1_210' title='bbox 814 2773 1025 2824; x_wconf 77' lang='lat' dir='ltr'>fanaticus</span> <span class='ocrx_word' id='word_1_211' title='bbox 1050 2773 1121 2824; x_wconf 82' lang='lat' dir='ltr'>fu-</span> 
     </span>
     <span class='ocr_line' id='line_1_37' title="bbox 244 2834 1122 2889; baseline -0.005 -11"><span class='ocrx_word' id='word_1_212' title='bbox 244 2852 340 2888; x_wconf 86' lang='lat' dir='ltr'>ror,</span> <span class='ocrx_word' id='word_1_213' title='bbox 373 2837 548 2889; x_wconf 89' lang='lat' dir='ltr'>qualem</span> <span class='ocrx_word' id='word_1_214' title='bbox 580 2837 796 2888; x_wconf 87' lang='lat' dir='ltr'>imprimis</span> <span class='ocrx_word' id='word_1_215' title='bbox 827 2847 851 2875; x_wconf 88' lang='lat' dir='ltr'>a</span> <span class='ocrx_word' id='word_1_216' title='bbox 880 2834 1047 2886; x_wconf 82' lang='lat' dir='ltr'>Cybele</span> <span class='ocrx_word' id='word_1_217' title='bbox 1079 2836 1122 2874; x_wconf 87' lang='lat' dir='ltr'>et</span> 
     </span>
     <span class='ocr_line' id='line_1_38' title="bbox 244 2896 1121 2949; baseline -0.007 -9"><span class='ocrx_word' id='word_1_218' title='bbox 244 2899 419 2940; x_wconf 86' lang='lat' dir='ltr'>Bellona</span> <span class='ocrx_word' id='word_1_219' title='bbox 460 2900 656 2949; x_wconf 87' lang='lat' dir='ltr'>ipsarum</span> <span class='ocrx_word' id='word_1_220' title='bbox 697 2896 1006 2937; x_wconf 85' lang='lat' dir='ltr'>sacerdotibus</span> <span class='ocrx_word' id='word_1_221' title='bbox 1037 2897 1121 2935; x_wconf 90' lang='lat' dir='ltr'>im-</span> 
     </span>
     <span class='ocr_line' id='line_1_39' title="bbox 246 2959 1119 3012; baseline -0.006 -10"><span class='ocrx_word' id='word_1_222' title='bbox 246 2963 355 3002; x_wconf 87' lang='lat' dir='ltr'>mitti</span> <span class='ocrx_word' id='word_1_223' title='bbox 393 2960 632 3012; x_wconf 75' lang='lat' dir='ltr'>putabant,</span> <span class='ocrx_word' id='word_1_224' title='bbox 676 2959 793 2998; x_wconf 89' lang='lat' dir='ltr'>unde</span> <span class='ocrx_word' id='word_1_225' title='bbox 826 2959 868 2998; x_wconf 91' lang='lat' dir='ltr'>in</span> <span class='ocrx_word' id='word_1_226' title='bbox 898 2959 1119 3009; x_wconf 85' lang='lat' dir='ltr'>Inscriptt.</span> 
     </span>
     <span class='ocr_line' id='line_1_40' title="bbox 247 3021 1123 3065; baseline -0.006 -1"><span class='ocrx_word' id='word_1_227' title='bbox 247 3036 305 3065; x_wconf 91' lang='lat' dir='ltr'>m.</span> <span class='ocrx_word' id='word_1_228' title='bbox 330 3026 421 3064; x_wconf 89' lang='lat' dir='ltr'>Lat.</span> <span class='ocrx_word' id='word_1_229' title='bbox 446 3025 494 3063; x_wconf 90' lang='lat' dir='ltr'>N.</span> <span class='ocrx_word' id='word_1_230' title='bbox 520 3022 651 3061; x_wconf 70' lang='lat'>23¹7:</span> <span class='ocrx_word' id='word_1_231' title='bbox 683 3022 768 3061; x_wconf 82' lang='lat' dir='ltr'>EX.</span> <span class='ocrx_word' id='word_1_232' title='bbox 796 3021 959 3060; x_wconf 87' lang='lat' dir='ltr'>AEDE.</span> <span class='ocrx_word' id='word_1_233' title='bbox 991 3021 1123 3060; x_wconf 89' lang='lat' dir='ltr'><em>BEL-</em></span> 
     </span>
     <span class='ocr_line' id='line_1_41' title="bbox 247 3081 1124 3126; baseline -0.007 0"><span class='ocrx_word' id='word_1_234' title='bbox 247 3086 470 3126; x_wconf 83' lang='lat' dir='ltr'>LONAES.</span> <span class='ocrx_word' id='word_1_235' title='bbox 529 3083 856 3123; x_wconf 66' lang='lat' dir='ltr'>PVLVINESJS.</span> <span class='ocrx_word' id='word_1_236' title='bbox 907 3081 1124 3121; x_wconf 71' lang='lat' dir='ltr'><em>FANATI-</em></span> 
     </span>
     <span class='ocr_line' id='line_1_42' title="bbox 247 3142 1120 3199; baseline -0.008 -10"><span class='ocrx_word' id='word_1_237' title='bbox 247 3149 358 3189; x_wconf 87' lang='lat' dir='ltr'>CVS.</span> <span class='ocrx_word' id='word_1_238' title='bbox 392 3147 556 3199; x_wconf 89' lang='lat' dir='ltr'>Ulpian.</span> <span class='ocrx_word' id='word_1_239' title='bbox 581 3146 606 3185; x_wconf 93' lang='lat' dir='ltr'>l.</span> <span class='ocrx_word' id='word_1_240' title='bbox 633 3146 668 3184; x_wconf 72' lang='lat'>4.</span> <span class='ocrx_word' id='word_1_241' title='bbox 701 3145 738 3196; x_wconf 68' lang='lat' dir='ltr'>S.</span> <span class='ocrx_word' id='word_1_242' title='bbox 763 3155 865 3196; x_wconf 89' lang='lat' dir='ltr'>pen.</span> <span class='ocrx_word' id='word_1_243' title='bbox 892 3144 946 3184; x_wconf 90' lang='lat' dir='ltr'>de</span> <span class='ocrx_word' id='word_1_244' title='bbox 964 3142 1120 3183; x_wconf 81' lang='lat' dir='ltr'>Aedil.:</span> 
     </span>
     <span class='ocr_line' id='line_1_43' title="bbox 248 3205 1126 3260; baseline -0.009 -9"><span class='ocrx_word' id='word_1_245' title='bbox 248 3211 320 3260; x_wconf 80' lang='lat' dir='ltr'>qui</span> <span class='ocrx_word' id='word_1_246' title='bbox 361 3211 476 3250; x_wconf 77' lang='lat' dir='ltr'>circa</span> <span class='ocrx_word' id='word_1_247' title='bbox 516 3209 620 3260; x_wconf 81' lang='lat' dir='ltr'>fana</span> <span class='ocrx_word' id='word_1_248' title='bbox 657 3207 910 3246; x_wconf 72' lang='lat' dir='ltr'>bacchantur</span> <span class='ocrx_word' id='word_1_249' title='bbox 938 3210 975 3245; x_wconf 78' lang='lat' dir='ltr'>ec</span> <span class='ocrx_word' id='word_1_250' title='bbox 1005 3205 1126 3254; x_wconf 78' lang='lat' dir='ltr'>quasi</span> 
     </span>
     <span class='ocr_line' id='line_1_44' title="bbox 249 3267 1120 3321; baseline -0.007 -9"><span class='ocrx_word' id='word_1_251' title='bbox 249 3275 449 3313; x_wconf 80' lang='lat' dir='ltr'>dementes</span> <span class='ocrx_word' id='word_1_252' title='bbox 484 3281 682 3321; x_wconf 82' lang='lat' dir='ltr'>responsa</span> <span class='ocrx_word' id='word_1_253' title='bbox 708 3269 899 3308; x_wconf 77' lang='lat' dir='ltr'>reddunt.</span> <span class='ocrx_word' id='word_1_254' title='bbox 947 3267 1008 3307; x_wconf 86' lang='lat' dir='ltr'>Cf.</span> <span class='ocrx_word' id='word_1_255' title='bbox 1035 3269 1120 3307; x_wconf 91' lang='lat' dir='ltr'>Sat.</span> 
     </span>
     <span class='ocr_line' id='line_1_45' title="bbox 249 3330 1122 3382; baseline -0.007 -9"><span class='ocrx_word' id='word_1_256' title='bbox 249 3337 288 3381; x_wconf 69' lang='grc' dir='ltr'>Ξ,</span> <span class='ocrx_word' id='word_1_257' title='bbox 313 3335 352 3381; x_wconf 86' lang='grc'>3,</span> <span class='ocrx_word' id='word_1_258' title='bbox 378 3334 469 3373; x_wconf 70' lang='lat'>223.</span> <span class='ocrx_word' id='word_1_259' title='bbox 513 3334 654 3373; x_wconf 86' lang='lat' dir='ltr'>Prima</span> <span class='ocrx_word' id='word_1_260' title='bbox 687 3331 837 3382; x_wconf 89' lang='lat' dir='ltr'>utique</span> <span class='ocrx_word' id='word_1_261' title='bbox 860 3341 911 3369; x_wconf 90' lang='lat' dir='ltr'>ac</span> <span class='ocrx_word' id='word_1_262' title='bbox 933 3330 1122 3368; x_wconf 82' lang='lat' dir='ltr'>maxime</span> 
     </span>
     <span class='ocr_line' id='line_1_46' title="bbox 252 3392 1126 3446; baseline -0.005 -12"><span class='ocrx_word' id='word_1_263' title='bbox 252 3397 427 3446; x_wconf 84' lang='lat' dir='ltr'>propria</span> <span class='ocrx_word' id='word_1_264' title='bbox 452 3394 769 3445; x_wconf 76' lang='lat' dir='ltr'>significatione</span> <span class='ocrx_word' id='word_1_265' title='bbox 801 3393 884 3432; x_wconf 84' lang='lat' dir='ltr'>adi.</span> <span class='ocrx_word' id='word_1_266' title='bbox 917 3392 1126 3442; x_wconf 79' lang='lat' dir='ltr'>fanaticus</span> 
     </span>
     <span class='ocr_line' id='line_1_47' title="bbox 250 3455 1120 3508; baseline -0.002 -13"><span class='ocrx_word' id='word_1_267' title='bbox 250 3458 467 3508; x_wconf 84' lang='lat' dir='ltr'>reperitur</span> <span class='ocrx_word' id='word_1_268' title='bbox 487 3457 528 3496; x_wconf 89' lang='lat' dir='ltr'>in</span> <span class='ocrx_word' id='word_1_269' title='bbox 551 3456 839 3506; x_wconf 79' lang='lat' dir='ltr'>Inscriptione</span> <span class='ocrx_word' id='word_1_270' title='bbox 860 3455 1120 3502; x_wconf 88' lang='lat' dir='ltr'>Veronensi,</span> 
     </span>
    </p>
   </div>
   <div class='ocr_carea' id='block_1_13' title="bbox 1170 1334 2067 3440">
    <p class='ocr_par' dir='ltr' id='par_1_14' title="bbox 1170 1334 2063 2947">
     <span class='ocr_line' id='line_1_48' title="bbox 1170 1334 2045 1386; baseline -0.003 -9"><span class='ocrx_word' id='word_1_271' title='bbox 1170 1338 1374 1377; x_wconf 79' lang='lat' dir='ltr'>Bulletino</span> <span class='ocrx_word' id='word_1_272' title='bbox 1404 1336 1493 1376; x_wconf 86' lang='lat' dir='ltr'>dell&#39;</span> <span class='ocrx_word' id='word_1_273' title='bbox 1524 1337 1622 1375; x_wconf 74' lang='lat' dir='ltr'>Inst.</span> <span class='ocrx_word' id='word_1_274' title='bbox 1647 1336 1823 1375; x_wconf 83' lang='lat' dir='ltr'>archeol.</span> <span class='ocrx_word' id='word_1_275' title='bbox 1851 1334 1971 1375; x_wconf 76' lang='lat'>4836.</span> <span class='ocrx_word' id='word_1_276' title='bbox 2002 1346 2045 1386; x_wconf 89' lang='lat' dir='ltr'>p.</span> 
     </span>
     <span class='ocr_line' id='line_1_49' title="bbox 1174 1398 2046 1441; baseline -0.002 -2"><span class='ocrx_word' id='word_1_277' title='bbox 1174 1399 1244 1440; x_wconf 52' lang='lat' dir='ltr'>l4sl</span> <span class='ocrx_word' id='word_1_278' title='bbox 1268 1412 1275 1441; x_wconf 89' lang='lat'>:</span> <span class='ocrx_word' id='word_1_279' title='bbox 1308 1400 1582 1439; x_wconf 81' lang='lat' dir='ltr'>FANORVM.</span> <span class='ocrx_word' id='word_1_280' title='bbox 1617 1398 1937 1438; x_wconf 82' lang='lat' dir='ltr'>CVRATORES.</span> <span class='ocrx_word' id='word_1_281' title='bbox 1959 1398 2046 1437; x_wconf 89' lang='lat' dir='ltr'>EX.</span> 
     </span>
     <span class='ocr_line' id='line_1_50' title="bbox 1170 1460 2051 1511; baseline -0.002 -10"><span class='ocrx_word' id='word_1_282' title='bbox 1170 1462 1413 1502; x_wconf 84' lang='lat' dir='ltr'><em>PECVNIA.</em></span> <span class='ocrx_word' id='word_1_283' title='bbox 1445 1461 1720 1501; x_wconf 87' lang='lat' dir='ltr'><strong><em>FANATICA.</em></strong></span> <span class='ocrx_word' id='word_1_284' title='bbox 1766 1461 1894 1511; x_wconf 91' lang='lat' dir='ltr'>(quae</span> <span class='ocrx_word' id='word_1_285' title='bbox 1925 1460 2051 1500; x_wconf 86' lang='lat' dir='ltr'>sano-</span> 
     </span>
     <span class='ocr_line' id='line_1_51' title="bbox 1173 1522 2052 1575; baseline -0.002 -12"><span class='ocrx_word' id='word_1_286' title='bbox 1173 1536 1271 1564; x_wconf 86' lang='lat' dir='ltr'>rum</span> <span class='ocrx_word' id='word_1_287' title='bbox 1293 1524 1469 1575; x_wconf 89' lang='lat' dir='ltr'>propria</span> <span class='ocrx_word' id='word_1_288' title='bbox 1495 1525 1573 1573; x_wconf 88' lang='lat' dir='ltr'>est)</span> <span class='ocrx_word' id='word_1_289' title='bbox 1605 1522 1838 1563; x_wconf 87' lang='lat' dir='ltr'><em>FACIVND</em></span> <span class='ocrx_word' id='word_1_290' title='bbox 1849 1524 1937 1563; x_wconf 89' lang='lat' dir='ltr'>VM.</span> <span class='ocrx_word' id='word_1_291' title='bbox 1962 1523 2052 1563; x_wconf 90' lang='lat' dir='ltr'>CV—</span> 
     </span>
     <span class='ocr_line' id='line_1_52' title="bbox 1173 1584 2050 1636; baseline -0.003 -10"><span class='ocrx_word' id='word_1_292' title='bbox 1173 1586 1344 1626; x_wconf 82' lang='lat' dir='ltr'><em>RAVER</em></span> <span class='ocrx_word' id='word_1_293' title='bbox 1358 1586 1468 1625; x_wconf 85' lang='lat' dir='ltr'>VNT.</span> <span class='ocrx_word' id='word_1_294' title='bbox 1516 1608 1560 1612; x_wconf 93' lang='lat'>—</span> <span class='ocrx_word' id='word_1_295' title='bbox 1620 1585 1830 1624; x_wconf 76' lang='lat' dir='ltr'>iracunda</span> <span class='ocrx_word' id='word_1_296' title='bbox 1880 1584 2050 1636; x_wconf 82' lang='lat' dir='ltr'>Diana]</span> 
     </span>
     <span class='ocr_line' id='line_1_53' title="bbox 1175 1645 2054 1699; baseline -0.001 -12"><span class='ocrx_word' id='word_1_297' title='bbox 1175 1659 1315 1699; x_wconf 90' lang='lat' dir='ltr'>«quae</span> <span class='ocrx_word' id='word_1_298' title='bbox 1347 1659 1459 1699; x_wconf 90' lang='lat' dir='ltr'>quos</span> <span class='ocrx_word' id='word_1_299' title='bbox 1491 1649 1552 1687; x_wconf 85' lang='lat' dir='ltr'>ira</span> <span class='ocrx_word' id='word_1_300' title='bbox 1584 1658 1662 1688; x_wconf 90' lang='lat' dir='ltr'>sua</span> <span class='ocrx_word' id='word_1_301' title='bbox 1689 1648 1971 1698; x_wconf 88' lang='lat' dir='ltr'>persequitur</span> <span class='ocrx_word' id='word_1_302' title='bbox 1990 1645 2054 1686; x_wconf 91' lang='lat' dir='ltr'>lu-</span> 
     </span>
     <span class='ocr_line' id='line_1_54' title="bbox 1176 1705 2054 1763; baseline -0.002 -13"><span class='ocrx_word' id='word_1_303' title='bbox 1176 1712 1366 1759; x_wconf 85' lang='lat' dir='ltr'>naticos,</span> <span class='ocrx_word' id='word_1_304' title='bbox 1391 1707 1729 1763; x_wconf 76' lang='grc' dir='ltr'><em>σεληνιακούς,</em></span> <span class='ocrx_word' id='word_1_305' title='bbox 1754 1705 2054 1762; x_wconf 77' lang='grc' dir='ltr'><em>σεληνοβλή-</em></span> 
     </span>
     <span class='ocr_line' id='line_1_55' title="bbox 1174 1772 2053 1823; baseline -0.002 -10"><span class='ocrx_word' id='word_1_306' title='bbox 1174 1785 1309 1823; x_wconf 78' lang='grc' dir='ltr'><strong><em>τους,</em></strong></span> <span class='ocrx_word' id='word_1_307' title='bbox 1356 1773 1544 1812; x_wconf 84' lang='lat' dir='ltr'>reddit.»</span> <span class='ocrx_word' id='word_1_308' title='bbox 1594 1773 1786 1812; x_wconf 86' lang='lat' dir='ltr'>Pertinet</span> <span class='ocrx_word' id='word_1_309' title='bbox 1823 1772 1910 1811; x_wconf 91' lang='lat' dir='ltr'>huc</span> <span class='ocrx_word' id='word_1_310' title='bbox 1941 1772 2053 1812; x_wconf 86' lang='lat' dir='ltr'>mira</span> 
     </span>
     <span class='ocr_line' id='line_1_56' title="bbox 1177 1834 2053 1886; baseline -0.001 -11"><span class='ocrx_word' id='word_1_311' title='bbox 1177 1835 1245 1875; x_wconf 89' lang='lat' dir='ltr'>illa</span> <span class='ocrx_word' id='word_1_312' title='bbox 1289 1835 1520 1886; x_wconf 88' lang='lat' dir='ltr'>Inscriptio</span> <span class='ocrx_word' id='word_1_313' title='bbox 1561 1846 1765 1875; x_wconf 87' lang='lat' dir='ltr'>camarae</span> <span class='ocrx_word' id='word_1_314' title='bbox 1802 1834 2053 1885; x_wconf 87' lang='lat' dir='ltr'>Esquilinae</span> 
     </span>
     <span class='ocr_line' id='line_1_57' title="bbox 1178 1896 2050 1950; baseline -0.002 -13"><span class='ocrx_word' id='word_1_315' title='bbox 1178 1899 1332 1950; x_wconf 87' lang='lat' dir='ltr'>parieti</span> <span class='ocrx_word' id='word_1_316' title='bbox 1362 1899 1535 1949; x_wconf 89' lang='lat' dir='ltr'>appicta</span> <span class='ocrx_word' id='word_1_317' title='bbox 1558 1897 1677 1948; x_wconf 89' lang='lat' dir='ltr'>apud</span> <span class='ocrx_word' id='word_1_318' title='bbox 1703 1897 1863 1937; x_wconf 87' lang='lat' dir='ltr'>Osann.</span> <span class='ocrx_word' id='word_1_319' title='bbox 1887 1908 1931 1948; x_wconf 89' lang='lat' dir='ltr'>p.</span> <span class='ocrx_word' id='word_1_320' title='bbox 1956 1896 2050 1938; x_wconf 75' lang='lat'><strong>494:</strong></span> 
     </span>
     <span class='ocr_line' id='line_1_58' title="bbox 1176 1959 2056 2010; baseline -0.002 -10"><span class='ocrx_word' id='word_1_321' title='bbox 1176 1962 1213 2000; x_wconf 91' lang='lat' dir='ltr'><em>D</em></span> <span class='ocrx_word' id='word_1_322' title='bbox 1226 1960 1422 2000; x_wconf 85' lang='lat' dir='ltr'><em>VODECI</em></span> <span class='ocrx_word' id='word_1_323' title='bbox 1435 1960 1525 2010; x_wconf 77' lang='lat' dir='ltr'>(sic)</span> <span class='ocrx_word' id='word_1_324' title='bbox 1541 1959 1720 1999; x_wconf 87' lang='lat' dir='ltr'><strong><em>DEOSE</em></strong></span> <span class='ocrx_word' id='word_1_325' title='bbox 1726 1959 1971 1999; x_wconf 88' lang='lat' dir='ltr'><strong><em>TDIANAM</em></strong></span> <span class='ocrx_word' id='word_1_326' title='bbox 1973 1959 2056 1998; x_wconf 87' lang='grc' dir='ltr'>ΕΤ-</span> 
     </span>
     <span class='ocr_line' id='line_1_59' title="bbox 1175 2022 2058 2062; baseline -0.001 0"><span class='ocrx_word' id='word_1_327' title='bbox 1175 2024 1196 2062; x_wconf 92' lang='lat' dir='ltr'><em>I</em></span> <span class='ocrx_word' id='word_1_328' title='bbox 1198 2024 1228 2062; x_wconf 77' lang='lat' dir='ltr'>(J</span> <span class='ocrx_word' id='word_1_329' title='bbox 1237 2024 1350 2062; x_wconf 83' lang='lat' dir='ltr'>VEM</span> <span class='ocrx_word' id='word_1_330' title='bbox 1375 2023 1472 2062; x_wconf 87' lang='lat' dir='ltr'>OPT</span> <span class='ocrx_word' id='word_1_331' title='bbox 1478 2022 1553 2061; x_wconf 79' lang='lat' dir='ltr'>VM</span> <span class='ocrx_word' id='word_1_332' title='bbox 1558 2023 1631 2062; x_wconf 87' lang='lat' dir='ltr'>VM</span> <span class='ocrx_word' id='word_1_333' title='bbox 1633 2022 1812 2062; x_wconf 87' lang='lat' dir='ltr'><em>MAXIM</em></span> <span class='ocrx_word' id='word_1_334' title='bbox 1819 2023 1894 2061; x_wconf 91' lang='lat' dir='ltr'>VM</span> <span class='ocrx_word' id='word_1_335' title='bbox 1896 2022 1964 2061; x_wconf 85' lang='lat' dir='ltr'>HA</span> <span class='ocrx_word' id='word_1_336' title='bbox 1969 2022 2058 2061; x_wconf 91' lang='grc' dir='ltr'>ΒΕ-</span> 
     </span>
     <span class='ocr_line' id='line_1_60' title="bbox 1177 2084 2062 2134; baseline -0.002 -9"><span class='ocrx_word' id='word_1_337' title='bbox 1177 2085 1431 2125; x_wconf 80' lang='lat' dir='ltr'><em>ATIRATOS</em></span> <span class='ocrx_word' id='word_1_338' title='bbox 1502 2084 2062 2134; x_wconf 82' lang='lat' dir='ltr'><em>QVISQVISHICMIXERIT</em></span> 
     </span>
     <span class='ocr_line' id='line_1_61' title="bbox 1182 2147 2058 2199; baseline -0.001 -11"><span class='ocrx_word' id='word_1_339' title='bbox 1182 2148 1271 2199; x_wconf 82' lang='lat' dir='ltr'>(sic)</span> <span class='ocrx_word' id='word_1_340' title='bbox 1303 2147 1638 2188; x_wconf 84' lang='lat' dir='ltr'><em>AVTCACARIT.</em></span> <span class='ocrx_word' id='word_1_341' title='bbox 1675 2170 1720 2175; x_wconf 97' lang='lat'>—</span> <span class='ocrx_word' id='word_1_342' title='bbox 1766 2148 1970 2187; x_wconf 84' lang='lat' dir='ltr'>Vesanum</span> <span class='ocrx_word' id='word_1_343' title='bbox 1997 2151 2058 2187; x_wconf 85' lang='lat' dir='ltr'>te—</span> 
     </span>
     <span class='ocr_line' id='line_1_62' title="bbox 1179 2208 2059 2261; baseline 0.002 -12"><span class='ocrx_word' id='word_1_344' title='bbox 1179 2211 1316 2261; x_wconf 69' lang='lat' dir='ltr'>tiqisse</span> <span class='ocrx_word' id='word_1_345' title='bbox 1338 2209 1440 2261; x_wconf 88' lang='lat' dir='ltr'>cet.]</span> <span class='ocrx_word' id='word_1_346' title='bbox 1462 2208 1629 2249; x_wconf 91' lang='lat' dir='ltr'>Talium</span> <span class='ocrx_word' id='word_1_347' title='bbox 1650 2211 1934 2260; x_wconf 84' lang='lat' dir='ltr'>aegrotorum</span> <span class='ocrx_word' id='word_1_348' title='bbox 1955 2221 2059 2251; x_wconf 84' lang='lat' dir='ltr'>con-</span> 
     </span>
     <span class='ocr_line' id='line_1_63' title="bbox 1182 2271 2059 2322; baseline 0.001 -11"><span class='ocrx_word' id='word_1_349' title='bbox 1182 2275 1372 2319; x_wconf 85' lang='lat' dir='ltr'>tactum,</span> <span class='ocrx_word' id='word_1_350' title='bbox 1407 2283 1461 2311; x_wconf 87' lang='lat' dir='ltr'>ne</span> <span class='ocrx_word' id='word_1_351' title='bbox 1494 2272 1576 2322; x_wconf 88' lang='lat' dir='ltr'>ipsi</span> <span class='ocrx_word' id='word_1_352' title='bbox 1606 2271 1768 2312; x_wconf 91' lang='lat' dir='ltr'>iisdem</span> <span class='ocrx_word' id='word_1_353' title='bbox 1799 2271 1967 2313; x_wconf 90' lang='lat' dir='ltr'>morbis</span> <span class='ocrx_word' id='word_1_354' title='bbox 1996 2273 2059 2312; x_wconf 91' lang='lat' dir='ltr'>in-</span> 
     </span>
     <span class='ocr_line' id='line_1_64' title="bbox 1183 2333 2059 2386; baseline -0.001 -11"><span class='ocrx_word' id='word_1_355' title='bbox 1183 2336 1442 2383; x_wconf 88' lang='lat' dir='ltr'>ficerentur,</span> <span class='ocrx_word' id='word_1_356' title='bbox 1477 2334 1629 2384; x_wconf 87' lang='lat' dir='ltr'>fugere</span> <span class='ocrx_word' id='word_1_357' title='bbox 1660 2333 1884 2383; x_wconf 84' lang='lat' dir='ltr'>solebant3</span> <span class='ocrx_word' id='word_1_358' title='bbox 1932 2335 2059 2386; x_wconf 87' lang='lat' dir='ltr'>pueri</span> 
     </span>
     <span class='ocr_line' id='line_1_65' title="bbox 1183 2395 2059 2438; baseline 0 0"><span class='ocrx_word' id='word_1_359' title='bbox 1183 2401 1334 2438; x_wconf 87' lang='lat' dir='ltr'>contra</span> <span class='ocrx_word' id='word_1_360' title='bbox 1356 2396 1505 2437; x_wconf 86' lang='lat' dir='ltr'>lascivi</span> <span class='ocrx_word' id='word_1_361' title='bbox 1524 2407 1600 2437; x_wconf 90' lang='lat' dir='ltr'>eos</span> <span class='ocrx_word' id='word_1_362' title='bbox 1616 2395 1946 2438; x_wconf 86' lang='lat' dir='ltr'>contumeliosis</span> <span class='ocrx_word' id='word_1_363' title='bbox 1966 2408 2059 2438; x_wconf 87' lang='lat' dir='ltr'>ver-</span> 
     </span>
     <span class='ocr_line' id='line_1_66' title="bbox 1182 2458 2055 2509; baseline -0.002 -9"><span class='ocrx_word' id='word_1_364' title='bbox 1182 2461 1250 2502; x_wconf 89' lang='lat' dir='ltr'>bis</span> <span class='ocrx_word' id='word_1_365' title='bbox 1294 2458 1588 2500; x_wconf 85' lang='lat' dir='ltr'>lacessebant.</span> <span class='ocrx_word' id='word_1_366' title='bbox 1645 2459 1859 2499; x_wconf 86' lang='lat' dir='ltr'>Artemid.</span> <span class='ocrx_word' id='word_1_367' title='bbox 1896 2460 1943 2509; x_wconf 89' lang='lat'>3,</span> <span class='ocrx_word' id='word_1_368' title='bbox 1979 2459 2055 2501; x_wconf 73' lang='lat'>4⁶2:</span> 
     </span>
     <span class='ocr_line' id='line_1_67' title="bbox 1182 2517 2062 2574; baseline -0.001 -11"><span class='ocrx_word' id='word_1_369' title='bbox 1182 2524 1263 2563; x_wconf 84' lang='grc' dir='ltr'>καὶ</span> <span class='ocrx_word' id='word_1_370' title='bbox 1295 2519 1457 2572; x_wconf 74' lang='grc' dir='ltr'><em>παῖδες</em></span> <span class='ocrx_word' id='word_1_371' title='bbox 1486 2525 1587 2572; x_wconf 81' lang='grc' dir='ltr'><em>τοῖς</em></span> <span class='ocrx_word' id='word_1_372' title='bbox 1613 2522 1929 2574; x_wconf 81' lang='grc' dir='ltr'><em>μαινομένοις</em></span> <span class='ocrx_word' id='word_1_373' title='bbox 1948 2517 2062 2562; x_wconf 82' lang='grc' dir='ltr'><em>ἀκο-</em></span> 
     </span>
     <span class='ocr_line' id='line_1_68' title="bbox 1183 2582 2061 2635; baseline -0.001 -9"><span class='ocrx_word' id='word_1_374' title='bbox 1183 2582 1461 2626; x_wconf 76' lang='grc' dir='ltr'><strong><em>λουθοῦσιν.</em></strong></span> <span class='ocrx_word' id='word_1_375' title='bbox 1489 2605 1533 2612; x_wconf 86' lang='grc'>-</span> <span class='ocrx_word' id='word_1_376' title='bbox 1560 2583 1733 2635; x_wconf 78' lang='lat' dir='ltr'>incauti]</span> <span class='ocrx_word' id='word_1_377' title='bbox 1766 2583 1881 2634; x_wconf 85' lang='lat' dir='ltr'>«alii,</span> <span class='ocrx_word' id='word_1_378' title='bbox 1914 2586 2061 2625; x_wconf 87' lang='lat' dir='ltr'>minus</span> 
     </span>
     <span class='ocr_line' id='line_1_69' title="bbox 1183 2645 2063 2699; baseline -0.002 -11"><span class='ocrx_word' id='word_1_379' title='bbox 1183 2649 1335 2699; x_wconf 87' lang='lat' dir='ltr'>utique</span> <span class='ocrx_word' id='word_1_380' title='bbox 1358 2647 1473 2687; x_wconf 90' lang='lat' dir='ltr'>cauti</span> <span class='ocrx_word' id='word_1_381' title='bbox 1494 2646 1697 2686; x_wconf 89' lang='lat' dir='ltr'>homines</span> <span class='ocrx_word' id='word_1_382' title='bbox 1718 2645 1852 2686; x_wconf 88' lang='lat' dir='ltr'>adulti</span> <span class='ocrx_word' id='word_1_383' title='bbox 1868 2657 2063 2698; x_wconf 91' lang='lat' dir='ltr'>sequun-</span> 
     </span>
     <span class='ocr_line' id='line_1_70' title="bbox 1184 2708 2063 2759; baseline -0.003 -9"><span class='ocrx_word' id='word_1_384' title='bbox 1184 2713 1254 2750; x_wconf 92' lang='lat' dir='ltr'>tur</span> <span class='ocrx_word' id='word_1_385' title='bbox 1284 2709 1402 2750; x_wconf 90' lang='lat' dir='ltr'>illam</span> <span class='ocrx_word' id='word_1_386' title='bbox 1423 2708 1692 2748; x_wconf 86' lang='lat' dir='ltr'>lascivorum</span> <span class='ocrx_word' id='word_1_387' title='bbox 1710 2718 1953 2759; x_wconf 91' lang='lat' dir='ltr'>puerorum</span> <span class='ocrx_word' id='word_1_388' title='bbox 1975 2710 2063 2747; x_wconf 88' lang='lat' dir='ltr'>tur-</span> 
     </span>
     <span class='ocr_line' id='line_1_71' title="bbox 1183 2770 2060 2822; baseline -0.002 -10"><span class='ocrx_word' id='word_1_389' title='bbox 1183 2772 1314 2821; x_wconf 87' lang='lat' dir='ltr'>bam,</span> <span class='ocrx_word' id='word_1_390' title='bbox 1339 2770 1459 2810; x_wconf 91' lang='lat' dir='ltr'>obliti</span> <span class='ocrx_word' id='word_1_391' title='bbox 1481 2782 1504 2809; x_wconf 88' lang='lat' dir='ltr'>a</span> <span class='ocrx_word' id='word_1_392' title='bbox 1526 2770 1701 2809; x_wconf 84' lang='lat' dir='ltr'>furiosis</span> <span class='ocrx_word' id='word_1_393' title='bbox 1723 2780 1822 2819; x_wconf 90' lang='lat' dir='ltr'>eos,</span> <span class='ocrx_word' id='word_1_394' title='bbox 1850 2770 1925 2821; x_wconf 88' lang='lat' dir='ltr'>qui</span> <span class='ocrx_word' id='word_1_395' title='bbox 1945 2781 2060 2822; x_wconf 89' lang='lat' dir='ltr'>pone</span> 
     </span>
     <span class='ocr_line' id='line_1_72' title="bbox 1185 2832 2057 2883; baseline -0.001 -9"><span class='ocrx_word' id='word_1_396' title='bbox 1185 2845 1262 2874; x_wconf 88' lang='lat' dir='ltr'>eos</span> <span class='ocrx_word' id='word_1_397' title='bbox 1284 2833 1513 2880; x_wconf 88' lang='lat' dir='ltr'>incedunt,</span> <span class='ocrx_word' id='word_1_398' title='bbox 1547 2832 1811 2883; x_wconf 88' lang='lat' dir='ltr'>praesertim</span> <span class='ocrx_word' id='word_1_399' title='bbox 1837 2832 2057 2879; x_wconf 87' lang='lat' dir='ltr'>irrisores,</span> 
     </span>
     <span class='ocr_line' id='line_1_73' title="bbox 1184 2893 2060 2947; baseline -0.006 -11"><span class='ocrx_word' id='word_1_400' title='bbox 1184 2895 1403 2947; x_wconf 87' lang='lat' dir='ltr'>lapidibus</span> <span class='ocrx_word' id='word_1_401' title='bbox 1434 2893 1712 2944; x_wconf 88' lang='lat' dir='ltr'>fustibusque</span> <span class='ocrx_word' id='word_1_402' title='bbox 1734 2893 1849 2944; x_wconf 86' lang='lat' dir='ltr'>abigi</span> <span class='ocrx_word' id='word_1_403' title='bbox 1871 2893 2060 2935; x_wconf 88' lang='lat' dir='ltr'>solere.»</span> 
     </span>
    </p>

    <p class='ocr_par' dir='ltr' id='par_1_15' title="bbox 1187 2955 2067 3440">
     <span class='ocr_line' id='line_1_74' title="bbox 1231 2955 2061 3013; baseline 0 -17"><span class='ocrx_word' id='word_1_404' title='bbox 1231 2956 1424 2997; x_wconf 74' lang='lat'>457-460.</span> <span class='ocrx_word' id='word_1_405' title='bbox 1448 2955 1643 3007; x_wconf 77' lang='lat' dir='ltr'>sublimis]</span> <span class='ocrx_word' id='word_1_406' title='bbox 1667 2957 1932 3013; x_wconf 71' lang='grc' dir='ltr'><em>«μετέωρος</em></span> <span class='ocrx_word' id='word_1_407' title='bbox 1949 2955 2061 2996; x_wconf 88' lang='lat' dir='ltr'>elato</span> 
     </span>
     <span class='ocr_line' id='line_1_75' title="bbox 1187 3019 2063 3069; baseline -0.001 -10"><span class='ocrx_word' id='word_1_408' title='bbox 1187 3022 1230 3059; x_wconf 86' lang='lat' dir='ltr'>et</span> <span class='ocrx_word' id='word_1_409' title='bbox 1259 3021 1515 3058; x_wconf 75' lang='lat' dir='ltr'>retroverso</span> <span class='ocrx_word' id='word_1_410' title='bbox 1538 3019 1678 3069; x_wconf 87' lang='lat' dir='ltr'>capite</span> <span class='ocrx_word' id='word_1_411' title='bbox 1706 3019 2063 3059; x_wconf 89' lang='lat' dir='ltr'>circumcursans</span> 
     </span>
     <span class='ocr_line' id='line_1_76' title="bbox 1187 3081 2064 3132; baseline 0.001 -13"><span class='ocrx_word' id='word_1_412' title='bbox 1187 3092 1273 3120; x_wconf 90' lang='lat' dir='ltr'>non</span> <span class='ocrx_word' id='word_1_413' title='bbox 1305 3081 1398 3120; x_wconf 88' lang='lat' dir='ltr'>sine</span> <span class='ocrx_word' id='word_1_414' title='bbox 1431 3081 1676 3130; x_wconf 86' lang='lat' dir='ltr'>arrogantia</span> <span class='ocrx_word' id='word_1_415' title='bbox 1701 3092 1847 3132; x_wconf 89' lang='lat' dir='ltr'>neque</span> <span class='ocrx_word' id='word_1_416' title='bbox 1870 3082 2064 3121; x_wconf 87' lang='lat' dir='ltr'>attentus</span> 
     </span>
     <span class='ocr_line' id='line_1_77' title="bbox 1187 3141 2063 3193; baseline -0.002 -10"><span class='ocrx_word' id='word_1_417' title='bbox 1187 3143 1243 3183; x_wconf 88' lang='lat' dir='ltr'>ad</span> <span class='ocrx_word' id='word_1_418' title='bbox 1265 3154 1332 3190; x_wconf 91' lang='lat' dir='ltr'>ea,</span> <span class='ocrx_word' id='word_1_419' title='bbox 1353 3153 1466 3193; x_wconf 87' lang='lat' dir='ltr'>quae</span> <span class='ocrx_word' id='word_1_420' title='bbox 1489 3141 1572 3182; x_wconf 92' lang='lat' dir='ltr'>sub</span> <span class='ocrx_word' id='word_1_421' title='bbox 1591 3143 1685 3181; x_wconf 92' lang='lat' dir='ltr'>eius</span> <span class='ocrx_word' id='word_1_422' title='bbox 1708 3141 1897 3193; x_wconf 89' lang='lat' dir='ltr'>pedibus</span> <span class='ocrx_word' id='word_1_423' title='bbox 1918 3143 2063 3182; x_wconf 82' lang='lat' dir='ltr'>sunt.»</span> 
     </span>
     <span class='ocr_line' id='line_1_78' title="bbox 1187 3203 2062 3256; baseline 0 -12"><span class='ocrx_word' id='word_1_424' title='bbox 1187 3204 1266 3245; x_wconf 81' lang='lat' dir='ltr'>Alii</span> <span class='ocrx_word' id='word_1_425' title='bbox 1287 3215 1366 3256; x_wconf 89' lang='lat' dir='ltr'>pro</span> <span class='ocrx_word' id='word_1_426' title='bbox 1389 3205 1639 3244; x_wconf 80' lang='lat' dir='ltr'>accusativo</span> <span class='ocrx_word' id='word_1_427' title='bbox 1660 3203 1774 3256; x_wconf 89' lang='lat' dir='ltr'>plur.</span> <span class='ocrx_word' id='word_1_428' title='bbox 1796 3204 2062 3251; x_wconf 87' lang='lat' dir='ltr'>habuerunt,</span> 
     </span>
     <span class='ocr_line' id='line_1_79' title="bbox 1189 3265 2066 3316; baseline -0.002 -9"><span class='ocrx_word' id='word_1_429' title='bbox 1189 3269 1334 3307; x_wconf 90' lang='lat' dir='ltr'>minus</span> <span class='ocrx_word' id='word_1_430' title='bbox 1366 3267 1517 3316; x_wconf 86' lang='lat' dir='ltr'>utique</span> <span class='ocrx_word' id='word_1_431' title='bbox 1548 3268 1697 3314; x_wconf 87' lang='lat' dir='ltr'>recte;</span> <span class='ocrx_word' id='word_1_432' title='bbox 1732 3277 1835 3306; x_wconf 85' lang='lat' dir='ltr'>nam</span> <span class='ocrx_word' id='word_1_433' title='bbox 1865 3267 1987 3306; x_wconf 86' lang='lat' dir='ltr'>esset</span> <span class='ocrx_word' id='word_1_434' title='bbox 2006 3265 2066 3304; x_wconf 79' lang='grc' dir='ltr'>εἰ·</span> 
     </span>
     <span class='ocr_line' id='line_1_80' title="bbox 1188 3328 2066 3387; baseline -0.001 -19"><span class='ocrx_word' id='word_1_435' title='bbox 1188 3331 1359 3387; x_wconf 73' lang='grc' dir='ltr'>ρωνε-,ἵα</span> <span class='ocrx_word' id='word_1_436' title='bbox 1388 3328 1663 3376; x_wconf 89' lang='lat' dir='ltr'>subrustica,</span> <span class='ocrx_word' id='word_1_437' title='bbox 1699 3330 1742 3367; x_wconf 91' lang='lat' dir='ltr'>et</span> <span class='ocrx_word' id='word_1_438' title='bbox 1768 3338 1979 3367; x_wconf 84' lang='lat' dir='ltr'>caesurae</span> <span class='ocrx_word' id='word_1_439' title='bbox 2001 3328 2066 3368; x_wconf 89' lang='lat' dir='ltr'>vis</span> 
     </span>
     <span class='ocr_line' id='line_1_81' title="bbox 1189 3388 2067 3440; baseline -0.002 -9"><span class='ocrx_word' id='word_1_440' title='bbox 1189 3392 1350 3432; x_wconf 87' lang='lat' dir='ltr'>obstat.</span> <span class='ocrx_word' id='word_1_441' title='bbox 1379 3411 1422 3418; x_wconf 94' lang='lat'>—</span> <span class='ocrx_word' id='word_1_442' title='bbox 1456 3401 1598 3430; x_wconf 76' lang='lat' dir='ltr'>versus</span> <span class='ocrx_word' id='word_1_443' title='bbox 1625 3388 1843 3440; x_wconf 77' lang='lat' dir='ltr'>ructatur]</span> <span class='ocrx_word' id='word_1_444' title='bbox 1885 3399 2067 3429; x_wconf 88' lang='lat' dir='ltr'>«versus</span> 
     </span>
    </p>
   </div>
   <div class='ocr_carea' id='block_1_14' title="bbox 1156 3450 2065 3495">
    <p class='ocr_par' dir='ltr' id='par_1_16' title="bbox 1156 3450 2065 3495">
     <span class='ocr_line' id='line_1_82' title="bbox 1156 3450 2065 3495; baseline -0.006 0"><span class='ocrx_word' id='word_1_445' title='bbox 1156 3485 1160 3495; x_wconf 87' lang='lat'>.</span> <span class='ocrx_word' id='word_1_446' title='bbox 1189 3456 1231 3493; x_wconf 89' lang='lat' dir='ltr'>et</span> <span class='ocrx_word' id='word_1_447' title='bbox 1266 3452 1510 3492; x_wconf 88' lang='lat' dir='ltr'>inconditos</span> <span class='ocrx_word' id='word_1_448' title='bbox 1542 3455 1584 3491; x_wconf 85' lang='lat' dir='ltr'>et</span> <span class='ocrx_word' id='word_1_449' title='bbox 1614 3452 1790 3491; x_wconf 90' lang='lat' dir='ltr'>insanos</span> <span class='ocrx_word' id='word_1_450' title='bbox 1821 3450 2065 3491; x_wconf 88' lang='lat' dir='ltr'>identidem</span> 
     </span>
    </p>
   </div>
  </div>
 </body>
</html>
