2231 3787
804 255 899 294 mis.
937 256 964 293 1.
1029 255 1189 293 ErisT.
1224 256 1328 294 xiv.
1882 252 1981 302 2507

231 387 468 437 Fratrem
510 385 818 446 maerentis,
864 393 1014 454 rapto
1055 383 1123 437 de
1166 384 1324 438 fratre
1367 384 1596 437 dolentis

234 485 610 543 insolabiliter,
652 496 829 540 tamen
869 486 1005 539 istuc
1044 503 1195 539 mens
1236 486 1558 556 animusque

230 590 352 641 Fert
391 598 444 641 et
483 598 624 642 amat
662 589 847 659 spatiis
887 588 1152 642 obstantia
1190 605 1443 658 rumpere
1484 586 1730 641 claustra.

229 692 368 743 Rure
410 707 510 759 ego
550 690 843 749 viventem,
886 699 941 743 tu
981 690 1114 744 dicis
1156 691 1206 742 in
1246 690 1379 744 urbe
1419 689 1665 752 beatum,
1925 690 1983 742 10

217 845 259 851 —
299 825 377 873 res]
408 836 482 863 rus
525 825 634 863 Dan.
681 825 898 865 Heinsius.
939 848 981 852 —
1018 825 1056 864 6.
1090 829 1278 865 moretur
1307 825 1389 864 LC.
1428 846 1471 852 —
1513 824 1552 864 9.
1587 829 1679 864 avet
1708 823 1930 864 Bentleius

212 887 481 926 coniectura.

160 1004 214 1042 de
247 1013 334 1053 quo
357 1014 395 1041 ν.
421 1002 499 1041 Od.
526 1004 571 1047 4,
606 1003 670 1042 ⁶26.
707 1004 749 1041 et
780 1002 825 1050 3,
862 1003 926 1041 117.
962 1003 1040 1042 llic

159 1065 286 1115 igitur
322 1067 426 1104 tunc
462 1063 639 1115 lugebat
670 1067 862 1104 mort-em
894 1066 1039 1113 Quinti

157 1128 312 1166 fratris.
352 1147 394 1154 —
438 1128 701 1176 quamvis--
727 1128 934 1178 moratur]
974 1129 1038 1167 De

158 1190 406 1237 indicativo,
427 1201 563 1239 quem
585 1190 672 1228 mei
697 1200 875 1240 quoque
895 1189 1035 1229 Codd.

159 1254 357 1301 lii-niant,
390 1252 491 1291 vide
523 1251 823 1299 Sclimidium,
858 1253 932 1302 qui
955 1253 1039 1292 im-

157 1315 307 1366 primis
324 1314 497 1354 confert
517 1315 624 1365 Epp.
646 1315 684 1362 i,
708 1315 774 1362 117,
793 1315 867 1353 <222
893 1326 1041 1364 quam-

156 1379 217 1417 vis
247 1378 331 1428 fers
360 1381 396 1416 te
424 1377 580 1416 millius
615 1381 811 1428 egentem.
864 1378 1037 1429 Inspice

157 1441 287 1479 etiam
320 1439 464 1489 Reisig
493 1440 585 1478 Lat.
622 1439 839 1488 Syracliw.
876 1438 915 1490 ἓ.
941 1440 1034 1479 305.

160 1525 204 1530 —-
231 1502 368 1551 pietas
396 1505 434 1540 et
461 1501 580 1552 cura]
615 1501 861 1541 «fraternus
894 1511 1035 1549 amor,

156 1574 244 1615 quo
289 1564 438 1602 Lamia
479 1564 621 1615 erepti
650 1564 795 1604 fratris
826 1564 1040 1603 recorda—

157 1628 240 1673 tur,
265 1628 310 1665 et
330 1626 582 1676 aegritudo,
607 1636 694 1676 qua
717 1627 1036 1673 consumam-3»

155 1700 264 1728 non:
301 1689 491 1728 «Horatii
513 1689 554 1727 in
576 1689 772 1729 Lamiam
796 1689 1035 1738 studium‚»

156 1750 332 1791 duobus
363 1751 430 1791 his
460 1762 584 1790 vocc.
604 1752 741 1801 pietas
770 1755 808 1790 et
836 1763 943 1791 cara
977 1753 1038 1791 si-

156 1814 434 1865 gnificatum,
469 1824 639 1864 neque:
685 1825 815 1853 «cara
852 1815 1033 1862 Horatii,

151 1877 286 1927 pietas
306 1875 525 1915 Lamiae.»
561 1876 723 1915 Contra
739 1877 876 1916 Voss:
910 1877 1034 1916 Lieb’

155 1940 260 1979 und
324 1939 632 1989 Besorqniss
699 1950 776 1978 um
839 1940 1033 1979 Lamia.

156 2005 350 2043 Passow:
401 2003 596 2053 Pflicht
637 2005 738 2042 unct
779 2004 926 2054 Sorq’
957 2014 1036 2042 um

157 2066 246 2104 den
295 2065 489 2104 Lamia.
557 2063 780 2115 Gargallo:
835 2065 975 2104 Cura
1018 2075 1038 2104 e

152 2127 295 2178 pieta
335 2128 383 2166 di
425 2128 611 2166 Lamia
653 2126 832 2166 bench&
871 2128 937 2166 mi
967 2128 1038 2165 ri-

157 2195 328 2240 [onya.
381 2188 466 2228 Sed
499 2189 580 2228 etsi
612 2189 768 2228 Cicero
804 2189 888 2228 hac
909 2189 1037 2239 signi-

157 2253 361 2291 ticatione
385 2251 489 2290 dixit
506 2251 702 2300 pietatem
722 2262 850 2302 erga,
883 2252 927 2290 in
957 2251 1040 2290 ali-

157 2325 276 2364 quem
294 2313 487 2353 amicum
506 2313 606 2364 (non
625 2313 1036 2363 consanguineum),

157 2377 430 2417 constructio
461 2377 611 2415 tamen
639 2386 742 2414 cum
764 2375 955 2426 genitivo
979 2376 1040 2414 ni-

158 2440 241 2478 ruis
273 2437 480 2488 ambigua
506 2439 758 2478 mansisset.
793 2439 927 2477 Recte
951 2438 1039 2477 iam

160 2501 317 2540 Dacier
346 2502 390 2540 et
419 2500 649 2540 Sanadon:
692 2512 792 2550 par
821 2501 871 2539 la
893 2500 1044 2550 piete’

159 2567 202 2602 ct
245 2563 295 2601 la
332 2563 547 2602 douleur
586 2564 642 2603 de
670 2563 870 2611 Lamia,
905 2564 1038 2612 atque

158 2626 349 2675 Burgos:
395 2625 492 2664 Del
521 2625 759 2664 dolorido
789 2625 970 2664 Lamia
999 2624 1041 2663 el

159 2688 485 2727 sentimiento
525 2699 553 2737 y
602 2688 652 2727 la
693 2688 889 2737 piedad
936 2687 1040 2726 sin-

159 2761 292 2789 cera.
338 2750 698 2790 Consentaneum
721 2752 837 2796 erat,
874 2751 921 2788 ut
941 2760 1043 2800 pro-

160 2814 258 2861 pter
287 2811 368 2851 hos
399 2812 517 2862 ipsos
537 2810 782 2852 versiculos
814 2812 929 2850 hanc
951 2812 1041 2862 epi-

161 2871 319 2911 stolam
349 2873 442 2912 sine
471 2885 596 2913 mora
616 2885 720 2913 cum
752 2874 897 2913 Lamia
922 2884 1042 2913 com-

163 2934 422 2982 municaret,
446 2946 591 2986 neque
610 2936 739 2985 igitur
757 2935 812 2986 (id
826 2936 946 2986 quod
965 2936 1042 2974 do-

164 3005 266 3034 cere
304 2995 500 3035 debebat
532 2999 736 3048 quemvis
764 3009 923 3038 sensus
946 2999 1039 3038 eius

165 3056 284 3107 quod
324 3056 466 3106 decet)
509 3070 596 3098 non
627 3070 755 3098 Suam
795 3059 850 3099 de
890 3060 1041 3099 Lamia

165 3128 340 3166 curam,
375 3118 455 3157 sed
485 3121 613 3159 unius
643 3122 819 3160 Lamiae
841 3120 1040 3161 dolorem

165 3189 418 3220 memorare
457 3182 644 3230 poterat.
696 3183 862 3222 Horatii
892 3186 1042 3223 autem

165 3253 297 3282 curae
328 3241 587 3292 significatio
619 3242 843 3284 sufficiens
863 3245 979 3285 inest
999 3246 1041 3284 in

165 3316 205 3343 v.
236 3308 444 3343 moratur.
495 3327 540 3331 —
584 3304 776 3343 Fratrem
795 3329 819 3335 -
842 3329 866 3335 -
885 3307 1040 3358 fraere]

166 3367 380 3417 Repetitio
404 3366 605 3405 eiusdem
638 3366 864 3415 vocabuli,
897 3369 1042 3418 ipsum

168 3423 536 3480 ὁμοιοτέλευτον
557 3439 579 3466 a
613 3428 763 3467 nescio
786 3439 873 3478 quo
895 3440 1044 3480 repre-

168 3490 378 3540 hensum,
411 3501 606 3541 sequens
629 3486 960 3540 ἑξασύλλαβον
983 3493 1040 3538 et,

1106 1005 1152 1042 ut
1181 1003 1380 1052 x'idetur,
1414 998 1544 1055 ἅπαξ
1574 1000 1834 1057 λεγόμενον
1856 1006 1987 1044 mira-

1104 1063 1250 1103 biliter
1281 1066 1456 1105 Lamiae
1480 1077 1732 1107 maerorem
1755 1068 1798 1106 et
1819 1065 1985 1106 luctum

1105 1128 1371 1178 exprimunt.
1423 1131 1575 1179 Aeque
1614 1128 1812 1180 lugubris
1850 1141 1986 1170 sonus

1106 1192 1173 1229 est
1211 1190 1434 1229 Homerici
1478 1189 1588 1231 illius
1624 1190 1742 1230 Iliad.
1776 1199 1841 1243 ψ,
1874 1193 1947 1231 221
1975 1205 1981 1230 ;

1104 1249 1276 1305 ψυχὴν
1335 1250 1609 1305 κικλήσκων
1669 1252 1986 1312 Πατροκλῆος

1104 1314 1298 1355 δειλοῖο.
1350 1339 1393 1346 ——
1442 1318 1666 1356 maerentis
1696 1340 1719 1346 -
1748 1341 1768 1346 -
1800 1317 1984 1369 dolentis]

1104 1379 1271 1418 Versus
1295 1379 1571 1427 huiusmodi,
1607 1391 1718 1431 quos
1741 1380 1887 1420 media
1910 1392 1986 1420 ae-

1105 1442 1171 1481 tas
1202 1441 1420 1480 Leoninos
1451 1440 1706 1492 appellavit,
1751 1443 1986 1494 reperiun-

1104 1505 1176 1543 tur
1204 1504 1294 1543 iam
1324 1505 1441 1555 apud
1480 1505 1740 1545 Homerum.
1792 1504 1911 1545 Iliad.
1938 1520 1982 1554 ν,

1104 1566 1206 1605 247:
1242 1560 1323 1616 ‘'Og
1361 1563 1493 1623 πάσῃ
1524 1565 1770 1624 Πλευρῶνι
1801 1569 1882 1608 καὶ
1911 1570 1987 1608 αἰ-

1106 1629 1242 1686 :celuy
1274 1626 1539 1669 Καλυδῶνι.
1591 1630 1749 1681 Odyss.
1786 1629 1835 1678 δ,
1879 1631 1982 1672 684:

1105 1687 1182 1743 Μὴ
1218 1688 1631 1744 μνηστεύσαντες,
1676 1691 1787 1745 μηδ’
1819 1688 1984 1732 ἄλλοθ’

1105 1750 1441 1806 ὁμαλή-σαντες.
1494 1754 1666 1795 Similes
1696 1754 1857 1806 Virgilii
1882 1767 1987 1795 ver—

1104 1828 1180 1857 sus
1218 1816 1394 1868 collegit
1429 1818 1625 1868 Wagner
1661 1818 1717 1857 ad
1749 1819 1906 1868 Georg.
1938 1819 1982 1865 4,

1105 1880 1217 1928 457.,
1260 1879 1450 1931 exempli
1489 1891 1623 1919 causa
1653 1882 1764 1919 Aen.
1800 1880 1845 1928 9,
1879 1880 1983 1919 6024:

1106 1942 1223 1980 Talia
1252 1942 1536 1980 iace-antem
1566 1942 1684 1980 dictis
1704 1953 1754 1980 ac
1775 1942 1871 1981 dira
1901 1942 1987 1982 Ca-

1102 2007 1311 2043 nentem.
1346 2003 1391 2051 9,
1416 2003 1516 2044 634:
1549 2005 1589 2051 I,
1611 2004 1775 2043 verbis
1792 2005 1988 2044 virtutem

1103 2065 1227 2105 illude
1245 2065 1485 2115 superbis.
1526 2066 1615 2106 Cic.
1636 2066 1691 2105 ad
1711 2068 1796 2105 Att.
1819 2067 1884 2115 12,
1909 2066 1984 2114 28,

1104 2129 1150 2167 2ῑ
1183 2129 1471 2168 Maerorem
1490 2129 1645 2178 minui,
1670 2128 1885 2168 dolorem
1903 2140 1985 2167 non

1099 2191 1218 2240 potui
1237 2201 1333 2239 nec,
1366 2191 1400 2229 si
1414 2201 1594 2241 possem,
1614 2191 1772 2230 vellem.
1797 2213 1841 2218 —-
1866 2190 1984 2241 istuc]

1107 2253 1173 2290 «in
1206 2262 1384 2302 agrum,
1426 2252 1501 2292 ubi
1539 2254 1584 2291 tu
1627 2263 1745 2292 nunc
1776 2263 1866 2292 es.»
1920 2252 1982 2292 Cf.

1105 2314 1231 2355 Hand
1253 2315 1377 2355 Turs.
1402 2316 1470 2354 111.
1494 2326 1537 2366 p.
1562 2314 1658 2355 466.
1688 2339 1733 2342 —
1756 2326 1870 2354 mens
1890 2316 1986 2354 ani-

1103 2378 1288 2428 masque]
1323 2374 1463 2427 «νοῦς
1492 2377 1573 2416 καὶ
1604 2373 1764 2428 θυμὸς
1790 2388 1862 2416 me
1884 2377 1987 2416 istuc

1103 2440 1206 2490 fert,
1259 2438 1443 2491 impellit
1489 2450 1591 2485 nie,
1643 2440 1692 2478 ut
1738 2438 1835 2478 istic
1885 2449 1984 2478 esse

1105 2501 1232 2553 longe
1265 2501 1439 2550 malim,
1475 2504 1519 2541 et
1548 2501 1684 2541 veluti
1706 2502 1749 2540 in
1770 2499 1884 2541 ludis
1907 2502 1987 2540 cir—

1106 2565 1316 2605 censibus
1370 2566 1473 2616 equi
1530 2564 1703 2604 feroces
1763 2564 1986 2615 quadrigis

1104 2628 1240 2667 iuncti
1271 2628 1556 2679 impatienter
1585 2628 1869 2678 exspectant,
1903 2626 1986 2666 do-

1105 2700 1189 2729 nec
1210 2700 1370 2741 mappa
1393 2700 1417 2727 a
1437 2690 1645 2740 praetore
1667 2689 1802 2728 missa
1826 2700 1849 2727 e
1871 2689 1988 2727 clau-

1103 2753 1200 2791 stris
1238 2753 1264 2791 i.
1304 2763 1342 2791 e.
1382 2749 1637 2790 carceribus
1669 2760 1825 2790 currus
1857 2750 1987 2790 emit—

1107 2817 1274 2862 tantur,
1323 2815 1371 2852 ut
1410 2814 1452 2852 in
1489 2811 1679 2852 liberum
1711 2813 1815 2852 circi
1846 2812 1988 2851 curri-

1107 2875 1254 2916 culum
1286 2877 1602 2927 prorumpant,
1646 2875 1709 2913 sic
1740 2885 1820 2925 ego
1852 2885 1986 2925 quam

1106 2939 1301 2991 primum
1331 2948 1407 2977 rus
1436 2937 1657 2988 proficisci
1690 2937 1862 2987 cupio.»
1907 2937 1989 2976 Ce-

1107 3004 1253 3041 terum
1293 3011 1406 3039 mens
1446 3001 1691 3048 animusque
1729 2998 1847 3037 haud
1885 3009 1985 3037 raro

1108 3065 1163 3102 ita
1197 3063 1448 3113 iunguntur.
1484 3061 1548 3101 Cf.
1573 3062 1749 3100 Terent.
1774 3060 1907 3099 Andr.
1935 3061 1976 3107 4,

1110 3126 1124 3163 4
1150 3157 1157 3172 ,
1194 3125 1294 3164 1137:
1328 3124 1447 3164 Mala
1475 3135 1611 3172 mens,
1643 3123 1780 3162 malas
1800 3123 1978 3162 animus.

1164 3248 1308 3287 40-20.
1356 3249 1465 3288 Rure
1492 3258 1565 3298 eqo
1588 3246 1690 3298 cet.]
1715 3247 1851 3295 «Ego,
1885 3243 1985 3293 quia

1107 3309 1468 3360 tranquillitatem
1526 3319 1692 3359 quaero
1747 3305 1984 3354 Sabinique

1108 3372 1196 3411 mei
1217 3372 1485 3411 amoenitate
1509 3369 1730 3416 delector,
1763 3377 1839 3405 rus
1859 3376 1986 3417 prae-

1109 3431 1223 3480 ser03
1258 3434 1303 3471 tu
1333 3432 1516 3479 urbem,
1550 3432 1592 3470 in
1614 3440 1700 3480 qua
1723 3428 1985 3479 cupiditates

1107 3495 1204 3533 tuas
1235 3492 1402 3533 facilius
1435 3491 1612 3543 expleas
1642 3491 1880 3539 minusque
1921 3488 1985 3528 la-
