2231 3787
282 236 380 289 774-

1096 236 1309 276 HORATH

354 370 415 421 Et
453 368 734 439 longorum
776 384 1001 438 operum
1041 366 1183 419 finis:
1226 383 1291 419 ne
1331 366 1464 418 forte
1503 365 1695 435 pudori

353 470 429 523 Sit
468 468 559 522 tibi
601 470 749 521 Musa
790 467 940 541 lyrae
981 467 1171 520 sollers
1211 475 1263 520 et
1303 475 1490 520 cantor
1527 466 1729 537 Apollo.

354 572 552 624 Natura
590 570 742 623 fieret
780 567 1050 621 laudabile
1091 585 1334 629 carmen,
1377 585 1443 621 an
1483 577 1621 621 arte.

354 672 670 737 Quaesitum
710 679 814 723 est:
857 686 959 740 ego
999 686 1099 723 nec
1137 668 1373 722 studium
1413 669 1528 722 sine
1567 668 1729 722 divite
1771 685 1926 727 vena,

351 776 461 827 Nec
500 772 634 825 rude
675 771 805 842 quid
845 771 1016 841 possit
1053 771 1214 825 video
1254 771 1554 842 ingenium3
1597 770 1817 825 alterius
1857 770 1934 823 sic
2009 770 2110 822 4110

353 875 531 928 Altera
570 873 743 944 poscit
781 890 940 943 opem
982 890 1069 927 res
1110 882 1162 926 et
1201 873 1446 927 coniurat
1486 873 1673 926 amice.

391 1025 485 1065 407.
519 1025 613 1073 lyra
643 1024 778 1063 Iahnii
810 1026 853 1063 et
883 1024 1086 1063 Meinekii
1116 1034 1295 1075 operae.
1335 1045 1380 1051 —
1414 1023 1546 1062 soleas
1573 1023 1620 1062 B.
1651 1045 1693 1049 -
1729 1022 1824 1064 409.
1860 1024 2058 1073 Quaesitu

342 1090 464 1128 (cum
495 1086 653 1127 lineola
684 1098 819 1138 super
848 1085 926 1126 litt.
951 1088 997 1135 u)
1043 1090 1154 1137 steqo
1199 1086 1246 1135 (i.
1272 1096 1311 1124 e.
1348 1086 1642 1134 Quaesitum'st
1670 1085 1764 1136 eqo)
1796 1086 1844 1125 B.
1881 1110 1925 1115 —
1960 1086 2054 1127 440.

338 1151 407 1200 qui
439 1150 480 1190 d.
517 1172 562 1179 —
592 1151 726 1200 prosit
756 1149 934 1198 Bchd,
968 1159 1124 1189 omnes
1158 1146 1431 1193 Hochederi.
1468 1148 1568 1187 LCt.
1605 1148 1668 1198 (Ut
1698 1159 1803 1196 nos,
1839 1149 1898 1199 S.)

286 1283 505 1333 Dionysiis
535 1285 638 1332 τοῖς
668 1282 769 1320 κατ’
799 1276 979 1336 ἀγροὺς
1010 1292 1166 1321 11161156

284 1345 530 1385 Posideone
564 1346 612 1394 (5.
633 1343 886 1394 Deccmbri)
912 1341 1165 1391 celebratis,

285 1420 399 1459 quae
430 1406 561 1448 simul
592 1418 780 1459 operum
816 1407 1084 1446 rusticorum
1115 1405 1168 1444 fi-

285 1482 390 1511 nem
407 1470 672 1511 faciebant.»
695 1493 739 1497 —
757 1470 810 1510 Et
825 1470 1046 1521 lonqorum
1064 1467 1166 1519 cet]

287 1536 355 1574 «in
377 1535 511 1574 finem
532 1533 765 1584 longorum
788 1543 1018 1584 operum.»
1048 1532 1167 1571 HANn

287 1599 411 1637 Turs.
443 1598 494 1636 ΙΙ.
526 1608 568 1648 p.
593 1596 687 1637 483.
725 1618 770 1623 -
803 1607 854 1635 ne
881 1596 988 1645 forte
1012 1595 1169 1644 pudori
1199 1631 1202 1639 .

288 1660 391 1712 cet]
427 1659 654 1707 «Po'esis,»
677 1659 841 1709 inquit,
879 1669 976 1698 uars
999 1660 1066 1697 est
1085 1669 1169 1697 no-

286 1721 522 1769 bilissima3
551 1722 758 1772 quocirca
778 1721 872 1760 sine
890 1719 978 1759 ullo
995 1719 1167 1772 pudore

288 1786 438 1835 (quem
470 1783 701 1823 affectasse
738 1784 981 1822 etiamtunc
1010 1782 1170 1821 viden-

286 1850 358 1886 tur
388 1846 602 1886 nobilium
625 1848 928 1886 Romanorum
958 1844 1166 1896 nonnulli)

289 1921 390 1949 eam
421 1920 634 1949 exercere
664 1909 875 1960 poteris.»
924 1911 1028 1948 Arte
1061 1919 1167 1948 sane

288 1972 487 2022 egregia,
524 1974 762 2022 postquam
793 1972 1000 2011 Pisonem
1029 1982 1168 2023 prope

289 2035 571 2074 deterruerat
591 2046 615 2074 a
636 2034 820 2085 po'e'ticis
837 2034 992 2074 studiis
1017 2035 1069 2083 (V.
1091 2034 1170 2074 385

289 2098 429 2148 sqq),
477 2098 686 2136 iuvenem
726 2108 843 2136 nunc
875 2097 931 2136 ad
962 2108 1062 2136 eam
1092 2108 1171 2137 co-

289 2159 469 2199 lendam
489 2157 560 2198 vel
591 2162 712 2198 certe
744 2159 787 2198 in
816 2160 934 2199 veris
966 2160 1061 2199 eius
1083 2159 1172 2199 cul-

290 2222 461 2262 toribus
489 2220 797 2261 honorandam
817 2233 972 2262 rursus
994 2223 1169 2262 excitat.

295 2306 338 2311 —
365 2284 483 2332 lyrae
512 2283 665 2333 sollers]
699 2294 839 2334 «quae
871 2282 1000 2323 callet
1028 2286 1171 2324 artem

290 2346 497 2385 carminis
527 2344 652 2395 lyrici
683 2345 814 2396 eique
846 2356 950 2385 cum
972 2345 1171 2397 Apolline

289 2410 470 2459 praeest
520 2418 555 2447 5.
610 2408 906 2459 patrocinium
955 2407 1170 2459 praebet,

290 2470 591 2521 leierkundiy.»
627 2493 671 2497 —
711 2474 861 2509 cantor
888 2470 1051 2522 Apollo]
1097 2471 1173 2522 qui

292 2534 335 2572 in
366 2532 515 2572 multis
548 2532 786 2584 sculpturis
818 2535 861 2572 et
891 2534 1087 2574 nummis
1108 2534 1173 2574 ci-

291 2595 496 2635 tharoedi
545 2595 696 2634 habitu
742 2596 1028 2647 exprimitur:
1091 2596 1173 2636 sed

290 2668 498 2696 nummos
531 2668 631 2697 cum
664 2659 948 2709 inscriptione
969 2659 1175 2698 APOLLI-

291 2721 381 2759 NJS
424 2721 705 2766 CANTORIS,
753 2731 865 2771 quos
909 2721 1172 2772 Doeringius

294 2784 534 2831 memorat,
568 2793 812 2833 nusquam,
849 2794 904 2822 ne
935 2784 1048 2823 inter
1078 2783 1174 2823 Gol—

292 2845 457 2884 tzianos
506 2845 712 2896 quidem,
759 2847 966 2898 repperi:
1016 2847 1174 2886 confu-

292 2905 409 2946 disse
441 2912 653 2947 cantorem
683 2909 858 2948 videtur
888 2920 990 2950 cum
1011 2910 1174 2949 APOL-

292 2969 413 3007 LINE
447 2970 804 3010 CITHAROEDO.

348 3030 550 3071 408-4411.
583 3033 751 3071 Natura
785 3033 887 3085 cet]
920 3034 1048 3073 Brevi
1071 3044 1170 3073 mox

292 3095 630 3144 praecepturus.
666 3095 891 3145 quomodo
914 3094 1174 3135 educandus

292 3154 639 3206 formandusque
671 3157 725 3196 sit
754 3168 888 3197 verus
919 3158 989 3196 hic
1027 3160 1170 3208 poeta,

290 3218 412 3267 prius
451 3219 586 3269 tangit
617 3220 924 3270 quaestionem
962 3220 1173 3270 frequen-

293 3282 360 3318 ter
376 3278 432 3318 ab
454 3281 646 3331 antiquis
667 3282 924 3321 institutam.
955 3281 1082 3321 Redit
1099 3293 1174 3321 au-

292 3343 381 3380 tem
427 3343 761 3392 quodammodo
806 3343 859 3383 ad
906 3355 946 3382 v.
981 3345 1074 3384 295.
1119 3357 1170 3384 ex

1234 1280 1367 1320 darus
1407 1279 1588 1331 quidem
1620 1282 1804 1320 naturae
1835 1282 2002 1332 primas
2032 1281 2113 1322 de-

1233 1343 1317 1384 fert
1339 1342 1514 1394 Olymp.
1534 1344 1574 1391 ἓ,
1600 1343 1676 1383 86;
1711 1339 1872 1393 σοφὸς
1902 1337 1930 1382 ὁ
1961 1340 2114 1383 πολλὰ

1232 1401 1368 1455 εἰδώς
1411 1402 1544 1459 φυᾷ·
1590 1402 1834 1457 μαθόντες
1861 1404 1912 1446 δὲ
1941 1403 2114 1464 λάβροι

1231 1466 1581 1522 Παγγλωσσίᾳ,
1612 1464 1818 1525 κόρακες
1838 1462 1919 1519 ὥς,
1941 1463 2115 1526 ἄκραν-

1232 1543 1291 1570 τα
1342 1526 1574 1587 γαρύετον
1624 1526 1739 1581 Διὸς
1782 1527 1902 1588 πρὸς
1944 1527 2115 1586 ὄρνιχα

1231 1594 1380 1634 θεῖον.
1431 1594 1543 1633 Cum
1574 1594 1753 1633 Horatio
1789 1594 1892 1634 facit
1919 1594 2041 1635 Plato
2071 1597 2114 1635 in

1232 1656 1436 1697 Phaedro
1465 1666 1565 1707 pag.
1590 1656 1684 1696 269.
1718 1657 1779 1696 D:
1821 1656 1882 1696 Εἰ
1908 1659 1998 1710 μέν
2034 1670 2116 1698 σοι

1233 1715 1438 1776 ὑπάρχει
1495 1715 1644 1768 φύσει
1686 1714 1926 1777 ῥητορικῷ
1974 1716 2112 1769 εἶναι,

1231 1777 1331 1823 ἔσει
1374 1777 1533 1838 ῥήτωρ
1576 1778 1855 1836 ἐλλόγιμος,
1903 1782 2116 1840 προσλα-

1231 1843 1334 1896 βών
1354 1843 1626 1897 ἐπιστήμην
1649 1846 1730 1885 καὶ
1749 1844 1966 1899 μελέτην.
2004 1848 2115 1887 Item

1199 1915 1203 1949 i
1234 1909 1390 1949 Cicero
1419 1919 1501 1960 pro
1532 1908 1693 1948 Archia
1724 1909 1764 1957 7,
1792 1909 1863 1949 45:
1895 1910 1986 1961 E90
2015 1921 2116 1950 eon-

1233 1973 1352 2011 tendo
1364 2004 1376 2020 ,
1409 1982 1504 2010 cum
1532 1971 1589 2010 acl
1607 1975 1810 2010 naturam
1829 1972 2034 2011 eximiam
2054 1977 2118 2012 at-

1234 2046 1313 2085 que
1349 2034 1550 2073 illustrem
1586 2035 1803 2073 accesserit
1837 2035 1950 2075 ratio
1985 2046 2116 2084 quae-

1234 2098 1332 2136 dam
1360 2096 1718 2147 conformatioque
1755 2097 1990 2148 doetrinae,
2030 2101 2117 2138 tum

1234 2160 1338 2199 illud
1365 2159 1501 2199 neseio
1532 2159 1632 2208 quid
1658 2159 1931 2209 praeclarum
1959 2171 2010 2200 ae
2028 2161 2117 2200 sin—

1233 2223 1384 2274 qulare
1426 2222 1555 2262 solere
1595 2222 1805 2263 exsistere.
1845 2245 1891 2250 —
1935 2223 2118 2262 studium

1234 2285 1321 2324 sine
1360 2284 1484 2323 divite
1517 2284 1643 2335 vena]
1689 2286 1739 2324 ut
1767 2286 1836 2326 est
1864 2286 1956 2325 tota
1987 2285 2117 2326 Calli—

1236 2347 1384 2387 machi
1422 2346 1585 2397 poesiS.
1631 2347 1879 2398 Desumpta
1916 2349 1983 2388 est
2020 2358 2117 2388 me-

1235 2410 1422 2461 taphora
1453 2408 1509 2447 ab
1532 2409 1625 2447 auri
1647 2409 1910 2460 argentique
1930 2411 2057 2451 venis
2075 2412 2116 2451 in

1236 2471 1438 2512 metallis.
1476 2472 1722 2523 Opponitur
1750 2472 1883 2511 tenuis
1910 2477 1948 2512 et
1978 2485 2117 2525 anqu-

1234 2540 1299 2575 sta
1327 2534 1482 2586 ingenii
1509 2545 1638 2583 vena,
1674 2533 1847 2582 Quintil.
1873 2535 1912 2584 6,
1936 2536 1976 2583 2,
2000 2536 2040 2576 3.
2070 2559 2113 2564 —

1237 2599 1336 2648 quid
1362 2598 1502 2648 possit]
1547 2596 1683 2647 «quid
1721 2598 1869 2648 magni
1899 2609 1952 2637 ac
1981 2599 2117 2638 dura-

1237 2662 1321 2700 turi
1345 2661 1482 2712 possit
1504 2659 1727 2699 efficere.»
1749 2660 2008 2700 Lectionem
2021 2672 2119 2710 pos-

1235 2725 1288 2763 sit
1315 2723 1448 2774 pauci
1479 2721 1662 2772 quidem
1692 2732 1776 2761 nec
1810 2722 2011 2775 (excepto
2043 2735 2118 2763 no—

1236 2789 1328 2827 stro
1359 2786 1398 2836 S)
1431 2784 1558 2824 valde
1588 2784 1694 2824 boni
1725 2785 1863 2825 Codd.
1888 2786 2114 2837 exhibent,

1235 2847 1371 2888 veluti
1401 2847 1520 2898 apud
1551 2846 1799 2887 Gonodium
1826 2848 1934 2888 Cod.
1958 2850 2118 2901 Regius

1237 2911 1302 2950 32.
1328 2911 1424 2949 Sec.
1449 2910 1557 2957 XV.,
1580 2920 1696 2950 unus
1716 2910 1854 2958 Feae,
1878 2921 1994 2952 unus
2014 2913 2117 2951 Lui-

1237 2973 1337 3018 sini,
1372 2982 1486 3012 unus
1517 2971 1699 3012 Fabricii
1731 2974 1774 3012 et
1804 2971 1971 3024 aliquot
1992 2976 2117 3014 Lam-

1236 3034 1347 3082 bini,
1382 3045 1482 3074 cum
1515 3033 1642 3085 longe
1672 3033 1849 3086 plurimi
1880 3035 2118 3077 exhibeant

1232 3097 1378 3147 prosit.
1413 3098 1617 3135 Attamen
1651 3098 1851 3136 nostram
1879 3095 2115 3138 lectionem

1237 3160 1342 3199 satis
1387 3159 1529 3198 munit
1567 3169 1669 3198 cum
1707 3159 1850 3209 gravis
1879 3160 2117 3200 auctoritas

1236 3221 1410 3261 loannis
1442 3219 1781 3261 sarisberiensis
1811 3219 1954 3261 Metal.
1980 3221 1996 3260 4
2019 3252 2027 3269 ,
2055 3221 2113 3266 8.,

1237 3284 1311 3323 ubi
1344 3285 1388 3323 et
1409 3282 1513 3322 editi
1535 3285 1579 3322 et
1599 3284 1700 3323 Mss.
1718 3283 1863 3332 possit,
1895 3284 1989 3322 tum
2012 3293 2117 3323 sen-

1237 3357 1312 3386 sus
1358 3347 1477 3397 ipse,
1525 3348 1574 3384 ut
1618 3345 1940 3386 demonstravit
1982 3345 2117 3384 Bent-

292 3403 426 3453 ipsius
457 3409 726 3457 praecepto:
775 3407 976 3456 Pleraque
1006 3408 1173 3458 differat
1236 3407 1370 3448 leius:
1419 3408 1553 3458 «Quid
1577 3408 1727 3458 possit,
1759 3408 1804 3447 τί
1832 3403 2009 3447 δύναιτ’
2037 3402 2113 3454 ἄν,

289 3469 325 3503 et
350 3477 551 3514 praesens
580 3469 620 3507 in
654 3474 811 3519 tempus
841 3470 1015 3509 omittat.
1070 3470 1172 3509 Pin-
1236 3470 1341 3521 quid
1372 3469 1615 3520 laudabile,
1648 3470 1754 3520 quid
1783 3470 2009 3521 egregium
2041 3480 2116 3521 pa-
