2231 3787
252 216 318 266 50

885 213 1101 253 HORATII
1133 212 1435 254 SATIRARUM

251 345 518 401 Rusticius
559 352 711 397 tonso
751 351 873 415 toga
914 343 1101 397 dessuit
1138 352 1190 397 et
1230 342 1368 396 male
1410 341 1559 394 laxus

250 450 308 501 In
344 447 485 519 pede
524 446 738 501 calceus
778 445 990 499 haeret:
1034 454 1085 498 at
1124 453 1208 498 est
1244 445 1449 505 bonus,
1492 451 1549 496 ut
1586 441 1777 495 melior
1815 441 1896 495 vir

249 551 364 604 Non
403 548 538 602 alius
578 548 893 619 quisquam,
937 555 989 600 at
1027 546 1119 600 tibi
1160 547 1389 609 amiCUS,
1433 554 1485 598 at
1522 543 1797 616 ingenium
1838 544 2024 615 ingens

249 650 451 705 Inculto
490 650 616 704 latet
653 649 757 703 hoc
796 649 897 703 sub
937 665 1182 720 corpore.

247 754 511 815 Concute,
553 770 682 804 num
719 768 827 822 qua
866 750 958 803 tibi
996 749 1248 803 vitiorum
1288 747 1545 802 inseverit
1582 746 1708 800 olim

1259 647 1507 718 Denique
1546 654 1598 699 te
1639 646 1817 716 ipsum

2008 746 2075 799 35

248 856 446 908 Natura
486 861 576 906 aut
613 852 773 905 etiam
812 850 1150 905 consuetudo
1191 849 1358 914 mala3
1399 866 1634 920 namque

247 954 512 1025 Neglectis
551 952 759 1007 urenda
796 951 906 1004 filix
945 951 1239 1004 innascitur
1277 951 1437 1022 agris.

249 1055 377 1110 Illuc
417 1062 849 1126 praevertemur,
893 1061 1188 1106 amatorem
1227 1052 1375 1124 quod
1415 1052 1620 1107 amicae

365 1198 431 1239 34.
464 1197 652 1249 corpore]
678 1200 846 1246 pectore
874 1195 937 1235 bd
969 1196 1013 1235 et
1042 1206 1156 1234 corr.
1183 1206 1221 1244 c,
1254 1196 1362 1235 item
1391 1194 1617 1236 «Lambini
1648 1194 1814 1246 aliquot
1845 1195 2025 1238 codices

305 1263 348 1301 et
386 1259 617 1301 Pulmanni
656 1259 962 1310 Torrentiique
1001 1258 1134 1308 atque
1173 1259 1384 1308 quattuor
1421 1269 1474 1298 ex
1515 1258 1720 1298 nostris.»

1784 1259 1938 1299 BENTL.
1977 1282 2021 1288 -

306 1323 373 1364 35.
404 1335 506 1363 mom
535 1323 607 1362 tibi
639 1322 739 1372 quid
769 1333 807 1362 c.
845 1342 889 1349 ——
922 1321 1117 1360 insederit
1150 1320 1239 1371 (sic)
1274 1330 1499 1372 superscr.
1533 1321 1709 1360 inseruit
1738 1320 1781 1360 b.

307 1448 455 1488 311-37.
502 1447 725 1498 Rusticius]
772 1447 901 1496 iunge
948 1455 1050 1484 cum
1089 1456 1130 1484 v.

251 1517 368 1552 tonso
400 1510 644 1549 dumtaxat.
681 1532 725 1537 —
759 1507 913 1560 defluit]
951 1517 1135 1558 «parum

253 1577 354 1625 apte
388 1573 635 1623 composita
658 1572 768 1611 est.»
806 1593 846 1600 —
882 1569 1138 1609 malelaoeus

251 1659 273 1665 -
294 1658 316 1664 -
337 1634 491 1685 haeret]
525 1633 669 1673 Schol.
697 1634 831 1683 Cruq.
855 1632 969 1671 haec
1000 1631 1136 1670 adno-

251 1698 376 1737 tavit:
421 1697 554 1736 «male
590 1697 739 1744 laxus,
786 1693 976 1734 multum
1010 1692 1135 1733 laxus

251 1759 391 1811 (Hand
430 1759 552 1799 Turs.
596 1760 664 1798 III.
707 1770 750 1809 p.
793 1756 933 1808 584..ss
967 1756 1135 1796 —-sed

250 1822 410 1862 melius
433 1821 637 1862 dicemus
658 1821 768 1861 male
788 1821 950 1870 haeret,
984 1820 1029 1859 id
1051 1820 1132 1866 est,

251 1886 512 1926 indecenter
541 1883 610 1924 vel
642 1895 732 1923 non
754 1884 955 1923 haeret.»
992 1884 1135 1933 Atque

251 1960 298 1988 re
329 1959 438 1988 vera
469 1947 554 1986 adi.
589 1948 716 1987 laxus
744 1945 814 1986 vel
855 1947 948 1985 sine
986 1945 1136 1984 addito

252 2011 352 2050 adv.
375 2010 486 2050 male
516 2009 733 2060 significat
754 2007 956 2048 calceum
976 2016 1137 2059 parum

251 2071 445 2113 habilem
469 2073 513 2111 et
542 2074 694 2123 aptum
719 2071 775 2110 ad
805 2070 994 2122 pedem;
1029 2080 1139 2109 con-

252 2139 320 2176 tra
352 2134 595 2175 Heindorfii
624 2145 738 2173 vana
761 2135 829 2174 est¹
859 2134 1031 2185 opinio:
1067 2132 1138 2170 «In

253 2199 410 2238 haeret
448 2198 546 2248 Zieyt
583 2198 656 2236 der
694 2196 864 2247 Manqel
903 2197 970 2234 des
1011 2195 1139 2246 festen

253 2261 474 2300 SelilasseS.
526 2260 668 2299 Immo
698 2259 743 2297 in
768 2259 871 2307 pede
900 2258 1041 2297 haeret
1072 2259 1140 2296 est

257 2322 385 2374 «pedi
428 2320 642 2372 (firmiter)
687 2319 843 2360 affixus
885 2321 993 2360 est.»
1057 2319 1135 2358 Od.

256 2386 301 2433 4,
338 2384 411 2432 47,
445 2384 519 2423 27:
552 2383 789 2422 haerentem
818 2393 1022 2421 coronam
1052 2381 1142 2421 Cri-

254 2447 389 2487 nibus.
450 2446 538 2484 Sat.
574 2446 622 2494 4,
657 2446 729 2493 40,
771 2444 847 2485 49:
893 2445 1142 2483 Haerentem

255 2509 420 2559 capiti-
437 2530 456 2537 -
474 2518 689 2547 coronam.
724 2506 832 2558 (Vid.
858 2503 1142 2546 Funkhaenel

258 2573 301 2610 in
322 2570 515 2610 Zeitschr.
538 2569 568 2619 f.
587 2569 801 2608 Alterthw.
822 2567 943 2607 4844..
963 2579 1006 2618 p.
1029 2566 1139 2617 698.)

258 2633 324 2673 Ad
341 2631 609 2672 sententiam
626 2629 742 2669 conf.
763 2629 981 2680 Theophr.
1007 2629 1138 2668 Char.

261 2695 309 2735 4:
359 2690 386 2734 ὁ
418 2692 468 2734 δὲ
508 2688 739 2750 ἄγροικος
778 2689 1002 2742 τοιοῦτός
1046 2703 1140 2741 τις,

263 2751 367 2807 οἷος
388 2780 412 2786 -
431 2779 454 2785 -
473 2757 615 2809 μείζω
646 2752 732 2795 τοῦ
764 2752 913 2805 ποδὸς
941 2750 1002 2794 τὰ
1024 2749 1144 2794 ὑπο-

262 2817 455 2873 δήματα
499 2822 683 2876 φορεῖν.
747 2818 868 2858 ovid.
912 2818 961 2857 A.
1004 2818 1052 2857 A.
1094 2818 1142 2866 4,

267 2883 347 2923 546
368 2894 376 2921 z
410 2882 494 2921 Nee
522 2892 656 2932 vagus
676 2881 720 2920 in
741 2881 847 2919 laxa
860 2891 934 2930 pes
954 2879 1025 2918 tibi
1039 2878 1147 2929 pelle

264 2948 392 2985 natet.
456 2942 630 2991 Quintil.
657 2943 731 2991 44,
766 2942 811 2990 3,
847 2942 947 2981 437;
991 2945 1147 2992 ettoqa

265 3012 304 3047 et
323 3007 484 3046 calceus
505 3010 542 3045 et
568 3005 744 3055 capillus
773 3009 859 3044 tam
883 3005 1017 3043 mimia
1042 3015 1148 3043 cura

268 3079 397 3118 qaam
414 3068 664 3119 neyliqentia
680 3071 774 3106 sant
794 3066 1144 3116 reprehendenda.

273 3153 317 3160 -·
344 3134 431 3170 at-
451 3153 475 3159 -
497 3134 583 3169 at-
603 3152 626 3158 -
648 3129 704 3180 at]
738 3128 912 3181 Triplex
933 3133 977 3167 αι
998 3129 1060 3168 sic
1082 3129 1149 3168 est

271 3192 390 3244 apud
411 3192 500 3232 Cic.
525 3191 580 3230 ad
611 3192 730 3231 Fam.
755 3191 804 3239 2,
839 3191 913 3238 45,
946 3189 986 3230 4.
1019 3190 1146 3228 Verr.

272 3255 320 3304 3,
363 3254 408 3302 4,
455 3254 495 3293 8.
542 3275 586 3281 —-
634 3252 719 3303 tibi]
766 3263 988 3302 «quocum
1032 3261 1150 3291 nunc

273 3319 422 3369 ipsum
466 3313 754 3365 colloquor»,
795 3324 883 3353 non
940 3314 1152 3353 «Maece—

275 3379 407 3427 nati»,
432 3379 481 3417 ut
500 3376 569 3417 alii
590 3375 834 3428 explicant,
859 3385 945 3426 quo
968 3374 1151 3425 quidem

278 3439 380 3480 nihil
412 3439 714 3479 inconcinnius
737 3437 886 3477 dicere
916 3438 1148 3488 potuisset.

1202 1467 1244 1472 —
1279 1444 1451 1496 Inculto]
1485 1444 1540 1484 de
1573 1445 1738 1485 amictu
1768 1444 1987 1497 neglecto.
2022 1447 2076 1498 (v.

1199 1507 1282 1558 34.)
1310 1529 1354 1535 —
1379 1511 1416 1546 te
1436 1508 1586 1559 ipsam]
1608 1509 1705 1548 Non
1726 1510 1818 1549 tam
1839 1503 2080 1559 εὐφωνίας

1199 1580 1334 1610 causa
1375 1570 1438 1609 sic
1479 1570 1656 1621 scripsit
1692 1581 1775 1622 pro
1816 1575 1852 1611 te
1881 1572 1992 1622 ipse,
2033 1574 2082 1612 ut

1200 1633 1405 1683 opinatus
1424 1633 1490 1671 est
1506 1632 1720 1683 Reisigius
1736 1633 1839 1683 (Lat.
1853 1633 2078 1684 Sprachw.

1198 1706 1242 1746 p.
1267 1694 1396 1745 365),
1431 1694 1511 1734 sed
1540 1695 1625 1744 ipse
1655 1694 1923 1745 significaret
1953 1706 1978 1734 a
2003 1707 2083 1736 ne-

1200 1757 1319 1796 mine
1370 1756 1453 1796 alio
1504 1768 1608 1797 eum
1658 1758 1834 1798 concuti
1882 1757 2080 1807 debere3

1199 1820 1335 1869 ipsum
1366 1821 1521 1859 contra
1551 1820 1694 1869 hunc,
1728 1831 1864 1871 quem
1895 1819 2084 1872 alloqui-

1200 1883 1293 1931 tur,
1341 1880 1435 1921 aliis
1481 1882 1688 1922 omnihus
1730 1882 1933 1934 opponit,
1981 1884 2083 1923 ante

1203 1954 1315 1994 quos
1358 1944 1556 1995 primum
1601 1946 1747 1984 semet
1790 1946 1937 1997 ipsum
1977 1956 2085 1984 exa-

1202 2006 1374 2045 minare
1398 2005 1578 2046 debeat.
1606 2029 1650 2035 ——
1677 2007 1868 2058 Concuce]
1892 2008 2082 2058 imagine

1203 2067 1441 2119 desumpta
1482 2067 1537 2107 ab
1571 2079 1647 2116 eo,
1692 2069 1766 2119 qui
1801 2068 1946 2108 furem
1977 2080 2086 2109 con-

1203 2131 1334 2170 cutit:
1376 2131 1598 2170 rittteln.
1659 2131 1707 2170 In
1742 2141 1875 2182 prosa
1905 2142 1970 2170 or.
1995 2131 2086 2171 fre-

1203 2193 1411 2244 quentius
1445 2194 1708 2232 «excutere»
1738 2204 1819 2244 pro
1852 2191 2086 2244 diligenter

1204 2253 1450 2306 explorare.
1487 2256 1759 2307 Comparant
1775 2255 1973 2306 quidem,
1992 2266 2082 2295 non

1204 2319 1353 2356 tamen
1382 2328 1569 2369 prorsus
1592 2320 1710 2369 apte,
1743 2318 1860 2368 Virg.
1889 2319 1998 2358 Aen.
2032 2319 2055 2358 7
2074 2350 2083 2367 ,

1203 2379 1307 2419 338:
1353 2380 1593 2419 Fecundum
1631 2384 1802 2419 concute
1830 2384 1998 2430 pectus,
2045 2381 2090 2420 et

1203 2443 1353 2481 Iuven.
1381 2443 1453 2490 40,
1477 2443 1578 2482 3⁵27:
1613 2447 1650 2482 et
1669 2453 1708 2481 se
1732 2443 1979 2482 Concussere
1999 2453 2089 2482 ατη-

1204 2504 1302 2553 bae,
1336 2504 1380 2544 id
1413 2506 1502 2553 est,
1539 2505 1622 2544 «ad
1652 2503 1864 2544 ultionem
1895 2516 1942 2545 se
1965 2505 2088 2544 exci-

1204 2567 1396 2604 tarunt.»
1456 2568 1642 2606 Prorsus
1674 2568 1827 2605 contra
1856 2566 1997 2606 simile
2021 2568 2088 2606 θεῖ

1206 2628 1376 2667 Arrian.
1410 2628 1550 2679 Epict.
1586 2628 1635 2677 3,
1670 2628 1744 2677 44,
1777 2628 1824 2668 3;
1870 2627 2087 2685 περίβλε-

1206 2696 1318 2741 ψαι,
1352 2688 1643 2743 ἑνσείσθητι,
1677 2689 1756 2729 ἵνα
1784 2687 1908 2744 γνῷς
1937 2692 2007 2741 τίς
2028 2686 2084 2730 εἷ.

1211 2776 1255 2781 -
1287 2754 1452 2793 urenda
1476 2753 1585 2805 filix]
1620 2764 1760 2804 «quae
1792 2752 1918 2793 aliter
1952 2765 2087 2805 quam

1208 2817 1306 2867 igne
1342 2816 1574 2867 exstirpari
1604 2816 1801 2866 nequit.»
1859 2817 1977 2867 Virg.
2009 2818 2085 2856 Ge.

1208 2879 1254 2927 2,
1290 2879 1392 2919 489:
1443 2880 1497 2918 Et
1537 2878 1688 2930 filicem
1731 2879 1870 2918 curvis
1911 2879 2090 2919 invisam

1205 2941 1341 2991 pascit
1369 2942 1544 2980 aratris.
1606 2939 1717 2980 Illud
1738 2940 1964 2992 proverbii
1984 2952 2090 2994 spe-

1211 3004 1328 3044 ciem
1356 3003 1507 3044 habet.

1265 3127 1412 3168 38-42.
1445 3127 1547 3167 Illuc
1567 3128 1907 3177 praevertamur]
1929 3128 1998 3167 «Si
2017 3137 2094 3167 vo-

1212 3190 1358 3231 lumus
1389 3201 1443 3229 ex
1472 3200 1616 3241 aequo
1653 3189 1862 3241 bonoque
1894 3189 1949 3229 de
1979 3190 2093 3229 ami—

1214 3254 1276 3294 cis
1317 3252 1533 3301 iudicare,
1580 3254 1682 3293 ante
1713 3252 1860 3292 omnia
1891 3251 1949 3291 ad
1987 3250 2092 3291 illud

1215 3313 1470 3366 exemplum
1500 3325 1580 3354 nos
1612 3315 1944 3363 convertamus,
1978 3324 2092 3364 quo-

1215 3376 1349 3416 modo
1381 3376 1436 3415 de
1468 3377 1713 3416 amicarum
1742 3375 1894 3416 naevis
1925 3376 2094 3416 amato-

1216 3448 1313 3487 res,
1349 3437 1404 3477 de
1436 3437 1627 3477 liberum
1656 3437 1771 3477 vitiis
1790 3438 2001 3489 parentes
2023 3437 2091 3477 iu-
