2231 3787
215 222 280 274 76
867 224 1079 264 noizATu
1113 224 1414 265 SATmAncM

283 354 528 406 Invenias
570 354 730 407 etiam
770 353 977 407 disiecti
1018 353 1259 407 membra
1302 359 1509 423 poetae.

284 455 553 508 Hactenus
593 454 756 508 haec:
800 453 930 507 alias
971 455 1169 506 iustum
1208 454 1273 507 sit
1312 470 1481 507 necne
1523 457 1739 522 po'e'ma,

281 558 430 609 Nunc
469 555 596 609 illud
637 565 840 609 tantum
878 573 1160 627 quaeram,
1202 555 1464 608 meritone
1505 552 1597 606 tibi
1638 552 1703 605 sit

283 659 603 728 Suspectum
643 675 812 728 genus
851 657 953 710 hoc
993 656 1280 710 scribendi.

1359 654 1570 708 Sulcius
1611 670 1736 707 acer
1966 655 2032 706 65

280 758 527 812 Ambulat
564 767 616 811 et
655 758 902 829 CapriuS,
946 758 1092 811 rauci
1136 756 1274 810 male
1314 772 1548 826 cumque
1585 753 1802 817 libellis,

282 862 502 931 Magnus
542 869 770 930 uterque
810 860 967 912 timor
1004 857 1327 921 latronibus3
1370 866 1421 909 at
1459 856 1600 910 bene
1640 855 1682 908 si
1724 856 1845 927 quis

279 962 341 1013 Et.
379 961 521 1014 vivat
558 960 707 1032 puris
747 960 1021 1020 manibUS‚
1064 967 1368 1013 contemnat
1406 967 1713 1028 utrumque.

283 1063 343 1116 [t
382 1063 454 1115 sis
495 1071 548 1115 tu
589 1060 775 1115 similis
818 1061 961 1115 Caeli
1000 1061 1249 1133 Birrique
1289 1060 1582 1120 latronum,

317 1244 382 1283 65.
415 1244 586 1294 Fulgit&
617 1243 666 1291 d,
714 1244 884 1294 Sulqtus
912 1254 955 1295 p.
1004 1268 1045 1271 ——
1095 1243 1161 1283 68.
1196 1243 1319 1293 puris
1346 1243 1462 1282 vival
1490 1242 1556 1282 LC
1591 1242 1692 1293 (non
1722 1240 1891 1292 Aldus).
1930 1264 1974 1269 -—

261 1306 326 1346 09.
360 1310 405 1345 til
433 1307 486 1346 sis
516 1308 542 1346 S
576 1308 675 1357 (non
705 1305 792 1357 bc).
840 1329 884 1334 —-
924 1307 1134 1356 Byrrc'que
1164 1306 1219 1355 C,
1253 1306 1476 1355 Birt-hique
1506 1306 1578 1354 tF,
1616 1305 1853 1354 Byrrhique
1880 1304 1918 1343 J.

205 1461 386 1511 ferratos
416 1462 571 1511 rumpit
606 1461 813 1501 Saturnia
845 1463 990 1512 postis,
1041 1483 1085 1490 —-
1152 1461 1272 1501 modi
1310 1459 1512 1500 rabulam
1553 1460 1641 1500 Cic.
1675 1459 1731 1507 de
1763 1460 1834 1500 Or.
1873 1460 1922 1509 4,
1965 1459 2031 1500 4-0.

208 1524 334 1562 etiam
364 1523 532 1574 disiecti]
566 1525 685 1563 Haec
717 1526 809 1563 arte
841 1523 1083 1575 iungenda:

210 1584 304 1624 «vel
344 1584 515 1625 soluti.»
568 1586 789 1624 Sententia
830 1587 918 1625 est:
969 1587 1088 1624 «Non

208 1647 250 1686 in
295 1647 405 1687 meis
446 1646 651 1688 versibus
692 1646 844 1688 solutis
890 1648 1087 1686 invenias

208 1708 412 1748 membra
453 1711 611 1760 poetae
651 1710 853 1760 quamvis
892 1709 1083 1759 disiecti,

206 1773 252 1810 ut
284 1771 480 1811 invenies
513 1772 555 1810 in
585 1771 791 1812 versibus
822 1772 889 1812 his
924 1772 1087 1812 Ennia-

207 1833 273 1871 nis
321 1832 461 1871 verba
511 1835 553 1872 et
601 1834 815 1884 imagines
860 1834 1083 1884 poeticas,

206 1892 307 1933 licet
338 1895 403 1934 sic
434 1896 719 1946 transponas:
756 1897 1002 1946 «Postquam
1026 1900 1087 1936 le-

207 1961 273 1995 lra
305 1957 513 1995 discordia
545 1957 715 2008 refressil
742 1958 923 2008 ferratos
950 1961 1087 2008 postes

201 2022 428 2068 portasque
447 2019 592 2058 Belli.»
644 2018 790 2069 (Aliter
813 2020 936 2059 Hand
958 2021 1082 2060 Turs.

206 2082 254 2120 II.
289 2092 332 2132 p.
365 2081 436 2120 561
463 2092 470 2119 ε
505 2081 735 2121 «Horatius
767 2083 867 2132 post
896 2093 978 2121 non
1005 2081 1086 2122 ad-

207 2142 267 2182 dit
299 2142 553 2193 exemplum
575 2143 899 2194 affirmatiffliis,
933 2145 976 2183 in
998 2156 1085 2195 qua

208 2205 354 2253 eliam,
389 2205 431 2243 id
464 2207 529 2244 est
558 2205 690 2254 adeo,
726 2205 895 2246 disiecti
924 2208 1083 2258 poetae

206 2266 411 2306 membra
443 2268 625 2306 inveniri
662 2268 926 2319 dicuntur.»)
998 2269 1086 2309 Cur

206 2339 309 2368 cum
348 2327 441 2367 aliis
481 2327 551 2368 vel
595 2329 649 2369 de
689 2329 883 2380 Absyrto
912 2329 983 2369 vel
1028 2331 1084 2370 de

205 2390 379 2441 Orpheo
410 2391 693 2441 cogitandum
731 2392 806 2441 sit,
852 2391 972 2432 haud
1016 2393 1085 2432 in-

204 2451 365 2502 telligo.

260 2515 406 2554 63-70.
455 2516 563 2554 alias
593 2515 695 2567 cet]
730 2515 848 2556 «Alio
879 2518 1082 2568 tempore

205 2576 469 2626 disquiram,
518 2579 666 2617 utrum
697 2579 826 2617 satira
859 2590 940 2629 pro
974 2590 1083 2618 vero

205 2641 411 2690 poemate
472 2638 627 2678 haberi
683 2639 847 2679 debeat
895 2652 1080 2680 necne.»

204 2698 343 2739 Dilata
360 2702 510 2739 autem
531 2700 614 2739 1136
637 2702 922 2751 quaestione,
947 2714 1083 2754 quam

205 2760 424 2812 explicare
462 2763 505 2801 in
536 2763 682 2802 animo
715 2774 820 2803 sane
853 2776 1082 2816 nunquam

203 2823 377 2871 habuit,
427 2823 582 2863 callide
629 2826 801 2875 quaerit
846 2827 1081 2866 transitum

204 2885 260 2924 ad
291 2886 353 2924 rei
386 2889 530 2937 caput.
568 2907 612 2914 -
647 2888 810 2926 Sulcius
838 2910 860 2916 -
881 2910 904 2916 —
933 2893 970 2928 el
1000 2890 1083 2929 Ca-

197 2948 332 2997 prius]
380 2949 457 2987 «Hi
501 2949 705 2988 acerrimi
752 2948 973 2990 delatores
1020 2952 1082 3001 (id

205 3014 296 3059 est,
346 3011 737 3063 quadruplatores)
785 3016 828 3053 et
871 3015 1081 3055 causidici

203 3074 336 3114 fuisse
393 3074 647 3123 traduntur,
701 3078 743 3114 et
798 3075 896 3116 idco
948 3078 1079 3126 male,

203 3135 347 3184 valde,
391 3137 532 3183 rauci,
576 3136 696 3186 quod
728 3137 768 3176 in
799 3140 1080 3178 contentione

203 3197 466 3237 iudiciorum
483 3196 692 3238 altissima
710 3210 818 3239 voce
838 3199 1083 3240 clamarent

205 3259 485 3311 (assidueque
546 3261 864 3312 accusarent).»
925 3263 1076 3302 ScuoL.

207 3345 249 3350 —
301 3322 456 3371 libellis]
507 3323 808 3363 accusatoriis.
871 3323 1077 3363 Menand.

204 3384 331 3423 Mein.
367 3396 408 3434 p.
446 3385 547 3424 445:
581 3378 706 3424 ἕλκει
737 3382 784 3425 ὁὲ-
817 3387 1082 3442 γραμματί-

203 3443 307 3484 διον
334 3441 462 3487 Ἐκεῖ
481 3459 533 3487 σε
555 3444 764 3505 δίθυρον.
795 3471 836 3475 -
862 3449 1082 3489 Huiusce-

1153 1523 1257 1563 dicit
1300 1527 1479 1563 erectum
1522 1526 1559 1562 el
1602 1522 1776 1571 celsum,
1824 1521 1962 1561 alacri
1999 1526 2036 1561 el

1144 1589 1341 1635 prompto
1372 1595 1442 1624 ore
1473 1595 1524 1623 cic
1542 1584 1656 1624 vollu
1685 1585 1763 1623 huc
1783 1587 1909 1632 alque
1937 1584 2035 1624 illuc

1151 1648 1398 1697 intuenlem,
1445 1647 1598 1698 vayari
1635 1657 1729 1685 cum
1763 1657 1924 1697 mayna
1959 1657 2036 1685 ca-

1151 1714 1268 1750 terva
1309 1714 1390 1749 tolo
1430 1709 1546 1761 foro3
1594 1708 1819 1760 talemque
1861 1708 2036 1748 deridet

1151 1771 1355 1814 Martialis
1387 1773 1435 1821 5,
1469 1773 1514 1812 54
1540 1803 1548 1821 ,
1582 1772 1626 1811 4:
1659 1771 1758 1820 Hic,
1793 1772 1864 1821 qui
1893 1770 2036 1811 libellis

1143 1845 1427 1886 praem-avem
1474 1834 1582 1886 gerit
1629 1834 1794 1873 laevam
1843 1836 1929 1874 cet.
1985 1856 2030 1862 ——

1149 1897 1396 1948 contemnat]
1450 1896 1667 1935 «minime
1717 1896 1936 1935 metuat.»
1985 1917 2031 1923 —

1151 1960 1263 2000 Caeli
1300 1958 1509 2010 Birrique]
1553 1956 1755 1999 «Caelius
1787 1959 1831 1998 et
1868 1958 2032 1998 Birrius

1150 2021 1327 2062 fuerunt
1339 2020 1648 2061 adolescentes
1664 2020 1869 2072 perditi.»
1889 2021 2029 2061 Coun.

1151 2084 1281 2130 CRUQ.
1336 2084 1520 2135 Propter
1559 2084 1824 2134 egestatem,
1868 2083 1917 2122 ut
1948 2083 2034 2122 Ca-

1148 2144 1322 2185 tilinarii
1367 2144 1424 2184 illi
1468 2146 1599 2196 primi
1644 2143 1748 2197 (Sal.
1790 2145 1882 2184 Cat.
1930 2143 2029 2195 44),

1148 2208 1192 2247 hi
1214 2219 1392 2259 quoque
1415 2207 1640 2247 interdum
1660 2205 1888 2247 latrocinia
1913 2217 2034 2246 com-

1148 2270 1322 2310 misisse
1371 2269 1602 2318 videntur,
1659 2269 1741 2309 etsi
1791 2268 1890 2308 loco
1944 2279 2033 2307 11011

1147 2331 1326 2382 ignobili
1365 2332 1461 2371 orti.
1498 2353 1539 2360 —
1575 2332 1670 2371 Non
1700 2342 1772 2383 690
1802 2331 1908 2383 sum]
1948 2332 2031 2371 Pro

1149 2396 1272 2434 certo
1320 2394 1473 2445 utique
1524 2394 1606 2433 scit
1654 2405 1702 2434 se
1755 2394 1889 2435 talem
1944 2405 2032 2435 non

1149 2467 1272 2505 esse3
1325 2456 1427 2496 111116
1476 2455 1738 2497 indicativus
1783 2458 1912 2497 unice
1956 2468 2032 2497 re-

1149 2520 1270 2558 ctus:
1304 2519 1382 2558 sim
1413 2518 1627 2558 Codicum
1650 2530 1786 2569 quam
1815 2518 2031 2571 plurimo-

1147 2591 1248 2620 rum
1278 2579 1605 2620 conformatum
1645 2582 1712 2620 est
1746 2581 1802 2620 ad
1840 2592 2031 2632 praece-

1148 2641 1258 2681 dens
1288 2653 1330 2681 v.
1364 2642 1432 2681 sis.

1202 2703 1348 2742 74:13.
1381 2703 1545 2755 habeat]
1567 2704 1816 2754 Optativus3
1852 2708 1919 2746 est
1939 2717 2027 2756 res,

1147 2776 1283 2816 quam
1320 2766 1415 2817 ipse
1446 2766 1534 2805 iam
1565 2777 1653 2805 non
1682 2766 1899 2818 impedire
1929 2771 2031 2820 pot-

1147 2829 1228 2876 est,
1263 2826 1405 2867 semel
1427 2827 1555 2867 editis
1578 2829 1743 2877 Satiris,
1770 2840 1857 2869 non
1878 2831 2029 2870 tamen

1146 2888 1345 2940 profecto
1387 2900 1439 2928 eo
1481 2888 1685 2939 consilio,
1732 2893 1780 2930 ut
1822 2892 1873 2931 iis
1910 2893 2027 2931 insu—

1146 2951 1260 2998 dent,
1295 2950 1502 2991 sordibus
1533 2953 1622 2992 suis
1655 2964 1730 2993 eas
1760 2952 1895 2994 veluti
1926 2965 2028 2994 con-

1146 3013 1360 3053 taminent
1390 3014 1596 3054 homines
1625 3012 1872 3063 βάναυσοι
1892 3018 2025 3067 atque

1145 3075 1331 3125 idiotae,
1393 3075 1560 3117 similes
1612 3078 1906 3130 Hermogenis
1953 3079 2026 3117 Ti-

1146 3136 1282 3187 gellii:
1317 3140 1470 3177 contra
1503 3150 1555 3178 ex
1576 3150 1655 3179 sua
1675 3139 1898 3180 voluntate
1919 3151 2028 3192 pen-

1147 3199 1241 3248 det,
1292 3201 1438 3239 utrum
1486 3201 1644 3241 recitet
1688 3213 1830 3242 necne
1869 3204 1913 3242 et
1955 3204 2026 3243 cui

1146 3262 1323 3310 recitet,
1357 3263 1475 3302 unde
1509 3274 1612 3303 cum
1644 3263 1782 3304 Codd.
1817 3266 1929 3305 meis
1957 3265 2025 3305 in-

1146 3324 1385 3365 dicativum
1434 3327 1562 3367 recito
1615 3326 1818 3379 praetuli.
1900 3327 2024 3369 Falso

1145 3388 1296 3438 utique
1328 3388 1523 3429 nonnulli
1559 3388 1707 3430 locum
1744 3389 1801 3429 ita
1831 3400 2024 3443 accepe-

1144 3452 1267 3500 runt,
1316 3453 1441 3502 quasi
1488 3453 1692 3493 Horatius
1737 3453 1899 3505 scripta
1944 3465 2022 3495 sua
