2231 3787
780 278 878 318 LlB.
916 280 962 318 ll.

1027 280 1187 319 Epls'r.
1226 282 1250 318 l.

1836 279 1935 329 2393

184 410 425 480 Notaque
465 407 600 461 fatali
642 416 885 479 portenta
927 409 1110 462 labore
1151 410 1386 480 subegit„

184 510 451 580 Comperit
493 510 742 563 invidiam
783 528 1037 582 supremo
1078 511 1182 564 tine
1223 510 1445 564 domari.

182 611 294 665 Urit
332 612 474 665 enim
514 611 717 682 fulgore
764 630 891 670 suo,
935 613 1024 683 qui
1066 621 1386 684 praegravat
1427 622 1567 666 artes

183 711 321 765 Infra
359 730 417 766 se
456 713 683 783 positas3
725 714 1015 768 exstinctus
1056 714 1320 768 amabitur
1359 714 1516 767 idern.

182 814 457 867 Praesenti
499 813 591 866 tibi
633 824 870 868 maturos
911 815 1166 886 largimur
1201 815 1434 869 honores
1880 818 1937 869 123

221 995 286 1035 43.
318 995 532 1045 splendore
562 995 649 1035 duo
681 996 904 1036 Schmidii.
953 1019 995 1024 —
1039 997 1110 1044 qui
1133 1002 1399 1047 praeyravat
1429 1002 1560 1046 artes,
1593 998 1711 1048 Infra
1740 1011 1779 1037 se
1803 1011 1885 1048 po-

164 1058 262 1096 sitos
290 1057 410 1109 (urit)
443 1058 470 1097 F
495 1069 518 1097 e
545 1057 720 1099 duobus
752 1058 891 1098 Codd.
914 1091 920 1106 ,

955 1059 1026 1107 qui
1049 1064 1339 1110 praem-auat,
1373 1064 1486 1099 artes
1513 1061 1631 1110 Infra
1659 1072 1701 1100 se
1723 1062 1886 1110 positas

166 1119 285 1171 (urit)
316 1120 479 1169 Bothe,
516 1120 586 1170 qui
611 1126 874 1172 praeyrarat
905 1125 1016 1169 arte,
1055 1121 1174 1171 Infra
1211 1132 1252 1160 se
1282 1122 1439 1170 positos
1478 1123 1509 1161 E
1552 1122 1643 1172 (sed
1683 1122 1825 1162 littera
1862 1139 1883 1161 ω

166 1181 320 1221 deberi
349 1182 526 1222 videtur
557 1183 828 1232 correctori),

112 1329 220 1381 bore]
253 1329 369 1369 fatali
402 1332 666 1371 necessitate
700 1330 876 1371 Herculi
907 1332 992 1371 im—

110 1393 250 1444 posita
272 1392 328 1432 ab
352 1394 625 1444 Eurystheo,
653 1395 752 1444 quia
776 1394 869 1443 hic,
894 1404 990 1434 rem

111 1456 167 1494 ita
213 1455 473 1495 moderante
518 1457 707 1505 Iunone,
756 1457 877 1508 prior
921 1455 990 1495 illo

111 1518 239 1557 natus
283 1520 392 1557 erat.
445 1539 487 1545 —
533 1519 742 1569 Comperit
790 1519 993 1558 invidiam

111 1579 213 1631 cet.]
248 1580 504 1632 «Comperit
533 1591 673 1620 unum
695 1583 846 1620 tamen
868 1592 992 1620 mon-

111 1644 278 1689 strum,
314 1643 546 1690 invidiam,
582 1642 709 1682 aliter
740 1654 827 1682 non
857 1653 990 1694 posse

111 1703 281 1744 domari
311 1705 394 1744 nisi
425 1707 568 1744 morte
601 1706 719 1754 eius,
770 1706 839 1745 cui
880 1706 993 1744 invi-

111 1766 290 1813 detur3»
280 1777 437 1815 ›,nam
462 1768 511 1806 ut
531 1767 810 1816 aitThucyd.
838 1768 877 1813 2,
903 1766 988 1815 45,.

110 1825 297 1878 φθόνος
334 1831 436 1879 τοῖς
473 1825 587 1901 §doc
624 1825 743 1886 πρὸς
773 1825 828 1867 τὸ
859 1823 992 1868 ἀντί-

111 1889 286 1941 παλον,
318 1887 373 1930 τὸ
404 1889 455 1931 δὲ
483 1906 604 1944 μη
586 1887 809 1944 ἐμποδών
844 1885 992 1930 ἄναν-

110 1955 384 2008 ταγωνίστῳ
407 1948 572 1994 εὐνοία
600 1955 866 2006 τετίμηται.
900 1954 994 1992 Ari-

25 2028 35 2038 ·
112 2018 212 2057 stot
246 2017 372 2056 Rhet.
397 2018 446 2065 2,
482 2017 554 2056 4οῑ
605 2028 725 2073 προς
754 2013 870 2066 τοὺς
898 2028 992 2068 μυ-

111 2075 308 2135 ριοστὸν
348 2073 456 2128 ἓ-’τος
493 2073 637 2130 ὄντας
667 2074 701 2131 ἢ
730 2075 850 2136 πρὸς
878 2074 991 2128 τοὺς

112 2140 378 2193 ἐσοιιειους
408 2135 441 2192 ἦ
470 2139 804 2190 τεθνεῶτας
841 2139 994 2192 (φιλο-

113 2202 334 2255 τιιιεῐται)
353 2196 524 2252 οὐδείς.
550 2203 674 2243 Conf.
691 2203 747 2242 ad
765 2203 842 2243 Od.
860 2203 898 2251 3,
922 2203 990 2252 α24,

114 2265 157 2305 34
186 2278 193 2304 :
259 2266 457 2305 Virtutem
506 2266 752 2306 incolumem
802 2266 989 2315 odimus,

114 2328 331 2368 Sublatam
361 2339 414 2367 θα)
451 2328 580 2367 oeulis
613 2329 879 2379 quaerimus,
926 2329 994 2368 in-

112 2393 212 2431 vidi.
263 2392 432 2430 Seneca
463 2390 518 2430 de
550 2390 745 2431 Benefic.
780 2391 826 2437 8,
861 2392 907 2441 7,
944 2392 988 2430 4;

114 2455 158 2493 in
200 2454 366 2493 laudem
407 2457 665 2492 vetustorum
708 2453 869 2492 invidia
911 2465 994 2492 non

115 2516 260 2556 obstat.
292 2514 474 2556 Martial.
499 2516 539 2563 5,
576 2515 648 2554 4οι
680 2516 779 2554 Esse
800 2515 900 2563 quid
920 2515 994 2554 hoe

115 2579 276 2627 dicam,
314 2577 420 2616 vivis
451 2578 561 2627 quod
588 2577 711 2628 fama
739 2581 922 2628 περαίαν
940 2578 995 2617 Et

114 2651 192 2680 sua
210 2640 319 2690 quod
338 2651 466 2679 rarus
485 2643 674 2689 tempora
694 2640 821 2679 lector
840 2643 957 2678 amat
974 2637 995 2677 ἵ)

115 2703 166 2742 Hi
206 2706 300 2742 sunt
333 2702 516 2741 invidiae
554 2702 780 2751 nimirum,
818 2702 992 2752 Requie,

115 2775 271 2814 moreS,
301 2764 520 2816 Praeferat
547 2765 741 2814 antiquos
769 2775 930 2813 semper
949 2768 996 2803 ut

116 2827 191 2866 illa
228 2827 358 2866 novis.
395 2849 439 2854 —
473 2827 685 2879 portenta]
725 2826 788 2867 Cf.
828 2826 907 2866 Od.
946 2828 991 2875 4,

117 2889 192 2937 22,
226 2888 290 2927 43.
325 2890 501 2928 Lucret.
533 2890 581 2938 5,
615 2889 681 2929 37.
716 2889 771 2928 de
803 2888 908 2929 feris
938 2887 993 2928 ab

118 2948 306 2990 Hercule
336 2950 483 2990 vict-is:
518 2950 663 2990 Cetera
688 2952 736 2990 de
754 2961 902 3002 genere
922 2951 997 2989 hoe

119 3022 229 3061 quae
256 3015 351 3050 sunt
373 3015 571 3060 portenta
592 3017 829 3062 perempta.
857 3036 900 3040 —
930 3023 998 3052 su-

114 3084 260 3125 premo
276 3072 371 3124 fine]
388 3073 502 3111 Finis
517 3073 650 3113 etiam
672 3074 873 3114 absolute
891 3074 999 3114 dici—

119 3138 191 3176 tur
204 3145 285 3187 pro
299 3137 445 3173 morte.
466 3134 580 3182 (Tac.
594 3136 703 3174 Ann.
717 3136 782 3183 45,
799 3135 882 3185 63.)
902 3135 997 3175 Cla-

119 3198 210 3237 rior
238 3198 387 3235 autem
419 3206 471 3235 ea
493 3195 749 3246 significatio
780 3197 829 3235 fit
848 3197 996 3236 addito

119 3271 161 3299 v.
193 3269 410 3308 supremo,
458 3257 546 3296 das
581 3260 847 3296 ausser-ste
874 3258 992 3298 Ziel.

123 3321 246 3361 ovid.
284 3321 386 3361 Met.
424 3319 471 3368 3,
506 3319 606 3358 2¹36:
659 3319 820 3369 dieique
857 3319 998 3358 beatu-s

122 3383 224 3423 Ante
271 3383 425 3423 obitum
477 3392 596 3421 nemo
650 3391 999 3430 supremaque

121 3445 312 3496 funera
341 3444 466 3484 debet.
493 3466 537 3471 -
568 3442 657 3481 Urit
683 3441 786 3493 cet.]
822 3441 999 3493 «Splen-

862 1184 908 1221 ut
940 1183 1129 1222 coniecit
1173 1185 1338 1223 Pearce
1372 1195 1616 1235 rursusque
1648 1186 1851 1236 Doering.

1059 1334 1311 1371 ceterorum
1358 1335 1477 1372 artes
1524 1333 1799 1373 virtutesauo
1847 1334 1938 1373 suis

1057 1392 1185 1444 longe
1226 1393 1457 1434 inferiores
1494 1395 1856 1445 praeponderare
1897 1398 1941 1433 et

1056 1457 1293 1506 propterea
1334 1457 1430 1507 ipso
1463 1467 1543 1495 suo
1574 1457 1772 1508 pondere
1805 1458 1938 1507 atque

1056 1518 1098 1556 vi
1142 1518 1308 1567 ingenti
1349 1517 1603 1569 deprimere
1642 1519 1682 1557 in
1730 1518 1939 1558 tenebras

1059 1578 1282 1621 videtum»
1316 1590 1440 1618 urere
1471 1590 1575 1630 ergo
1607 1582 1675 1620 est
1706 1579 1934 1626 «laedere,

1057 1641 1285 1681 offendere
1327 1653 1404 1689 e0,
1452 1643 1572 1692 quod
1618 1641 1759 1682 aliena
1805 1642 1939 1693 gloria

1058 1706 1289 1753 tamquam
1321 1702 1462 1754 fulgor
1492 1703 1643 1744 oculos
1665 1704 1940 1755 reliquorum

1056 1766 1366 1816 piaestringit»
1390 1767 1576 1817 (Lucret.
1605 1766 1645 1815 4,
1671 1766 1774 1806 3Ο4;
1807 1767 1941 1816 splen—

1055 1829 1132 1866 dor
1162 1828 1412 1876 quicumque
1437 1832 1495 1866 est
1525 1839 1623 1867 acer
1643 1829 1786 1868 adurit
1806 1830 1940 1878 Saepe

1057 1890 1248 1941 ocutosw)
1276 1901 1572 1941 ptwaeytavme
1591 1892 1741 1929 autem
1765 1890 1943 1942 «depri-

1056 1963 1210 2000 mere,
1253 1952 1428 1991 oiieder
1439 1952 1722 1999 drackenm
1764 1954 1812 1991 ut
1851 1953 1938 1991 Sat.

1056 2016 1104 2062 ⁶2,
1137 2015 1184 2062 Ξ,
1219 2015 1285 2054 78.
1339 2014 1525 2054 Theocr.
1566 2015 1640 2062 47,
1674 2014 1751 2053 95;
1785 2009 1941 2068 Ὅλβῳ

1055 2075 1145 2129 μὲν
1163 2072 1346 2126 πάντας
1362 2088 1416 2116 κε
1432 2074 1721 2133 καταβρίθοι
1741 2074 1944 2129 βασιλῆ-

1057 2152 1128 2189 ας.
1157 2159 1201 2165 -
1229 2143 1341 2178 artes
1362 2137 1465 2189 cet.]
1488 2138 1700 2179 latissima
1725 2140 1943 2189 significa-

1058 2202 1192 2249 tione,
1214 2196 1608 2253 «ἑπιτηδόύματα,
1630 2200 1789 2250 studia,
1807 2203 1941 2241 etiam

1058 2264 1101 2302 in
1133 2261 1271 2302 rebus
1303 2261 1524 2310 civilibus,
1572 2262 1764 2313 ideoque
1796 2263 1943 2302 homi-

1058 2336 1138 2366 nes
1170 2323 1321 2373 simul,
1363 2325 1438 2375 qui
1476 2323 1586 2364 tales
1617 2326 1735 2363 artes
1766 2325 1938 2364 minore

1056 2387 1214 2439 peritia
1246 2397 1381 2437 quam
1412 2387 1505 2438 ipse
1538 2385 1607 2425 ille
1637 2387 1705 2425 vir
1734 2397 1938 2426 summus

1058 2451 1191 2500 atque
1231 2449 1642 2500 experientissimus
1680 2452 1936 2488 exercent.»

1061 2512 1137 2563 (De
1172 2511 1470 2562 metonymia,
1517 2521 1605 2561 qua
1637 2521 1740 2550 cum
1771 2511 1940 2551 artibus

1058 2575 1192 2613 etiam
1221 2573 1414 2613 artifices
1446 2573 1773 2623 significantur,
1818 2574 1932 2612 conf.

1057 2635 1245 2676 Phaedr.
1266 2634 1303 2674 3.
1324 2633 1434 2686 prol.
1450 2647 1492 2674 v.
1514 2635 1589 2675 48:
1613 2635 1774 2674 tonanti
1793 2639 1941 2674 saneta

1056 2699 1322 2746 Mnemosyne
1350 2697 1437 2736 Iovi
1466 2697 1661 2736 Fecunda
1685 2697 1825 2736 novies
1853 2708 1938 2736 ar-

1059 2760 1182 2798 tium
1205 2759 1366 2809 peperit
1396 2758 1632 2809 chorum.)
1682 2759 1858 2806 Tricae,
1895 2759 1937 2797 in

1059 2832 1170 2872 quas
1200 2822 1244 2860 h.
1278 2820 1305 2859 l.
1341 2821 1611 2872 Interpretes
1650 2831 1750 2860 sese
1791 2819 1939 2872 impli-

1060 2884 1272 2931 cuerunt,
1330 2882 1431 2922 inde
1483 2883 1764 2934 potissimum
1814 2885 1938 2922 ortae

1059 2948 1185 2994 sunt,
1232 2944 1354 2995 quod
1403 2946 1532 2995 poeta
1573 2956 1653 2985 suo
1692 2946 1786 2983 iure
1828 2944 1940 2984 duas

1060 3008 1259 3048 diversas
1289 3007 1504 3057 imagines
1537 3007 1687 3046 urendi
1725 3009 1769 3046 et
1804 3018 1939 3056 prae-

1056 3070 1270 3122 9ravandi
1300 3070 1391 3109 tam
1421 3071 1515 3110 arte
1547 3069 1785 3109 coniunxit.
1832 3069 1938 3108 «Ar-

1056 3136 1114 3173 tes
1144 3135 1293 3172 autem
1324 3133 1602 3172 accusativus
1635 3133 1701 3172 est
1731 3143 1817 3170 non
1859 3141 1937 3170 so-

1056 3194 1151 3235 lum
1181 3206 1222 3233 v.
1249 3198 1513 3245 praegyravat
1552 3194 1759 3244 potestati
1794 3192 1938 3231 obno-

1058 3259 1180 3304 xius,
1233 3256 1314 3296 sed
1359 3255 1539 3295 alterius
1586 3264 1763 3305 quoque
1806 3253 1934 3292 urit.»

1059 3320 1258 3359 DILLENB.
1296 3339 1340 3346 —
1375 3317 1615 3365 exstinctus]
1654 3316 1754 3364 apte
1796 3324 1939 3364 oppo-

1060 3381 1178 3419 nitur
1203 3380 1361 3431 fuiqori
1389 3377 1461 3418 illi.

1116 3442 1263 3480 45-47.
1309 3439 1519 3480 Praesenti
1549 3437 1650 3488 cet.]
1685 3438 1798 3476 «Nos
1830 3446 1939 3476 con-

126 3505 232 3546 dore
254 3507 372 3547 enim
393 3517 473 3547 suo
503 3504 637 3544 laedit
656 3502 889 3555 aequales,
924 3504 997 3554 qui
1061 3504 1128 3541 tra
1168 3503 1250 3541 hac
1291 3503 1334 3541 in
1375 3513 1423 3541 re
1454 3501 1611 3551 priscis
1649 3497 1730 3538 illis
1762 3499 1938 3538 Graecis

268 3583 418 3619 Honn.
448 3592 536 3619 VOL.
566 3581 607 3616 11.
662 3590 724 3616 sn.
753 3589 835 3615 ΜΑι.
867 3580 921 3615 lli.

1609 3575 1652 3610 :38

1289 3765 2231 3787 ᾼ
