2231 3787
365 246 462 297 740

1168 244 1379 285 llORATll

432 376 684 430 Incolumi
726 375 980 445 gravitate
1022 374 1195 427 iocum
1235 374 1451 427 tentavit
1489 390 1578 433 eu,
1620 373 1763 443 quod

433 476 705 530 Illcccbris
745 485 857 530 crat
896 484 947 529 ct
984 484 1132 545 grata
1171 474 1400 526 novitate
1441 473 1730 526 morandus

433 579 712 648 Spectator
753 578 1068 645 functusque
1111 574 1278 627 sacris
1317 582 1370 626 et
1406 583 1564 643 potus
1603 583 1654 626 et
1692 572 1858 626 exlex.

431 680 626 731 Verum
671 679 736 730 ita
776 678 999 736 risoreS,
1044 676 1111 728 ita
1151 673 1529 728 commendare
1569 673 1783 727 dicaces

436 778 726 832 Conveniet
764 778 1011 848 Satyros,
1056 776 1124 828 ita
1165 784 1375 829 vertere
1413 775 1553 828 seria
1594 774 1744 834 ludo,

432 881 506 932 Ne
545 879 854 948 quicunque
893 876 1052 935 deus,
1094 876 1403 946 quicunque
1443 874 1780 929 adhibebitur
1819 875 2000 937 herOS,

470 1027 564 1066 222.
598 1027 789 1065 Incolumi
819 1026 929 1064 BSE.
979 1049 1019 1053 —
1055 1026 1266 1074 temptavit

1296 1024 1406 1064 ETd.
1448 1047 1490 1052 —
1533 1024 1626 1064 223.
1659 1025 1875 1064 Incelebris
1903 1025 1934 1065 E
1973 1027 2017 1066 et
2046 1037 2112 1078 pr.

416 1090 460 1128 T.
504 1110 549 1117 —
597 1089 688 1128 225.
723 1088 876 1127 dicacis
906 1088 950 1126 B.
989 1109 1031 1116 —
1067 1088 1161 1126 226.
1197 1087 1421 1127 Conveniat
1450 1086 1512 1126 Bb
1545 1087 1646 1137 (non
1676 1087 1825 1137 STcd).
1863 1108 1906 1115 —
1945 1087 2120 1138 Satyros

365 1232 446 1259 τον
476 1220 552 1259 καὶ
585 1217 734 1273 αμιγῆ
767 1217 1005 1276 λοιδορίας
1034 1213 1130 1266 ἔχει
1155 1214 1238 1258 τὸν
1269 1218 1273 1293 Ι

364 1281 556 1336 γέλωτα.
586 1306 629 1310 -
653 1282 850 1321 Incolumi
875 1280 1098 1333 gravilate]
1130 1280 1239 1320 deo-
1269 1303 1273 1355 Ι

363 1356 462 1384 rum
495 1347 625 1395 atque
656 1344 865 1391 heroum,
913 1345 986 1395 qui
1019 1354 1102 1383 una
1136 1353 1238 1382 cum

363 1408 529 1458 Satyris
571 1406 908 1446 inducebantur.
950 1429 993 1434 -
1041 1406 1234 1458 novitate]

364 1480 477 1520 quae
509 1470 550 1508 in
582 1470 675 1520 ipso
698 1471 778 1508 sita
802 1471 918 1516 crat,
955 1468 1074 1519 quod
1096 1464 1237 1518 Satyri

362 1532 404 1570 in
437 1541 567 1571 scena
599 1529 802 1580 agebant.
846 1529 968 1570 ovid.
994 1532 1169 1570 Metam.
1196 1528 1235 1576 4,
1269 1531 1273 1592 f

363 1592 465 1633 ⁶284:
492 1593 681 1640 dulcique
701 1593 862 1631 animos
882 1593 1062 1632 novitate
1083 1591 1234 1632 tenebo.

365 1678 410 1682 —
429 1654 669 1706 morandus]
695 1653 979 1694 «retinendus
1001 1655 1043 1693 in
1066 1654 1237 1694 theatro
1270 1651 1273 1660 '

361 1718 461 1767 post
503 1717 746 1767 spectatam
783 1715 998 1766 trilogiam
1029 1716 1239 1766 tragicam

363 1789 414 1817 ac
435 1779 557 1828 grate
575 1775 907 1817 delectandus.»
930 1801 973 1806 —
993 1778 1128 1829 eoeleoe]
1154 1777 1240 1817 «fe-

363 1841 500 1878 riatus
544 1849 594 1878 ac
639 1840 819 1889 propter
862 1839 977 1879 hanc
1015 1850 1238 1879 summam

362 1899 626 1940 hilaritatem
657 1901 744 1939 iam
776 1911 861 1939 non
899 1899 1023 1940 facile
1055 1901 1096 1940 in
1127 1901 1241 1940 ordi·
1271 1903 1273 1910 '

363 1973 466 2002 nem
488 1961 737 2012 cogendus,
767 1962 800 2001 si
825 1961 933 2001 sorte
957 1961 1238 2013 interpellare

362 2022 495 2064 vellet
525 2026 741 2063 actores.»
784 2024 890 2071 «Qui
918 2026 1141 2074 spectator
1159 2035 1239 2063 ve-

362 2085 515 2125 niebat.
535 2089 634 2136 post
655 2084 866 2125 sacrificia
884 2117 891 2134 ,
926 2086 1011 2125 iam
1032 2097 1236 2138 pransus,

364 2149 453 2188 iam
483 2150 660 2199 potus.»
692 2148 792 2186 Aen.

419 2208 632 2249 225-230.
678 2208 841 2260 risores]
877 2208 1093 2248 «ridicula
1125 2209 1240 2249 dicta
1272 2185 1275 2251 i

364 2271 685 2323 proferentes.»
707 2271 905 2310 Demetr.
930 2270 1048 2311 Phal.
1075 2271 1112 2323 g.
1136 2271 1239 2311 469:
1272 2266 1275 2319 l

1269 1440 1273 1483 l

1301 1217 1364 1257 bio
1394 1229 1421 1257 a
1450 1219 1639 1268 dicendo,
1673 1220 1781 1267 quod
1809 1224 1866 1260 est
1895 1221 2006 1260 omni
2033 1222 2175 1272 qeneri

1300 1291 1531 1329 commune,
1564 1281 1687 1319 dueta
1716 1285 1797 1328 est,·
1830 1282 2004 1331 proprie
2038 1287 2175 1323 tamen

1299 1342 1505 1393 significat.
1547 1352 1775 1382 sermonem
1818 1354 1912 1383 cum
1960 1344 2050 1384 risu
2092 1345 2175 1384 ali-

1301 1415 1400 1454 quos
1432 1405 1706 1444 incessentem.
1742 1405 1829 1444 Sat.
1855 1406 1894 1453 4,
1918 1405 1957 1454 4,
1981 1406 2055 1446 83:
2098 1407 2176 1456 Qui

1269 1493 1272 1508 .
1300 1471 1443 1517 captat
1459 1467 1566 1505 risus
1581 1467 1791 1506 hominum
1809 1467 2050 1518 famamque
2064 1469 2177 1508 dica-

1300 1530 1370 1569 cis.
1408 1551 1451 1556 —
1483 1529 1544 1567 ita
1572 1531 1729 1567 vertere
1757 1528 1869 1568 seria
1896 1529 2014 1582 ludo]
2049 1546 2068 1566 «
2085 1531 2177 1570 tra—

1270 1591 1545 1642 igoedorum
1591 1601 1663 1630 res
1706 1589 1834 1631 utiles
1878 1593 1922 1631 et
1950 1591 2173 1642 honestas,

1301 1664 1374 1694 res
1405 1654 1550 1692 tristes
1582 1664 1633 1692 ac
1666 1653 1871 1704 tragicas,
1905 1653 2040 1694 rebus
2069 1653 2179 1695 ludi-

1303 1715 1388 1754 cris
1411 1716 1454 1754 et
1475 1715 1702 1765 satyricis,
1736 1714 1779 1754 id
1801 1717 1888 1764 est,
1921 1717 1979 1754 ita
2001 1717 2178 1766 tragoe-

1303 1776 1400 1816 diae
1422 1777 1674 1816 immiscere
1704 1778 1902 1827 satyram
1921 1778 2177 1828 (satyricum

1270 1858 1273 1883 ς
1303 1837 1497 1889 genus).»
1531 1838 1670 1878 Comi.
1696 1839 1826 1885 CnrQ.
1871 1839 2001 1879 Rebus
2028 1841 2178 1880 tamen

1302 1900 1484 1939 tristibus
1532 1899 1750 1940 substitue
1799 1901 1943 1952 potius
1989 1895 2179 1953 μύθους

1302 1963 1477 2012 tragicis
1507 1960 1675 2001 affines.
1734 1962 2020 2013 Aptissimum
2048 1963 2179 2004 huius

1303 2023 1522 2064 mixtionis
1553 2022 1770 2074 Euripidis
1800 2022 1957 2073 Syleus
1993 2024 2181 2076 praebet

1304 2083 1583 2136 exemplum,
1631 2083 1750 2135 quod
1792 2085 1922 2126 huius
1965 2083 2048 2126 loci
2080 2085 2180 2127 illu-

1272 2166 1274 2180 =
1303 2147 1469 2189 strandi
1511 2156 1643 2187 causa
1675 2147 1990 2198 exscripsimus
2021 2148 2063 2188 in
2093 2149 2180 2189 Ex-

1304 2221 1437 2250 cursu
1456 2210 1546 2249 Vll.
1571 2230 1616 2236 —
1650 2209 1908 2259 quicunque]
1946 2210 2023 2250 Hic
2053 2221 2180 2250 com-

1304 2273 1428 2325 poni,
1462 2283 1549 2311 non
1581 2270 1664 2311 sibi
1694 2272 1857 2323 opponi
1887 2273 2008 2312 deum
2037 2274 2081 2313 et
2107 2273 2180 2314 he-

367 2329 394 2373 ὁ
425 2331 570 2387 γέλως
599 2329 776 2389 ἐχθρὸς
807 2331 1071 2403 τραγῳδίας
1089 2345 1098 2354 ·
1131 2329 1242 2374 οὐδὲ
1272 2321 1275 2349 ¹
1302 2338 1441 2383 roem,
1466 2334 1716 2374 notavimus
1735 2333 1791 2373 ad
1811 2344 1853 2373 v.
1878 2333 1972 2375 444.
2005 2335 2081 2375 Est
2098 2335 2180 2386 igi-

364 2393 454 2452 γὰρ
484 2391 781 2447 ἐπινοήσειεν
800 2408 861 2434 αν
889 2407 959 2446 τις
978 2394 1242 2453 τραγῳδίαν

366 2460 652 2509 παίζουσαν,
699 2457 799 2498 ἐπεὶ
837 2457 1097 2517 σάτυρον
1126 2456 1243 2517 γρά-

367 2530 454 2572 ψει
483 2515 589 2560 ἀντὶ
622 2518 900 2578 τραγῳδίας.
949 2523 1133 2573 Satyrici
1163 2533 1244 2562 au-

366 2587 457 2624 tem
501 2583 710 2623 dramatis
747 2584 986 2635 scriptores
1025 2582 1245 2635 eligebant

366 2647 583 2695 actiones,
623 2656 812 2697 quarum
842 2646 1078 2698 participes
1108 2646 1242 2687 fuisse

368 2710 442 2748 aut
463 2709 737 2759 spectatores
759 2706 916 2749 saltem
939 2709 1040 2759 fingi
1061 2710 1244 2760 possent

369 2771 534 2821 Satyri,
566 2770 700 2811 veluti
731 2771 961 2823 Euripides
984 2769 1240 2823 Cyclopem,

369 2831 655 2882 Autolycum,
698 2833 958 2884 Sisyphum,
998 2834 1242 2882 Scironem,

371 2892 566 2944 Syleum.
614 2896 720 2935 Rem
750 2896 1050 2946 persentisces
1083 2906 1134 2935 ex
1165 2897 1246 2935 Ae-

373 2953 512 3004 schyli
554 2956 818 2996 Prometheo
859 2956 1042 3007 ignifero
1073 2957 1242 3007 Fragm.

374 3017 467 3056 ⁴76.
509 3017 559 3055 D.
592 3015 808 3056 Plutarch.
856 3017 1006 3058 Moral.
1044 3029 1086 3070 p.
1111 3018 1178 3058 86.
1202 3018 1242 3058 f:

376 3075 471 3118 Τοῦ
492 3075 541 3117 δὲ
562 3075 779 3134 Σατύρου
801 3076 855 3118 τὸ
873 3076 965 3136 πῦρ
981 3076 1044 3130 ὠς
1061 3077 1247 3137 πρῶτον

375 3134 521 3192 ὤφθη
565 3137 866 3191 βουλομένου
920 3139 1125 3191 φιλῆσαι
1168 3142 1247 3181 καὶ

377 3201 662 3260 περιβαλεῖν,
687 3196 1041 3258 ὁΠρομηθεύς·
1067 3199 1250 3260 Τράγος

377 3266 558 3319 γένειον
593 3256 689 3321 ἆρα
725 3260 980 3315 πενθήσεις
1009 3261 1068 3304 σύ
1101 3277 1165 3317 γε.
1203 3289 1246 3294 -

379 3326 680 3378 commendare]
715 3325 937 3374 nefacere,
972 3327 1017 3364 ut
1045 3337 1067 3364 a
1091 3326 1250 3377 populo

382 3387 599 3429 benevole
643 3390 954 3440 spectentur.»
994 3411 1037 3416 —
1081 3388 1252 3441 dicaces]

384 3450 556 3499 Quintil.
583 3451 621 3497 6,
647 3451 684 3491 3.
709 3452 754 3490 24
777 3463 783 3488 :
820 3451 1034 3490 Dicacitas
1063 3450 1147 3489 sine
1177 3451 1255 3490 du-

1305 2400 1395 2438 tur:
1445 2397 1572 2436 «Sive
1613 2395 1748 2436 deum
1788 2396 1830 2436 in
1862 2406 2045 2437 scenam
2073 2408 2180 2449 pro-

1306 2460 1443 2500 duces
1487 2459 1578 2498 sive
1623 2458 1807 2497 heroem
1844 2459 1936 2499 sive
1966 2460 2180 2510 utrosque

1306 2519 1478 2563 simul.»
1524 2518 1647 2560 Falso
1678 2518 1801 2559 multi
1827 2521 1884 2560 ita
1906 2521 2180 2573 interpretati

1305 2585 1428 2632 sunt,
1462 2582 1586 2633 quasi
1608 2581 1778 2622 diceret
1797 2593 1978 2634 semper
1996 2583 2181 2624 easdem

1306 2655 1543 2697 personas,
1597 2654 1710 2694 quae
1754 2654 1836 2695 per
1879 2643 2094 2696 trilogiam
2137 2645 2181 2686 in

1308 2717 1442 2748 scena
1485 2706 1694 2754 fuissent,
1741 2705 1795 2745 ad
1833 2705 2010 2747 hilarius
2047 2717 2181 2758 argu-

1307 2771 1509 2811 mentum
1547 2767 1775 2819 adaptatas
1810 2768 1851 2808 in
1882 2767 2029 2809 fabula
2058 2771 2182 2820 saty-

1307 2834 1397 2873 rica
1448 2831 1777 2881 comparuisse:
1837 2841 1950 2881 quae
2001 2831 2181 2883 quidem

1308 2893 1454 2946 opinio
1485 2893 1604 2931 recte
1627 2890 1884 2932 addubitata
1906 2894 1972 2933 est
1992 2892 2047 2933 ab
2069 2893 2182 2934 Her-

1309 2965 1471 2996 manno
1493 2954 1681 3005 Opuscc.
1706 2955 1754 2993 11.
1787 2965 1830 3006 p.
1851 2953 1963 3004 308.,
1994 2954 2182 2996 refutata

1310 3028 1332 3057 a
1350 3015 1584 3057 Welckero
1606 3016 1884 3068 Nachtra9
1901 3027 1945 3068 p.
1968 3016 2061 3058 324.
2087 3017 2184 3058 «Di-

1308 3090 1440 3119 versa
1480 3079 1599 3118 enim
1635 3078 1677 3118 in
1715 3077 1894 3130 singulis
1923 3077 2081 3120 fabulis
2108 3089 2183 3119 ar-

1312 3142 1521 3192 gumenta
1552 3140 1752 3180 tractavit
1778 3139 2047 3192 Aeschylus,
2080 3151 2184 3182 cum

1312 3203 1541 3251 Phineum,
1566 3204 1737 3253 Persas,
1757 3200 1969 3243 Glaucum
1983 3203 2186 3243 Potnien-

1313 3276 1431 3314 sem,
1463 3265 1779 3304 Prometheum
1799 3263 2029 3315 igniferum
2049 3263 2184 3322 (πυρ-

1314 3325 1494 3383 φόρον,
1536 3328 1584 3365 ut
1612 3324 1701 3366 volt
1729 3324 1987 3366 Welckerus
2019 3325 2185 3366 Trile-

1314 3390 1396 3441 9ie
1425 3400 1467 3440 p.
1503 3388 1599 3428 420:
1650 3387 1898 3444 πυρκαιέα)
1931 3397 2017 3427 una
2047 3388 2186 3428 tetra-

1315 3449 1427 3501 logia
1448 3449 1804 3501 comprehendit;
1837 3448 1955 3488 idem
1975 3448 2079 3489 fecit
2096 3449 2186 3489 Eu-
