2231 3787
179 290 280 341 ‘284-
815 287 1026 327 ilORATli
1058 285 1356 326 sATnzAizUM

250 421 445 473 Curvat
484 436 613 489 aper
653 418 832 471 lances
873 434 1088 470 carnem
1129 414 1338 466 vitantis
1381 413 1625 473 inerte1n3

251 524 379 573 Nam
418 522 655 573 Laurens
696 518 865 571 malus
906 528 1011 571 est.
1054 516 1190 569 ulvis
1231 524 1282 567 et
1320 512 1579 566 arundine
1618 511 1845 582 pinguis.

254 623 418 675 Vinea
458 621 715 675 submittit
754 636 977 689 capreas
1017 635 1121 670 non
1160 632 1376 685 semper
1414 612 1615 666 edules,

256 722 542 777 Fecundae
582 721 780 792 leporis
821 719 1036 789 sapiens
1076 715 1368 770 sectabitur
1407 732 1600 767 armos,

256 824 497 878 Piscibus
538 832 697 893 atque
738 820 925 874 avibus
965 835 1105 890 quae
1146 826 1336 870 natura
1375 825 1426 870 et
1465 816 1599 868 foret
1637 824 1808 868 aetas.
1924 813 1992 864 45

255 930 386 979 Ante
426 942 605 977 meum
645 921 772 974 nulli
813 921 980 992 patuit
1017 919 1263 991 quaesita
1300 918 1550 989 palatum.

257 1030 409 1081 Sunt.
452 1042 682 1096 quorum
722 1023 995 1093 ingenium
1033 1038 1171 1074 nova
1209 1029 1414 1073 tantum
1453 1017 1688 1072 crustula
1715 1016 1923 1087 promit.

293 1192 358 1233 4¹.
393 1193 549 1232 Cum-at
579 1190 696 1241 bScp
729 1190 773 1228 et
803 1198 959 1227 omnes
990 1187 1205 1226 Pottierii:
1241 1185 1390 1225 Curvet
1420 1195 1443 1224 e
1469 1182 1607 1223 Codd.
1634 1182 1698 1232 (cp)
1722 1179 1942 1221 Bentleius

239 1259 279 1295 et
312 1257 364 1294 M.
403 1278 446 1283 —
479 1253 546 1294 44.
579 1252 759 1292 Fecunda·
789 1250 891 1302 hep,
925 1260 1081 1289 omnes
1113 1248 1308 1288 Pottierii
1340 1249 1383 1286 et
1410 1245 1674 1293 Bentleiani,
1707 1245 1826 1284 LtFJ.
1881 1245 1944 1295 (Ut

239 1328 338 1364 nos,
372 1318 423 1366 S,
456 1317 648 1367 optimus
679 1313 931 1353 Blandinius
963 1314 1007 1351 et
1036 1313 1263 1351 Tonsanus
1296 1309 1490 1360 Cruquii,
1526 1309 1573 1355 C,
1607 1305 1844 1355 Bentleius,
1867 1305 1942 1356 M.)

243 1401 286 1407 —
323 1379 387 1419 46.
413 1378 556 1428 patuit
584 1377 684 1415 nulli
712 1375 756 1414 b.
794 1398 837 1403 —
881 1374 946 1414 48.
979 1375 1063 1413 Nec
1094 1383 1345 1422 quemquam
1377 1383 1430 1411 ex
1461 1371 1614 1422 paucis
1643 1369 1941 1421 pessimisque

242 1441 380 1481 Codd.
415 1442 513 1480 Fea.
553 1463 596 1467 —
631 1442 687 1478 est
716 1439 917 1477 inserunt
944 1438 1047 1488 post
1074 1448 1115 1475 v.
1150 1446 1237 1475 una
1267 1435 1354 1474 duo
1386 1433 1645 1484 Cruquiani,
1677 1434 1778 1485 post
1806 1443 1847 1472 v.
1870 1443 1946 1470 cu-

241 1590 306 1630 4¹.
341 1589 407 1629 4⁴2.
450 1588 619 1636 Curi-at]
649 1587 717 1626 Sic
745 1584 951 1625 meliores
975 1585 1061 1624 Co—

187 1654 324 1699 dices,
358 1663 445 1691 non
474 1655 628 1690 curvet.
689 1648 954 1688 indicativus
996 1649 1063 1687 est

187 1714 472 1768 approbantis
503 1712 622 1764 quod
653 1713 774 1751 recte
815 1711 882 1759 fit,
930 1712 977 1749 ut
1020 1710 1062 1748 in

188 1778 442 1829 aphorismo
471 1774 541 1815 vel
578 1775 719 1831 κυρίᾳ
755 1769 888 1827 δόξᾳ.
951 1772 1064 1811 Cur-

188 1843 262 1879 vat
303 1841 452 1878 autem
501 1848 609 1888 aper
656 1835 806 1875 lances
852 1834 1062 1885 gravitate

189 1913 284 1942 sua.
347 1899 465 1950 (Plin.
499 1900 549 1938 H.
583 1900 631 1938 N.
664 1898 713 1945 8,
756 1899 831 1937 51:
879 1897 1065 1936 Selicium

189 1975 342 2015 aprum
370 1964 653 2001 Romanorum
676 1961 841 2010 primus
869 1959 911 1997 in
937 1958 1067 2008 epulis

190 2026 383 2077 apposuit
415 2026 457 2064 P.
495 2024 694 2063 Servilius
736 2022 902 2070 Rullus,
942 2025 1067 2071 pater

191 2091 277 2129 eius
310 2087 440 2137 Rulli,
487 2086 556 2135 qui
599 2084 806 2124 Ciceronis
849 2082 1066 2122 consulatu

196 2153 247 2201 (a.
284 2161 327 2188 u.
378 2147 487 2197 694.)
533 2147 660 2197 leqem
703 2145 924 2196 agrariam
959 2156 1067 2194 pro-

191 2213 408 2264 mulgavit.
495 2210 595 2249 Tam
650 2209 892 2258 propinqua
949 2207 1066 2258 origo

192 2287 301 2315 nunc
323 2273 590 2323 quotidianae
608 2271 670 2310 rei
694 2275 764 2310 est.
827 2270 889 2310 Cf.
913 2271 1063 2309 iuven.

200 2340 240 2381 l,
290 2336 397 2386 1¹40.)
461 2337 548 2374 Nos
592 2332 722 2385 paulo
768 2331 918 2371 aliter:
969 2333 1068 2371 der

198 2400 360 2439 Tiseh
399 2398 558 2448 bieqt
596 2396 718 2435 sich
754 2399 929 2434 unter
964 2396 1067 2434 den

194 2464 452 2514 Speisen.
490 2483 535 2488 -
567 2471 734 2499 earnem
759 2459 929 2498 vitantis
957 2459 1068 2497 inei·-

194 2525 285 2577 tem]
319 2525 425 2564 Catii
454 2523 582 2573 igitur
611 2521 820 2571 magister
841 2520 1068 2572 praefere-

196 2588 270 2628 bat
307 2597 437 2638 apros
475 2586 517 2623 in
558 2583 755 2631 Umbria,
803 2584 993 2622 maxime
1025 2583 1067 2621 in

194 2649 410 2701 Apennini
440 2646 647 2694 saltibus,
696 2645 803 2685 ilicis
837 2644 1068 2696 glandibus

197 2709 670 2762 (Steineiehkernen
717 2708 862 2757 Voss.)
918 2708 1069 2758 pastos

198 2773 298 2819 illis,
344 2773 416 2822 qui
457 2772 499 2810 in
529 2769 764 2821 paludibus
795 2769 1068 2809 Laurentinis

198 2836 253 2875 ad
283 2845 404 2874 mare
435 2835 627 2873 Tuscum
659 2833 771 2871 inter
800 2831 991 2871 Ardeam
1027 2831 1069 2869 et

199 2898 358 2938 ostium
401 2894 568 2934 Tiberis
611 2893 922 2945 capiebantur,
969 2893 1069 2943 quia

1124 1583 1202 1623 Od.
1242 1584 1286 1631 4,
1332 1583 1375 1629 l,
1417 1582 1500 1632 28.)
1543 1605 1587 1609 —
1619 1580 1738 1632 ulvis]
1782 1580 1999 1620 Kolben-

1124 1645 1294 1696 sehilf,
1339 1644 1547 1684 Kolben.
1619 1644 1747 1683 Voss.
1820 1643 1884 1682 De
1933 1642 2000 1681 his

1124 1710 1242 1758 Virg.
1266 1710 1374 1747 Aen.
1400 1707 1472 1754 40,
1497 1705 1599 1746 708:
1632 1717 1734 1755 aper
1752 1727 1825 1754 --,
1850 1716 2003 1754 quem-

1124 1770 1315 1821 Defendit
1333 1792 1352 1798 -
1367 1769 1492 1819 palus
1517 1769 1770 1817 Laurentia,
1802 1768 1908 1807 silva
1925 1768 2003 1807 Pa-

1125 1838 1209 1873 stus
1238 1832 1486 1872 arundinea.

1181 1895 1246 1936 43.
1277 1894 1343 1935 44.
1397 1894 1519 1933 Vinea
1554 1892 1656 1944 cet.]
1690 1894 1907 1944 «Propter
1936 1891 2005 1932 fo-

1126 1956 1284 1997 liorum
1314 1956 1412 1995 vitis
1443 1954 1784 1994 amaritudinem
1816 1965 2003 2006 caprea-

1127 2030 1226 2058 rum
1265 2019 1332 2057 his
1370 2018 1596 2068 pastarum
1629 2027 1732 2056 caro
1762 2027 1849 2056 non
1880 2028 2003 2056 sem-

1126 2092 1210 2133 per
1238 2079 1385 2133 placet
1412 2078 1580 2130 palato;
1622 2079 1827 2129 quocirca
1864 2090 2005 2130 quae-

1126 2143 1292 2184 rendae
1336 2143 1481 2194 potius
1520 2153 1706 2193 capreae
1745 2143 1787 2181 in
1819 2141 2002 2182 saltibus

1129 2208 1309 2259 captae,
1357 2215 1471 2256 quae
1516 2215 1699 2255 gramen
1738 2215 1791 2245 ac
1829 2206 2004 2256 segetes

1129 2268 1472 2320 depascuntur.»
1507 2289 1551 2294 —
1575 2266 1786 2318 submittit]
1820 2277 2005 2319 «suppe-

1129 2332 1278 2371 ditat.»
1301 2353 1343 2358 —
1362 2329 1588 2380 Fecundae]
1611 2330 1786 2369 Minime
1807 2330 2007 2369 reiicien-

1130 2394 1186 2434 da
1216 2392 1528 2443 Porphyrionis
1560 2393 1603 2430 et
1634 2392 1896 2432 Comn1.Cr.
1927 2403 2007 2431 ex-

1130 2455 1326 2508 plicatio:
1380 2453 1524 2500 «Quia
1576 2452 1783 2492 dicuntur
1827 2463 2007 2505 semper

1129 2518 1424 2570 praegnantes
1447 2525 1546 2554 esse
1567 2514 1784 2566 lepores.»
1818 2514 2007 2565 (Scilicet

1133 2592 1185 2620 ex
1220 2581 1425 2618 veterum
1456 2580 1588 2627 atque
1621 2578 1755 2616 etiam
1785 2578 2008 2617 recentio-

1131 2653 1231 2681 rum
1260 2637 1569 2680 nonnullorum
1603 2638 1801 2678 doctrina
1832 2638 2006 2691 lepores

1133 2702 1433 2756 superfetant.)
1496 2703 1576 2749 Qui
1598 2700 1856 2752 simpliciter
1877 2712 2008 2753 expo-

1132 2769 1241 2807 nunt
1281 2765 1652 2816 «praegnantis»,
1695 2763 1808 2803 aliud
1852 2775 2007 2804 exem-

1131 2829 1254 2882 plum
1294 2827 1452 2867 afferre
1493 2825 1732 2865 debebant.
1801 2827 2008 2877 (Duntze-

1132 2903 1206 2931 rus
1255 2901 1334 2942 pro
1383 2889 1465 2928 hac
1510 2888 1823 2939 significatione
1868 2886 2009 2928 attulit

199 2960 360 2998 horum
382 2968 484 2995 caro
506 2957 634 3003 iners,
668 2954 852 3006 insipida
875 2956 917 2994 et
938 2954 1068 3001 fatua,
1099 2951 1103 3006 Ι
1133 2953 1256 2994 Ovid.
1279 2953 1454 2992 Metam.
1480 2951 1525 2999 Ξ,
1558 2950 1670 2998 4-72.;
1704 2951 1783 2991 sed
1814 2950 1872 2991 ibi
1908 2949 2009 2991 Cal-

201 3022 333 3061 esset.
394 3020 501 3058 Fea:
546 3018 829 3057 «Etiamnunc
848 3015 975 3067 volgo
998 3027 1073 3055 no·
1100 3010 1103 3072 Ι
1133 3016 1230 3056 listo
1262 3014 1450 3054 secunda
1473 3013 1630 3053 dicitur
1659 3015 1763 3065 post
1789 3013 2007 3053 Arcadem

201 3087 318 3129 tum,
351 3092 480 3131 apros
511 3083 555 3119 et
583 3091 685 3120 sues
716 3078 872 3130 glande
905 3079 1072 3128 sagina·
1100 3090 1103 3128 i
1133 3078 1315 3127 natum.)
1368 3078 1420 3116 At
1452 3077 1486 3115 si
1509 3076 1823 3126 significatione
1843 3074 2007 3126 volgari

200 3147 267 3183 tos
298 3142 474 3182 duriore
502 3145 545 3181 et
573 3141 776 3181 solidiore
799 3152 931 3180 earne
954 3151 1068 3187 esse,

202 3216 314 3256 quae
358 3204 562 3244 saliturae
596 3206 637 3243 et
681 3203 888 3243 omnibus
934 3201 1072 3242 salsa-

203 3267 361 3307 mentis
392 3269 435 3305 et
469 3266 708 3305 condituris
739 3266 879 3317 aptior
910 3267 951 3303 et
989 3265 1073 3303 du-

202 3328 422 3368 rabilior.»
472 3329 630 3368 Contra
654 3328 813 3366 Statius
835 3325 933 3365 Silv.
958 3325 1005 3374 4,
1031 3326 1068 3370 6.

206 3392 283 3430 40:
335 3391 481 3430 Tuscus
508 3401 611 3440 aper
638 3390 875 3441 generosior
907 3388 1068 3427 Umbro.

205 3453 436 3502 (Lucanum
477 3463 632 3504 aprum
676 3450 824 3491 laudat
870 3451 1072 3490 Horatius

205 3515 360 3559 Sati),
394 3515 439 3558 3,
474 3514 565 3555 234.
612 3513 791 3562 2,8‚6.
842 3514 1072 3553 Marsum

1134 3138 1351 3190 explices,
1375 3138 1595 3178 ἐπίθετον
1616 3139 1658 3177 h.
1683 3137 1710 3177 l.
1738 3138 1927 3177 otiosum
1948 3138 2010 3175 vi-

1134 3202 1278 3242 detur.
1340 3201 1547 3241 Ceterum
1578 3211 1715 3251 genus
1750 3199 2008 3239 femininum

1134 3264 1201 3304 vel
1260 3263 1361 3303 ideo
1419 3262 1763 3314 praeferendum
1811 3260 2006 3308 videtur,

1136 3326 1255 3377 quod
1286 3324 1450 3365 facilius
1480 3326 1522 3364 in
1552 3322 1845 3364 masculinum
1874 3333 2008 3373 quam

1136 3392 1286 3429 contra
1325 3400 1348 3427 a
1385 3386 1573 3426 librariis
1616 3386 1774 3425 mutari
1819 3387 2005 3436 poterat.

1141 3475 1184 3480 —
1217 3451 1379 3500 sapiens
1408 3448 1630 3488 sectabitur
1659 3447 1812 3499 armos]
1856 3447 2010 3486 «Peri-

1137 3514 1204 3552 tus
1249 3511 1603 3568 γαστρονομίας
1648 3510 1830 3549 conviva
1878 3509 2009 3557 (Por-
