2231 3787
277 267 377 319 332)
910 267 1122 307 nossATn
1153 266 1451 306 SATIRARUM

347 399 460 450 Non
500 397 648 450 dices
688 396 874 458 hodie,
916 413 1176 468 quorsum
1214 394 1348 447 haec
1385 402 1490 448 tam
1529 392 1713 464 putida
1753 391 1993 452 tendant,

347 498 617 553 Furcifer?
657 497 732 551 Ad
761 507 835 551 te.
867 498 1098 569 inquam.
1139 497 1257 560 Quo
1285 503 1464 566 pactO,
1496 495 1767 565 pessime?
1806 493 2017 547 Laudas

349 603 635 654 Fortunam
675 608 726 652 et
766 616 944 652 mores
985 598 1234 668 antiquae
1273 595 1471 668 plebiS,
1513 604 1564 649 et
1602 595 1770 657 idem,

351 703 403 756 Si
444 702 565 773 quis
606 700 671 753 ad
713 699 797 752 illa
836 699 971 753 deus
1010 698 1185 752 subito
1224 707 1274 752 te
1314 706 1464 769 agat,
1506 714 1680 768 usque
1726 713 1968 758 recuseS,

350 807 448 857 Aut
489 804 614 874 quia
654 819 759 853 non
799 801 986 862 sentis,
1029 799 1176 871 quod
1215 798 1440 861 clamaS,
1486 798 1684 852 rectius
1724 815 1874 859 esse,
2022 797 2090 849 25

348 908 447 959 Aut
485 906 611 976 quia
649 922 755 958 non
794 903 979 955 firmus
1020 910 1225 955 rectum
1264 899 1506 953 defendis
1546 908 1598 952 et
1636 898 1856 960 haereS,

349 1007 686 1077 Nequiquam
723 1021 892 1059 coeno
932 1003 1156 1074 cupiens
1197 1001 1430 1056 evellere
1468 1000 1716 1072 plantam.

350 1111 547 1162 Romae
586 1125 677 1160 rus
717 1115 897 1177 optas,
939 1104 1220 1159 absentem
1258 1103 1491 1158 rusticus
1531 1102 1722 1156 urbem

387 1315 453 1353 ¹²2¹.
486 1314 580 1353 Non
609 1312 737 1361 dices,
769 1311 886 1350 hodie
915 1321 1113 1360 quorsum
1143 1309 1338 1350 distinxit
1366 1309 1573 1358 Doering.
1603 1331 1646 1336 —
1679 1308 1746 1347 27.
1779 1307 2044 1357 Nequiquam

337 1378 403 1422 E,t
440 1376 669 1427 (scriptura
702 1372 886 1426 probata
916 1373 1138 1423 Wagnero
1174 1373 1217 1411 in
1247 1369 1435 1422 Vergilio
1466 1371 1521 1410 ad
1556 1370 1786 1422 pristinam
1808 1370 2041 1421 orthogra-

338 1440 486 1492 phiam
530 1438 738 1478 revocato
781 1447 824 1487 p.
863 1434 942 1475 459
980 1445 1047 1485 sq.
1082 1436 1126 1474 et
1158 1433 1442 1474 Lachmanno
1477 1432 1534 1472 ad
1575 1434 1748 1472 Lucret.
1782 1433 1829 1480 ⁶2,
1874 1431 2040 1482 4448.);

335 1503 620 1552 Νετμιὶοριι-αηὶ
653 1501 778 1545 LCM.
811 1498 1104 1548 Nequidquam
1132 1497 1199 1536 FJ.
1239 1519 1281 1524 -
1315 1495 1490 1536 avellere
1519 1505 1741 1547 superscr.
1772 1506 1792 1534 e
1822 1495 1862 1534 S.

280 1694 347 1732 Ill.
388 1703 429 1744 p.
468 1691 534 1731 98.
589 1691 799 1742 (Languet
828 1687 964 1729 altera
1001 1687 1157 1728 distin-

281 1755 390 1794 ctio:
437 1754 554 1793 hodie
584 1764 782 1803 quorsum
812 1751 913 1802 cet.)
950 1774 994 1779 -
1028 1762 1159 1800 quor—

1221 1686 1301 1726 25:
1346 1685 1398 1724 Et
1435 1684 1630 1734 supinum
1667 1683 1855 1723 animum
1893 1682 1935 1722 in
1975 1682 2101 1734 qravi

1222 1748 1504 1797 derelinquere
1533 1757 1671 1785 coeno.

280 1827 371 1856 sum
412 1816 552 1854 haec-
579 1837 602 1843 -
631 1815 852 1864 tendanffl]
904 1812 1158 1862 «Quamdiu

283 1890 378 1927 me,
412 1877 578 1926 scelus,
612 1878 702 1917 tam
732 1878 881 1929 inepto
909 1872 1157 1932 (φορτικῷ)

282 1951 489 1982 sermone
529 1939 771 1988 obtundes,
820 1938 940 1977 haud
983 1937 1156 1986 dicens,

284 2003 388 2055 quid
419 2002 496 2042 tibi
534 2000 706 2041 vehsa»
745 2024 788 2029 —-
821 2000 1027 2051 Furcifer]
1070 2001 1160 2039 Do-

284 2068 411 2106 natus
441 2065 497 2104 ad
526 2065 700 2103 Terent.
736 2063 870 2103 Andr.
906 2062 951 2111 3,
992 2064 1037 2111 5,
1082 2062 1156 2102 42:

286 2128 516 2178 «Furciferi
546 2125 830 2175 dicebantur,
872 2126 946 2176 qui
976 2125 1031 2165 ob
1062 2123 1159 2164 leve

286 2189 498 2230 delictum
558 2187 831 2239 cogebantur
888 2199 912 2227 a
971 2187 1160 2227 dominis

285 2253 546 2304 ignominiae
596 2251 736 2301 magis
781 2261 916 2301 quam
960 2248 1162 2301 supplicii

287 2326 419 2356 causa
460 2315 575 2354 circa
616 2314 783 2353 vicinos
822 2312 993 2352 furcam
1025 2311 1086 2363 (V)
1118 2312 1162 2351 in

287 2377 398 2418 collo
430 2377 545 2418 ferre
578 2375 806 2427 subligatis
828 2375 883 2415 ad
905 2386 1006 2416 eam
1026 2375 1164 2414 mani-

1275 1809 1422 1850 28-35.
1454 1811 1609 1849 Romae
1626 1819 1698 1847 rus
1714 1806 1846 1860 optas]
1867 1806 1990 1847 Conf.
2010 1807 2098 1846 Sat.

1219 1872 1266 1921 2,
1301 1872 1346 1922 6,
1381 1872 1454 1911 60:
1490 1872 1521 1910 O
1550 1882 1637 1921 rus,
1671 1871 1838 1920 quaudo
1868 1881 1942 1921 eqo
1973 1873 2010 1909 te
2029 1870 2103 1909 ad-

1219 1932 1427 1984 spiciam?
1471 1934 1580 1985 Epp.
1607 1933 1622 1971 4
1645 1965 1652 1981 ,
1677 1933 1724 1982 8,
1759 1932 1833 1974 42:
1866 1933 2019 1972 Romae
2042 1932 2104 1971 Ti-

1223 1998 1301 2036 bur
1321 2007 1457 2036 amem
1486 2000 1698 2044 ventosus,
1735 1994 1882 2034 Tibure
1911 1995 2097 2034 Romam.

1226 2082 1270 2087 ——
1295 2058 1514 2107 absent-em]
1552 2069 1601 2096 «a
1624 2058 1666 2096 te
1689 2055 1930 2096 relictam.»
1960 2078 2007 2084 —
2037 2067 2103 2095 se-

1222 2132 1370 2161 curum
1391 2121 1494 2170 olus]
1518 2117 1778 2159 «coenulam
1801 2118 1856 2158 ab
1879 2118 2000 2158 omni
2019 2117 2104 2159 sol—

1221 2183 1445 2224 licitudine
1469 2181 1700 2222 liberam.»
1756 2182 1820 2221 De
1843 2179 1963 2221 olere
1986 2180 2099 2221 conf.

1223 2246 1381 2294 Sat.2,
1416 2245 1460 2293 4,
1495 2243 1561 2284 74.
1594 2244 1640 2293 2,
1673 2244 1720 2292 2,
1756 2243 1848 2282 447.
1880 2243 1926 2292 2,
1952 2243 1999 2293 6,
2032 2241 2098 2283 64.

1227 2332 1272 2336 —
1305 2307 1496 2359 usquam]
1541 2317 1645 2346 cum
1674 2304 1826 2345 verbis
1858 2306 2006 2345 motus
2037 2306 2105 2345 est

1223 2369 1611 2422 irqenclwohim
1650 2378 1802 2417 usque,
1837 2377 2043 2418 «semper
2058 2397 2067 2416 ,
2082 2381 2102 2401 »

285 2441 390 2489 bus,
425 2442 466 2480 et
488 2439 749 2491 praedicare
772 2440 1008 2490 peccatum
1030 2448 1162 2479 suum
1224 2434 1295 2473 hic
1341 2432 1490 2473 locum
1534 2441 1621 2470 non
1664 2429 1815 2470 habet.
1851 2451 1897 2458 —-
1940 2429 2106 2469 Vinctus

285 2502 505 2554 simulque
537 2513 823 2542 summouere
856 2504 1055 2550 ceteros,
1106 2510 1161 2539 ne
1224 2494 1306 2546 eas]
1340 2494 1492 2546 «quasi
1512 2491 1697 2533 vinculis
1718 2494 1925 2532 oneratus
1946 2491 1989 2531 in
2010 2501 2106 2531 car-

286 2565 393 2617 quid
437 2564 575 2605 simile
621 2565 898 2605 admittant.»
949 2587 993 2592 —
1041 2562 1160 2614 aqat]
1191 2521 1195 2590 i
1225 2569 1375 2598 cerem
1415 2558 1668 2610 pertractus
1708 2556 1765 2596 ad
1801 2566 1965 2596 coenas
2002 2566 2101 2604 eas,

289 2628 460 2679 «adigat
502 2627 558 2667 ad
600 2628 791 2679 priscam
829 2627 1049 2667 maiorum
1078 2636 1164 2665 no-
1191 2609 1196 2710 ι
1226 2630 1330 2660 cum
1360 2621 1514 2659 contra
1545 2617 1836 2658 libentissime
1859 2627 2015 2657 omnes
2036 2617 2102 2656 in-

287 2694 480 2731 strorum
508 2691 644 2729 vitam
675 2689 995 2741 sequendam.»
1033 2688 1164 2727 Simi-
1224 2682 1458 2722 ’vitationes
1509 2681 1755 2731 accipias.»
1829 2677 2012 2720 Martial.
2052 2678 2100 2728 2,

287 2752 337 2793 lis
369 2755 435 2792 est
465 2753 684 2793 sententia
714 2753 802 2791 Sat.
827 2753 842 2791 4
868 2783 875 2800 ,
910 2752 956 2800 4,
991 2751 1041 2790 45
1063 2760 1160 2800 sqq.
1193 2721 1196 2768 Ι
1227 2745 1306 2794 69,
1351 2745 1366 2783 4
1393 2756 1400 2782 :
1460 2743 1641 2782 Invitum
1679 2751 1855 2781 coenare
1899 2741 2004 2792 foris
2040 2745 2101 2790 te,

292 2838 334 2842 —
369 2816 469 2864 quia
505 2827 588 2854 non
627 2813 762 2865 sentis]
805 2813 939 2861 «Quia
979 2822 1066 2852 non
1112 2822 1164 2851 ex
1193 2780 1197 2864 Ι
1227 2806 1424 2855 Classice,
1485 2805 1611 2844 dicis:
1670 2804 1716 2843 Si
1762 2815 1846 2844 uon
1891 2803 2102 2852 mentiris,

289 2877 423 2916 animi
464 2877 522 2915 tui
563 2877 779 2916 sententia
819 2874 964 2916 credis
1000 2874 1164 2913 rectius
1193 2865 1197 2909 Ι
1226 2869 1423 2918 Classice,
1475 2868 1719 2917 dispeream.
1781 2889 1822 2895 —
1881 2864 2103 2917 amasque]

290 2949 389 2978 esse
421 2937 526 2977 illud
555 2939 669 2977 vitae
701 2948 863 2988 genus,
897 2935 1017 2987 quod
1047 2937 1165 2974 tam-
1226 2933 1274 2970 ut
1303 2932 1390 2970 Sat.
1427 2931 1473 2979 4,
1506 2930 1557 2979 2,
1597 2929 1664 2970 54.
1700 2931 1877 2969 «tecum
1920 2929 2106 2968 conten·-

291 3011 423 3051 quam
456 2999 728 3040 declamator
758 2998 842 3038 alta
873 3009 983 3037 voce
1023 2996 1166 3037 dilau-
1229 2994 1296 3032 tus
1328 3003 1376 3032 es
1421 2991 1554 3042 idque
1598 2990 1876 3043 praedicas.»
1927 2991 2016 3030 Cic.
2049 2988 2106 3029 ad

290 3063 412 3102 das.»
448 3084 491 3090 -
526 3062 717 3112 defendis]
752 3072 838 3100 non
876 3062 965 3099 tam
1005 3058 1165 3098 adver-
1226 3056 1310 3095 Att.
1337 3053 1382 3103 4,
1418 3054 1488 3103 46,
1525 3054 1595 3093 4οῑ
1629 3055 1673 3093 in
1702 3063 1747 3093 eo
1768 3064 1833 3093 me
1850 3053 1970 3092 valde
1990 3062 2100 3092 amo.

291 3135 367 3164 sus
389 3122 515 3172 alios,
541 3134 674 3174 quam
698 3133 802 3174 «pro
820 3121 928 3161 virili
951 3123 1022 3161 tua
1040 3123 1164 3172 parte
1195 3111 1198 3172 l
1229 3139 1275 3145 -—
1323 3127 1460 3156 serum
1480 3140 1503 3146 -
1523 3115 1768 3166 convivam]
1819 3115 1989 3154 Festive
2037 3111 2106 3153 lu-

290 3188 333 3226 in
377 3188 514 3225 temet
557 3186 652 3237 ipso
696 3195 849 3224 servas
894 3185 937 3222 et
982 3183 1163 3223 tueris.»
1194 3175 1198 3259 ὅ
1228 3181 1290 3220 dit
1320 3181 1433 3219 inter
1453 3179 1587 3218 haec:
1638 3179 1674 3229 4)
1709 3176 1810 3217 «ubi
1844 3188 1945 3218 sero
1984 3177 2106 3217 Mae—

294 3270 338 3276 —
374 3252 411 3287 et
439 3247 596 3299 haeres]
629 3248 803 3286 Terent.
835 3245 1010 3285 Phorm.
1037 3246 1083 3294 5,
1116 3246 1162 3294 ἓ,
1196 3273 1198 3278 .
1228 3242 1370 3283 cenati
1399 3241 1573 3281 venerit
1601 3242 1644 3280 in
1674 3241 1894 3288 mentem,
1929 3240 1971 3278 te
1992 3248 2107 3289 quo-

294 3311 364 3350 45:
400 3311 437 3348 in
470 3310 609 3349 eodem
637 3309 720 3348 luto
749 3307 948 3355 haesitas,
993 3307 1058 3346 «in
1091 3317 1167 3346 ea-
1195 3333 1198 3348 .
1229 3316 1315 3356 que
1338 3303 1614 3344 invitandum
1636 3313 1789 3349 esse3»
1821 3300 1860 3351 2)
1885 3299 1986 3340 «ubi
2006 3300 2107 3351 post

294 3373 397 3413 dem
428 3371 737 3418 difficultate3»
776 3371 818 3410 h.
850 3368 877 3409 l.
915 3370 1166 3410 «intricatus
1195 3351 1198 3390 Ὗ
1229 3367 1390 3408 multas
1422 3366 1507 3406 diei
1538 3365 1813 3416 negotiorum
1852 3361 1969 3414 pleni
2007 3371 2107 3402 mo—

294 3446 500 3475 remanes
543 3435 586 3474 in
630 3434 776 3486 priore
819 3433 1077 3485 pravitate.»
1120 3455 1163 3460 —
1195 3404 1198 3448 Ι
1229 3429 1377 3470 lestias
1419 3428 1604 3468 dilectus
1645 3429 1745 3466 tuus
1786 3425 2019 3465 Maecenas
2063 3425 2106 3463 te

294 3497 429 3549 coeno]
469 3497 667 3548 Figurate
707 3496 838 3537 etiam
877 3493 1069 3535 Catullus
1103 3494 1165 3542 47,
1195 3450 1198 3521 i
1231 3503 1342 3545 opus
1382 3490 1607 3538 habuerit,
1656 3499 1744 3539 quo
1776 3486 1974 3527 adiutore
2013 3483 2105 3525 illas
