2231 3787
0 3464 14 3528 ——L‘
11 3425 13 3438 -
0 3256 13 3398 ‘'..L-'-00>'-.
0 3199 12 3239 ;-¹„

12 3747 15 3755 .
0 3675 15 3734 .-.λ’-
9 3627 14 3660 -».

858 239 955 279 Liss.
991 239 1040 278 11.
1103 238 1215 277 sAr.
1250 238 1300 276 11.
1894 232 2001 284 215

248 377 410 427 Tutus
451 382 563 426 erat
604 370 861 424 rhombus
901 378 1123 440 tutoque
1164 368 1371 421 ciconia
1414 366 1568 425 nido,

247 477 431 528 Donec
470 492 565 527 vos
607 482 792 527 auctor
832 471 1014 526 docuit
1052 469 1372 541 praetorius.
1450 468 1588 538 Ergo
1936 467 2003 518 50

247 577 300 630 Si
342 576 463 648 quis
504 593 644 628 nunc
684 591 898 645 mergos
939 589 1134 626 suaves
1175 570 1404 625 edixerit
1442 585 1619 629 assOS‚

248 677 464 731 l'arebit
502 677 652 748 pravi
694 675 883 730 docilis
922 676 1161 728 Romana
1201 673 1466 725 iuventus.

253 779 517 834 Sordidus
559 796 588 831 a
627 778 772 832 tenui
812 777 953 831 victu
992 774 1236 836 distabit,
1282 771 1454 827 Ofella

250 881 458 945 Iudice,
499 897 623 933 nam
667 880 861 933 frustra
898 879 1084 932 vitium
1122 875 1376 930 vitaveris
1417 873 1571 932 illud,

251 983 304 1037 Si
347 991 396 1037 te
437 981 540 1035 alio
579 999 806 1053 pravum
845 980 1160 1034 detorseris.
1234 977 1551 1037 AvidienUS‚
1940 974 2006 1025 55

287 1151 353 1189 51.
388 1149 530 1188 Suavis
551 1160 588 1187 c.
618 1170 661 1175 —
697 1146 881 1186 edisserit
909 1157 953 1196 p.
991 1168 1033 1173 —
1068 1143 1135 1184 53.
1169 1142 1352 1183 distabat
1381 1141 1548 1195 bcp,yx
1581 1152 1709 1180 «cum
1741 1142 1949 1191 quattuor

235 1211 356 1261 aliis,
391 1210 511 1262 quod
543 1211 728 1250 fortasse
761 1207 894 1248 nihilo
926 1207 1168 1247 deterius.»
1217 1228 1262 1234 —-
1310 1203 1456 1256 Ofella]
1499 1203 1610 1244 Vide
1650 1202 1705 1242 ad
1743 1215 1784 1241 v.
1827 1203 1866 1242 2.
1904 1222 1948 1230 —

237 1277 303 1314 55.
331 1286 495 1324 pravus
525 1285 577 1313 ex
607 1284 695 1311 uno
728 1271 836 1312 Cod.
874 1269 1134 1310 Bersmanni
1172 1266 1396 1307 Bentleius
1434 1267 1477 1306 et
1514 1267 1570 1306 M.
1622 1286 1666 1292 —
1714 1265 1953 1316 Aufidienus

235 1348 348 1378 unus
386 1338 514 1376 Feae.

178 1488 328 1538 pretes
386 1485 590 1536 antiquos
649 1485 759 1523 haee
821 1482 1057 1522 adnotasse

179 1550 460 1599 compertum
509 1547 759 1586 habemus:
825 1545 1058 1585 «Asinium

178 1609 404 1661 quendam
441 1609 511 1649 vel
552 1609 865 1660 Sempronium
901 1606 1061 1647 Rufum

181 1673 298 1723 (nam
318 1673 484 1712 Asinius
499 1672 768 1722 Sempronius
787 1670 917 1721 Rufus
934 1669 1063 1709 Com-

179 1735 438 1775 mentatoris
469 1735 604 1785 Cruq.
628 1743 792 1773 nomen
815 1734 1062 1771 Romanum

178 1809 268 1838 non
299 1797 379 1847 est)
411 1798 688 1849 praetorium
717 1795 981 1842 instituisse,
1015 1795 1063 1833 ut

179 1861 450 1900 ciconiarum
504 1857 609 1910 pulli
656 1857 1058 1903 manducarentur3

179 1933 339 1974 quare,
380 1922 602 1972 inquiunt,
646 1931 749 1960 cum
780 1920 821 1959 in
853 1921 1061 1970 praetura

178 1985 371 2038 petenda
392 1983 618 2036 repulsam
640 1982 833 2031 tulisset,
863 1981 947 2021 tale
971 1982 1062 2032 epi-

179 2059 377 2100 gramma
410 2047 597 2086 meruit:
645 2046 913 2085 Ciconiarum
933 2044 1063 2094 Rufus

179 2111 252 2150 iste
280 2110 494 2149 conditor!
524 2109 599 2147 Hic
630 2112 687 2147 est
715 2108 872 2147 diiobzis
893 2107 1062 2158 eleyon-

180 2174 262 2213 tior
302 2173 489 2212 Plancis:
548 2172 865 2222 Suffraqmrum
900 2173 1062 2220 puncta

180 2247 263 2275 non
293 2235 385 2274 tulit
413 2238 577 2284 septem.
640 2234 907 2274 Ciconiarum
921 2244 1062 2283 popu-

181 2299 244 2338 lus
274 2298 382 2336 ullus
410 2301 468 2335 est
495 2300 711 2335 mortem.»
746 2294 932 2345 (Anthol.
967 2295 1058 2333 Lat.

181 2360 349 2410 Meycri
392 2360 441 2398 N.
479 2359 590 2407 780.)
656 2358 822 2406 Quodsi
865 2369 912 2397 re
955 2367 1063 2396 vera

182 2424 419 2474 praeturae
462 2419 689 2471 repulsam
732 2419 850 2468 tulit,
895 2419 1061 2458 ironice

179 2485 418 2535 praetorius
448 2483 607 2523 dieitur
636 2483 679 2522 h.
703 2481 729 2522 l.
755 2481 901 2522 infelix
929 2492 1063 2533 prae-

183 2549 309 2587 turae
339 2546 514 2598 petitor.
566 2546 732 2585 Verum
753 2557 825 2585 res
848 2547 915 2585 est
935 2555 1065 2596 pror—

183 2620 258 2650 sus
308 2610 491 2649 incerta.
558 2608 628 2658 (C.
672 2608 921 2659 Sempronii
969 2606 1063 2646 Rufi

183 2671 416 2713 cuiusdam
438 2666 666 2723 εὐήθειαν
693 2669 808 2710 ridet
832 2670 986 2710 Cicero
1009 2668 1066 2709 ad

183 2736 268 2774 Att.
293 2734 342 2782 6,
364 2734 414 2783 ⁶2,
448 2734 514 2774 40.
555 2735 672 2774 Num
691 2733 813 2773 idem
833 2733 912 2781 sit,
944 2731 1066 2771 haud

184 2796 390 2846 constat.)
444 2819 489 2825 —-
538 2795 722 2848 mergos]
775 2795 1062 2843 Taucher,

187 2869 325 2909 «quos
355 2859 539 2910 propter
563 2858 852 2899 durissimam
882 2868 1067 2898 carnem

186 2924 227 2961 et
271 2920 503 2961 rancidum
540 2932 595 2961 ex
636 2920 858 2972 piscibus,
905 2919 1067 2971 quibus

186 2985 455 3031 vescuntur,
512 2994 720 3034 saporem
768 2993 901 3023 nemo
951 2992 1067 3022 nune

188 3045 320 3086 edit.»
356 3068 399 3073 —
433 3045 624 3096 edixerit]
667 3047 897 3096 tamquam
934 3055 1068 3096 prae-

188 3111 270 3147 tor.
324 3108 446 3146 Conf.
480 3108 587 3158 Epp.
619 3109 661 3157 4,
696 3108 769 3156 49,
804 3108 868 3147 40.
907 3130 950 3136 -
986 3108 1068 3147 Ro-

186 3181 317 3210 mana
360 3169 570 3220 iuventus]
617 3180 867 3220 «generosa
910 3168 979 3209 illa
1025 3171 1069 3209 et

189 3233 512 3282 magnanima»,
553 3242 639 3270 non
678 3233 772 3271 sine
804 3232 919 3271 comi
956 3242 1068 3282 qua-

189 3295 294 3334 dam
340 3294 501 3341 ironia,
553 3304 667 3343 quae
713 3292 858 3333 elucet
899 3293 967 3333 vel
1014 3305 1066 3333 ex

189 3367 299 3397 sono
338 3357 479 3395 exitus
511 3355 637 3406 epici.
700 3355 862 3395 Ennius
893 3366 936 3406 p.
971 3355 1063 3395 435.

191 3417 365 3459 Hessel:
392 3419 571 3468 Optuma
598 3428 691 3456 cum
709 3417 896 3466 pulchris
917 3417 1069 3456 animis

194 3482 383 3521 Romana
402 3481 604 3521 iuventus.
631 3478 753 3520 Conf.
774 3479 853 3519 Od.
875 3478 913 3527 4,
933 3478 971 3525 4,
997 3478 1065 3520 46.

1180 1478 1327 1518 53-56.
1376 1477 1566 1516 «Verum
1601 1486 1704 1516 cum
1744 1476 1928 1516 invehor
1965 1475 2008 1514 in

1126 1542 1283 1581 nimias
1305 1539 1539 1592 epularum
1561 1538 1767 1587 delicias,
1801 1549 1890 1578 non
1910 1549 2012 1589 pro-

1124 1607 1277 1656 pterea
1309 1602 1541 1643 sordidum
1572 1602 1738 1641 victum
1776 1611 2008 1640 commen-

1127 1667 1204 1715 do,
1249 1665 1329 1707 sed
1361 1664 1624 1716 simplicem.
1687 1663 1851 1703 Sordes
1892 1664 2011 1702 enim

1126 1740 1213 1769 non
1258 1729 1404 1768 minus
1449 1726 1682 1777 fugiendae
1727 1727 1830 1766 sunt
1875 1735 2011 1776 quam

1125 1793 1365 1845 profusio.»
1393 1816 1437 1820 —
1462 1792 1664 1831 Sordidus
1695 1802 1722 1830 a
1751 1790 1864 1829 tenui
1884 1784 2008 1837 victu]

1127 1855 1322 1895 «Eadem
1355 1855 1456 1906 (qua
1479 1855 1646 1904 Graeci)
1678 1853 1879 1893 libertate
1907 1855 2013 1903 poe-

1125 1920 1195 1957 tae
1218 1919 1357 1957 Latini
1387 1917 1598 1969 primario
1622 1916 1789 1955 nomini
1820 1914 2010 1954 formam

1125 1981 1377 2021 secundarii
1426 1980 1621 2020 reddunt
1668 1980 1828 2030 partim
1878 1978 2010 2017 metri

1126 2056 1254 2096 ergo,
1305 2044 1466 2096 partim
1516 2042 1755 2082 variandae
1802 2043 2011 2081 constru-

1125 2108 1302 2147 ctionis:
1352 2108 1525 2146 Lucret.
1565 2107 1610 2154 4,
1659 2106 1763 2145 805:
1814 2105 1872 2142 sic
1917 2103 2013 2142 aliis

1125 2170 1236 2209 aliae
1264 2169 1385 2209 rebus
1420 2173 1655 2209 vertuntur.
1708 2167 1770 2206 Id.
1809 2167 1855 2215 2,
1904 2165 2007 2205 470:

1124 2233 1265 2271 inixta
1301 2243 1456 2282 aspera
1493 2231 1646 2271 levibus
1678 2229 1920 2280 principiis,
1969 2229 2012 2267 et

1126 2296 1169 2334 h.
1202 2293 1229 2333 l.
1281 2295 1530 2334 Horatius.»
1582 2295 1749 2332 Lossssciz
1789 2291 1845 2330 ad
1874 2291 2008 2341 Soph.

1127 2358 1244 2396 Aiac.
1279 2367 1322 2408 p.
1347 2357 1441 2396 1ο204.
1474 2356 1553 2395 Ed.
1589 2354 1661 2394 alt.
1718 2353 1842 2394 Conf.
1879 2354 1926 2392 A.
1962 2354 2006 2391 P.

1127 2419 1221 2458 ⁶273.
1260 2439 1302 2445 —
1353 2418 1485 2468 Ofella-
1522 2417 1673 2465 Iudice]
1721 2414 1890 2454 «iudice
1937 2424 2010 2453 sa-

1126 2482 1299 2532 piente,
1349 2479 1490 2531 qualis
1520 2478 1620 2527 fuit,
1668 2488 1804 2530 quem
1834 2487 2011 2516 memo-

1128 2543 1244 2591 ravi,
1279 2541 1456 2582 Ofella.»
1505 2543 1601 2581 Non
1622 2543 1689 2581 est
1724 2550 1820 2579 «me
1845 2536 2007 2589 (Ofella)

1128 2605 1323 2652 iudice»,
1364 2606 1412 2643 ut
1432 2615 1538 2644 sane
1562 2602 1686 2643 Ovid.
1712 2603 1813 2641 Her.
1843 2600 1892 2649 4,
1934 2599 2007 2640 74:

1126 2670 1205 2708 Pro
1234 2668 1372 2719 riyiclo
1401 2668 1592 2707 Phaedra
1626 2665 1723 2717 gme)
1756 2664 1891 2703 iudice
1919 2663 2011 2713 for-

1127 2732 1179 2771 tis
1207 2734 1317 2778 erat,
1363 2729 1563 2770 nondum
1595 2729 1713 2768 enim
1752 2728 1846 2778 ipse
1878 2723 2011 2765 Ofella

1128 2793 1343 2844 loquitur,
1392 2792 1473 2832 sed
1518 2791 1722 2832 Horatius
1761 2790 1855 2829 eius
1886 2787 2012 2838 quasi

1130 2857 1300 2897 sectam
1338 2856 1534 2894 secutus.
1581 2876 1624 2880 —
1661 2862 1846 2902 pravum
1875 2851 2014 2889 decor—

1129 2918 1244 2970 seris]
1274 2919 1323 2956 ut
1349 2916 1561 2956 Salustius
1581 2920 1870 2955 transvorsum
1891 2922 2016 2963 agere

1132 2981 1238 3021 dixit
1274 2981 1365 3030 lug.
1401 2980 1438 3019 6.
1475 2980 1519 3018 et
1550 2977 1614 3018 44.
1690 2977 1786 3017 Est:
1837 2976 1899 3015 «si
1929 2973 2012 3013 alio

1131 3046 1172 3083 te
1205 3043 1261 3082 ita
1294 3041 1559 3089 detorseris,
1607 3041 1655 3078 ut
1691 3049 1857 3090 pravus
1888 3037 2011 3076 fias.»

1130 3105 1388 3145 Lectionem
1415 3113 1578 3152 pravus
1607 3112 1661 3140 ex
1693 3111 1780 3140 uno
1811 3098 1904 3139 solo
1936 3110 2015 3138 co-

1132 3169 1228 3208 dice
1260 3167 1406 3206 minus
1431 3166 1550 3204 reete
1572 3164 1742 3214 recepit
1771 3160 2010 3202 Bentleius:

1131 3230 1212 3270 etsi
1256 3240 1338 3281 per
1381 3239 1428 3267 se
1473 3225 1542 3266 illa
1583 3225 1711 3266 lectio
1742 3221 2012 3275 reprehendi

1132 3303 1220 3332 non
1243 3292 1409 3343 potest,
1442 3300 1523 3341 pro
1545 3300 1631 3339 qua
1653 3286 1874 3327 Bentleius
1896 3286 2014 3323 attu-

1132 3354 1177 3394 lit
1209 3355 1294 3393 sat.
1320 3354 1363 3399 4,
1399 3351 1444 3401 4,
1479 3351 1551 3390 79:
1590 3352 1663 3390 hoc
1692 3348 1825 3388 studio
1854 3357 2016 3396 pravus

1130 3416 1249 3467 facis.
1313 3415 1444 3465 (Inter
1475 3424 1572 3461 eos,
1607 3413 1680 3462 qui
1712 3408 1889 3449 mallent
1907 3419 2015 3457 pra.-

1129 3490 1226 3529 vus,
1273 3477 1350 3517 suit
1389 3478 1522 3517 etiam
1552 3474 1747 3514 Vossius.
1801 3473 1939 3523 Saepe
1972 3472 2014 3511 in
