2231 3787
892 268 991 307 ΗΒ.
1026 268 1056 307 1.

1120 268 1282 308 EPIST.
1318 270 1384 308 lV.

1944 268 2035 321 424

289 398 353 450 Di
394 398 489 451 tibi
532 398 742 452 divitias
784 398 1051 452 dederunt
1090 408 1370 470 artemque
1412 400 1635 453 fruendi.

294 501 436 564 Quid
478 509 672 555 voveat
710 500 850 555 dulci
893 500 1156 556 nutricula
1194 501 1366 555 maius
1406 501 1642 563 alumno,

326 700 364 738 Ἰ.
399 700 597 739 (ledet-ant
628 699 683 739 sd
718 701 760 740 et
792 710 906 739 corr.
932 699 1004 747 bc,
1039 700 1144 739 item
1175 698 1428 741 Lambinus.

215 888 369 937 batur,
403 886 556 927 tribuit
578 889 711 927 etiam
734 887 877 927 amico
898 919 904 935 ‚
931 888 974 926 et
994 898 1101 927 vere

217 951 414 1003 quidem,
449 952 498 989 ut
527 960 643 989 reor.

270 1014 309 1053 6.
340 1014 379 1053 7,
412 1014 507 1052 Νοη
538 1016 581 1052 tu
604 1012 708 1065 cet]
743 1014 820 1053 «Hi
842 1023 999 1053 versus
1021 1024 1102 1053 an-

215 1075 526 1117 tecedentibus
568 1077 686 1116 hunc
724 1078 967 1116 annectunt
996 1088 1102 1117 sen-

214 1142 454 1181 tentiarum
486 1139 712 1180 ordinem:
749 1141 832 1180 «Et
862 1143 985 1181 recte
1008 1142 1102 1192 qui-

215 1204 341 1244 dem:
376 1202 453 1242 tibi
486 1203 604 1242 enim
637 1205 704 1243 est
744 1204 971 1254 ingenium
1001 1203 1101 1255 pul—

215 1267 491 1307 cherrimum
522 1266 696 1318 diisque
735 1268 920 1318 accepta
958 1266 1100 1306 refers

213 1329 332 1370 bona
373 1329 429 1369 ad
469 1329 585 1369 bene
626 1329 868 1369 vivendum
911 1328 1095 1379 idonea,

214 1392 377 1445 quibus
423 1391 529 1432 nihil
572 1393 721 1443 potest
762 1392 865 1431 addi
910 1393 1097 1432 maius.»

214 1457 364 1496 OBBAR.
394 1479 438 1483 ——
458 1455 625 1505 eorpus]
648 1454 877 1494 dumtaxat
896 1454 1096 1503 brutum,

213 1519 328 1559 eine
355 1519 539 1557 Masse.
568 1539 611 1545 —
637 1517 748 1568 eras]
783 1528 1011 1569 «semper,
1046 1528 1097 1557 ex

213 1592 300 1632 quo
331 1580 446 1620 inter
476 1591 556 1620 nos
588 1580 758 1620 versari
789 1580 974 1631 coepisti
998 1591 1100 1630 ego-

214 1655 300 1695 que
346 1645 388 1684 te
434 1644 666 1694 cognovi.»
702 1665 748 1671 —
783 1644 869 1683 sine
907 1643 1096 1695 pectore]

214 1717 327 1746 «non
369 1717 468 1746 eras
509 1717 689 1753 excors3
738 1705 875 1747 immo
920 1707 1097 1746 animus

212 1771 313 1809 tuus
356 1771 400 1808 et
431 1770 560 1809 tener
601 1770 695 1809 erat
739 1769 783 1808 in
822 1769 1014 1809 amicitia
1056 1770 1099 1809 et

211 1832 306 1871 veri
337 1831 525 1884 cupidus
557 1833 601 1871 et
628 1830 802 1883 pulchri
834 1843 972 1872 sensu
1004 1833 1098 1872 exi-

213 1895 301 1934 mie
359 1894 634 1946 praeditus.»
696 1894 836 1946 (ohne
885 1894 1098 1947 Gefuhl.)

215 1957 339 1998 ovid.
365 1958 468 1998 Her.
495 1958 570 2007 46,
596 1957 698 1998 305:
731 1958 918 1997 Huncine
948 1963 993 1997 tu
1012 1969 1098 2007 spe-

213 2031 279 2059 res
307 2020 513 2060 hominem
542 2021 630 2060 sine
652 2024 822 2070 pectore
843 2022 955 2062 dotes
982 2023 1101 2062 Posse

213 2084 314 2122 satis
341 2083 527 2133 formae,
574 2084 781 2134 Tyndari,
824 2096 940 2124 nosse
970 2084 1101 2124 tuae?

217 2144 391 2193 Quintil.
419 2146 496 2196 40,
521 2147 569 2195 7,
605 2147 680 2185 45:
713 2148 856 2186 Pectus
876 2152 956 2196 est,
991 2148 1101 2196 quod

217 2207 391 2247 disertos
418 2208 543 2258 facit,
576 2212 614 2247 et
640 2208 703 2247 vis
732 2210 892 2249 mentis.
947 2208 1103 2249 Simili-

218 2271 287 2309 ter
308 2270 487 2318 Graeci,
520 2268 656 2309 veluti
677 2270 960 2311 Democritus
983 2272 1102 2323 apud

219 2331 340 2372 Stob.
366 2333 444 2372 Tit.
469 2331 515 2381 4,
550 2333 623 2372 71:
658 2330 847 2373 Εἴόωὶα
877 2334 1101 2387 αἰσθητι-

217 2391 280 2434 κὰ
328 2396 409 2435 και
452 2392 624 2448 κόσαω
674 2393 936 2453 &carcosam
982 2394 1102 2455 πρὸς

214 2458 446 2515 θεωρίην,
479 2452 601 2497 ἀλλὰ
631 2457 831 2516 καοδίης
858 2474 908 2500 κε
897 2457 1012 2500 νεά.
1049 2483 1096 2490 -

215 2521 414 2572 formam]
447 2521 543 2560 Vita
575 2522 755 2573 antiqua
787 2521 964 2562 Tibulli:
1007 2524 1100 2563 «in-

213 2583 342 2635 siynis
377 2583 459 2633 fuit
499 2584 641 2635 forma
677 2585 871 2636 cultuque
911 2587 1100 2636 corporis
1130 2618 1132 2652 ,ἲ

154 2692 161 2695 ,
212 2646 519 2687 observabilis»
541 2670 586 2675 —
611 2647 792 2701 divitias]
816 2647 972 2699 quales
994 2660 1097 2689 mox

212 2709 463 2750 accuratius
485 2709 689 2761 designat
717 2722 759 2749 v.
785 2711 852 2750 44.
888 2712 932 2751 et
953 2711 1099 2752 Tibul-

211 2770 280 2812 lus
310 2772 404 2824 ipse
436 2771 492 2811 de
523 2782 572 2811 se
605 2773 650 2821 4,
687 2773 733 2822 4,
768 2773 841 2812 77;
877 2784 951 2825 eqo
981 2785 1096 2814 com—

206 2834 341 2883 posito
371 2830 540 2874 securus
559 2845 708 2875 acervo
736 2835 976 2885 Despiciam
996 2838 1098 2877 dites

212 2897 517 2946 despiciamque
545 2897 715 2948 famem.
767 2898 857 2938 Etsi
888 2900 982 2939 eius
1012 2911 1096 2951 pa-

216 2958 471 2998 trimonium
492 2960 691 3000 accisum
712 2963 808 3001 erat
826 2972 910 3013 per
934 2962 1095 3002 trium-

213 3020 414 3060 virorum
431 3022 650 3071 agrariam
664 3021 958 3074 largitionem,
979 3036 1093 3076 quae

214 3094 252 3122 a.
280 3092 323 3121 u.
349 3093 387 3121 c.
412 3082 506 3121 743.
540 3082 708 3124 Italiam
737 3086 902 3126 misere
923 3090 1098 3138 pertur-

213 3143 357 3191 bavit,
391 3142 482 3193 vel,
517 3146 566 3184 ut
595 3144 664 3185 alii
685 3146 857 3198 volunt,
889 3159 973 3199 per
994 3160 1098 3189 ean-

214 3206 320 3246 dem
341 3205 638 3247 calamitatem
659 3207 881 3250 hellorum
903 3211 1096 3252 civilium

215 3269 494 3310 devastatum
525 3268 776 3319 dumtaxat,
812 3272 1096 3315 nihilominus

215 3332 254 3371 ei
275 3331 504 3371 restabant
533 3333 680 3371 tantae
703 3332 957 3383 facultates,
991 3347 1098 3386 pau-

213 3394 337 3443 latim
367 3394 553 3435 fortasse
584 3395 792 3446 prudenti
824 3398 1096 3447 parcimonia

1465 700 1530 750 (Ut
1550 711 1650 750 nos,
1684 701 1715 740 E
1740 703 1783 741 et
1813 712 1878 753 pr.
1904 702 1990 752 bc.)

1168 890 1254 937 set,
1289 888 1481 940 ideoque
1514 891 1674 930 merito
1705 891 1817 931 dives
1837 890 2051 943 appellari

1165 954 1331 1003 posset.
1385 951 1492 992 Vide
1515 953 1706 993 Dissenii
1727 953 1874 994 Vitam
1895 953 2051 994 Tibulli

1165 1024 1208 1065 p.
1234 1015 1322 1055 XV.
1348 1016 1391 1054 et
1422 1013 1620 1055 Paldami
1650 1016 1797 1055 Erocik
1828 1028 1870 1068 p.
1897 1017 1964 1057 54.
2003 1040 2047 1045 -—

1166 1078 1379 1127 dederunt]
1412 1079 1504 1117 Hac
1534 1078 1840 1129 perfectorum
1873 1081 2052 1130 quanti—

1167 1142 1254 1179 tate
1294 1151 1429 1191 saepe
1467 1142 1536 1181 usi
1575 1142 1678 1181 sunt
1720 1144 1895 1192 poetae.
1953 1142 2046 1182 Vid.

1166 1204 1253 1241 Sat.
1280 1204 1294 1241 4
1319 1235 1327 1251 ,
1364 1203 1437 1251 40,
1474 1202 1552 1243 45:
1609 1204 1782 1255 Virgilio
1813 1209 2054 1244 annuerunt

1164 1265 1391 1316 qaudentes
1410 1276 1512 1305 rure
1533 1265 1752 1305 Camenae.
1800 1267 1916 1317 Virg.
1939 1269 2048 1307 Aen.

1164 1328 1212 1376 2,
1247 1326 1349 1367 774:
1386 1328 1585 1378 Obstupui
1614 1332 1892 1379 steteruntque
1910 1341 2054 1370 comae

1164 1394 1201 1429 et
1229 1402 1315 1429 vox
1343 1391 1535 1441 faucibus
1564 1392 1706 1431 haesit.
1755 1391 1926 1443 Ubique
1958 1393 2051 1433 fere

1166 1453 1408 1504 scriptores
1484 1453 1649 1494 librarii
1728 1454 2053 1495 substituerunt

1165 1515 1376 1568 plusqpf.‚
1402 1518 1449 1556 ut
1471 1517 1543 1557 hic
1567 1516 1777 1557 nonnulii.
1833 1517 1919 1557 Cfr
1943 1519 1998 1559 W
2003 1529 2053 1557 a-

1165 1591 1275 1631 gner
1304 1580 1360 1619 ad
1380 1580 1498 1631 Virg.
1525 1582 1600 1620 Ge.
1664 1581 1800 1629 ,.393
1829 1605 1873 1609 —
1899 1585 2053 1621 artem-

1165 1655 1242 1692 que
1278 1643 1459 1694 fruendi]
1505 1644 1641 1694 «quia
1680 1643 1878 1694 piudens
1918 1655 1966 1683 es
2009 1646 2052 1683 et

1165 1716 1242 1754 eo,
1292 1705 1411 1756 qnod
1444 1706 1549 1745 satis
1582 1707 1669 1755 est,
1719 1708 1954 1747 contentus
1984 1707 2053 1745 vi-

1163 1769 1274 1807 vis.»
1300 1767 1452 1808 Talem
1474 1769 1706 1808 hominem
1722 1768 1905 1808 beatum
1926 1780 2053 1820 prae-

1164 1831 1282 1870 di‹at
1313 1832 1445 1871 etiam
1468 1831 1712 1871 Menander
1732 1843 1775 1883 p.
1800 1830 1866 1872 46.
1892 1832 2048 1872 Meins

1163 1891 1436 1952 Μακάοιος,
1471 1886 1606 1945 ὅστις
1638 1890 1812 1934 οὐσίαν
1832 1894 1914 1934 καὶ
1935 1892 2051 1934 νοῦν

1130 1967 1132 1982 ¹
1164 1970 1278 2006 εχει
1312 1956 1505 2015 Χοηται
1534 1954 1627 2016 γὰο
1649 1947 1796 2008 οὗτος
1828 1958 1895 2008 εἰς
1925 1952 1957 1997 ἁ
1980 1955 2055 1997 δεῖ

1164 2018 1314 2080 ταύτῃ
1346 2019 1474 2062 καλῶ
1463 2035 1519 2072 ,·.ς

1219 2085 1258 2125 8.
1305 2086 1532 2135 nutricula]
1570 2084 1662 2125 Alia
1695 2086 1918 2125 nutricum
1948 2088 2047 2125 vota

1163 2148 1250 2189 vid.
1277 2148 1396 2199 apud
1427 2150 1548 2189 Pers.
1582 2149 1632 2198 ⁶2,
1670 2149 1736 2188 37.
1788 2149 1939 2188 Inven.
1976 2149 2049 2198 40,

1163 2211 1258 2251 289.
1295 2234 1343 2239 -
1384 2212 1539 2250 Totam
1572 2209 1817 2251 clausulam
1847 2212 1910 2250 sic
1942 2222 2051 2251 con-

1166 2274 1325 2313 struxit
1370 2273 1636 2313 Lambinus:
1687 2272 1926 2323 «Alumno‚
1974 2274 2049 2325 qui

1165 2346 1324 2387 sapere
1357 2338 1401 2376 et
1431 2336 1511 2376 fari
1551 2336 1694 2387 possit
1723 2347 1838 2387 quae
1871 2337 2046 2385 sentiat,

1166 2400 1210 2438 et
1240 2400 1310 2438 cui
1341 2398 1504 2449 gratia,
1538 2398 1679 2447 fama,
1712 2397 1923 2437 valetudo
1945 2410 2050 2438 con-

1163 2461 1302 2511 tingat
1351 2460 1531 2500 abunde
1578 2463 1622 2500 et
1665 2460 1860 2500 mundus
1904 2461 2048 2502 victus

1164 2526 1268 2571 cet.‚
1303 2523 1409 2575 quid
1440 2522 1656 2563 nutricula
1686 2524 1809 2575 optet
1838 2523 2047 2563 maius‘?»

1166 2588 1352 2637 («Atque
1397 2587 1511 2626 haec
1555 2586 1732 2635 omnia,
1785 2584 1947 2637 quibus
1993 2598 2048 2626 ne

1162 2648 1586 2690 benevolentissima
1617 2649 1799 2701 quidem
1827 2648 2048 2690 nutrIcula

1162 2713 1331 2752 maiora
1365 2711 1544 2752 alumno
1588 2713 1742 2764 optare
1786 2711 1953 2763 possit,
2001 2713 2047 2752 tu

1160 2786 1320 2827 reapse
1353 2774 1516 2815 habes:
1565 2786 1670 2826 ergo
1707 2776 1802 2814 iure
1833 2776 1908 2814 tua
1939 2786 2048 2815 con-

1160 2838 1333 2877 dicione
1353 2839 1588 2878 contentus
1606 2838 1714 2888 es.»)
1762 2838 1925 2877 Contra
1947 2848 2042 2877 mo-

1159 2901 1255 2939 nuit
1284 2900 1560 2949 Schmidius,
1594 2900 1653 2939 ita
1684 2900 1941 2940 necessario
1969 2911 2045 2939 re-

1159 2963 1273 3014 quiri
1302 2964 1541 3015 constqerit,
1580 2963 1790 3003 vitiosum
1822 2974 1922 3003 esse
1944 2975 2045 3003 cou-

1157 3027 1306 3076 tinqat.
1365 3026 1534 3065 Verum
1578 3025 1731 3076 quidni
1778 3025 2043 3076 cogitatione

1159 3088 1263 3128 addi
1301 3086 1452 3127 liceat:
1499 3088 1713 3139 contingat
1743 3089 1812 3127 «et
1851 3099 1969 3127 nunc
2000 3090 2045 3128 et

1158 3162 1359 3203 semper,
1392 3161 1475 3202 per
1504 3152 1644 3190 totam
1673 3151 1864 3191 vitam‘h
1908 3151 2045 3202 Equi-

1160 3214 1265 3254 dem
1295 3214 1338 3253 in
1370 3212 1572 3253 Lambini
1592 3214 1760 3252 ratione
1784 3213 2038 3264 acquiesco:

1158 3276 1289 3316 video
1331 3276 1450 3315 enim
1490 3274 1591 3315 lect.
1627 3276 1735 3325 Quin
1775 3276 1927 3327 aperte
1962 3273 2044 3314 sal-

1161 3349 1257 3379 sam
1281 3348 1397 3387 esse,
1418 3338 1497 3377 sed
1520 3339 1697 3378 nostrae
1720 3337 1885 3384 favere,
1907 3338 2042 3385 Quam

1162 3403 1206 3441 et
1237 3402 1372 3450 Quam
1402 3404 1446 3439 ut
1475 3401 1525 3440 iis
1547 3399 1723 3447 deberi7
1759 3398 1833 3449 qui
1865 3408 2043 3449 compa-

214 3455 488 3508 aliquantum
520 3459 697 3505 auctae,
740 3460 787 3497 ut
818 3458 874 3498 ad
904 3458 1098 3500 liberali-
1129 3459 1132 3508 ὲ
1162 3463 1381 3502 rationem
1404 3462 1728 3505 desiderarent.
1754 3470 1888 3510 quam
1910 3463 2038 3510 poeta

214 3524 284 3561 ter
314 3522 552 3562 vivendum
583 3520 710 3562 facile
749 3524 983 3563 contentus
1026 3535 1099 3564 es·
1130 3519 1133 3566 ἶ,

1162 3525 1316 3564 callida
1365 3526 1558 3564 temetum
1609 3522 1856 3572 significare
1907 3533 2040 3574 quam
