2231 3787
855 234 953 274 LlB.
987 235 1036 274 11.

1098 235 1208 275 sA‘r.
1245 237 1273 274 ι.
1880 234 1981 286 499

234 363 421 425 Dives,
466 364 644 434 inoffi,
690 365 909 424 Romae,
955 381 1052 417 seu
1093 364 1200 417 sors
1241 364 1309 416 ita
1351 364 1589 424 iusserit,
1632 364 1806 423 exsul,

236 464 495 535 Quisquis
536 465 636 517 erit
674 464 836 525 vitae,
880 464 1138 525 scribam,
1181 464 1344 518 color.

1422 466 1468 518 O
1509 483 1666 535 puer,
1711 474 1765 518 ut
1803 466 1875 518 sis
1915 469 1982 519 (30

234 566 434 627 vitalis,
478 575 657 619 metuo
697 574 749 619 et
788 565 1051 618 maiorum
1089 582 1155 619 ne
1195 566 1315 636 quis
1355 566 1557 619 amicus

234 667 452 737 Frigore
492 677 541 722 tc
581 668 745 721 feriat.

822 668 991 732 Quid,
1034 685 1156 721 cuin
1194 675 1275 720 est
1312 666 1546 720 Lucilius
1585 684 1749 720 ausus

233 769 441 820 Primus
483 769 533 820 in
573 768 712 822 hunc
753 770 933 840 operis
974 787 1300 840 componere
1340 769 1575 822 carmina
1614 786 1835 830 morem,

233 868 528 923 Detrahere
569 878 621 922 et
659 869 877 941 pellem,
921 871 1119 924 nitidus
1158 888 1266 942 qua
1304 871 1535 942 quisque
1575 888 1673 942 per
1711 888 1805 924 ora

235 970 493 1031 Cedcret,
538 970 826 1024 introrsum
866 973 1059 1042 turpiS,

1103 991 1228 1024 num
1267 971 1479 1025 Laelius
1519 980 1609 1025 aut
1647 972 1737 1043 qui
1915 974 1981 1025 65

232 1071 391 1124 Duxit
428 1071 494 1124 ab
535 1089 798 1143 oppressa
837 1073 1085 1126 meritum
1125 1072 1446 1143 Karthagine
1485 1090 1705 1132 nomen,

270 1213 336 1252 59.
370 1214 532 1253 iusserit
562 1213 788 1264 bScp,LCt
819 1215 863 1253 et
891 1212 1137 1253 Bentleius:
1172 1214 1313 1253 luserit
1344 1225 1366 1253 e
1400 1214 1538 1253 Codd.
1564 1216 1747 1264 exiguae
1779 1217 1929 1255 aucto—

216 1277 353 1315 ritatis
398 1277 482 1316 ΡΜ.
534 1299 579 1304 ——
625 1276 691 1316 63.
738 1277 781 1315 in
823 1276 932 1315 hanc
965 1299 988 1305 -
1021 1299 1044 1305 -
1075 1276 1258 1326 formam
1300 1275 1540 1316 Markland.
1578 1300 1620 1305 —
1655 1277 1721 1316 65.
1755 1281 1828 1316 aut
1857 1278 1928 1326 qui

214 1338 429 1386 bSc,LCt:
463 1343 501 1378 et
531 1338 601 1388 qm·
632 1349 685 1378 ex
718 1337 857 1378 trihus
889 1338 1028 1379 Codd.
1065 1339 1167 1389 (cxv)
1199 1337 1445 1388 Bentleius,
1478 1339 1563 1379 FM.

157 1464 268 1504 vitae
295 1463 430 1510 color;
477 1462 557 1503 sed
598 1463 775 1503 inverso
807 1462 960 1503 ordine
992 1474 1032 1501 v.

157 1525 337 1566 scribam
385 1526 624 1565 maximam
675 1526 793 1566 arsin
841 1535 1036 1576 sequens

158 1586 297 1628 multo
319 1586 368 1626 fit
386 1586 625 1627 efficacius.
660 1585 937 1627 Simillimum
958 1588 1038 1638 hy-

158 1648 376 1701 perbaton
407 1651 475 1689 est
504 1650 590 1688 Sat.
615 1650 661 1697 ⁶2,
695 1649 743 1698 3,
778 1650 850 1689 244
879 1661 886 1687 ;
923 1649 1036 1689 Aiax

157 1723 253 1752 cum
273 1712 498 1751 immeritos
519 1712 680 1761 occidit,
704 1712 864 1761 desipit,
889 1723 1032 1763 aqnos.

163 1797 206 1802 —
239 1773 365 1825 color]
398 1773 520 1813 Conf.
551 1773 659 1824 Epp.
692 1775 736 1822 4,
772 1774 847 1822 47,
882 1773 948 1813 23.

214 1836 364 1875 60-62.
389 1835 558 1887 Opuer]
576 1836 644 1875 Sic
661 1836 869 1875 iuvenem
891 1836 1032 1876 amice

157 1895 392 1948 alloquitur
422 1901 547 1947 pater
579 1899 632 1947 (v.
665 1898 747 1947 42.)
780 1897 1031 1946 Trebatius,

159 1960 283 2000 cuius
328 1961 439 2000 haec
481 1959 620 2000 verba
661 1962 763 2000 sunt
803 1971 946 2011 usque
977 1959 1033 1999 ad

156 2033 254 2061 voc.
286 2022 426 2073 feriat.
463 2045 507 2050 —-
546 2023 702 2072 Vitalis]
733 2033 801 2074 pr.
838 2023 938 2072 «qui
977 2022 1033 2061 ad

155 2084 319 2124 diutius
350 2084 591 2124 vivendum
620 2085 725 2124 satis
757 2085 916 2134 vigoris
951 2085 1034 2124 ha—

157 2146 278 2186 bet.»
330 2148 417 2186 «Ne
463 2147 548 2186 cito
594 2157 776 2198 pereas,
825 2148 1030 2192 metum»

157 2208 238 2247 ich
265 2208 483 2258 farelice,
515 2209 577 2247 du
607 2208 878 2249 creibestes
897 2208 1033 2248 nieht

157 2270 318 2320 lanye.
378 2271 477 2309 Sine
509 2270 670 2320 figura:
723 2271 936 2319 «Vereor,
977 2282 1031 2310 ne

158 2342 316 2371 omnes
346 2332 557 2371 irritando
589 2334 650 2371 tot
680 2334 912 2382 tantasque
935 2342 1034 2370 mo-

157 2393 305 2433 lestias
335 2393 507 2444 capias,
542 2395 588 2432 ut
619 2396 707 2432 tam
728 2394 946 2443 ingratam
966 2393 1033 2431 vi-

157 2460 247 2496 tam
281 2456 374 2507 ipse
413 2455 713 2495 detestaturus
750 2456 852 2495 sis.»
905 2455 1028 2494 Cont'.

157 2518 285 2557 Hom.
311 2517 430 2557 Iliad.
455 2529 509 2565 σ,
543 2517 622 2556 95:
670 2511 941 2572 ’.Ωκύμορος
971 2512 1029 2567 δή

153 2591 263 2632 μοι,
286 2580 448 2629 τέκος,
471 2573 662 2628 ἔσσεαι,
687 2573 745 2618 οἷ’
764 2574 1026 2634 ἀγορεύεις.

158 2664 202 2670 -
243 2642 456 2681 maiorum
497 2641 600 2691 cet.]
648 2652 729 2680 «ne
774 2640 931 2691 aliquis
976 2650 1029 2678 ex

154 2702 478 2755 potentioribus
532 2703 687 2743 amicis
743 2702 1029 2752 refrigeratus

155 2777 206 2807 se
241 2765 322 2806 ahs
362 2768 404 2806 te
444 2764 667 2806 abellenet
699 2765 1028 2815 amicitiamque

156 2827 234 2868 tibi
269 2829 533 2868 renuntiet.»
583 2828 782 2868 Imitatus
813 2829 881 2868 est
919 2829 1029 2866 Per-

154 2890 247 2930 sius
285 2890 328 2938 4,
368 2891 467 2929 407;
522 2889 602 2930 Sed
640 2890 739 2939 quid
773 2900 876 2939 opus
917 2892 1030 2928 tene-

155 2962 229 2990 ras
255 2952 446 2990 mordaci
476 2952 626 2991 radere
651 2963 749 2991 vero
780 2950 1031 2991 Auriculas?

161 3013 258 3052 Vide
284 3013 339 3051 sis
365 3023 416 3051 vie
442 3014 653 3052 maiorum
695 3013 767 3052 tibi
806 3013 914 3063 forte
957 3013 1029 3052 Li-

154 3075 272 3114 mina
305 3074 546 3124 friqescant.
596 3075 764 3115 Seneca
809 3076 886 3126 Ep.
919 3075 1024 3114 4⁴22:

154 3138 380 3177 Montanus
408 3136 594 3184 Iulius-‚
636 3137 860 3176 tolerabilis
882 3139 1025 3186 poeta,

153 3202 193 3238 et
220 3198 407 3237 amicitia
445 3197 589 3237 Tiberii
628 3202 747 3237 notus
779 3203 817 3238 et
850 3199 1023 3249 frigore.

156 3261 297 3312 Prope
328 3257 510 3298 ridicule
540 3270 610 3298 w.
638 3259 810 3310 F›·i90re
837 3264 875 3300 te
900 3261 1028 3310 feriat

156 3321 376 3373 explicant
417 3319 716 3361 Scholiastae:
769 3323 938 3362 «morte
982 3324 1024 3363 te

156 3382 338 3430 afficiat,
371 3393 484 3434 quae
515 3382 667 3433 frigida
695 3384 804 3423 est.»

211 3444 357 3486 63-66.
402 3443 578 3496 Primus]
610 3443 696 3485 Cfr.
734 3444 820 3484 Sat.
861 3445 908 3494 4,
945 3446 1021 3495 40,

1102 1461 1168 1502 48.
1207 1485 1250 1491 —-
1274 1463 1445 1514 morem]
1471 1463 1582 1502 Cum
1604 1464 1865 1515 saepissime
1889 1464 1980 1503 iun-

1102 1525 1259 1574 gantur
1301 1536 1372 1564 vv.
1405 1536 1494 1564 mos
1534 1526 1760 1575 modusque
1805 1525 1896 1576 (Od.
1931 1525 1978 1575 4,

1101 1587 1148 1635 ἓ,
1183 1586 1284 1636 ἳ8.),
1318 1586 1389 1626 hic
1420 1585 1678 1638 simpliciter
1708 1598 1864 1626 rnorem
1896 1599 1982 1639 po-

1101 1648 1187 1687 suit
1217 1659 1298 1699 pro
1327 1648 1448 1687 modo
1479 1659 1513 1687 s.
1537 1648 1698 1699 forma,
1731 1650 1779 1687 ut
1801 1647 1976 1696 Quintil.

1100 1709 1145 1758 4,
1182 1711 1197 1749 4
1221 1742 1229 1759 ,
1263 1709 1314 1750 43
1338 1722 1344 1748 ;
1376 1711 1657 1760 materiasque
1688 1710 1765 1759 ipsi
1794 1710 1869 1749 sibi
1894 1712 1981 1761 fin-

1097 1776 1201 1824 quint
1231 1776 1268 1812 et
1305 1773 1360 1811 ad
1396 1783 1555 1812 morem
1584 1773 1797 1811 actionum
1830 1783 1977 1822 perse-

1099 1839 1297 1884 quantur.
1346 1856 1394 1863 —
1434 1834 1584 1884 pellem
1615 1834 1718 1885 cet]
1754 1835 1978 1885 «speciem

1098 1898 1372 1936 externam.»
1425 1896 1511 1936 Csr.
1537 1895 1684 1935 locum
1705 1895 1978 1936 simillimum

1097 1960 1207 2010 Epp.
1234 1960 1277 2008 4,
1313 1959 1384 2007 46,
1419 1958 1496 1998 45:
1528 1959 1762 1997 Introrsum
1791 1962 1974 2008 turpem,

1097 2021 1325 2070 speciosum
1361 2020 1469 2070 pelle
1511 2021 1676 2060 decora.
1713 2040 1757 2048 -
1791 2021 1974 2072 nitidus]

1095 2084 1327 2134 yleissen
1339 2084 1378 2122 d.
1402 2083 1529 2123 Voss.
1553 2082 1790 2134 -perora]
1814 2083 1976 2123 civium

1097 2156 1131 2185 s.
1150 2144 1319 2196 populi;
1347 2156 1451 2184 «zur
1470 2145 1651 2184 Schau.»
1698 2144 1856 2184 Salust.
1883 2146 1972 2195 lug.

1097 2207 1141 2246 34
1162 2219 1168 2244 ;
1199 2207 1392 2246 incedunt
1409 2218 1487 2256 per
1507 2218 1585 2246 ora
1603 2211 1742 2246 vestra
1762 2207 1978 2257 magnifici

1098 2270 1181 2308 cet.
1225 2269 1374 2308 lustin.
1401 2268 1474 2316 46,
1507 2269 1554 2317 5,
1588 2270 1637 2308 5.
1669 2269 1803 2307 victor
1831 2272 1978 2317 tyran-

1097 2341 1173 2369 nus
1213 2331 1398 2379 captivos
1439 2334 1648 2368 senatores
1690 2330 1732 2367 in
1776 2331 1976 2379 triumphi

1095 2392 1262 2430 modum
1285 2401 1364 2438 per
1393 2401 1471 2428 ora
1491 2391 1645 2428 civium
1675 2391 1816 2430 traliit.
1841 2413 1883 2419 —-
1905 2392 1976 2431 Ce-

1095 2453 1219 2503 derel]
1252 2450 1388 2491 Plaut.
1414 2451 1512 2490 Cas.
1538 2452 1582 2499 2,
1616 2451 1666 2499 8,
1701 2452 1771 2491 4οῑ
1803 2452 1855 2492 At
1874 2464 1973 2492 can—

1094 2515 1259 2553 didatus
1293 2514 1397 2552 cedit
1437 2514 1502 2552 hic
1540 2514 1754 2565 mastigia.
1807 2515 1967 2555 Pseud.

1095 2577 1139 2624 4,
1174 2576 1219 2624 3,
1254 2575 1326 2616 74:
1363 2575 1506 2614 Inanis
1534 2577 1654 2615 cedis.
1705 2576 1818 2615 lbid.
1842 2575 1888 2625 4,
1924 2578 1968 2626 4,

1092 2636 1168 2677 45:
1201 2648 1255 2676 ea:
1283 2641 1519 2676 transverso
1548 2638 1674 2686 cedit,
1708 2639 1829 2687 quasi
1862 2649 1968 2677 can—

1089 2710 1159 2739 cer
1187 2699 1298 2739 solet.
1335 2722 1379 2728 ——
1411 2699 1588 2751 Laelius]
1622 2700 1670 2740 C.
1696 2699 1868 2740 Laelius
1895 2701 1971 2740 Sa-

1090 2763 1240 2814 piens,
1275 2772 1366 2802 cos.
1391 2772 1430 2801 a.
1454 2772 1497 2800 u.
1524 2772 1562 2801 c.
1582 2761 1676 2802 644.
1727 2763 1820 2803 Hoc
1841 2762 1968 2804 dicit:

1091 2823 1205 2864 «Sed
1242 2824 1348 2863 satis
1387 2833 1492 2863 eum
1530 2824 1674 2875 Scipio
1712 2825 1756 2863 et
1795 2823 1968 2864 Laelius

1091 2887 1193 2926 sunt
1226 2885 1371 2934 tutati,
1413 2885 1477 2924 uti
1505 2885 1612 2925 mihi
1647 2896 1764 2926 nunc
1797 2887 1972 2938 praesi-

1093 2948 1163 2988 dio
1194 2948 1409 2988 adversus
1454 2947 1626 2998 iniquos
1671 2958 1797 2988 meos
1842 2950 1973 2989 erunt

1093 3012 1258 3050 Caesar
1306 3012 1350 3050 et
1379 3011 1657 3051 Maecenas.»
1694 3033 1738 3038 —
1771 3015 1845 3050 aut
1883 3010 1970 3062 qui]

1092 3074 1184 3112 Non
1227 3082 1385 3112 verum
1434 3073 1525 3120 est,
1578 3071 1698 3122 quod
1743 3072 1970 3112 contendit

1092 3134 1333 3183 Bentleius,
1366 3136 1469 3186 post
1489 3139 1563 3175 aut
1584 3136 1654 3185 qui
1676 3134 1966 3175 scribendum

1091 3197 1253 3238 fuisse:
1286 3199 1462 3248 offensus
1489 3220 1512 3226 -
1543 3219 1565 3225 -
1595 3198 1737 3237 doluit.
1793 3198 1883 3238 Cic.
1910 3197 1965 3236 de

1091 3260 1211 3301 Offic.
1238 3262 1284 3309 4,
1317 3259 1392 3309 44,
1427 3259 1532 3300 448;
1584 3261 1618 3298 si
1649 3260 1747 3309 quid
1776 3259 1968 3298 Socrates

1091 3325 1166 3361 aut
1192 3321 1426 3372 Aristippus
1445 3325 1593 3361 contra
1620 3331 1776 3360 morem
1795 3330 1968 3359 consue-

1089 3385 1352 3434 tudinemque
1386 3383 1548 3423 civilem
1583 3382 1755 3433 fecerint
1795 3380 1968 3421 locutive

1088 3446 1182 3486 sint.
1206 3467 1250 3474 —
1276 3445 1348 3497 qui
1366 3445 1502 3486 Duxit
1524 3442 1626 3494 cet.]
1660 3442 1738 3484 Od.
1764 3441 1803 3493 4,
1827 3442 1866 3492 8,
1893 3442 1959 3482 ⁴8:
