2231 3787
300 265 400 315 556

892 267 1103 307 llORATII
1134 267 1501 309 EPISTULARUM

369 395 663 466 Ambigitur
701 396 830 468 quid
870 397 1050 450 enim?
1090 397 1276 450 Castor
1314 397 1446 449 sciat
1484 412 1549 448 an
1588 395 1841 450 Dolichos
1880 396 2029 467 plus3

370 496 711 549 Brundisium
750 498 942 551 Minuci
983 497 1171 550 melius
1209 498 1293 549 via
1333 497 1492 550 ducat
1530 514 1595 549 an
1633 497 1784 567 Appi.

2042 498 2110 549 ΞΟ

370 598 542 662 Quem
582 598 839 651 damnosa
878 601 1078 657 Venus,
1120 615 1282 668 quem
1323 615 1586 668 praeceps
1627 597 1744 651 alea
1782 598 1968 660 nudat,

371 699 548 752 Gloria
590 717 752 770 quem
792 715 956 769 supra
994 698 1134 751 vires
1175 706 1227 751 et
1263 699 1421 751 vestit
1458 708 1510 752 et
1547 699 1721 769 ungit,

368 801 539 864 Quem
580 807 722 852 tenet
759 799 961 870 argenti
1001 799 1114 852 sitis
1158 799 1459 870 importuna
1498 799 1801 871 famesque,

368 902 541 965 Quem
580 901 908 971 paupertatis
947 900 1123 971 pudor
1161 909 1213 954 et
1249 901 1394 971 fuga,
1441 901 1593 955 dives
1637 903 1841 955 amicus

370 1002 544 1072 Saepe
584 1001 773 1056 decem
812 1002 950 1055 vitiis
990 1002 1293 1055 instructior
1333 1001 1444 1055 odit
1481 1010 1534 1055 et
1570 1001 1774 1063 horret,

2044 1002 2111 1055 25

408 1136 471 1175 1¹9.
514 1135 760 1187 Ambiqitur.
814 1137 921 1186 Quid
957 1135 1094 1175 enim?
1138 1147 1241 1176 cum
1281 1136 1418 1176 Codd.
1452 1137 1582 1176 Tons.
1615 1137 1738 1177 Mart.
1763 1135 1834 1175 Sil.
1868 1135 2063 1176 distinxit

353 1198 571 1248 Cruquius
603 1200 647 1237 et
676 1199 739 1238 sic
771 1199 812 1238 d.
849 1220 897 1227 —-
931 1199 1086 1238 Dolicis
1115 1199 1147 1238 E
1179 1199 1223 1238 et
1254 1199 1341 1238 tres
1372 1197 1543 1246 Bland.‚
1575 1198 1733 1238 Docilis
1750 1197 1916 1250 bScdp,
1940 1199 1989 1237 Lt
2018 1199 2061 1237 et

350 1258 587 1299 Bentleius.
616 1282 658 1288 —-
683 1261 750 1299 20.
774 1261 1057 1300 Brundusium
1079 1272 1192 1300 corr.
1218 1260 1260 1300 d.
1285 1282 1328 1289 —
1353 1261 1520 1301 Numici
1540 1261 1582 1309 d,
1602 1262 1666 1300 Lt.
1689 1284 1733 1288 —
1758 1261 1824 1300 22.
1848 1260 2057 1311 unquitE.

297 1369 364 1407 cio
409 1367 478 1408 vel
519 1368 850 1417 condicionem,
900 1381 1034 1420 quam
1065 1369 1173 1409 alius
1240 1381 1326 1420 que
1356 1369 1600 1420 prudenter
1630 1368 1848 1409 Obbarius
1880 1367 1990 1420 (coll.
2023 1370 2112 1409 Cic.

295 1429 583 1470 libentissime
615 1432 859 1482 acciperet,
892 1433 940 1470 ut
972 1430 1043 1470 vel
1072 1432 1175 1482 post

295 1494 574 1532 senectutem
618 1504 938 1544 repuerascere
968 1492 1038 1532 vel
1074 1494 1176 1544 post

295 1556 486 1593 mortem
516 1554 784 1594 reviviscere
810 1555 1062 1605 iterumque
1093 1566 1175 1606 per

294 1614 469 1665 longam
507 1626 725 1655 annorum
763 1617 927 1657 seriem
964 1617 1007 1656 in
1045 1617 1174 1656 terris

297 1676 459 1727 degere
503 1677 610 1716 mihi
654 1677 784 1718 liceat
803 1691 810 1725 3
828 1693 846 1713 »
901 1680 982 1717 «ut
1024 1677 1174 1717 Virbio

299 1740 527 1789 contigitzn
551 1739 672 1779 addit
690 1741 978 1792 Porphyrion.
1004 1739 1173 1780 «Altera

298 1802 383 1839 vita
428 1813 514 1840 non
560 1804 628 1841 est
673 1804 779 1842 tanti
802 1835 809 1851 ,
860 1806 908 1843 ut
954 1806 1172 1843 taceam.»

299 1863 451 1901 Senon
487 1862 548 1902 Cf.
569 1865 695 1903 Hom.
717 1863 835 1903 Iliad.
856 1877 887 1912 ι,
914 1864 993 1905 444
1011 1875 1109 1916 sqq.
1127 1888 1171 1893 -

298 1924 448 1974 sordet]
483 1925 545 1964 Cf.
572 1926 678 1976 Epp.
705 1926 741 1973 4,
768 1927 834 1975 44,
857 1925 895 1966 4.

356 1986 420 2025 49.
442 1987 508 2025 20.
527 1987 760 2038 Ambiyitur
775 1988 873 2037 quid
895 1987 1038 2040 enimP]
1055 1989 1173 2036 «Qua

299 2048 353 2087 de
376 2059 424 2087 re
446 2048 626 2088 tandem
648 2051 951 2090 controversia
973 2051 1072 2090 est‘?
1094 2052 1175 2089 Sa-

299 2120 351 2148 ne
369 2110 423 2148 de
442 2109 669 2149 levicula.»
698 2114 884 2151 Pravam
906 2114 1055 2152 autem
1074 2123 1173 2152 esse

298 2172 477 2222 Cruquii
500 2172 826 2214 distinctionem
847 2175 1074 2214 neminem
1105 2174 1175 2214 fu-

296 2236 367 2285 git.
393 2257 436 2262 —-
457 2235 886 2288 Castor--Doliclios]
911 2236 1173 2287 gladiatores

297 2295 366 2336 illo
408 2298 609 2348 tempore
657 2300 828 2349 magnis
872 2298 1078 2339 laudibus
1118 2299 1172 2338 ab

297 2358 503 2398 omnibus
530 2358 757 2399 celebrati.
805 2361 997 2400 Dolichos
1022 2364 1173 2401 autem

297 2432 320 2459 e
342 2419 483 2460 tribus
501 2421 638 2460 Codd.
656 2424 778 2461 Mart.
793 2424 923 2462 Tons.
942 2425 986 2462 et
1001 2423 1071 2462 Sil.
1089 2424 1174 2474 pri—

297 2494 397 2522 mus
417 2484 588 2533 recepit
606 2484 840 2534 Cruquius‚
869 2487 911 2524 et
928 2486 1090 2524 rectius
1107 2496 1175 2525 sa-

297 2555 351 2584 ne
374 2546 416 2584 in
436 2545 653 2595 mancipio
672 2545 846 2584 videtur
862 2557 1025 2585 nomen
1043 2549 1175 2586 Grae-

297 2617 424 2654 cum,
458 2606 539 2646 etsi
559 2608 734 2647 Docitls
755 2606 898 2647 liberti
921 2620 1082 2648 nomen
1107 2611 1175 2649 est

297 2669 339 2707 in
361 2668 648 2719 Inscriptione
670 2670 904 2710 Mutinensi
926 2671 1043 2722 apud
1066 2672 1174 2711 Car-

297 2729 506 2769 dinalium
535 2731 719 2780 Diplomi
749 2743 791 2782 p.
818 2732 908 2772 ⁴82.
951 2732 1173 2773 Bentleius

299 2791 498 2832 lectionis
516 2793 738 2833 varietatis
757 2794 798 2833 h.
815 2792 840 2833 l.
860 2796 907 2834 ut
923 2794 1170 2846 aliquoties,

297 2865 478 2906 prorsus
511 2855 756 2895 incuriosus
790 2856 880 2895 fuit.
909 2881 954 2884 —
983 2858 1129 2896 sciat-
1150 2880 1173 2886 -

292 2917 399 2968 pius]
447 2917 651 2967 «peritior
695 2919 748 2957 sit
792 2919 896 2958 artis
937 2930 1086 2959 suae.»
1121 2941 1165 2947 -

294 2978 564 3017 Brundisium
580 2979 683 3029 cet]
703 2981 877 3020 «Utrum
896 2981 962 3019 via
985 2981 1170 3021 Minucia

296 3051 351 3079 an
372 3041 473 3079 nota
490 3038 556 3078 illa
580 3041 718 3091 Appia
737 3042 1014 3081 commodius
1035 3044 1172 3082 Brun-

296 3103 456 3142 disium
488 3101 663 3141 ducat.»
696 3104 821 3143 Viam
846 3105 1077 3144 Minuciam
1098 3106 1172 3144 Sa-

297 3164 497 3204 nadonus
517 3163 676 3214 aliique
694 3175 717 3203 a
735 3166 794 3203 Ti.
819 3166 1005 3206 Minucio
1022 3168 1171 3217 Augu—

296 3228 391 3266 rino
423 3236 511 3266 cos.
543 3236 581 3264 a.
611 3237 654 3265 u.
680 3237 716 3265 c.
742 3225 834 3267 449.
867 3238 947 3278 per
981 3230 1170 3270 tractum

298 3289 582 3328 montuosum
624 3289 715 3338 agri
756 3287 903 3328 Sabini
935 3292 977 3329 et
1007 3292 1170 3331 Samnii

297 3351 512 3390 munitam
542 3352 673 3400 atque
703 3352 944 3391 Beneventi
974 3362 1075 3392 cum
1102 3355 1170 3393 via

297 3413 433 3463 Appia
457 3413 738 3452 coniunctam
760 3412 893 3453 fuisse
920 3415 1166 3464 opinantur.

298 3474 383 3513 Sed
414 3474 524 3514 haec
557 3476 621 3514 est
643 3485 765 3514 mera
788 3477 1056 3516 coniectura.
1092 3478 1172 3517 Ita-

1240 1431 1295 1470 ad
1316 1433 1400 1470 Att.
1426 1431 1465 1477 9,
1486 1432 1524 1480 6,
1546 1432 1562 1470 4
1583 1443 1591 1469 :
1616 1432 1881 1480 cohortesque
1899 1442 1988 1481 sex,
2011 1442 2117 1481 quae

1237 1494 1364 1533 Albae
1389 1495 1581 1545 fuissent,
1614 1496 1670 1534 ad
1689 1495 1862 1535 Curium
1888 1496 1961 1535 via
1977 1496 2117 1535 Minu-

1238 1557 1306 1594 cia
1335 1557 1542 1595 transisse.
1548 1556 1587 1608 ):
1628 1557 1746 1596 «Hoc
1774 1568 1912 1596 unum
1943 1558 2117 1597 certum

1240 1620 1308 1658 est
1321 1618 1460 1666 viam,
1491 1628 1625 1668 quam
1643 1619 1914 1669 quaerimus,
1939 1629 1963 1657 a
1979 1620 2117 1658 Roma

1240 1679 1448 1720 euntibus
1491 1680 1561 1719 via
1604 1680 1743 1731 Appia
1795 1680 1850 1720 ad
1895 1681 2114 1720 sinistram

1239 1742 1371 1782 fuisse
1404 1744 1447 1782 et
1474 1754 1557 1794 per
1583 1744 1774 1791 Marsos,
1808 1744 2026 1783 Samnites
2045 1744 2117 1781 tu—

1237 1803 1386 1844 lisse.»

1292 1867 1439 1905 211-25.
1481 1868 1609 1916 Quem
1630 1866 1732 1918 cet.]
1756 1866 1864 1914 «Qui
1884 1866 1974 1916 his,
1998 1878 2114 1918 quae

1240 1930 1493 1976 enumerat,
1534 1929 1649 1968 vitiis
1681 1928 1941 1979 deturpatus
1973 1928 2116 1970 divitis

1240 1990 1390 2037 amici,
1443 1989 1629 2030 fortasse
1680 1991 1812 2029 etiam
1856 1990 2112 2041 vitiosioris,

1239 2053 1424 2102 gratiam
1473 2053 1640 2102 captat,
1699 2053 1774 2090 aut
1820 2051 1940 2091 hunc
1987 2051 2114 2092 brevi

1238 2117 1440 2165 tempore
1490 2114 1544 2153 ab
1597 2125 1644 2154 se
1695 2113 1991 2165 abalienabit,
2042 2117 2118 2155 aut

1240 2177 1402 2216 amissa
1433 2175 1634 2216 libertate
1666 2175 1721 2216 ab
1754 2187 1807 2215 eo
1839 2187 2021 2228 semper
2042 2188 2117 2217 ca-

1240 2238 1485 2289 stigabitur.
1539 2239 1619 2286 Qui
1650 2248 1754 2289 ergo
1789 2239 2007 2278 fautorem
2036 2239 2116 2278 fir-

1240 2302 1369 2341 miter
1398 2311 1554 2340 secum
1585 2301 1853 2351 coniungere
1891 2299 2111 2353 simulque

1238 2361 1491 2402 libertatem
1530 2363 1724 2402 retinere
1753 2361 1891 2410 volet,
1938 2362 1974 2402 is
2012 2364 2114 2402 ante

1240 2427 1386 2465 omnia
1417 2436 1440 2464 a
1463 2425 1594 2473 vitiis,
1630 2423 1791 2474 quibus
1812 2422 1880 2463 ille
1902 2424 1995 2464 iure
2017 2435 2117 2464 suc-

1239 2489 1439 2535 censeat,
1486 2485 1599 2526 liber
1644 2488 1782 2525 esto.»
1826 2508 1869 2513 —
1911 2486 2116 2526 damnosa

1243 2548 1385 2600 Venus]
1419 2549 1600 2600 partim,
1633 2549 1682 2587 ut
1712 2548 1820 2599 Epp.
1844 2548 1893 2596 2,
1929 2548 1977 2597 4,
2011 2549 2110 2589 407τ

1238 2613 1439 2650 damnosa
1467 2611 1612 2658 libido,
1657 2610 1757 2660 quia
1789 2610 1958 2649 amicae
1989 2621 2114 2650 ama-

1237 2675 1357 2713 tores
1379 2674 1644 2723 emungunt,
1678 2672 1861 2723 partim,
1895 2673 1996 2722 quia
2019 2683 2114 2712 cor-

1239 2746 1319 2787 pus
1343 2735 1487 2786 ipsum
1510 2736 1706 2773 enervat.
1754 2733 1875 2773 Ovid.
1901 2744 1954 2773 ex
1975 2735 2113 2774 Ponto

1239 2798 1284 2845 4,
1320 2797 1390 2845 40,
1425 2796 1497 2835 33:
1529 2797 1639 2835 vires
1668 2795 1816 2834 adimit
1851 2796 2013 2835 Veneris
2032 2798 2113 2836 da-

1236 2869 1382 2898 mnosa-
1424 2858 1628 2907 voluptas.
1673 2880 1716 2885 —
1759 2869 1960 2908 praeceps
2002 2859 2110 2911 alea]

1238 2921 1303 2960 «in
1345 2931 1430 2972 qua
1471 2919 1717 2971 periculum
1754 2921 1891 2970 inest,
1936 2932 1992 2961 ne
2023 2933 2112 2961 uno

1233 2982 1421 3022 talorum
1466 2984 1580 3022 iactu
1624 2983 1850 3033 ingentem
1892 2984 2108 3034 pecuniae

1234 3055 1456 3085 summam
1477 3044 1719 3096 perdamus
1737 3046 1781 3084 et-
1796 3043 1968 3095 spoliati
1988 3056 2036 3085 re
2053 3045 2113 3085 fa-

1238 3106 1388 3147 miliari
1407 3106 1660 3156 decoquere
1675 3105 1965 3147 debeamus.»
1985 3109 2104 3148 Pers.

1234 3170 1282 3217 5,
1315 3170 1391 3208 57:
1438 3169 1544 3207 hunc
1582 3168 1676 3207 alea
1713 3168 1925 3217 decoquit,
1969 3168 2038 3206 ille
2062 3168 2111 3206 In

1240 3232 1431 3270 Venerem
1456 3230 1606 3280 putris.
1644 3251 1684 3257 —
1723 3230 1869 3269 Gloria
1899 3229 2002 3278 cet]
2031 3240 2109 3268 κε-

1234 3289 1443 3343 νοδοξία.
1498 3293 1664 3332 «Homo
1703 3302 1864 3340 vanus,
1902 3289 2108 3341 gloriolae

1235 3354 1379 3395 studio
1424 3353 1661 3404 abreptus,
1707 3350 2108 3403 sumptuosioribus

1234 3415 1433 3456 vestibus
1454 3416 1776 3466 unguentisque
1793 3413 1948 3462 utitur,
1973 3423 2108 3464 quam

1236 3479 1328 3518 eius
1361 3476 1588 3518 facultates
1620 3475 1913 3516 concedunt.»
1949 3498 1991 3503 -—
2026 3476 2108 3515 im-
