2231 3787
825 256 919 293 ΗΒ,
958 256 987 293 1.

1055 255 1203 293 EPIST
1251 255 1337 293 XX.
1896 250 1995 301 587

241 388 485 456 Occupet
524 386 777 438 extremis
819 385 869 436 in
909 384 1039 437 vicis
1078 383 1239 437 balba
1278 393 1544 438 senectus.

242 488 372 540 Cuin
413 487 504 540 tibi
548 487 624 539 sol
667 486 881 558 tepidus
921 486 1105 558 plures
1146 486 1447 540 admoverit
1485 503 1672 545 aures,

240 590 320 642 Me
361 588 609 642 libertino
650 597 831 642 natum
875 598 1024 660 patre
1065 598 1117 642 et
1155 589 1206 641 in
1252 590 1399 643 tenui
1439 607 1498 642 re
1930 590 1997 641 ΞΟ

241 691 471 744 Maiores
513 708 717 762 pennas
761 692 885 745 nido
926 691 1235 745 extendisse
1275 691 1543 762 loqueris,

282 889 346 928 48.
381 888 487 928 bella
518 876 546 927 b
581 889 681 938 (non
714 889 829 939 Scd).
869 912 913 917 -
951 889 1172 940 mmmm-is
1191 891 1264 930 Ec.
1294 914 1338 917 —
1362 890 1608 940 “Mminnas
1637 900 1676 937 c,
1703 889 1874 940 plumas
1901 888 1943 928 d.

168 1053 290 1093 locus
340 1053 395 1093 de
446 1054 530 1093 hac
588 1054 730 1105 prima
782 1055 1053 1095 institutione

168 1115 346 1167 puerili,
380 1127 494 1166 quae
527 1117 661 1156 etiam
693 1116 776 1156 sub
807 1117 879 1156 dio
901 1117 1051 1166 fiebat,

170 1180 313 1218 exstat
332 1179 450 1230 apud
472 1180 661 1218 Dionem
681 1180 1054 1230 Chrysostomum

170 1243 239 1281 Or.
263 1242 331 1291 ⁶20,
357 1243 396 1281 9.
426 1253 468 1293 p.
494 1241 588 1282 492.
616 1243 664 1282 R.
686 1254 693 1280 :
727 1242 777 1281 οἱ
794 1239 889 1282 τῶν
910 1256 1058 1299 γραμ-

168 1300 334 1356 μάτων
364 1301 649 1344 διδάσκαλοι
677 1301 799 1356 μετὰ
830 1302 924 1344 τῶν
953 1305 1056 1345 παί-

169 1365 264 1406 δων
295 1366 345 1407 ἐν
375 1372 481 1418 ταῖς
513 1363 647 1418 ὁδοῖς
677 1365 940 1420 κάθηνται,
973 1368 1055 1408 καὶ

171 1426 312 1471 οὐδὲν
358 1426 524 1480 αῦτοῑς
571 1427 794 1484 ἐμποδών
838 1430 968 1472 ἐστιν
1004 1430 1055 1472 ἐν

169 1490 388 1547 τοσούτῳ
420 1490 594 1545 πλήθει
622 1491 709 1534 τοῦ
732 1491 976 1535 διδάσκειν
1006 1506 1056 1534 τε

169 1557 251 1596 καὶ
280 1554 565 1609 μανθάνειν.

225 1619 291 1659 49.
338 1620 441 1660 Cum
480 1620 552 1659 tibi
593 1620 653 1659 sol
694 1620 798 1672 cet]
846 1620 926 1660 Hic
966 1631 1055 1659 non

170 1683 280 1729 iam,
313 1684 361 1721 ut
379 1681 582 1733 plerique
604 1684 782 1734 putant,
807 1682 862 1722 de
886 1681 1053 1731 schola,

170 1756 195 1784 a
226 1755 314 1795 qua
345 1745 608 1795 cogitatione
642 1745 736 1784 eius
768 1745 942 1785 animus
973 1743 1056 1783 ab-

170 1807 405 1857 horrebat,
449 1807 649 1848 scribere
679 1808 843 1859 pergit,
887 1806 970 1847 sed
999 1806 1053 1846 de

170 1869 309 1910 multo
333 1871 469 1910 etiam
490 1871 658 1911 maiore
681 1870 917 1919 lectorum,
942 1881 1056 1921 quos

172 1944 220 1973 se
252 1934 539 1973 inventurum
570 1944 672 1973 esse
705 1932 943 1985 sperabat,
980 1945 1059 1972 nu-

171 2006 310 2035 mero.
358 1996 411 2035 Hi
442 2007 545 2036 cum
565 1996 727 2047 partim
748 2006 771 2034 a
796 1996 942 2047 primo
964 1995 1057 2035 fere

174 2068 305 2096 mane
326 2059 619 2109 patronorum
641 2056 917 2107 salutationi,
946 2057 1056 2107 foro,

174 2118 345 2159 iudiciis
363 2151 371 2167 ,
404 2119 548 2159 omnis
570 2120 746 2169 generis
762 2121 950 2170 negotiis
971 2119 1056 2167 vel,

175 2184 210 2223 si
244 2182 416 2222 studiosi
450 2184 576 2221 erant
616 2181 737 2231 (Plin.
775 2183 884 2234 Epp.
914 2183 962 2233 4,
991 2183 1058 2231 43,

177 2247 191 2285 ‘l
208 2247 219 2284 l
235 2246 275 2294 .),
301 2243 541 2296 disciplinis
563 2244 866 2285 severioribus
887 2256 939 2285 ac
960 2245 1062 2297 phi-

174 2307 405 2359 losophiae
435 2310 673 2347 vacassent
708 2319 854 2359 usque
885 2308 943 2348 ad
974 2307 1062 2347 diei

177 2369 313 2410 civilis
342 2370 501 2409 horam
531 2370 624 2410 fere
656 2371 920 2422 septimam,
963 2382 1064 2410 me-

176 2432 431 2481 ridiat-ione,
466 2431 651 2482 balneo,
696 2434 899 2484 corporis
931 2443 1064 2472 exer-

178 2494 459 2535 citationibus
491 2506 591 2536 sese
619 2493 894 2546 aliquantum
916 2506 1065 2535 recre-

179 2556 338 2606 abant,
387 2556 550 2597 deinde
596 2559 771 2597 coenati
816 2558 926 2597 hora
970 2557 1063 2597 fere

179 2630 323 2669 nona,
384 2631 488 2660 cum
532 2620 712 2660 aestatis
756 2621 962 2672 tempore
1006 2621 1067 2660 sol

180 2682 269 2722 iam
300 2683 461 2732 tepidus
482 2684 603 2723 esset
626 2682 693 2733 (cf.
719 2683 806 2722 Sat.
833 2683 871 2731 11,
895 2682 935 2732 4,
960 2682 1062 2734 30.),

181 2745 298 2785 circa
328 2745 489 2785 boram
520 2745 743 2785 decimam
773 2745 908 2785 animi
929 2756 1064 2785 causa

179 2806 472 2859 perlegebant
509 2809 708 2848 carmina
749 2819 893 2860 nuper
922 2809 966 2848 in
996 2808 1065 2849 lu-

183 2881 282 2910 cem
313 2872 491 2911 emissa.
540 2872 604 2912 Cf.
638 2870 822 2913 Martial.
847 2871 897 2921 4,
931 2871 979 2920 8,
1015 2872 1063 2911 7:

182 2933 299 2972 Hora
328 2933 558 2974 libellorum
588 2935 748 2974 decima
777 2939 858 2984 est,
900 2935 1069 2985 Euphe-

182 3005 268 3043 me,
290 3006 493 3035 meorum.
538 2997 664 3037 Idem
687 2999 755 3047 40,
780 2998 846 3045 49,
873 2998 957 3047 48.,
992 2997 1069 3037 ubi

184 3055 383 3096 Thaliam
419 3068 550 3097 suam
580 3059 902 3110 epigrammata
931 3058 1069 3100 Plinio

186 3118 347 3159 afferre
378 3119 526 3169 iubet,
559 3121 737 3172 tempus
767 3124 1070 3173 opportunum

186 3183 243 3223 ita
274 3182 550 3234 significans:
598 3183 725 3224 Seras
753 3185 882 3224 tutior
909 3185 986 3225 ibis
1015 3186 1072 3225 ad

186 3245 404 3292 lucerna&
450 3246 561 3284 Haec
604 3245 711 3284 hora
741 3250 797 3286 est
827 3250 912 3285 tua.
981 3248 1070 3288 Hos

185 3307 316 3358 igitur
335 3305 580 3348 benevolos
601 3305 792 3347 lectores
813 3319 895 3359 per
912 3309 1070 3350 domos

188 3380 292 3410 suas
309 3369 538 3422 dispersos
557 3367 679 3409 velut
698 3380 838 3409 unum
859 3370 903 3409 in
921 3369 1071 3411 locum

190 3433 480 3483 congregatos
500 3431 584 3472 sibi
606 3442 730 3471 aures
748 3430 971 3483 praebere
993 3431 1073 3472 fin-

191 3493 273 3543 git,
333 3493 497 3535 librum
555 3495 838 3535 recitatorem
889 3494 1068 3536 faciens.

1119 1053 1262 1095 Nolim
1307 1055 1457 1105 itaque
1500 1054 1784 1105 interpretari
1829 1053 1883 1093 de
1916 1054 2004 1093 cir—

1121 1117 1515 1158 cumforaneorum
1579 1115 1780 1166 circulis,
1840 1116 2003 1167 quibus

1118 1182 1467 1231 vesperascente
1501 1179 1572 1219 die
1604 1180 1768 1219 Horatii
1807 1180 2004 1220 carmina

1119 1244 1315 1283 recitarit
1345 1242 1578 1283 mendicus
1601 1241 1780 1293 aliquis,
1813 1244 1861 1281 ut
1885 1253 2004 1283 nunc

1120 1305 1304 1357 quidem
1333 1317 1416 1356 per
1445 1304 1594 1345 Italiae
1627 1305 1788 1356 oppida
1812 1306 2004 1357 optimos

1119 1368 1293 1408 Areosti
1324 1368 1537 1419 Tassique
1568 1367 1689 1407 locos
1717 1366 2005 1407 circulatores

1119 1428 1297 1481 popello
1347 1428 1559 1469 altissima
1604 1430 1649 1468 et
1692 1439 1853 1469 sonora
1893 1440 2005 1468 voce

1120 1493 1333 1538 recitant,
1383 1503 1486 1532 cum
1517 1493 1639 1532 idem
1669 1503 1767 1533 mos
1796 1493 2006 1532 Romanis

1119 1556 1304 1606 Augusti
1345 1557 1490 1595 aetate
1532 1554 1666 1595 tribui
1695 1556 1767 1594 vix
1795 1556 1935 1607 possit
1964 1556 2006 1594 in

1120 1619 1264 1670 poetis
1296 1617 1574 1669 aequalibus.
1628 1616 1899 1658 Perridicula
1926 1629 2009 1657 au—

1120 1683 1214 1720 tem
1256 1682 1324 1721 est
1364 1679 1711 1720 Scholiastarum
1738 1680 2010 1731 interpreta-

1121 1744 1205 1782 tio:
1257 1743 1550 1783 «Secundum
1588 1753 1764 1782 morem
1803 1741 2011 1781 librario-

1121 1816 1222 1844 rum
1254 1806 1660 1857 magistrorumque
1690 1804 1900 1857 loquitur,
1934 1806 2010 1856 qui

1124 1869 1241 1909 circa
1273 1870 1482 1920 quartam
1511 1868 1583 1908 vel
1620 1869 1821 1920 quintam
1852 1869 2010 1908 horam

1125 1932 1288 1971 dictata
1319 1932 1470 1982 pueris
1504 1930 1727 1982 praebere
1759 1941 2010 1970 consueve-

1124 1996 1251 2042 runt,
1301 2004 1389 2044 quo
1419 1994 1625 2045 tempore
1658 1994 1761 2033 sunt
1795 1997 2010 2033 tracta-

1125 2056 1395 2095 bilioreS.»

1180 2117 1329 2157 20-23.
1374 2119 1443 2157 Me
1472 2117 1662 2157 libertino
1693 2118 1799 2170 cet]
1845 2118 2011 2157 Imitari

1125 2179 1303 2219 videtur
1342 2180 1681 2230 grammaticos,
1728 2181 1804 2231 qui
1834 2179 2013 2220 schola-

1119 2240 1226 2281 'rum
1250 2252 1434 2281 suarum
1459 2253 1483 2280 a
1510 2244 1746 2293 poetarum
1765 2242 1865 2282 vitis
1888 2253 2014 2281 enar-

1126 2303 1277 2343 randis
1331 2304 1504 2344 initium
1549 2303 1804 2344 sumebant.
1871 2306 2013 2344 «Tum

1129 2365 1248 2406 clare
1281 2366 1435 2416 dicito,
1483 2377 1556 2406 me
1586 2378 1635 2406 re
1666 2378 1770 2407 vera
1801 2368 1928 2418 patre
1959 2366 2014 2407 li—

1127 2429 1303 2468 bertino
1334 2431 1487 2468 natum
1511 2439 1656 2469 esse.»
1705 2429 1769 2469 Cf.
1795 2430 1882 2469 Sat.
1909 2430 1947 2479 4,
1972 2429 2012 2478 6,

1129 2492 1167 2531 6.
1201 2491 1269 2532 46.
1331 2492 1410 2531 Hic
1455 2503 1635 2543 quoque
1673 2492 1892 2543 significat
1925 2503 2013 2532 non

1129 2555 1301 2594 moveri
1318 2565 1366 2594 se
1390 2554 1640 2594 invidorum
1662 2555 1748 2595 hoc
1769 2554 2014 2595 identidem

1128 2618 1212 2669 ipsi
1244 2616 1548 2657 obiicientium
1579 2617 1907 2667 maledicentia,
1936 2618 2016 2657 im-

1130 2691 1204 2720 mo
1249 2681 1432 2720 minime
1462 2690 1511 2720 se
1552 2680 1748 2731 pudere,
1796 2680 1917 2731 quod
1946 2681 2015 2720 te-

1130 2744 1345 2784 nuissimo
1375 2742 1473 2783 loco
1504 2744 1626 2783 ortus
1657 2743 1735 2791 sit;
1770 2754 1915 2794 eoque
1937 2743 2017 2783 mi-

1129 2816 1234 2854 nus,
1275 2805 1396 2856 quod
1436 2804 1492 2845 ab
1534 2806 1631 2857 ipso
1661 2805 1746 2845 hoc
1775 2807 1902 2857 patre
1932 2805 2016 2846 ob-

1132 2879 1264 2909 scuro
1307 2867 1446 2908 multo
1491 2866 1650 2908 melius
1695 2868 1750 2908 sit
1799 2868 2016 2910 educatus

1133 2941 1270 2982 quam
1300 2930 1483 2971 ditiores
1521 2929 1731 2982 permulti
1762 2942 1786 2970 a
1816 2932 2017 2982 parenti·-

1132 2994 1218 3034 bus
1249 2994 1340 3033 suis
1370 2993 1587 3044 ingenuis.
1626 3015 1671 3021 —-
1703 2994 1888 3035 Maiores
1908 3005 2019 3044 pen-

1131 3057 1225 3108 nas]
1260 3057 1421 3096 «Dices
1451 3067 1524 3096 me
1546 3056 1717 3095 maiora
1738 3057 1919 3096 omnino
1943 3067 2019 3096 au—

1134 3130 1236 3160 sum
1265 3121 1399 3170 atque
1431 3119 1566 3159 etiam
1601 3117 1770 3159 felicius
1801 3118 2015 3170 adeptum

1136 3193 1258 3231 esse,
1293 3192 1430 3233 quam
1461 3180 1715 3222 concedere
1739 3181 1835 3221 visa
1865 3181 1920 3220 sit
1949 3181 2018 3219 te-

1135 3246 1235 3285 nuis
1265 3255 1365 3285 mea
1397 3245 1564 3295 origo.»
1620 3245 1837 3285 Construe
1867 3244 2019 3282 autem

1129 3319 1294 3359 pennas
1334 3307 1518 3347 maiores
1558 3307 1655 3346 nido
1698 3305 1848 3356 (quam
1888 3303 2018 3344 nidus

1138 3370 1355 3423 capiebat)
1388 3370 1639 3418 extendisse,
1688 3366 1931 3419 explicasse
1962 3367 2019 3407 ad

1136 3433 1348 3474 volatum.
1412 3431 1640 3473 Contraria
1684 3429 1875 3480 imagine
1905 3429 2015 3481 Epp.

1137 3496 1184 3545 2,
1217 3496 1267 3544 ⁶2,
1293 3495 1360 3535 50.
1393 3495 1495 3547 post
1523 3493 1665 3534 aciem
1687 3490 2019 3544 Philippensem
