2231 3787
204 264 305 317 226

836 260 1046 301 llORATll
1079 259 1379 301 SATIRARUM

274 399 346 448 Ac
386 400 638 447 venerata
678 391 866 446 Ceres,
908 390 978 442 ita
1015 388 1191 443 culmo
1230 396 1474 458 surgeret
1511 386 1638 445 alte,

275 494 535 567 Explicuit
573 494 694 546 vino
736 499 1040 545 contractae
1079 491 1221 544 seria
1259 489 1456 541 frontis.

1910 485 2012 539 1125

275 597 487 651 Saeviat
527 606 687 667 atque
727 612 895 647 novos
933 601 1146 646 moveat
1185 593 1416 643 Fortuna
1453 587 1740 651 tumultUS‚

274 700 541 763 Quantum
564 697 684 749 hinc
709 694 1020 747 imminuet?
1060 694 1270 756 Quanto
1297 698 1388 743 aut
1417 706 1518 760 ego
1546 689 1760 760 parcius
1788 696 1877 742 aut
1902 705 2011 748 vos,

275 800 321 853 O
360 799 537 870 pueri,
580 797 830 855 intumis,
872 805 929 847 ut
967 794 1071 847 huc
1109 809 1279 845 novus
1319 790 1493 845 incola
1529 791 1712 844 venit?

274 902 403 954 Nam
442 899 692 970 propriae
732 896 935 951 telluris
976 894 1165 948 herum
1204 902 1392 946 natura
1431 909 1607 962 neque
1647 891 1794 944 illum

316 1110 405 1150 1024.
454 1110 572 1149 Ceres
603 1108 660 1146 uti
706 1106 771 1146 LC
805 1109 847 1145 et
878 1116 942 1156 pr.
978 1105 1004 1144 S
1038 1099 1308 1160 (ἀμέτρως),
1357 1103 1474 1143 Ceres
1502 1107 1548 1142 ut
1577 1105 1611 1151 t,
1662 1104 1723 1143 ita
1757 1103 1890 1143 culmo
1919 1108 1964 1142 ut

257 1174 451 1215 Aldinae.
516 1175 575 1223 <Ut
608 1183 707 1216 nos,
740 1170 827 1221 bcp
851 1172 895 1210 et
915 1180 1028 1209 corr.
1054 1170 1080 1208 S
1103 1179 1206 1207 cum
1236 1166 1500 1207 Bentleianis
1531 1166 1769 1216 omnibus.)
1794 1189 1841 1195 -
1868 1167 1958 1206 427.

261 1237 436 1288 Quanto]
470 1240 671 1285 quantum
700 1234 744 1273 h.
783 1256 826 1260 —
862 1232 954 1271 428.
986 1231 1149 1270 vicistis
1169 1231 1376 1280 quattuor
1397 1229 1588 1269 Pottierii
1609 1240 1812 1280 unusque
1834 1229 1960 1275 Feae,

260 1301 426 1340 ›zoi-istis
441 1311 483 1351 p.
508 1321 551 1326 —
574 1299 587 1337 4
602 1297 665 1337 29.
681 1296 882 1346 propriae
898 1293 1090 1341 bsc‚LCt
1109 1294 1152 1331 et
1167 1290 1403 1331 Bentleius:
1421 1292 1594 1341 proprie
1612 1292 1696 1331 FM.
1722 1314 1765 1320 —
1785 1302 1903 1331 erum
1919 1291 1960 1330 S.

204 1490 289 1529 hus
320 1487 500 1538 quidem
533 1488 575 1524 et
606 1483 798 1533 Scaliger
828 1480 967 1521 Plauti
1006 1489 1076 1518 vv.

197 1550 348 1602 poculo
369 1547 633 1593 multabitur,
669 1543 851 1596 «poculo
871 1553 960 1582 uno
983 1540 1080 1593 plus

205 1623 340 1664 quam
372 1611 507 1650 ceteri
537 1608 721 1655 bibet»,
756 1606 1077 1657 exposuerunt,

206 1677 357 1715 contra
437 1669 806 1711 consuetudinem
881 1667 1080 1706 Latinam

203 1736 328 1777 verbi
360 1732 571 1782 multare.)
616 1732 906 1771 Coniecturae
929 1730 1080 1767 autem

204 1810 362 1849 cuppa,
385 1808 514 1847 cupa,
545 1794 682 1843 nulla,
710 1793 864 1843 pulpa,
896 1793 987 1830 Post
1007 1791 1081 1829 hoc

205 1863 327 1902 ludus
370 1863 461 1899 erat
506 1854 632 1896 κόττ“
678 1854 750 1909 aq)
794 1858 948 1904 potare
986 1864 1081 1892 ma-

204 1925 334 1976 9ist7·0
386 1918 675 1970 (Praedicow)
727 1927 869 1968 aeque
915 1914 1080 1955 scilicet

206 1996 388 2037 sagaces
418 1985 533 2024 sunt,

263 2047 356 2088 424.
392 2047 484 2085 4⁴25.
529 2045 587 2085 Ac
623 2040 835 2092 venerata]
877 2042 922 2079 ut
960 2039 1076 2089 Virg.

206 2114 315 2151 Aen.
340 2109 386 2157 3,
421 2108 527 2148 460:
561 2115 786 2153 cursusque
815 2102 929 2142 dabit
957 2113 1081 2141 vene-

205 2178 301 2213 rata
333 2171 551 2216 secundos,
592 2168 789 2219 passive,
831 2163 991 2204 eadem
1021 2164 1082 2204 si-

206 2234 483 2287 gnificatione
506 2234 638 2281 atque
662 2229 800 2269 Plaut.
825 2227 934 2267 Rud.
959 2228 1004 2275 5,
1038 2227 1077 2275 ’2,

207 2299 286 2338 64;
338 2297 491 2343 Venus,
537 2303 711 2332 veneror
754 2295 814 2339 te,
860 2294 906 2328 ut
944 2299 1082 2328 omnes

205 2359 346 2399 miseri
365 2359 526 2398 lenones
544 2357 662 2395 sient.
715 2354 861 2393 Carm.
886 2362 977 2392 sec.
1000 2350 1052 2390 49
1074 2361 1081 2387 :

208 2424 404 2472 Quaeque
430 2431 502 2459 vos
539 2417 663 2457 bobus
696 2419 921 2455 veneratur
955 2413 1078 2463 albis,

206 2507 229 2513 -
248 2506 271 2512 -
289 2484 495 2533 Impetret.
517 2503 563 2509 —
585 2479 655 2530 ita]
681 2477 807 2526 Quod
828 2477 931 2516 dicit
951 2476 1082 2515 Bent-

206 2545 317 2586 leius
349 2548 392 2585 et
421 2541 723 2590 Heindorfius,
756 2541 818 2579 ita
848 2550 969 2586 esse,
1009 2539 1081 2577 «ut

207 2610 295 2648 iam
324 2618 443 2648 nunc
480 2606 616 2656 surgit
653 2602 774 2643 caelo
811 2601 990 2654 pluvio»
1023 2600 1077 2651 (v.

207 2671 342 2720 449.),
396 2670 542 2708 minus
591 2666 843 2718 appositum
890 2663 1078 2703 videtur.

206 2734 364 2773 Mirum
429 2732 561 2771 etiam
629 2730 713 2768 hoc
777 2728 1082 2767 commentum

207 2794 429 2835 Sebaeferi
447 2792 758 2833 Ansbacensis:
779 2791 973 2830 «Tenent
991 2799 1084 2828 ma-

207 2858 337 2897 nibus
359 2858 451 2896 sive
482 2857 657 2906 pateras
679 2855 770 2893 sive
801 2850 960 2904 pocula
990 2851 1083 2890 his-

208 2931 294 2971 que
325 2918 453 2958 altius
484 2915 666 2957 sublatis
690 2916 772 2965 (hic
794 2916 913 2954 enim
933 2915 1082 2965 gestus

207 2984 356 3022 mente
386 2980 514 3020 nobis
558 2978 790 3029 fingendus
835 2977 914 3026 est)
957 2977 1084 3015 orant

208 3044 362 3089 deam,
395 3046 443 3082 ut
473 3043 552 3089 ita,
586 3041 629 3080 id
660 3042 750 3087 est,
784 3041 827 3079 in
857 3040 972 3079 hanc
992 3037 1084 3077 alti-

207 3106 408 3147 tudinem
456 3114 660 3144 crescere
708 3101 859 3142 iubeat
912 3099 1082 3140 culmos

207 3170 250 3208 in
282 3168 440 3218 agris.»
499 3168 637 3205 Immo
679 3165 833 3203 votum
874 3163 1083 3203 conviva-

208 3240 308 3269 rum
330 3231 423 3269 erat
445 3238 547 3268 cum
565 3225 848 3266 libationibus
870 3226 1080 3265 Cererem

207 3292 488 3332 adorantium
504 3303 511 3328 2
527 3289 621 3328 *uita
637 3292 783 3339 surgat
803 3287 887 3326 alto
902 3287 1078 3326 culmo.»

208 3354 394 3394 Plancus
424 3352 480 3393 ad
502 3352 590 3392 Cio.
616 3350 734 3390 Fam.
759 3349 829 3397 40,
864 3349 909 3397 9,
944 3349 989 3387 2:
1021 3348 1083 3388 ita

210 3416 261 3456 ab
291 3414 593 3456 imminentibus
612 3412 732 3452 malis
751 3422 816 3451 res
838 3410 1008 3461 publica
1028 3410 1081 3449 li—

1145 1479 1160 1516 4
1187 1491 1194 1517 ;
1227 1479 1292 1517 Ita
1321 1482 1357 1516 te
1383 1478 1582 1516 victorem
1610 1478 1880 1527 complectar,
1902 1500 1921 1506 -
1938 1500 1957 1507 -
1974 1482 2020 1518 ut

1144 1550 1343 1590 magnam
1378 1543 1546 1589 partem
1586 1540 1684 1578 mihi
1725 1540 1908 1580 laetitiae
1947 1544 2020 1580 tua

1143 1602 1324 1653 dignitas
1362 1603 1498 1652 affert.
1559 1603 1702 1652 Atque
1743 1603 1921 1641 omnino
1958 1602 2021 1642 ita

1142 1665 1185 1703 h.
1224 1662 1251 1703 1.
1289 1663 1410 1703 idem
1453 1665 1521 1704 est
1563 1665 1696 1714 atque
1744 1663 2020 1715 frequentius

1142 1725 1247 1766 illud
1278 1727 1321 1766 in
1350 1726 1682 1777 precationibus
1703 1727 1774 1766 sic.
1808 1726 1887 1766 Od.
1913 1727 1952 1776 4,
1976 1727 2017 1776 3,

1144 1790 1188 1828 4ι
1222 1788 1291 1827 Sic
1320 1792 1356 1828 te
1385 1790 1498 1828 Diva
1518 1793 1666 1838 potens
1685 1788 1813 1838 Cypri
1833 1790 1919 1828 cet.
1952 1789 2021 1828 In·-

1143 1851 1311 1902 scriptt.
1354 1853 1446 1891 Lat.
1485 1852 1534 1890 N.
1572 1850 1708 1891 4754:
1757 1851 1820 1890 ita
1860 1850 2016 1890 valeas.

1143 1911 1280 1952 Plaut.
1303 1911 1398 1952 Aul.
1422 1913 1471 1961 2,
1506 1914 1521 1952 4
1544 1943 1551 1958 ,
1585 1913 1661 1952 27:
1702 1913 1764 1952 ita
1792 1913 1834 1952 cli
1860 1913 2016 1963 faxint.

1143 1974 1269 2014 Hand
1299 1975 1422 2014 Turs.
1445 1975 1514 2014 ΙΙΙ.
1543 1985 1586 2025 p.
1611 1974 1704 2014 494.
1742 1997 1786 2003 —
1817 1975 2018 2027 surgeret]

1142 2037 1209 2076 Ad
1251 2037 1337 2075 hoc
1378 2035 1569 2076 verbum
1615 2036 1752 2085 Ceres,
1805 2048 1920 2088 quae
1963 2037 2020 2077 ad

1142 2099 1423 2150 participium
1464 2102 1664 2138 venerata
1712 2101 1892 2151 proprie
1943 2111 2021 2140 ac-

1143 2162 1345 2214 cipienda
1362 2164 1443 2208 est,
1458 2163 1760 2212 metonymice
1780 2162 2022 2215 intelligen-

1144 2225 1221 2274 da,
1257 2235 1455 2275 «seges»
1507 2224 1630 2265 Conf.
1666 2225 1752 2265 Sat.
1789 2227 1835 2274 4,
1868 2227 1918 2275 5,
1950 2225 2016 2267 74.

1148 2312 1192 2316 —-
1224 2287 1453 2339 Eoeplicuit]
1486 2287 1564 2327 Od.
1590 2287 1636 2336 3,
1669 2288 1746 2336 29,
1779 2287 1858 2328 44ῑ
1891 2289 2020 2329 Mun-

1144 2351 1221 2390 dae
1240 2373 1263 2379 -
1282 2373 1306 2379 -
1321 2361 1558 2400 pauperum
1589 2349 1748 2389 Coenae
1775 2372 1798 2378 -
1819 2372 1842 2379 -
1862 2350 2022 2390 Sollici-

1142 2417 1230 2452 tam
1258 2413 1494 2462 eoeplicuere
1528 2412 1722 2463 frontem.
1760 2433 1804 2440 —
1847 2417 2020 2453 contra-

1142 2475 1244 2524 ctae]
1279 2486 1492 2526 «rugosae
1534 2476 1720 2526 propter
1761 2473 2020 2515 sollicitudi-

1143 2549 1267 2578 nes.»
1316 2536 1453 2576 Plaut.
1477 2538 1635 2588 Amph.
1667 2535 1781 2577 Prol.
1805 2538 1879 2577 52:
1913 2538 2022 2588 Quid

1143 2600 1414 2639 contraxistis
1439 2597 1648 2649 frontem?
1675 2598 1800 2650 Epid.
1824 2600 1871 2648 5,
1895 2600 1912 2638 4
1934 2631 1942 2647 ,
1966 2599 2016 2639 3;

1145 2663 1253 2712 Quid
1281 2662 1378 2701 illuc
1398 2665 1474 2710 est,
1508 2662 1617 2710 quod
1634 2661 1694 2699 illi
1714 2666 1887 2711 caperat
1902 2662 2021 2713 frons

1143 2724 1427 2764 severitudine.
1478 2722 1668 2763 Naevius
1697 2723 1741 2762 in
1769 2722 1902 2763 Dolo:
1949 2735 2021 2763 ca-

1137 2790 1291 2836 perata
1317 2785 1466 2837 fronte.

1200 2848 1400 2887 427-429.
1432 2846 1538 2898 hinc]
1573 2847 1724 2887 «exiis
1752 2847 2015 2898 commodis,

1144 2909 1307 2962 quibus
1337 2920 1454 2949 nunc
1484 2911 1530 2949 ut
1559 2913 1689 2949 antea
1718 2908 1947 2950 fruimur.»
1969 2933 2014 2939 —

1144 2973 1175 3012 Ο
1198 2972 1337 3024 pueri]
1369 2972 1515 3012 «Pueri
1543 2973 1618 3011 aut
1648 2970 1721 3011 filii
1750 2973 1826 3011 aut
1853 2973 2016 3012 servi.»

1144 3038 1244 3075 Aen.
1269 3036 1331 3074 Tu
1348 3035 1639 3086 interpretare
1661 3033 1717 3074 de
1737 3033 1849 3074 filiis.
1879 3057 1925 3063 -
1948 3035 2019 3074 ni-

1144 3098 1295 3147 tuistis]
1344 3098 1554 3149 «pingues
1585 3107 1637 3137 ac
1666 3096 1798 3137 validi
1832 3097 2015 3138 fuistis.»

1144 3161 1387 3212 Opponitur
1401 3160 1486 3200 hoc
1506 3158 1720 3211 squalori3
1739 3159 1891 3211 putide
1912 3170 2020 3200 non-

1144 3222 1246 3262 nulli
1269 3222 1594 3264 substituerunt
1619 3222 1798 3270 vioeistis,
1819 3222 1869 3260 ut
1884 3219 2019 3273 expli-

1145 3287 1215 3325 cat
1246 3286 1418 3325 Comm.
1447 3284 1582 3335 Cruq.
1625 3283 1767 3324 «bene
1804 3283 2015 3323 vixistis.»

1143 3346 1359 3401 Epp.4,4,
1375 3347 1442 3387 ⁴5:
1462 3346 1736 3397 Mepinquem
1750 3344 2018 3384 etnitidum

1144 3409 1240 3450 bene
1258 3413 1412 3448 curata
1431 3412 1522 3448 cute
1538 3408 1656 3447 vises.
1699 3405 1760 3446 Cf.
1779 3404 1884 3446 Plin.
1903 3406 2013 3457 Epp.

210 3479 393 3518 ber-etur!
424 3476 555 3517 Plene
578 3475 666 3515 Cic.
687 3473 743 3513 ad
765 3474 881 3513 Fam.
909 3473 980 3520 40,
1006 3472 1076 3519 42,
1106 3508 1108 3521 ,
1142 3471 1181 3521 2,
1202 3471 1315 3513 1703.
1337 3471 1567 3521 (Diogenes
1580 3466 2016 3519 nonnullis,quieum
