2231 3787
2 2367 22 2405 ΔΑ
0 2294 6 2308 μ,

57 2000 68 2009 ι

837 262 935 300 LlB.
972 261 1001 299 I.
1064 260 1227 299 EPIST.
1260 260 1367 299 XVI,

1927 253 2028 306 533

261 394 369 446 Nee
409 392 605 445 furtum
646 392 743 446 feei
785 410 885 446 nec
924 392 1057 463 fugi,
1101 392 1143 444 si
1185 390 1311 443 mihi
1353 389 1495 443 dicat

262 496 488 548 Servus.
532 495 713 549 Habes
753 495 1010 566 pretium,
1054 493 1182 547 loris
1222 511 1327 546 non
1367 493 1571 555 ureriS,
1615 492 1716 545 aio.

260 598 375 650 Non
414 597 687 651 hominem
726 597 915 651 occidi.

263 700 394 753 Sum
431 699 608 753 bonus
649 708 702 752 et
741 699 893 770 frugi.

993 599 1109 651 Non
1148 613 1342 668 pasces
1383 595 1434 647 in
1475 611 1636 648 cruce
1677 611 1886 648 corvos.

971 700 1163 754 Renuit
1201 699 1513 769 negitatque
1554 696 1829 750 Sabellus:

243 836 298 876 M.
320 834 443 875 Conf.
464 836 551 874 Sat.
570 836 610 883 2,
636 835 674 883 4,
700 835 765 874 65.
796 858 838 862 —-
865 834 930 875 46.
957 836 1067 875 (licat
1089 834 1257 886 bScEp,
1283 834 1482 873 LCtFOs:
1509 833 1607 872 dicit
1628 834 1680 883 ζκ
1708 842 1838 872 «cum
1861 831 1968 870 duo-

244 897 328 937 bus
350 897 718 945 recentioribus,»
742 895 966 937 Bentleius
989 900 1033 937 et
1054 900 1108 945 M,
1144 898 1248 937 (licet
1268 896 1308 936 λ.
1338 920 1381 926 —
1408 896 1475 937 49.
1500 900 1626 947 negat
1648 900 1772 945 atque
1802 894 1974 946 bSEcp,

244 962 315 1007 Lt,
348 961 566 1010 renuitque
588 964 794 1011 negatque
819 960 926 999 Cod.
951 962 1229 1002 Bersmanni.
1268 963 1330 1012 (Ut
1352 972 1453 1006 nos,
1487 971 1555 1012 pr.
1580 974 1634 1008 κ,
1668 958 1868 999 Blandin.
1895 969 1977 998 an·-

246 1024 544 1076 tiquissimus,
581 1023 776 1063 Pottierii
807 1023 822 1062 4
863 1025 906 1062 et
937 1024 993 1074 7.)

190 1136 234 1174 L.
261 1136 299 1183 6,
324 1135 398 1174 69:
431 1135 614 1184 Spondet
634 1135 762 1174 etiam
782 1145 972 1184 sponsor,
1010 1135 1081 1182 qui
1143 1146 1343 1185 prorsum
1373 1145 1622 1185 susperscr.
1649 1138 1662 1172 t
1685 1132 1856 1172 litterae
1872 1143 1917 1181 p.
1953 1131 2035 1170 Ce-

188 1198 296 1237 idem
318 1197 452 1248 faciat
468 1197 706 1248 obligatum·
731 1199 774 1236 et
793 1197 898 1236 Gaio
921 1196 960 1244 3,
981 1197 1078 1235 41¹5:

186 1261 266 1300 Pro
297 1271 342 1299 eo
370 1270 558 1309 quoque,
593 1259 664 1308 qui
686 1259 920 1308 promittit,
953 1258 1083 1297 solent

189 1324 264 1363 alit
285 1323 492 1374 obltqari;
522 1333 702 1372 quorum
723 1322 828 1362 alios
846 1332 1076 1372 sponsores,

188 1387 293 1426 alios
332 1385 709 1437 fidepromissores,
763 1385 867 1424 allos
908 1385 1081 1436 fideius-

187 1460 300 1489 sores
321 1448 597 1498 appellamus.
623 1447 733 1487 lbid.
759 1448 860 1487 446;
895 1448 1081 1497 Sponsor

188 1513 248 1552 ita
267 1512 583 1562 interrogatur:
613 1521 723 1550 IDEM
738 1522 838 1551 ΒΑΗ]
856 1520 1045 1551 SPONDES
1060 1509 1081 1549 P

190 1575 296 1625 (Fea
318 1573 508 1627 explicat
530 1574 585 1614 de
610 1575 866 1626 fideiussore,
897 1573 978 1613 sed
1001 1575 1082 1612 Ga-

189 1638 256 1677 ius
288 1636 395 1676 ibid.
431 1637 533 1677 448;
579 1637 802 1687 Sponsor-is
832 1641 868 1676 et
894 1638 1080 1689 fidepro—

188 1700 375 1740 missoris
403 1700 549 1739 similis
579 1701 788 1749 condicio,
825 1700 1082 1751 fideiussoris

188 1763 310 1803 valde
330 1763 572 1814 dissimilis.)
607 1763 734 1811 Quod
757 1764 954 1802 Du'ntzer
976 1762 1081 1802 dicit

192 1837 299 1866 «me
329 1837 371 1865 v.
396 1829 493 1865 teste
522 1824 639 1865 male
672 1825 727 1865 de
758 1826 1013 1865 testimonio
1035 1826 1080 1866 in

187 1888 349 1928 iudicio
382 1887 502 1928 dicto
535 1885 807 1939 explicasse,
846 1888 985 1927 immo
1013 1886 1080 1927 lo-

191 1951 265 2002 qui
297 1951 527 1990 Horatium
558 1951 614 1991 de
644 1951 754 1990 actis
776 1961 811 1991 s.
837 1950 1081 1991 documen-

188 2015 263 2063 tis,
310 2015 359 2053 ut
403 2025 522 2053 nunc
567 2012 782 2063 dicimus,
830 2014 874 2053 in
915 2013 1078 2053 iudicio

189 2074 396 2128 prolatis,
426 2075 561 2127 idque
579 2075 761 2127 probari
782 2076 922 2116 Persii
943 2077 982 2125 5,
1007 2076 1074 2115 84.

188 2139 453 2179 imitatione:
495 2138 693 2190 Asslyna,
738 2140 908 2188 Marce,
948 2138 1080 2177 tabel-

189 2203 276 2241 las:
292 2216 310 2237 »
334 2200 621 2242 falsissimum
644 2203 734 2250 est,
758 2202 936 2242 Persius
958 2202 1078 2241 enim

189 2265 277 2316 agit
322 2264 377 2304 de
417 2265 688 2304 testamento
729 2275 753 2303 a
784 2265 933 2304 Marco
966 2275 1077 2303 «una

189 2338 292 2368 cum
324 2326 417 2368 aliis
439 2326 718 2378 obsignato.»
766 2328 876 2367 Nam
903 2327 988 2377 hoe
1012 2328 1080 2366 est

187 2390 273 2431 illic
303 2391 488 2442 assiqua.
527 2413 571 2418 —-
616 2389 819 2442 tenentur]
868 2390 958 2430 Cic.
997 2400 1078 2441 pro

190 2454 322 2495 Caec.
346 2453 416 2503 24,
440 2454 515 2494 67:
539 2453 786 2493 Scaevolam
808 2453 954 2492 dixisti
973 2464 1080 2492 cau-

188 2529 279 2558 sam
320 2518 435 2567 apud
465 2517 743 2557 centumviros
772 2529 856 2556 non
885 2517 1074 2557 tenuisse.

190 2581 369 2620 Sueten.
401 2580 563 2619 Domit.
597 2580 642 2618 9:
681 2591 756 2620 nec
784 2579 915 2629 repeti
947 2578 1076 2630 (reos)

188 2643 268 2682 nisi
309 2644 426 2682 intra
471 2654 631 2682 annum
670 2653 801 2692 eaque
839 2643 1079 2683 condicione

185 2706 397 2756 permisit,
429 2709 475 2745 ut
506 2705 766 2755 accusatori,
802 2706 873 2755 qui
902 2717 1079 2746 causam

188 2780 272 2808 non
314 2772 492 2817 teneret,
541 2769 737 2808 eoesillum
774 2779 916 2818 poena
961 2773 1074 2810 esset.

191 2830 473 2870 Contrarium
503 2831 572 2870 est
601 2842 733 2870 causa
763 2831 926 2871 cadere.

245 2890 385 2931 44-49.
417 2892 588 2942 vicinia]
611 2893 709 2932 Vid.
732 2892 789 2932 ad
810 2894 920 2944 Epp.
943 2893 981 2942 4,
1008 2893 1074 2942 47,

192 2954 258 2993 62.
302 2976 347 2980 -
384 2954 618 2994 Introrsum
663 2955 766 3007 cet]
809 2956 897 2995 Sat.
935 2956 982 3004 2,
1028 2955 1073 3004 4,

193 3014 270 3056 64;
298 3015 470 3065 pellem,
503 3016 658 3056 nitidus
687 3029 772 3067 qua
802 3018 975 3069 quisque
998 3029 1078 3068 per

192 3090 271 3117 ora
301 3077 487 3127 Cederet,
519 3078 749 3119 introrsum
770 3081 918 3130 turpis.
967 3081 1076 3122 Mira

190 3140 257 3181 illa
305 3139 437 3180 lectio
482 3140 602 3192 apud
645 3142 914 3182 Meinekium
957 3143 1077 3182 Hunc

187 3214 364 3254 prorsus
386 3207 549 3253 turpem
566 3214 655 3243 non
674 3205 743 3243 est
757 3205 841 3244 nisi
857 3203 1077 3245 Hauthalii

192 3266 445 3306 coniectura
464 3266 642 3317 reperta
662 3267 819 3317 postea
837 3265 892 3305 ab
916 3267 1076 3307 eodem

191 3330 235 3369 in
263 3328 402 3369 Codd.
436 3327 537 3379 aliq.
563 3330 607 3367 et
636 3339 661 3367 a
691 3339 764 3368 me
799 3329 844 3368 in
877 3327 1075 3380 reliquiis

194 3390 302 3430 Cod.
322 3389 652 3439 Einsiedlensis,
674 3389 755 3430 sed
771 3389 959 3429 fortasse
979 3392 1076 3430 orta

195 3463 248 3492 ex
269 3463 394 3493 mero
416 3464 568 3493 errore
587 3452 777 3492 duorum
797 3450 936 3491 Codd.
957 3451 1076 3503 apud

196 3515 388 3557 eundem
423 3515 491 3567 (ad
520 3515 658 3557 Persii
689 3515 776 3555 Sat.
801 3516 830 3555 Ι.
854 3525 896 3566 p.
919 3513 999 3564 8.),
1031 3515 1075 3554 in

1147 1199 1294 1236 terum
1312 1197 1367 1235 de
1384 1209 1423 1235 v.
1447 1197 1678 1235 introrsum
1697 1195 1924 1235 interdum
1942 1193 2033 1233 fere

1146 1259 1425 1309 homonymo
1458 1269 1562 1297 cum
1582 1269 1623 1296 v.
1649 1259 1760 1296 intus
1781 1257 1837 1296 cf.
1863 1258 1892 1296 F
1897 1254 2037 1295 orcel-

1145 1319 1298 1360 linum.
1325 1343 1368 1348 ——
1393 1320 1570 1372 turpem]
1590 1321 1784 1360 maxime
1807 1318 1864 1359 ob
1888 1317 2036 1369 gulam

1146 1395 1198 1423 ac
1237 1383 1445 1423 libidines
1477 1394 1681 1424 arcanas.
1718 1405 1765 1411 —
1808 1382 2038 1432 speciosum

1142 1447 1247 1497 pelle
1292 1446 1473 1498 decora]
1523 1445 1647 1486 Conf.
1693 1447 1815 1485 Pers.
1853 1443 1907 1492 4,
1953 1442 2033 1483 44:

1144 1521 1309 1549 summa
1338 1509 1598 1559 nequiquam
1620 1508 1727 1558 pelle
1758 1508 1947 1547 decorus.
1985 1529 2029 1534 —

1143 1574 1229 1612 Nec
1257 1573 1420 1623 furtum
1451 1571 1552 1622 cet]
1588 1573 1767 1621 «Neque
1799 1568 1917 1609 aliud
1936 1578 2039 1620 pro—

1145 1637 1263 1676 fecto
1296 1637 1383 1684 est,
1426 1636 1462 1675 si
1494 1635 1549 1674 ad
1579 1635 1673 1674 veri
1704 1634 1918 1673 trutinam
1949 1631 2038 1671 exi-

1146 1700 1274 1750 gatur
1318 1697 1463 1750 plebis
1502 1697 1558 1737 de
1588 1698 1683 1736 x‘iro
1715 1695 1785 1735 illo
1816 1695 1936 1735 bono
1967 1695 2038 1734 iu-

1147 1762 1312 1801 dicium
1330 1793 1338 1810 ,
1373 1772 1510 1812 quam
1526 1761 1561 1801 si
1580 1770 1738 1800 servus
1756 1757 1913 1808 aliquis
1934 1756 2036 1797 ideo

1146 1825 1291 1864 bonus
1323 1825 1366 1864 et
1397 1823 1509 1874 frugi
1550 1821 1709 1862 haberi
1737 1819 1866 1868 velit,
1914 1819 2035 1871 quod

1145 1887 1357 1927 immunis
1404 1886 1460 1926 sit
1497 1897 1521 1925 a
1561 1884 1676 1924 vitiis
1714 1894 1874 1923 severa
1904 1882 2037 1934 puni-

1145 1950 1265 1989 tione
1289 1949 1475 2000 dignis.»
1498 1968 1542 1975 —
1563 1946 1698 1987 Habes
1710 1944 1910 1996 pretium]
1936 1944 2036 1983 «Sa-

1145 2012 1199 2052 tis
1229 2014 1272 2051 te
1303 2022 1384 2063 pro
1416 2013 1508 2050 tam
1538 2007 1779 2062 praeclaris
1799 2005 2037 2046 x‘irtutibus

1145 2075 1425 2115 remunerari
1455 2073 1564 2114 mihi
1584 2072 1782 2113 videor.»
1806 2093 1851 2098 —-
1883 2067 2034 2119 ureris]

1145 2137 1285 2189 Epod.
1310 2137 1357 2187 4,
1391 2137 1437 2177 3:
1472 2136 1640 2176 Ibericts
1672 2137 1839 2184 peruste
1869 2131 2039 2184 funibus

1145 2201 1269 2239 latus,
1305 2222 1349 2228 ——
1392 2199 1436 2238 in
1466 2198 1601 2250 cruce]
1642 2197 1782 2236 servili
1815 2195 2032 2245 supplicio,

1146 2263 1280 2302 Tacit.
1306 2263 1414 2302 Hist.
1440 2260 1488 2310 4,
1515 2262 1580 2300 44.
1617 2259 1680 2299 Cf.
1707 2260 1795 2298 Sat.
1823 2259 1868 2306 4,
1893 2257 1938 2305 3,
1964 2257 2030 2296 82.

1144 2326 1185 2374 2,
1210 2325 1249 2372 7,
1275 2323 1342 2364 47.
1370 2344 1414 2351 -
1439 2323 1570 2374 fruyi]
1594 2318 1864 2378 χρήσιμος,
1889 2319 2031 2368 brav,

1146 2398 1260 2439 quae
1293 2396 1470 2426 summa
1503 2386 1598 2425 erat
1627 2384 1744 2424 servi
1774 2381 1884 2422 laus.
1933 2380 2030 2420 Vid.

1145 2450 1203 2489 ad
1232 2450 1320 2488 Sat.
1344 2449 1392 2497 2,
1426 2449 1475 2497 7,
1499 2447 1540 2487 3.
1567 2470 1611 2474 —
1643 2446 1793 2486 Renuit
1821 2455 1888 2497 pr.
1922 2445 2032 2483 nutu

1144 2514 1397 2561 recusante,
1421 2512 1581 2563 negitat
1600 2509 1767 2550 verbis.
1801 2507 2032 2550 Manifesto

1145 2578 1296 2616 autem
1331 2585 1491 2615 verum
1530 2575 1598 2614 est
1635 2573 1894 2623 neyitatque,
1943 2582 2031 2623 quo

1143 2638 1285 2679 verbo
1315 2639 1384 2679 usi
1415 2638 1518 2678 sunt
1547 2635 1748 2684 Plautus,
1781 2634 2029 2682 Lucretius,

1145 2701 1374 2743 Salustius.
1404 2724 1447 2730 —-
1481 2698 1681 2750 Sabellus]
1721 2708 1798 2749 «ac
1829 2695 1900 2736 vel
1930 2707 2033 2748 pro—

1144 2767 1302 2817 pterea
1331 2765 1467 2803 homo
1498 2760 1688 2812 simplex
1719 2763 1763 2800 et
1790 2771 1949 2809 verax,
1982 2761 2032 2799 ut

1145 2839 1226 2879 ego
1274 2837 1418 2867 sum.»
1477 2826 1548 2864 Sic
1578 2825 1729 2864 autem
1759 2834 1808 2863 se
1840 2820 2032 2875 appellat

1143 2891 1327 2943 propter
1370 2887 1607 2940 praedium
1638 2886 1852 2926 Sabinum
1880 2885 2029 2937 potius

1143 2955 1250 3005 puto
1296 2962 1431 3003 quam
1478 2949 1598 3003 quod
1649 2950 1791 3002 patria
1834 2947 2029 2988 Venusia

1143 3015 1246 3056 olim
1278 3026 1301 3054 a
1335 3012 1519 3054 Sabellis
1549 3012 1746 3053 habitata
1779 3012 1888 3051 erat.
1939 3009 2026 3050 Cfr.

1142 3080 1230 3119 Sat.
1257 3079 1273 3118 4
1296 3110 1304 3128 ,
1339 3078 1387 3126 9,
1423 3077 1491 3116 29.
1523 3077 1568 3126 2,
1595 3077 1610 3115 4
1635 3108 1642 3125 ,
1666 3075 1732 3115 36.
1768 3072 2028 3126 («Equidem

1142 3139 1367 3181 Sabellum
1411 3140 1546 3180 istum
1584 3139 1726 3189 magis
1757 3137 1813 3177 ad
1843 3135 2028 3176 Sabinos

1142 3214 1391 3254 eorumque
1440 3212 1627 3253 agrum,
1683 3201 1727 3239 in
1777 3209 1865 3250 quo
1914 3197 2027 3236 haec

1141 3266 1290 3305 omnia
1322 3266 1421 3306 acta
1458 3264 1707 3315 finguntur,
1751 3258 2025 3300 retulerim.»

1141 3328 1310 3378 OBBAR.)
1343 3326 1500 3367 Strabo
1523 3327 1562 3366 5.
1590 3325 1628 3376 S.
1656 3325 1721 3363 42.
1745 3334 1788 3374 p.
1812 3321 1907 3360 250.
1942 3320 2022 3359 Sa·-

1139 3391 1302 3430 mnites
1334 3401 1387 3429 ex
1416 3400 1523 3429 vere
1555 3397 1682 3427 sacro
1706 3397 1729 3424 a
1755 3382 1927 3423 Sabinis
1949 3391 2024 3420 or-

1140 3453 1208 3491 tos
1239 3451 1398 3492 tradit:
1436 3446 1566 3498 εἰκὸς
1586 3446 1637 3487 δὲ
1667 3443 1745 3487 διὰ
1774 3439 1920 3485 τοῦτο
1941 3443 2024 3484 καὶ

1138 3512 1414 3564 Σαβέλλους
1441 3507 1619 3561 αὐτοὺς
1640 3503 2023 3566 ὑποκοριστικῶς
