2231 3787
896 251 992 289 Lm.
1029 251 1076 288 ιι.
1139 251 1249 288 sir.
1287 251 1351 288 iv.
1945 250 2044 300 289

296 383 503 435 Picenis
546 381 742 435 cedunt
782 381 954 452 pomis
996 380 1232 433 Tiburtia
1272 397 1432 433 suco:
1980 383 2045 433 70

295 486 424 535 Nam
466 484 598 537 l'acie
642 491 926 554 praestant.
1008 481 1278 535 Venucula
1317 482 1561 535 convenii
1606 481 1746 533 ollis:

296 585 508 639 Rectius
550 584 807 637 Albanam
847 584 990 636 sumo
1032 583 1314 637 duraveris
1355 602 1527 636 uvam.

297 688 444 740 Hanc
483 704 584 757 ego
624 704 746 740 cum
787 685 960 748 malis,
1003 703 1104 756 ego
1144 686 1349 741 faecem
1390 686 1596 757 primus
1636 695 1688 739 et
1728 685 1885 741 allec.

299 788 509 842 Primus
550 797 602 842 et
641 788 884 842 invenior
920 788 1076 859 piper
1113 787 1295 842 album
1335 805 1458 842 cum
1497 786 1608 841 sale
1649 788 1800 858 nigro

301 892 569 944 lucretum
609 891 757 961 puris
799 891 1255 961 circumposuisse
1296 889 1500 944 catillis.
1987 893 2051 943 75}

302 995 538 1046 Immane
581 1001 663 1046 est
700 993 887 1046 vitium
926 991 1056 1046 dare
1095 991 1240 1045 milia
1280 1001 1427 1046 terna
1471 992 1694 1046 macello

336 1129 401 1167 ΤΟ.
436 1129 661 1179 Scriptura
692 1139 787 1167 suco
819 1130 888 1167 cst
919 1128 960 1166 in
991 1127 1092 1166 bSc.
1130 1148 1174 1154 —-
1208 1128 1274 1166 72¹.
1308 1128 1501 1167 cervicula
1531 1139 1754 1179 superscr.
1780 1140 1806 1168 u
1826 1129 1876 1177 b,
1910 1142 1998 1169 rer-

281 1192 434 1230 nucula
467 1202 512 1237 c,
546 1191 780 1230 vennuculci
810 1192 892 1230 LC.
930 1213 974 1217 ——
1008 1189 1073 1228 73.
1106 1189 1222 1229 halec
1252 1190 1318 1229 FJ.
1383 1191 1445 1240 (th
1477 1201 1581 1238 nos,
1616 1189 1703 1230 bSc
1735 1193 1777 1230 et
1809 1193 1997 1232 Poltierii

284 1254 473 1303 omnes.)
510 1276 554 1282 —
589 1253 655 1294 74.
689 1254 828 1293 inveni
856 1252 937 1301 hs,
973 1253 1157 1291 inveniet·
1187 1253 1276 1302 (sic)
1309 1264 1347 1292 c.

230 1363 285 1403 ad
306 1363 527 1403 secundas
548 1374 728 1404 mensas
750 1364 986 1415 pertineat,
1019 1374 1108 1402 non

230 1425 387 1477 liquet;
421 1425 659 1477 utrobique
692 1429 864 1474 autem,
900 1437 1013 1478 quae
1036 1426 1108 1466 hic

229 1491 558 1538 memorantur,
600 1488 656 1528 ad
688 1488 967 1529 excitandam
999 1499 1109 1528 con-

229 1552 397 1591 tinuam
441 1553 558 1592 sitim
608 1552 826 1593 destinata
871 1553 1010 1591 erant.
1061 1574 1105 1580 —

226 1614 398 1666 faecem]
433 1614 684 1666 «liquamen
706 1617 749 1654 et
774 1614 1110 1654 condimentum

230 1689 285 1718 ex
313 1678 402 1717 vini
433 1677 554 1717 faece
578 1680 827 1729 paratum.»
876 1677 939 1717 Cf.
959 1679 1047 1717 Sat.
1067 1678 1106 1726 ¹02,

230 1740 276 1788 8,
323 1740 371 1779 9:
421 1741 588 1791 faecula
632 1741 730 1781 Coa.
779 1763 823 1769 —-
859 1741 1111 1790 primus--

230 1802 405 1854 Primus]
440 1802 526 1842 Csr.
549 1815 591 1843 V.
617 1803 683 1844 46.
719 1805 762 1844 et
792 1804 1029 1855 Hegesippi
1059 1802 1112 1842 il-

231 1864 305 1904 lud
335 1865 453 1916 apud
485 1866 644 1906 Athen.
668 1867 716 1915 7,
751 1866 830 1906 36:
877 1862 932 1906 τὸ
966 1867 1111 1923 ,τέρας

229 1923 316 1979 τῆς
346 1927 651 1985 μαγειρικῆς,
693 1926 841 1987 Σύρε,
887 1924 1112 1985 Εὗρημέ-

231 2001 315 2029 νον
346 1989 519 2031 εἰδέναι
549 1988 711 2045 νόμιζε
739 1990 896 2045 μόνον
926 1992 1025 2045 ἐμὲ.
1064 2015 1107 2021 —-

230 2052 346 2104 allec]
380 2054 588 2094 Cczviar.
650 2055 757 2096 Plin.
782 2056 834 2095 H.
867 2056 917 2095 N.
951 2056 1026 2103 31,
1060 2055 1107 2094 8;

236 2115 388 2154 Vitium
415 2116 537 2155 huius
570 2118 687 2168 (gari)
720 2122 777 2158 esi
807 2117 928 2167 aleae,
961 2118 1114 2168 imper—

229 2178 338 2227 fecta
376 2189 448 2217 nec
481 2180 621 2219 colaia
661 2181 776 2231 faex.
814 2204 838 2210 -
872 2203 896 2209 —
933 2181 1114 2220 Transiit

231 2242 376 2280 deinde
404 2242 446 2281 in
476 2243 698 2283 luxuriam
726 2249 1027 2293 creveruntque
1046 2256 1116 2295 qe-

232 2315 337 2344 nera
368 2306 424 2343 ad
452 2305 673 2356 infinitum.
706 2329 729 2336 -
748 2329 772 2335 -
792 2307 861 2346 Sic
890 2307 988 2346 alea)
1010 2318 1114 2356 per-

230 2367 341 2405 venit
381 2368 436 2405 ad
474 2372 654 2416 ostreas,
700 2369 881 2418 echinos,
928 2371 1111 2419 urticas,

232 2423 492 2479 cammdms,
539 2431 765 2471 'muliorum
794 2432 1000 2482 iecinora,
1046 2434 1115 2471 in-

232 2493 500 2541 numerisque
546 2494 765 2544 {senet-ibus
812 2496 868 2534 acl
923 2507 1115 2545 saporem

232 2555 357 2606 gulae
385 2557 517 2606 coepit
549 2557 614 2595 sal
651 2557 868 2597 tabescere.
929 2558 1115 2598 Videtur

235 2620 442 2657 nontam
475 2618 649 2669 dicere,
697 2630 745 2659 se
786 2620 983 2671 primum
1023 2620 1116 2660 fae-

234 2689 335 2718 cem
366 2682 410 2719 et
447 2679 556 2721 allec
586 2682 830 2733 separatim
861 2680 1042 2733 singulis
1072 2683 1115 2721 in

235 2740 387 2782 catillis
418 2745 679 2794 apposuisse
711 2745 932 2794 convivis,
981 2757 1116 2797 quam

235 2814 283 2844 se
315 2803 424 2844 allec
464 2805 634 2846 faecula
666 2808 847 2848 condire
879 2807 1112 2858 docuisse,

235 2868 418 2917 propter
454 2869 673 2910 rationem
717 2871 806 2910 iam
850 2870 1113 2919 indicatam,

236 2930 286 2967 ut
315 2928 615 2971 diversissima
649 2944 854 2984 quaeque
882 2935 1116 2974 coniuncta

238 2988 384 3040 gulam
432 2993 570 3043 magis
615 2995 852 3035 irritarent.
919 2998 1030 3036 Nam
1074 2998 1117 3036 et

238 3052 409 3092 faecem
447 3055 490 3092 et
533 3053 642 3095 allec
683 3058 847 3097 Romae
886 3059 974 3098 iam
1013 3059 1114 3098 ante

239 3115 412 3154 Catium
450 3119 549 3156 nota
592 3117 726 3158 fuisse
764 3124 1116 3162 consentaneum

239 3179 326 3224 est,
361 3189 443 3217 nec
472 3179 716 3230 quidquam
743 3182 858 3222 inest
886 3185 930 3223 in
952 3185 1116 3224 Horatii

239 3238 411 3288 verbis,
461 3241 581 3291 quod
627 3253 707 3281 nos
752 3254 854 3284 cum
897 3245 1115 3285 Koehlero

239 3297 446 3358 Τάριχος
491 3315 533 3354 p.
572 3303 666 3344 462.
701 3308 829 3355 cogat
874 3306 1115 3358 intelligere

240 3361 294 3402 de
320 3362 457 3404 allece
489 3377 576 3405 nou
606 3365 790 3416 volgari,
827 3368 907 3407 sed
938 3379 1118 3420 compo-

241 3425 322 3464 sito
343 3424 414 3465 illo
436 3429 479 3465 et
501 3427 737 3476 artificiali,
785 3428 840 3468 de
864 3439 954 3477 quo
978 3430 1117 3470 Sene—

243 3495 292 3524 ca
321 3487 454 3538 Epist.
479 3489 554 3528 95:
586 3491 690 3530 iliud
709 3491 927 3531 Sociorum
945 3504 1115 3543 garum,

385 3563 534 3600 Horum
565 3576 652 3603 τοι.
681 3568 723 3603 ll.
779 3578 841 3603 Ευ.
871 3578 953 3603 MM.
984 3568 1043 3603 ΙΙΙ.

1168 1363 1399 1412 pretiosam
1426 1363 1638 1403 maiorum
1661 1365 1842 1414 piscium
1870 1366 2053 1408 saniem.

1172 1436 1256 1464 uon
1285 1426 1418 1465 credis
1446 1437 1570 1466 urere
1598 1427 1712 1466 salsa
1741 1427 1832 1466 tabe
1856 1439 2059 1477 praecor-

1174 1487 1285 1527 αἱαὶ)
1328 1512 1372 1516 —
1399 1489 1525 1538 piper
1568 1489 1721 1541 album]
1769 1489 1875 1530 Plin.
1914 1491 1964 1530 11.
2003 1492 2054 1530 N.

1175 1551 1251 1599 21⁵2,
1287 1551 1325 1590 7.
1359 1552 1585 1591 candidum
1604 1555 1735 1592 vocat
1755 1553 1965 1603 tertiusque
1987 1555 2058 1593 ni-

1173 1624 1281 1664 gro.
1320 1636 1365 1642 ——
1398 1614 1484 1653 sale
1522 1614 1659 1666 niyro]
1703 1616 1947 1667 Opponitur
1986 1617 2059 1656 Ti-

1175 1673 1288 1725 gellii
1333 1677 1412 1715 sali
1448 1688 1575 1726 puro.
1640 1678 1738 1728 (Sat.
1781 1679 1826 1727 l,
1875 1678 1923 1727 3,
1974 1678 2056 1730 44.)

1172 1736 1283 1777 Plin.
1320 1739 1370 1777 ll.
1404 1740 1453 1778 N.
1487 1739 1562 1788 3¹1,
1606 1740 1652 1788 7,
1692 1739 1768 1780 40:
1818 1741 2062 1791 Quicunque

1174 1799 1286 1850 liquo
1316 1802 1439 1852 confit
1467 1802 1550 1850 sal,
1584 1803 1705 1853 uisset·
1734 1807 1804 1843 esi.
1841 1825 1888 1831 —
1916 1804 2062 1843 Incre-

1174 1863 1275 1914 tum]
1310 1875 1417 1914 «per
1445 1863 1768 1905 incerniculum
1800 1877 1834 1906 s.
1861 1865 2061 1906 cribrum

1175 1926 1483 1977 inspersum.»
1573 1926 1653 1968 Alii
1714 1929 2063 1980 interpretantur

1178 1989 1324 2028 «haud
1370 1991 1585 2030 cretum.»
1647 1992 1859 2031 Ceterum
1903 2003 2061 2033 omnes

1175 2063 1217 2091 V.
1260 2053 1464 2092 incretum
1507 2053 1676 2093 ducunt
1715 2065 1738 2094 a
1778 2065 1820 2094 v.
1863 2066 2058 2104 cernere,

1176 2117 1357 2165 praeter
1386 2117 1679 2165 Duntzerum,
1730 2118 1855 2157 cuius
1897 2117 2058 2166 verba,

1178 2188 1232 2216 ne
1294 2177 1542 2218 calumniae
1602 2180 1884 2229 incusemur,
1948 2181 2061 2220 haec

1178 2241 1308 2279 sunt:
1345 2242 1511 2280 «Dieses
1540 2242 1736 2282 incretus
1765 2244 1818 2282 ist
1846 2244 1957 2283 nicht
1981 2256 2061 2283 von

1178 2302 1383 2351 incerno,
1416 2305 1594 2343 sondern
1622 2317 1703 2344 von
1733 2306 1935 2346 incresco
1965 2308 2063 2346 her-

1178 2363 1352 2403 :uleicen
1391 2367 1478 2404 und
1515 2366 1636 2405 heisst
1674 2368 1874 2407 clemnach
1904 2371 2062 2419 εἰρωτε-

1178 2425 1256 2465 lich
1302 2427 1380 2465 wie
1427 2428 1779 2478 einyewaclisen.»
1829 2454 1874 2459 —
1914 2433 2057 2484 puris]

1181 2487 1399 2540 «ideoque
1445 2489 1709 2541 elegantiam
1749 2495 1873 2544 grato
1914 2497 2061 2546 sapori

1180 2550 1491 2592 addentibus.»
1513 2576 1558 2581 —
1578 2555 1934 2609 circumposuisse]
1955 2559 2062 2597 «cir-

1181 2624 1284 2654 cum
1328 2626 1532 2656 mensam
1576 2618 1815 2661 rotundam
1861 2621 2061 2660 convivis

1180 2678 1464 2728 apposuisse,
1497 2678 1565 2719 vel
1597 2680 1777 2731 singulis
1801 2680 1871 2721 vel
1892 2681 2060 2731 binis,»

1181 2741 1229 2778 ut
1272 2743 1393 2780 certe
1435 2743 1502 2782 est
1545 2742 1662 2794 apud
1706 2744 1885 2784 Lucian.
1920 2746 2057 2785 Conv.

1181 2801 1260 2842 38:
1300 2798 1556 2860 προῦκειτο
1585 2803 1636 2845 δὲ
1666 2801 1758 2854 οὐχ
1789 2803 1841 2846 ἓν
1871 2804 2060 2862 ἑκάστῳ

1181 2863 1424 2917 πινάκιον,
1471 2863 1572 2908 ἀλλ’
1601 2864 1926 2927 Ἀρισταινέτῳ
1969 2871 2059 2924 μὲν

1180 2929 1261 2969 καὶ
1304 2925 1519 3000 Ἐὐκρίτῳ
1549 2930 1625 2973 ἐπὶ
1668 2931 1784 2985 μιᾶς
1826 2937 2057 2991 τραπέζης

1180 3004 1361 3032 κοινον.

1235 3119 1382 3159 76-80.
1411 3121 1529 3160 «Non
1551 3121 1594 3161 in
1617 3121 1725 3161 cibis
1748 3123 1920 3162 tantum
1941 3132 2062 3162 sum-

1179 3182 1282 3231 ptus
1312 3182 1561 3231 faciendus,
1596 3184 1677 3224 sed
1698 3185 1774 3224 toti
1797 3195 1964 3224 coenae
1986 3195 2062 3234 ap-

1179 3245 1351 3293 paratui
1397 3256 1502 3285 cura
1548 3246 1844 3287 adhibenda.»
1878 3268 1926 3274 —-
1959 3247 2062 3284 dare

1178 3307 1297 3346 milia
1340 3310 1485 3358 terna]
1531 3309 1600 3348 «in
1645 3309 1812 3360 singula
1859 3308 2059 3347 convivia

1179 3369 1441 3420 impendere
1465 3371 1546 3410 tria
1566 3369 1683 3410 milia
1705 3380 1954 3418 nummum,
1979 3369 2062 3407 cir-

1183 3432 1292 3470 citer
1322 3433 1400 3471 600
1431 3433 1584 3473 Franc.
1618 3431 1751 3472 Gall.»
1789 3455 1832 3459 —
1872 3430 2058 3481 macello]

1180 3494 1223 3533 in
1255 3493 1349 3533 foro
1388 3494 1592 3544 piscario.
1648 3493 1710 3532 Cf.
1751 3494 1859 3544 Epp.
1900 3494 1947 3541 4,
1984 3494 2055 3542 15,

1710 3573 1748 3605 19
