2231 3787
805 267 899 305 Llss.
936 267 982 305 [Ι.

200 395 369 447 Fortis
410 395 692 448 Alexandri
736 396 933 449 voltum
973 396 1291 449 simulantia.

1048 266 1206 306 l-IPIST.
1243 268 1270 305 Ι.

1855 267 1955 318 637

1369 398 1575 461 Quodsi

198 495 458 549 Iudicium
499 497 693 551 subtile
735 498 979 551 videndis
1018 498 1221 551 artibus
1262 497 1387 551 illud

196 597 272 649 Ad
314 597 480 651 libros
520 609 572 652 et
611 599 678 652 ad
719 600 853 654 haec
892 601 1164 653 Musarum
1204 599 1344 653 dona
1386 618 1636 664 vocares,

194 698 456 753 Boeotum
498 701 546 752 in
588 718 773 755 crasso
814 703 1023 755 iurares
1065 708 1190 756 acre
1230 711 1427 756 natum.

193 804 254 854 At
292 819 471 873 neque
512 802 845 856 dedecorant
883 812 973 856 tua
1014 804 1081 857 de
1124 821 1182 857 se
1223 804 1422 858 iudicia
1467 815 1628 877 atque
1847 808 1949 859 ⁶245

193 903 440 965 Munera,
483 921 624 975 quae
669 904 835 957 multa
873 904 1048 958 dantis
1088 923 1211 958 cum
1250 905 1410 960 laude
1451 907 1686 961 tulerunt

192 1005 380 1059 Dilecti
422 1005 512 1058 tibi
553 1004 800 1076 Virgilius
840 1006 1141 1077 Variusque
1181 1014 1402 1077 poetae,

227 1171 322 1212 245.
355 1172 412 1211 Ac
441 1173 612 1224 primus
642 1172 868 1212 Schmidii.
921 1196 964 1201 —
1013 1172 1107 1213 ⁶247.
1158 1174 1357 1225 Vergilius
1397 1178 1517 1215 recte
1549 1175 1576 1214 b
1610 1178 1650 1215 et
1684 1177 1893 1217 Sclnnidii

173 1235 356 1286 primus.
398 1258 434 1263 —
478 1236 693 1285 Varusque
722 1234 782 1274 bd
816 1237 859 1274 et
890 1246 1045 1276 omnes
1078 1236 1302 1276 Schmidii.

117 1376 165 1414 N.
204 1375 429 1415 ⁴57-467.
464 1398 506 1403 —
551 1376 716 1415 duceret
745 1375 863 1428 aera]
894 1387 996 1427 pro:
1066 1377 1136 1416 Or.
1167 1377 1231 1416 40.
1264 1388 1307 1428 p.
1332 1377 1426 1417 306.
1451 1379 1524 1418 R.:
1558 1375 1673 1428 τοὺς
1703 1377 1949 1430 Βοιωτοὺς

118 1436 330 1477 «duceret
375 1448 427 1477 ex
473 1448 576 1477 aere
622 1437 856 1478 Alexandri
903 1438 999 1477 effi—

116 1500 276 1550 giem.»
322 1502 433 1540 Nam
463 1500 507 1539 in
539 1501 699 1541 ceteris
729 1499 836 1541 locis
858 1500 934 1540 ubi
955 1511 996 1539 v.

115 1563 263 1602 ducere
306 1573 387 1614 pro
436 1562 684 1610 «formare,
751 1563 997 1614 effingere»

113 1627 354 1676 usurpatur
392 1625 522 1676 (Virg.
557 1629 666 1665 Aen.
698 1627 744 1675 7,
774 1624 878 1665 634:
919 1624 1001 1664 Aut

113 1687 218 1727 leves
233 1699 378 1727 ocreas
394 1688 501 1728 lento
514 1689 669 1727 ducunt
681 1692 870 1739 arqento.
889 1688 1001 1728 Mar-

114 1748 201 1790 tial.
228 1750 277 1800 3,
308 1749 353 1791 4¹1
375 1762 382 1789 :
416 1752 578 1791 Inserta
602 1752 772 1801 phialae
799 1751 1001 1791 Mentoris

111 1824 243 1852 manu
278 1814 404 1853 ducta
442 1814 632 1854 Lacerta.
640 1814 674 1866 ),
708 1812 814 1854 illud
846 1815 1005 1853 tamen·

113 1876 355 1916 discrimen
385 1878 610 1926 servatur,
645 1878 693 1916 ut
711 1877 853 1927 forma
872 1877 1000 1915 duea-

112 1941 182 1976 tur
211 1949 265 1977 eac
294 1942 494 1990 arqento,
541 1950 638 1978 aere
668 1940 772 1987 cet.,
806 1949 917 1988 non,
950 1940 998 1978 ut

113 2000 183 2039 hic
200 2032 208 2050 ,
241 2001 423 2040 ducatur
440 2001 533 2051 ipsa
551 2003 733 2041 materia
752 2002 795 2041 in
813 2002 998 2052 formam

112 2063 322 2113 aliquam
356 2075 440 2103 nec
469 2066 618 2104 tamen
655 2067 893 2117 propterea
927 2076 998 2103 cu-

113 2127 224 2165 deret
253 2126 560 2178 recipiendum
599 2128 688 2175 est,
736 2138 824 2178 quo
854 2125 995 2165 verbo

113 2188 168 2228 de
213 2190 357 2228 aereis
398 2190 554 2229 statuis
590 2188 832 2239 (nunquam
867 2201 996 2237 σφυ-

111 2248 362 2308 ρηλάτοις,
395 2251 476 2291 sed
506 2261 687 2302 semper
716 2250 995 2302 χωνευταϊς)

111 2314 175 2353 uti
196 2314 376 2354 omnino
398 2324 487 2353 non
507 2314 683 2365 poterat
704 2313 923 2354 Horatius.
946 2336 991 2341 —

113 2378 249 2417 Fortis
288 2377 535 2429 Alexandri]
585 2376 727 2416 «cuius
763 2387 940 2427 regnum
969 2387 997 2416 a

115 2440 316 2479 Thraciae
345 2440 499 2491 anyulo
522 2442 766 2489 porrectum
793 2442 850 2478 est
868 2448 997 2487 usque

113 2503 168 2542 ad
197 2503 293 2542 litus
319 2502 519 2553 incoyniti
537 2501 714 2541 maris»
747 2502 916 2541 Seneca
939 2500 995 2540 de

111 2564 262 2605 Benef.
287 2565 329 2612 5,
351 2564 391 2613 6,
417 2564 454 2603 ’1.
484 2587 528 2591 -
552 2562 810 2614 simulantia]
835 2574 995 2602 «accu-

113 2629 206 2667 rate
239 2626 575 2678 exprimentia‚»
607 2627 655 2665 ut
673 2627 722 2665 A.
748 2627 794 2665 P.
821 2625 896 2664 49:
920 2637 996 2664 cu-

107 2701 337 2741 pressum-
354 2688 566 2728 simulare.
593 2711 638 2716 —
670 2687 856 2726 videndis
887 2688 997 2727 arti-

113 2752 197 2804 bus]
232 2752 307 2791 «in
338 2750 631 2790 diiudicandis
662 2750 824 2789 artium
855 2750 998 2802 operi-

112 2814 197 2854 bus
215 2845 224 2863 ,
252 2815 403 2853 utrum
423 2811 622 2864 perfecta
644 2812 731 2852 sint
751 2811 995 2863 artifexque

113 2877 333 2928 speciem,
367 2886 503 2927 quam
532 2876 682 2915 mente
710 2876 993 2927 conceperat,

114 2939 305 2990 attigerit
325 2949 513 2978 necne.»
541 2960 585 2965 —-
607 2937 828 2987 Boeotum]
859 2938 992 2988 genit.

113 3000 247 3053 plur.,
280 3011 390 3049 non,
414 3002 463 3039 ut
479 2998 632 3038 volunt
659 3000 831 3039 Comm.
858 3000 992 3051 Cruq.

114 3065 160 3103 et
188 3061 450 3109 Lambinus,
499 3072 646 3101 accus.
681 3062 792 3112 sing.
825 3062 914 3102 Cic.
939 3062 994 3102 de

114 3126 218 3165 Fato
239 3124 279 3174 4,
311 3125 356 3163 7:
389 3122 554 3162 Athenis
583 3126 702 3162 tenue
729 3123 910 3173 caelum,
942 3135 996 3164 εει)

116 3198 196 3236 quo
227 3187 436 3226 acutiores
465 3185 592 3225 etiam
613 3189 824 3234 putantur
841 3186 966 3225 Attici
979 3197 994 3234 ,·

115 3261 302 3290 crassum
331 3248 487 3296 Thebis,
519 3248 661 3296 itaque
689 3247 866 3297 pinques
895 3248 996 3286 The-

116 3312 214 3351 bani
243 3316 280 3352 et
297 3311 491 3350 valenles.
527 3310 658 3349 Corn.
682 3310 832 3360 Nepos
852 3307 992 3349 Alcib.

118 3375 184 3412 44:
209 3374 355 3413 Omnes
368 3371 527 3413 Boeotii
545 3370 682 3422 magis
697 3370 890 3422 firmitati
906 3381 997 3409 cor-

114 3437 230 3485 poris
265 3447 391 3485 quam
432 3435 588 3486 inqenii
633 3433 818 3473 acumini
860 3433 996 3472 inser-

59 3525 65 3531 .
117 3497 246 3537 viunt.
300 3497 362 3537 Cf.
386 3498 542 3549 Epam.
566 3497 612 3545 5,
644 3496 682 3535 ⁶2.
731 3495 810 3534 Dio
834 3493 992 3544 Chrys.

1066 1462 1089 1469 -
1106 1463 1129 1468 -
1151 1433 1422 1496 ἀνθρώπιον
1451 1435 1839 1492 ἀμαθεστάτους.

1120 1500 1323 1541 245-24-9.
1369 1502 1421 1541 At
1450 1514 1580 1552 neque
1600 1502 1702 1554 cet]
1737 1505 1823 1544 «Tu
1846 1516 1948 1545 con-

1064 1565 1129 1602 tra
1188 1564 1498 1604 tantummodo
1555 1567 1947 1616 praestantissimis

1062 1627 1204 1677 poetis
1250 1627 1413 1666 faves.»
1471 1628 1649 1668 Sueton.
1683 1630 1831 1669 octav.
1863 1631 1942 1671 89:

1061 1688 1235 1740 Ingenia
1263 1689 1387 1728 seculi
1417 1690 1482 1728 sui
1512 1690 1700 1729 omnibus
1726 1692 1860 1731 modis
1885 1693 1947 1743 fo-

1060 1751 1133 1789 vit.
1181 1752 1411 1790 Itecitantes
1441 1755 1477 1790 et
1507 1751 1678 1803 benigne
1714 1757 1750 1792 et
1774 1755 1947 1802 patien-

1063 1817 1126 1852 ter
1155 1814 1339 1862 audivit,
1388 1824 1460 1853 nec
1494 1817 1658 1853 tantum
1687 1816 1881 1854 carmina
1909 1821 1946 1856 et

1061 1876 1258 1915 historias
1287 1877 1355 1915 sed
1383 1880 1421 1915 et
1450 1876 1660 1916 orationes
1685 1882 1722 1917 et
1741 1878 1941 1930 dialogos.

1063 1938 1261 1989 Componi
1291 1943 1429 1978 tamen
1460 1940 1622 1989 aliquid
1656 1941 1703 1980 cle
1731 1951 1773 1980 se
1799 1942 1881 1980 nisi
1909 1945 1945 1980 et

1060 2002 1167 2041 serio
1197 2006 1234 2041 et
1263 2013 1290 2040 a
1313 2003 1687 2052 praestantissimis
1716 2004 1946 2054 offendeba-

1060 2068 1143 2103 tur.
1194 2065 1327 2104 Recte
1359 2064 1629 2105 Lambinus:
1665 2077 1778 2105 «non
1809 2066 1945 2107 dede-

1062 2128 1217 2166 corant
1246 2128 1321 2166 tua
1349 2127 1404 2166 de
1426 2138 1473 2167 se
1495 2127 1671 2177 iudicia,
1697 2129 1813 2178 quia,
1838 2140 1946 2179 qua-

1060 2187 1124 2229 les
1171 2199 1247 2228 eos
1295 2199 1395 2228 esse
1441 2188 1667 2236 iudicasti,
1715 2188 1825 2230 tales
1866 2201 1944 2230 eos

1063 2262 1162 2292 esse
1208 2251 1486 2291 consuetudo
1529 2252 1645 2291 vitae
1691 2254 1734 2291 et
1773 2251 1868 2292 dies
1901 2255 1944 2292 et

1062 2325 1218 2354 eorum
1249 2314 1411 2366 scripta
1443 2313 1815 2366 comprobarunt,
1862 2326 1943 2355 ne—

1062 2388 1148 2428 que
1194 2376 1328 2416 iidem
1372 2387 1582 2426 munera,
1631 2387 1746 2428 quae
1787 2375 1941 2416 abste

1061 2441 1353 2491 acceperunt,
1379 2438 1674 2488 dedecorant,
1700 2439 1802 2490 quia
1824 2439 1942 2490 apud

1061 2503 1216 2554 dignos
1248 2504 1350 2542 sunt
1381 2501 1637 2542 collocata.»
1669 2526 1712 2530 —
1744 2503 1939 2554 Munera]

1061 2567 1156 2606 Non
1176 2565 1337 2616 liquet,
1371 2566 1521 2604 utrum
1542 2575 1701 2604 verum
1723 2565 1800 2614 sit,
1833 2576 1941 2605 nec-

1061 2639 1140 2678 ne,
1172 2627 1278 2668 illud
1309 2627 1428 2678 quod
1459 2627 1591 2667 tradit
1620 2628 1792 2667 Comm.
1829 2628 1942 2668 Cru-

1061 2692 1178 2742 quii:
1214 2691 1349 2739 «Quia
1380 2691 1467 2729 iam
1498 2690 1566 2729 his
1596 2688 1776 2739 singulis
1807 2689 1942 2729 dona-

1059 2755 1186 2795 verat
1214 2754 1437 2803 Augustus
1459 2751 1610 2792 decies
1638 2753 1938 2793 sestertium.»

1076 2840 1108 2846 —
1132 2816 1267 2855 multa
1285 2815 1423 2854 dantis
1442 2825 1537 2854 cum
1556 2814 1692 2866 laude]
1723 2815 1806 2855 «ita
1828 2815 1940 2856 dan-

1061 2881 1136 2929 tis,
1169 2880 1218 2918 ut
1237 2877 1293 2917 ab
1317 2876 1525 2917 omnibus
1546 2875 1710 2928 Virgilii
1729 2878 1938 2930 Variique

1061 2942 1216 2993 aequis
1256 2939 1616 2980 aestimatoribus
1653 2942 1813 2981 merito
1843 2939 1941 2981 lau-

1060 3005 1238 3052 dere;»
1290 3003 1413 3050 sive,
1464 3004 1513 3041 ut
1559 3001 1800 3042 Lambinus
1849 3004 1936 3043 ait:

1061 3083 1080 3102 «
1093 3066 1230 3108 multa
1260 3067 1334 3105 tua
1357 3076 1460 3105 cum
1480 3063 1611 3105 laude
1632 3077 1640 3113 ;
1674 3064 1941 3106 munificen-

1058 3131 1117 3170 tia
1148 3129 1267 3169 enim
1297 3129 1341 3167 et
1369 3126 1667 3167 beneficentia
1697 3126 1814 3166 bene
1847 3126 1938 3166 col—

1058 3190 1221 3239 locata,
1268 3188 1510 3229 honorifica
1555 3191 1600 3228 et
1642 3187 1830 3239 gloriosa
1872 3191 1938 3228 est

1057 3252 1293 3304 largitori.»
1356 3252 1442 3292 Cfr.
1484 3251 1642 3291 Iacobs
1676 3252 1811 3290 Lectt.
1850 3250 1938 3289 Ve-

1058 3326 1158 3356 nus.
1192 3327 1235 3367 p.
1261 3314 1355 3355 446.
1383 3336 1427 3341 --
1465 3313 1660 3365 Virqilius
1693 3311 1934 3364 Variusque]

1058 3376 1261 3428 Virgilius
1290 3377 1494 3416 mortuus
1525 3377 1593 3415 est
1623 3386 1660 3413 a.
1694 3385 1737 3412 u.
1772 3385 1809 3413 c.
1838 3373 1932 3414 735.

1061 3430 1288 3479 et'Varius
1329 3439 1435 3478 item
1476 3436 1654 3476 videtur
1690 3437 1791 3475 ante
1821 3435 1935 3476 hanc

1059 3500 1301 3553 Epistolam
1332 3500 1622 3552 compositam
1647 3499 1839 3538 mortem
1861 3497 1938 3538 ob-
