2231 3787
230 237 298 288 36

229 370 338 422 Nec
377 367 546 438 magis
584 365 708 420 huic
749 366 886 419 inter
923 366 1109 419 niveos
1150 364 1461 434 viridesque
1502 361 1711 433 lapillos
1751 394 1820 401 -

865 235 1080 275 ΗΟΒΑΤΙΙ
1112 234 1415 276 SATIRARUM

1982 364 2050 414 80

229 470 306 523 Sit
332 468 456 523 licet
480 467 609 531 hoo,
653 467 928 531 Cerintho,
971 477 1122 521 tuum
1141 474 1478 520 —tenerum
1506 472 1588 519 est
1613 464 1785 518 femur
1811 471 1901 516 aut
1928 481 2052 518 crus

229 571 470 633 Rectius,
514 579 674 642 atque
715 570 875 623 etiam
918 568 1110 623 melius
1150 585 1421 640 persaepe
1463 574 1674 638 togatae
1715 574 1811 620 est.

226 673 378 727 Adde
416 672 546 731 11110,
589 671 737 743 quod
774 688 1012 726 mercem
1052 671 1168 724 sine
1208 670 1343 723 sucis
1384 677 1578 740 gestat,
1622 676 1807 740 aperte

226 775 383 841 Quod
421 774 611 828 venale
651 773 814 828 habet
851 772 1109 835 ostendit,
1153 789 1278 834 nec,
1323 772 1363 824 si
1407 770 1538 842 quid
1576 769 1786 824 honesti
1838 779 1944 834 est,

334 896 399 935 80.
449 896 587 934 niz-eos
624 895 732 933 inter
762 906 814 942 φ.
852 916 895 920 -
939 892 1111 941 capillos
1138 903 1180 943 p.
1221 914 1265 919 —
1300 891 1366 929 811.
1403 891 1465 929 Sit
1509 890 1600 929 licet
1643 889 1740 939 hoc,
1788 890 1996 941 Cerintho,

280 962 398 996 tuum
426 956 609 1007 BbScdp
643 957 686 995 et
714 954 915 1006 plerique
946 954 1163 1002 Pottierii,
1203 954 1312 993 LCt:
1346 953 1410 992 Sit
1440 953 1552 1002 licet,
1586 965 1608 992 0
1641 953 1850 1003 Cerinthe,
1883 957 2001 993 tuum

280 1020 329 1068 F,
363 1020 425 1058 Scit
455 1019 568 1067 licet,
603 1030 625 1057 0
657 1018 866 1067 Cerinthe,
906 1021 975 1056 tuo
1006 1029 1030 1056 e
1063 1016 1202 1056 Codd.
1239 1016 1279 1068 (o
1311 1017 1500 1056 Cerinthe
1530 1015 1621 1056 duo
1655 1017 1858 1067 Cruquii,
1898 1017 2001 1056 toti-

280 1082 384 1122 dem
423 1082 684 1121 Bersmanni
728 1083 772 1120 et
800 1094 852 1129 κ,
894 1084 963 1119 tuo
993 1093 1031 1128 ι,
1076 1079 1269 1119 Turnebi
1310 1082 1353 1119 et
1390 1079 1589 1119 Lambini
1627 1078 1794 1131 aliquot
1831 1081 1876 1119 et
1912 1079 2000 1119 duo

279 1145 504 1195 Pottierii.)
535 1143 759 1184 Bentleius
792 1146 835 1183 et
866 1144 920 1184 M.
960 1166 1003 1170 —
1038 1146 1094 1182 est
1124 1154 1211 1182 om.
1247 1153 1289 1194 p.
1329 1166 1373 1171 —
1407 1143 1496 1195 aut]
1537 1147 1575 1183 et
1614 1143 1640 1182 S
1673 1143 1775 1193 (non
1813 1141 1997 1194 Bbcdp).

282 1230 325 1235 —
370 1207 436 1246 82.
470 1211 528 1246 est
568 1217 654 1246 om.
688 1205 938 1257 de,LCtF.

1003 1204 1196 1256 (Addidit
1239 1203 1466 1245 Bentleius
1514 1216 1567 1244 ex
1611 1203 1847 1245 Blandiniis
1889 1206 2001 1244 Cru-

279 1270 482 1321 quianis.)
519 1293 563 1297 -
598 1269 664 1309 83.
706 1270 780 1308 hoc
811 1270 852 1309 S.
890 1292 934 1297 —
965 1268 1092 1320 fuscis
1121 1280 1164 1320 p.
1203 1291 1247 1296 -
1281 1268 1347 1309 84.
1381 1279 1512 1319 neque
1550 1267 1644 1320 bdp
1677 1271 1720 1308 et
1757 1267 1995 1308 Bentleius.

284 1355 327 1360 —
361 1333 416 1382 st,
452 1333 562 1381 quod
591 1333 803 1372 honestum
833 1332 1057 1382 Doeringii
1087 1342 1208 1383 susp.

226 1420 360 1470 atque
404 1419 447 1458 ln
492 1418 764 1458 carminibus
804 1430 936 1468 quare
973 1416 1103 1469 plane

225 1491 446 1532 nusquam
467 1480 523 1520 ab
543 1491 595 1520 eo
613 1480 780 1520 dictum
803 1483 912 1521 est.»
963 1481 1104 1520 HAUPT

224 1542 351 1583 Obss.
388 1544 499 1583 critt.
533 1554 577 1594 p.
613 1544 677 1582 42.
713 1554 780 1594 sq.

277 1605 344 1645 80.
369 1605 434 1646 84.
470 1607 612 1645 Locus
635 1605 915 1646 difficillimus
941 1606 1104 1657 partim

224 1669 407 1719 propter
442 1667 645 1708 lectionis
676 1668 958 1717 varietatem,
999 1679 1106 1721 par-

223 1730 301 1769 tim
322 1731 505 1781 propter
525 1730 868 1771 distinctionem.
902 1731 934 1770 E
962 1730 1101 1771 Codd.

225 1792 344 1831 enim
383 1792 627 1844 profertur:
670 1793 735 1832 Sit
772 1794 864 1833 licet
891 1794 986 1842 hoc,
1030 1793 1106 1833 Ce-

222 1854 381 1903 rintho,
415 1858 533 1894 tuum
557 1877 601 1883 —
625 1855 690 1895 Sit
708 1856 822 1905 licet,
857 1867 879 1895 0
901 1856 1104 1906 Cerinthe,

223 1920 342 1956 tuum
365 1938 409 1945 —
433 1917 496 1956 Sit
515 1918 607 1957 licet
634 1918 731 1968 hoc,
766 1919 974 1968 Cerintho,
1008 1923 1101 1967 tuo,

223 1977 385 2018 deinde
430 1979 691 2030 ambigitur,
738 1982 889 2020 utrum
931 1992 1002 2022 vv.
1044 1982 1108 2021 Sit

222 2042 315 2081 licet
354 2042 665 2092 coniungenda
703 2043 789 2083 sint
829 2054 933 2084 cum
972 2055 1107 2095 prae—

223 2103 372 2144 cedd.:
409 2103 567 2155 «degat
595 2103 699 2145 licet
727 2104 797 2144 illa
820 2108 1023 2146 matrona
1044 2107 1108 2146 in-

222 2169 291 2206 ter
326 2166 515 2206 uniones
559 2178 610 2207 ac
654 2168 976 2219 smaragdos;»
1024 2179 1102 2208 an:

223 2228 287 2268 Sit
329 2228 422 2268 licet
462 2228 555 2278 hoc,
608 2229 818 2279 Cerintho,
866 2235 982 2270 tuum
1026 2242 1107 2281 per

223 2289 524 2346 παρένθεσιν.
586 2292 678 2331 Iam
708 2291 942 2332 videamus
966 2292 1107 2344 expli-

225 2353 444 2392 cationes:
492 2353 528 2403 4)
563 2364 615 2392 ex
645 2353 829 2394 Bentleii
859 2356 1104 2395 sententia:

229 2416 345 2455 «Nec
375 2415 478 2454 huic
511 2416 788 2467 (matronae),
822 2415 923 2456 licet
955 2418 1010 2457 sit
1039 2418 1108 2458 in-

224 2478 293 2516 ter
322 2478 475 2517 niveos
505 2478 761 2529 viridesque
792 2478 982 2530 lapillos,
1017 2491 1110 2519 ma-

226 2539 289 2590 gis
319 2540 526 2578 tenerum
556 2539 702 2579 femur
722 2542 798 2580 aut
819 2552 920 2581 crus
941 2543 1108 2582 rectius

227 2603 296 2640 est
332 2602 407 2640 tuo
441 2603 589 2652 (quam
626 2602 781 2652 tuum),
816 2614 841 2642 0
874 2604 1105 2653 Cerinthe3

226 2664 316 2703 imo
360 2675 467 2703 vero
511 2675 730 2716 persaepe
772 2676 875 2706 crus
907 2665 1108 2706 femurve

226 2724 384 2766 melius
417 2728 485 2766 est
517 2728 691 2777 togatae
725 2738 858 2778 quam
889 2727 946 2767 illi
979 2727 1111 2769 stola-

229 2789 344 2827 tae.»
405 2788 499 2835 Qua
531 2790 681 2829 tamen
708 2789 749 2829 in
770 2790 940 2830 ratione
962 2791 1109 2830 minus

229 2850 330 2901 apta
362 2851 634 2902 comparatio
673 2851 847 2892 feminis
877 2854 1108 2893 matronae

231 2922 335 2952 cum
355 2911 654 2953 adolescentis
684 2913 847 2954 femine
868 2914 1009 2954 videri
1037 2914 1113 2955 de-

230 2973 330 3022 bet,
365 2984 511 3024 neque
532 2973 618 3013 ulla
649 2975 765 3015 inest
796 2976 934 3015 ironia
964 2977 1008 3016 in
1031 2977 1113 3016 Ce—

230 3035 450 3085 rinthum,
485 3036 566 3076 sed
596 3047 720 3077 mera
748 3038 842 3078 eius
862 3037 1112 3090 pulchritu—

232 3098 345 3138 dinis
362 3097 608 3147 admiratio,
630 3098 794 3150 elegiae
812 3100 958 3151 potius
976 3112 1112 3152 quam

232 3160 393 3200 satirae
426 3161 711 3202 conveniens.
764 3162 801 3212 Ξ)
834 3162 962 3201 Haud
996 3161 1113 3202 mul-

233 3222 329 3261 tum
359 3221 506 3262 differt
534 3222 592 3262 ad
626 3233 811 3263 sensum
845 3222 997 3263 lectio:
1044 3225 1113 3263 in-

234 3287 296 3323 ter
324 3295 509 3335 gemmas
537 3285 589 3324 sit
618 3283 729 3334 licet,
760 3285 834 3325 hoc
858 3285 1002 3336 (ideo),
1037 3286 1113 3327 Ce-

234 3346 391 3395 rintho,
433 3350 503 3386 tuo
532 3346 672 3397 magis
703 3348 909 3387 tenerum
940 3349 1005 3388 est
1046 3348 1114 3388 fe-

237 3418 338 3447 mur
369 3410 452 3449 cet.
499 3408 536 3459 3)
567 3410 616 3449 In
655 3410 781 3449 tertia
817 3409 1010 3461 denique
1046 3409 1113 3450 le-

238 3470 404 3520 ctione,
439 3472 510 3512 cui
541 3471 689 3513 favent
718 3471 856 3513 Codd.
882 3473 994 3522 mei,
1027 3474 1114 3525 pri-

1169 1427 1297 1456 mum
1335 1415 1538 1457 absolute
1578 1418 1805 1469 ponuntur
1843 1429 1916 1457 vv.
1949 1418 2059 1458 inter

1168 1479 1308 1519 niveos
1348 1479 1582 1528 viridesque
1629 1480 1813 1530 lapillos,
1866 1491 2052 1532 prorsus

1168 1542 1217 1581 ut
1245 1541 1366 1593 apud
1397 1541 1487 1582 Liv.
1521 1542 1570 1592 9,
1605 1543 1681 1582 47:
1726 1553 1846 1592 quem
1868 1564 1927 1571 --
1947 1543 2057 1582 inter

1164 1615 1408 1654 purpuram
1448 1609 1574 1655 atque
1612 1616 1786 1655 aarum,
1834 1610 2055 1646 oneratum

1167 1668 1366 1718 fortunae
1415 1667 1693 1717 apparatibus
1738 1679 1867 1717 suae,
1898 1690 1921 1697 -
1941 1690 1964 1697 -
1988 1668 2058 1707 in-

1168 1734 1364 1770 cruentas
1403 1730 1575 1778 deviem
1623 1731 1864 1782 iunguntur
1903 1731 2056 1770 autem

1167 1804 1238 1832 vv.
1281 1793 1345 1832 Sit
1384 1792 1476 1832 licet
1513 1793 1606 1842 hoc,
1656 1793 1865 1843 Cerinthe,
1909 1797 2052 1841 tuum;

1170 1855 1292 1906 quod
1321 1856 1396 1907 qui
1426 1855 1573 1896 adhuc
1604 1856 1904 1896 defenderunt
1931 1857 2053 1897 varIe

1168 1919 1447 1970 interpretati
1468 1920 1586 1959 sunt.
1623 1919 1883 1960 Lambinus:
1912 1920 2059 1960 «Licet

1169 1991 1293 2021 ames
1324 1982 1555 2021 matronas
1585 1981 1825 2022 unionibus
1857 1983 1901 2022 et
1935 1993 2060 2033 gem-

1171 2044 1254 2084 mis
1293 2042 1626 2091 collucentes;»
1668 2042 1739 2083 vel
1776 2044 2052 2084 accuratius:

1173 2104 1301 2146 «licet
1321 2106 1434 2145 haec
1454 2107 1529 2146 tua
1551 2104 1730 2146 stultitia
1751 2107 1827 2155 sit,
1861 2108 1910 2146 ut
1931 2117 2056 2147 ames

1172 2168 1331 2208 divites
1348 2170 1619 2209 matronas.»
1645 2169 1916 2210 Torrentius:
1934 2170 2055 2209 «Hoc

1171 2230 1251 2271 tibi
1281 2231 1554 2282 permissum
1586 2231 1663 2280 sit,
1697 2231 1783 2272 hoc
1813 2230 2054 2283 peculiare,

1171 2295 1219 2332 ut
1244 2294 1360 2333 inter
1382 2303 1664 2343 gemmarum
1686 2295 1819 2344 atque
1840 2295 2069 2335 unionum

1173 2354 1367 2406 fulgores
1401 2367 1504 2396 cum
1535 2357 1749 2396 matronis
1781 2356 1961 2397 delicias
1992 2356 2058 2397 fa-

1174 2418 1279 2457 cias.
1300 2434 1318 2453 »
1373 2418 1491 2468 (Fea:
1547 2419 1805 2469 «Significat
1851 2420 2058 2460 Horatius

1172 2480 1292 2519 hunc
1311 2478 1382 2519 vel
1413 2480 1520 2530 ipsis
1551 2482 1766 2520 matronis
1795 2481 2058 2532 praeferen-

1173 2542 1304 2591 dum,
1352 2543 1401 2580 ut
1440 2543 1562 2581 notat
1600 2544 1862 2583 Baxterus.»
1921 2544 2053 2584 Iahn:

1175 2604 1426 2644 «Matronae
1458 2603 1626 2652 femur,
1662 2606 1835 2645 etiamsi
1865 2606 2059 2646 tenerri-

1173 2675 1299 2704 mum
1337 2665 1393 2704 sit
1432 2667 1475 2705 et
1513 2677 1617 2705 cum
1658 2667 1855 2706 Cerinthi
1886 2667 2056 2707 femore

1175 2728 1426 2778 comparari
1444 2729 1598 2779 possit,
1618 2731 1868 2780 margaritis
1883 2732 1927 2770 et
1942 2741 2058 2771 sma-

1173 2791 1320 2842 ragdis
1361 2802 1449 2831 non
1490 2793 1630 2843 magis
1666 2794 1874 2833 tenerum
1903 2794 2057 2834 reddi-

1174 2855 1260 2892 tur.
1323 2854 1468 2901 Quare
1498 2855 1683 2906 propter
1704 2854 1874 2896 cultum
1895 2858 2058 2896 matro-

1175 2925 1258 2954 nae
1290 2925 1416 2955 amor
1446 2926 1535 2955 non
1565 2918 1842 2968 expetendus
1865 2920 1954 2968 est;
1989 2920 2057 2960 sin

1175 2979 1326 3017 autem
1346 2975 1724 3029 pulchritudinem
1746 2982 1938 3031 spectas,
1962 2992 2058 3022 me-

1174 3040 1362 3079 retrices
1399 3051 1618 3092 persaepe
1659 3040 1844 3083 meliora
1886 3042 2058 3085 femora

1176 3100 1404 3152 habent»)
1449 3102 1614 3153 Reisig:
1664 3105 1797 3156 «May
1833 3106 1909 3145 das
1951 3106 2060 3146 auch

1177 3163 1271 3202 dein
1301 3163 1552 3204 Geschmack
1581 3166 1690 3216 scin,
1723 3168 1799 3206 das
1826 3170 1962 3218 yona-e
1992 3168 2058 3207 ich

1177 3225 1285 3264 dtr.»
1321 3225 1527 3267 Similiter
1546 3228 1761 3268 Diintzer:
1792 3229 1935 3268 Dieses
1958 3239 2058 3281 may

1178 3285 1260 3339 (ich
1297 3288 1507 3329 ubertasse
1550 3300 1591 3330 es
1632 3289 1724 3342 dir)
1768 3290 1885 3330 deine
1926 3291 2059 3332 Sache

1177 3350 1278 3400 sein,
1296 3351 1478 3391 mamlich
1493 3352 1558 3392 die
1570 3352 1767 3404 prachtiq
1775 3352 2058 3404 qeschmu'ckte

1176 3412 1351 3461 Scho'ne3
1375 3412 1583 3455 videlicet
1603 3416 1652 3454 ut
1668 3414 1904 3456 Cerinthus
1919 3415 2055 3456 homo

1176 3485 1315 3515 vanus
1344 3475 1496 3526 fuerit,
1531 3477 1606 3528 qui
1635 3474 1868 3529 splendido
1898 3479 2055 3519 ornatu
