2231 3787
888 266 986 305 ARS
1018 265 1262 306 POETICA.

1894 265 1993 316 783

239 398 295 449 In
334 404 557 467 puteum
598 396 905 460 foveamvc,
949 395 1095 458 licet,
1137 395 1470 458 Succurrite,
1513 395 1727 466 longum

238 497 460 560 Clamet,
503 499 560 551 Io
599 498 772 552 cives!
814 515 920 552 non
961 498 1052 560 sit,
1098 498 1189 569 qui
1230 496 1418 551 tollere
1457 505 1622 551 curet.

1891 499 1993 551 4-(30

236 599 290 653 Si
331 607 484 653 curet
521 599 643 671 quis
683 617 844 671 opem
883 599 1022 653 serre
1063 607 1115 653 et
1154 599 1436 654 demittere
1475 599 1679 659 sunem,

235 702 338 766 Qut
378 702 513 763 sciS‚
555 719 623 755 an
662 700 901 772 prudens
941 701 1047 755 huc
1085 719 1144 755 se
1184 701 1474 773 proiecerit
1509 709 1670 772 atque

234 802 448 856 Servari
487 803 658 857 nolit?

732 804 919 857 Dicam
959 803 1235 875 Siculique
1275 810 1467 875 poetae

234 904 473 959 Narrabo
513 905 798 959 interitum.
875 906 1023 959 Deus
1067 905 1377 959 immortalis
1418 905 1601 960 haberi

235 1008 371 1059 Dum
419 1007 566 1078 cupit
604 1005 987 1078 EmpedocleS‚
1031 1005 1309 1060 ardentem
1348 1007 1571 1078 frigidus
1609 1011 1831 1062 Aetnam
1889 1010 1992 1062 4655

215 1177 359 1213 curent
389 1174 429 1212 S.
468 1196 511 1201 —
546 1172 640 1213 461¹.
674 1173 720 1212 Si
750 1172 842 1222 quis
870 1176 986 1212 curet
1017 1173 1081 1213 Ct.
1110 1194 1155 1201 —
1181 1173 1386 1212 dimittere
1405 1172 1540 1213 bSTc.
1568 1196 1614 1202 -
1639 1174 1734 1215 462.
1758 1176 1828 1228 an]
1862 1181 1936 1215 aut

216 1235 258 1274 d.
296 1258 339 1263 —
372 1235 562 1275 deiecerit
591 1235 665 1284 Tc,
700 1236 800 1275 LCt.
837 1236 901 1285 (Ut
932 1246 1029 1280 nos,
1061 1234 1184 1284 bSd.)
1221 1259 1264 1263 —
1300 1234 1393 1276 463.
1431 1247 1508 1285 que
1538 1247 1626 1276 om.
1651 1238 1696 1276 T.

161 1382 344 1423 effutit.»
378 1383 547 1434 Operae
569 1382 763 1432 pretium
785 1384 852 1422 est
870 1381 1039 1431 videre,

159 1444 385 1497 quomodo
431 1445 665 1492 Germani,
717 1443 1038 1495 Francogallus.

158 1507 315 1557 Italus,
363 1508 583 1558 Hispanus
614 1506 887 1547 versiculum
924 1508 1042 1546 hunc

158 1572 341 1622 propter
354 1580 396 1608 v.
418 1573 612 1608 ructatur
628 1568 920 1609 difficiliorem
940 1580 1044 1608 con—

157 1634 386 1673 verterint.
433 1630 658 1672 Wieland:
711 1632 843 1671 Wenn
886 1643 930 1671 so
976 1633 1041 1671 ein

155 1695 322 1736 Menseh
350 1696 394 1734 in
424 1695 575 1734 seinem
603 1694 834 1744 Aberwicz,
880 1695 1042 1734 unicis-

156 1760 254 1799 send
282 1771 370 1808 wo,
404 1760 468 1798 die
488 1760 600 1798 Nase
618 1759 663 1798 in
684 1759 756 1798 der
772 1758 882 1809 Luft,
912 1758 1041 1797 durch

157 1822 237 1862 alle
266 1822 422 1862 Gassen
451 1821 581 1872 lausi,
621 1822 708 1860 und
743 1822 860 1860 Verse
888 1820 1036 1871 rulpst.

156 1885 295 1925 Voss:
345 1886 477 1924 lVenn
507 1895 575 1933 er,
621 1884 696 1923 das
723 1884 867 1933 Haupt
894 1883 938 1922 in
969 1884 1042 1923 der

155 1948 272 1999 Lusi,
304 1959 392 1987 nun
415 1948 523 1987 Vers’
557 1947 814 1997 aufstossend
838 1946 1063 2000 (ausi-cer·-

154 2010 251 2060 fend
272 2008 468 2060 Merkel.)
502 2009 741 2048 einhertobt.
786 2007 1035 2048 Chanlaire:

159 2073 310 2112 Tanclis
340 2072 441 2122 qu'il
467 2072 547 2122 fait
575 2073 732 2123 ronfler
752 2082 813 2110 ses
829 2082 924 2111 vers
941 2071 1039 2110 har-

154 2136 354 2176 monieux
382 2136 435 2174 Ec
465 2135 569 2183 qu'il
598 2135 767 2173 marche
787 2145 844 2172 au
863 2134 1034 2173 hasard.

157 2197 379 2249 Gargallo:
429 2197 588 2245 Costui,
636 2208 677 2236 se
718 2200 876 2236 mentre
903 2196 1038 2235 vomi-

156 2262 284 2301 tando
312 2260 445 2309 versi,
479 2261 515 2299 E
545 2261 644 2299 aion
662 2259 859 2310 vaqando
889 2270 965 2298 con
995 2258 1038 2297 la

155 2328 258 2364 testa
294 2324 339 2362 in
373 2323 471 2362 alto.
531 2323 722 2373 Burgos:
770 2321 899 2370 Aquel
927 2332 1037 2372 ιφ’(ιη

155 2388 263 2436 loco,
304 2386 506 2425 mientras
533 2386 774 2425 vomitando
801 2385 1039 2424 Altisonan-

155 2454 212 2489 tes
224 2448 474 2499 palabrotas
494 2448 624 2486 anda.
650 2469 698 2475 —-
722 2447 854 2496 errat]
881 2445 1038 2485 «furio-

156 2522 232 2552 sus
262 2521 343 2562 per
373 2520 556 2561 campos
588 2511 630 2549 et
652 2508 786 2549 colles
807 2511 1036 2559 vagatur.»

158 2596 204 2602 —-
230 2573 395 2625 auceps]
431 2570 589 2611 Similis
621 2572 762 2611 exstat
793 2571 1039 2610 narratiun-

156 2634 254 2676 cula
285 2635 340 2674 de
362 2633 542 2674 Thalete
564 2632 783 2684 astrologo
807 2632 926 2684 apud
946 2631 1039 2672 Pla-

155 2702 307 2738 tonem
351 2697 393 2736 in
423 2697 664 2736 Theaeteto
702 2706 746 2747 p
777 2695 868 2735 474.
901 2697 950 2734 A.
996 2697 1039 2734 et

155 2761 280 2811 Diog.
303 2760 447 2799 La'e'rt
473 2759 512 2807 4,
539 2758 605 2799 34.
635 2781 679 2786 —
704 2757 886 2809 lonyum]
921 2768 1038 2797 «ma-

155 2834 240 2874 gna
269 2832 424 2861 voce.»
479 2821 542 2861 Cf.
577 2822 704 2861 Hom.
738 2819 858 2860 Iliad.
881 2833 924 2873 γ,
956 2820 1033 2860 84:

154 2880 345 2941 μακρὸν
374 2876 539 2924 ἄϋσεν.
576 2907 620 2912 —-
652 2885 696 2923 Ιο
726 2883 845 2934 cives]
877 2881 1036 2922 Similis

155 2945 345 2988 formula
375 2957 508 2997 opem
542 2945 775 2986 invocandi
807 2947 876 2985 est
907 2946 1038 2984 Porro

157 3010 350 3061 Quirites.
376 3030 424 3036 —
455 3020 539 3047 uon
567 3009 642 3057 sit,
686 3008 756 3058 qui
787 3007 889 3058 cet.]
922 3018 1036 3047 «non

155 3072 387 3115 succurrat
409 3072 664 3122 quisquam!
685 3085 704 3105 n

154 3145 237 3174 vus
267 3145 348 3185 pro
378 3133 524 3173 futuro
556 3135 623 3172 est
653 3133 866 3183 positus.»
916 3132 1036 3171 HAND

156 3199 282 3237 Turs.
306 3196 374 3235 IV.
398 3206 442 3247 p.
466 3195 562 3234 266.
598 3193 684 3234 Csr.
718 3194 773 3233 ad
804 3196 891 3234 Sat.
914 3195 961 3241 2,
985 3196 1032 3243 5,

157 3259 201 3299 94
222 3271 230 3297 ;
262 3260 356 3298 Non
375 3257 501 3298 etiam
520 3257 653 3295 sileas.
678 3277 721 3284 -
748 3255 900 3307 tollere]
924 3257 1032 3308 Epp.

157 3323 197 3369 4,
223 3321 289 3369 47,
313 3321 356 3360 64
378 3332 384 3358 ;
428 3319 635 3367 crudeles,
668 3319 794 3358 tollite
822 3319 1032 3358 claudum.

211 3382 414 3423 464-467.
456 3382 646 3432 Qutscis,
680 3393 735 3420 an
759 3381 861 3432 cet.]
896 3381 1037 3428 «Quo—

160 3444 294 3484 modo
316 3445 427 3493 scis,
461 3454 517 3483 an
538 3446 692 3483 contra
712 3454 847 3494 quam
869 3445 915 3482 tu
936 3443 1034 3494 opi-

160 3507 300 3555 naris,
343 3504 542 3546 consulto
580 3516 628 3545 se
671 3505 961 3556 praecipitem
991 3505 1034 3545 in

752 3086 770 3105 «
788 3070 1039 3109 Coniuncti-

1107 1384 1292 1433 puteum
1312 1382 1582 1433 proiecerit‘?
1617 1383 1737 1434 quod
1759 1384 1990 1426 consilium

1108 1444 1327 1496 impedire
1359 1456 1445 1484 non
1476 1444 1622 1485 licet.»
1668 1447 1714 1485 In
1735 1446 1990 1488 huiusmodi

1106 1506 1484 1558 propositionibus
1513 1518 1592 1547 nos
1615 1509 1916 1550 convertimus
1939 1522 1991 1550 ac

1107 1570 1141 1608 si
1175 1570 1296 1610 esset
1326 1581 1383 1608 an
1402 1581 1507 1619 non,
1541 1570 1597 1610 ob
1626 1571 1783 1611 nicht.
1818 1572 1881 1612 Cf.
1907 1573 1986 1614 Od.

1106 1632 1144 1680 ⁶2,
1169 1631 1209 1681 4,
1235 1631 1300 1671 43.
1336 1631 1473 1672 Plaut.
1498 1634 1625 1673 Most.
1651 1635 1696 1683 4,
1731 1634 1777 1683 4,
1801 1635 1875 1674 55:
1911 1637 1992 1686 Qut

1105 1695 1206 1743 scis,
1240 1706 1296 1734 an
1327 1694 1399 1734 tibi
1420 1696 1523 1734 istuc
1537 1696 1661 1746 prius
1681 1697 1842 1737 eveniat
1861 1709 1991 1748 quam

1103 1758 1204 1796 milii
1222 1756 1242 1796 ἰ)
1260 1758 1385 1797 Hand
1403 1759 1528 1798 Turs.
1543 1760 1574 1798 Ι.
1594 1770 1637 1810 p.
1651 1758 1747 1799 305.
1772 1761 1817 1799 et
1836 1759 1985 1800 306.—

1106 1820 1236 1860 «ldeo
1274 1821 1345 1859 hic
1376 1821 1721 1872 praeferendum
1744 1824 1986 1872 proiecerit,

1104 1883 1208 1933 quia
1234 1884 1441 1932 proiicere
1461 1885 1664 1933 animam,
1690 1886 1900 1934 proiicere
1928 1897 1985 1935 se,

1103 1956 1218 1996 quae
1241 1946 1284 1986 in
1305 1946 1435 1986 bonis
1452 1947 1744 1999 scriptoribus
1763 1959 1898 2000 saepe
1916 1961 1989 1990 oc-

1103 2010 1299 2056 currunt,
1324 2008 1491 2060 ubique
1515 2009 1682 2050 babent
1702 2011 1987 2062 significatio-

1104 2082 1207 2111 nem
1227 2070 1458 2111 voluntarii
1476 2073 1742 2113 discriminis
1761 2073 1908 2125 deque
1931 2085 1984 2114 eo

1103 2132 1334 2182 dicuntur,
1368 2135 1443 2184 qui
1473 2136 1640 2174 servari
1672 2137 1746 2175 aut
1777 2135 1885 2175 nolit
1913 2138 1988 2176 aut

1102 2195 1355 2246 desperet.»
1390 2197 1541 2236 Bam..
1571 2220 1615 2225 —-
1649 2197 1861 2248 Siculique
1882 2198 1984 2250 cet.]

1103 2259 1188 2297 «Et
1232 2258 1413 2309 quidem
1460 2258 1555 2299 talis
1595 2260 1788 2300 insaniae
1829 2272 1987 2301 exem-

1101 2320 1224 2372 plum
1255 2320 1463 2361 omnibus
1504 2323 1658 2362 notum
1690 2324 1778 2373 est,
1826 2324 1986 2375 Empe-

1102 2382 1239 2424 doclis
1261 2384 1551 2435 Agrigentini,
1585 2385 1791 2435 inquam,
1824 2389 1983 2438 poetae

1100 2445 1373 2498 philosophi,
1408 2447 1532 2487 cuius
1554 2447 1776 2488 interitum
1799 2459 1982 2490 narrare

1102 2510 1290 2562 placet.»
1333 2510 1395 2550 Cf.
1430 2512 1539 2563 Epp.
1565 2511 1613 2561 4,
1645 2512 1715 2560 42,
1747 2513 1813 2552 20.
1865 2515 1985 2554 Inter

1102 2572 1391 2624 multiplicem
1430 2573 1595 2613 famam
1637 2574 1692 2614 de
1724 2573 1834 2615 illlus
1865 2577 1984 2616 exitu

1101 2636 1214 2675 haec
1255 2646 1434 2686 quoque
1469 2634 1613 2675 fabula
1645 2635 1701 2676 ab
1733 2637 1983 2689 Hippoboto

1101 2699 1295 2750 primum
1324 2698 1482 2738 tradita
1515 2700 1605 2746 est,
1649 2698 1797 2738 addita
1827 2711 1983 2740 narra-

1101 2759 1319 2809 tiuncula,
1373 2771 1507 2799 unam
1553 2772 1607 2800 ex
1651 2762 1746 2801 eius
1789 2763 1981 2814 crepidis

1100 2823 1245 2863 aereis
1284 2823 1326 2861 vi
1365 2822 1575 2862 flammae
1606 2833 1760 2864 rursus
1791 2825 1982 2866 eiectam

1101 2895 1201 2925 esse
1223 2895 1277 2924 ex
1293 2885 1461 2924 Aetnae
1479 2886 1668 2924 cratere.
1693 2886 1816 2937 Diog.
1834 2888 1978 2928 La'ert.

1099 2947 1148 2995 8,
1181 2947 1247 2986 69.
1291 2947 1496 2987 Timaeus
1525 2949 1676 2988 autern
1707 2948 1812 2988 ibid.
1847 2948 1886 3000 ἓ.
1910 2950 1977 2989 74.

1101 3008 1228 3049 claris
1257 3008 1407 3049 verbis
1438 3009 1571 3048 tradit
1605 3004 1755 3051 αὐτοῦ
1786 3006 1875 3063 τήν
1904 3022 1980 3051 τε-

1100 3065 1270 3122 λευτὴν
1300 3065 1481 3123 ἄδηλον
1512 3067 1647 3111 εἶναι.
1681 3072 1768 3112 Cfr.
1793 3073 1979 3112 Karsten

1100 3132 1395 3184 Empedocles
1437 3144 1478 3184 p.
1513 3133 1579 3173 36.
1617 3135 1662 3173 et
1695 3133 1762 3174 44.
1793 3157 1836 3162 -
1869 3135 1981 3174 Deus

1098 3196 1348 3235 immortalis
1386 3194 1552 3246 haberi]
1598 3195 1891 3247 Empedocles
1922 3195 1977 3235 de

1099 3269 1147 3298 se
1170 3269 1239 3309 ap.
1265 3256 1468 3298 Philostr.
1492 3256 1691 3309 Apollon.
1719 3259 1755 3306 4,
1782 3260 1820 3297 4;
1853 3258 1979 3299 Χαί-

1098 3321 1206 3376 ρετ’,
1238 3315 1329 3373 ἐγώ
1351 3317 1389 3358 δ’
1413 3314 1564 3371 &ultim
1594 3315 1731 3368 θεὸς
1759 3314 1916 3377 ἄμβρ
1933 3332 1979 3360 ο-

1099 3393 1219 3432 τος,
1268 3377 1428 3422 οὐκέτι
1458 3379 1650 3433 θνητός.
1693 3402 1737 3409 -
1783 3381 1976 3434 frigidus]

1100 3444 1272 3484 Festivo
1301 3445 1386 3483 hoc
1415 3437 1644 3496 ἀντιθέτῳ
1665 3443 1792 3483 verbi
1821 3446 1978 3485 arden—

1098 3509 1177 3545 tem
1198 3505 1310 3546 illius
1328 3504 1555 3545 stultitiam
1574 3507 1711 3546 notat.
1744 3506 1975 3554 Quomodo
