<?xml version="1.0" encoding="UTF-8"?>
<!DOCTYPE html PUBLIC "-//W3C//DTD XHTML 1.0 Transitional//EN"
    "http://www.w3.org/TR/xhtml1/DTD/xhtml1-transitional.dtd">
<html xmlns="http://www.w3.org/1999/xhtml" xml:lang="en" lang="en">
 <head>
  <title>
</title>
<meta http-equiv="Content-Type" content="text/html;charset=utf-8" />
  <meta name='ocr-system' content='tesseract 3.04.00' />
  <meta name='ocr-capabilities' content='ocr_page ocr_carea ocr_par ocr_line ocrx_word'/>
</head>
<body>
  <div class='ocr_page' id='page_1' title='image "./qhoratiusflaccus02horauoft_0781.png"; bbox 0 0 2231 3787; ppageno 0'>
   <div class='ocr_carea' id='block_1_1' title="bbox 807 250 1174 290">
    <p class='ocr_par' dir='ltr' id='par_1_1' title="bbox 807 250 1174 290">
     <span class='ocr_line' id='line_1_1' title="bbox 807 250 1174 290; baseline -0.003 -1"><span class='ocrx_word' id='word_1_1' title='bbox 807 250 905 290; x_wconf 73' lang='lat' dir='ltr'>ARS</span> <span class='ocrx_word' id='word_1_2' title='bbox 937 250 1174 290; x_wconf 70' lang='lat' dir='ltr'>POETlCA.</span> 
     </span>
    </p>
   </div>
   <div class='ocr_carea' id='block_1_2' title="bbox 1800 248 1899 301">
    <p class='ocr_par' dir='ltr' id='par_1_2' title="bbox 1800 248 1899 301">
     <span class='ocr_line' id='line_1_2' title="bbox 1800 248 1899 301; baseline -0.02 0"><span class='ocrx_word' id='word_1_3' title='bbox 1800 248 1899 301; x_wconf 78' lang='lat'>735</span> 
     </span>
    </p>
   </div>
   <div class='ocr_carea' id='block_1_3' title="bbox 154 377 1415 451">
    <p class='ocr_par' dir='ltr' id='par_1_3' title="bbox 154 377 1415 451">
     <span class='ocr_line' id='line_1_3' title="bbox 154 377 1415 451; baseline 0.002 -20"><span class='ocrx_word' id='word_1_4' title='bbox 154 379 411 433; x_wconf 82' lang='lat' dir='ltr'>Iustitiam</span> <span class='ocrx_word' id='word_1_5' title='bbox 452 377 710 451; x_wconf 81' lang='lat' dir='ltr'>legesque</span> <span class='ocrx_word' id='word_1_6' title='bbox 751 389 803 434; x_wconf 88' lang='lat' dir='ltr'>et</span> <span class='ocrx_word' id='word_1_7' title='bbox 842 381 1040 451; x_wconf 87' lang='lat' dir='ltr'>apertis</span> <span class='ocrx_word' id='word_1_8' title='bbox 1080 380 1184 433; x_wconf 89' lang='lat' dir='ltr'>otia</span> <span class='ocrx_word' id='word_1_9' title='bbox 1223 380 1415 450; x_wconf 81' lang='lat' dir='ltr'>portis;</span> 
     </span>
    </p>
   </div>
   <div class='ocr_carea' id='block_1_4' title="bbox 156 479 1596 553">
    <p class='ocr_par' dir='ltr' id='par_1_4' title="bbox 156 479 1596 553">
     <span class='ocr_line' id='line_1_4' title="bbox 156 479 1596 553; baseline 0.003 -22"><span class='ocrx_word' id='word_1_10' title='bbox 156 479 244 533; x_wconf 90' lang='lat' dir='ltr'>llle</span> <span class='ocrx_word' id='word_1_11' title='bbox 287 489 429 551; x_wconf 84' lang='lat' dir='ltr'>tegat</span> <span class='ocrx_word' id='word_1_12' title='bbox 468 482 752 535; x_wconf 88' lang='lat' dir='ltr'>commissa</span> <span class='ocrx_word' id='word_1_13' title='bbox 793 481 1037 553; x_wconf 83' lang='lat' dir='ltr'>deosque</span> <span class='ocrx_word' id='word_1_14' title='bbox 1076 490 1327 553; x_wconf 86' lang='lat' dir='ltr'>precetur</span> <span class='ocrx_word' id='word_1_15' title='bbox 1365 490 1417 535; x_wconf 83' lang='lat' dir='ltr'>et</span> <span class='ocrx_word' id='word_1_16' title='bbox 1455 491 1596 542; x_wconf 84' lang='lat' dir='ltr'>oret,</span> 
     </span>
    </p>
   </div>
   <div class='ocr_carea' id='block_1_5' title="bbox 1796 483 1898 534">
    <p class='ocr_par' dir='ltr' id='par_1_5' title="bbox 1796 483 1898 534">
     <span class='ocr_line' id='line_1_5' title="bbox 1796 483 1898 534; baseline -0.029 0"><span class='ocrx_word' id='word_1_17' title='bbox 1796 483 1898 534; x_wconf 70' lang='lat'>200</span> 
     </span>
    </p>
   </div>
   <div class='ocr_carea' id='block_1_6' title="bbox 150 581 1468 655">
    <p class='ocr_par' dir='ltr' id='par_1_6' title="bbox 150 581 1468 655">
     <span class='ocr_line' id='line_1_6' title="bbox 150 581 1468 655; baseline -0.001 -19"><span class='ocrx_word' id='word_1_18' title='bbox 150 581 213 636; x_wconf 90' lang='lat' dir='ltr'>Ut</span> <span class='ocrx_word' id='word_1_19' title='bbox 250 581 437 635; x_wconf 83' lang='lat' dir='ltr'>redeat</span> <span class='ocrx_word' id='word_1_20' title='bbox 474 583 710 641; x_wconf 82' lang='lat' dir='ltr'>miseris,</span> <span class='ocrx_word' id='word_1_21' title='bbox 762 583 919 637; x_wconf 88' lang='lat' dir='ltr'>abeat</span> <span class='ocrx_word' id='word_1_22' title='bbox 955 583 1164 637; x_wconf 87' lang='lat' dir='ltr'>fortuna</span> <span class='ocrx_word' id='word_1_23' title='bbox 1203 583 1468 655; x_wconf 90' lang='lat' dir='ltr'>superbis.</span> 
     </span>
    </p>
   </div>
   <div class='ocr_carea' id='block_1_7' title="bbox 149 681 1598 756">
    <p class='ocr_par' dir='ltr' id='par_1_7' title="bbox 149 681 1598 756">
     <span class='ocr_line' id='line_1_7' title="bbox 149 681 1598 756; baseline 0.004 -22"><span class='ocrx_word' id='word_1_24' title='bbox 149 681 295 735; x_wconf 80' lang='lat' dir='ltr'>Tibia</span> <span class='ocrx_word' id='word_1_25' title='bbox 334 700 465 741; x_wconf 86' lang='lat' dir='ltr'>non,</span> <span class='ocrx_word' id='word_1_26' title='bbox 508 693 565 736; x_wconf 90' lang='lat' dir='ltr'>ut</span> <span class='ocrx_word' id='word_1_27' title='bbox 602 701 764 745; x_wconf 89' lang='lat' dir='ltr'>nunc,</span> <span class='ocrx_word' id='word_1_28' title='bbox 807 685 1077 740; x_wconf 90' lang='lat' dir='ltr'>orichalco</span> <span class='ocrx_word' id='word_1_29' title='bbox 1117 686 1290 739; x_wconf 71' lang='lat' dir='ltr'>vincta</span> <span class='ocrx_word' id='word_1_30' title='bbox 1328 684 1598 756; x_wconf 88' lang='lat' dir='ltr'>tubaeque</span> 
     </span>
    </p>
   </div>
   <div class='ocr_carea' id='block_1_8' title="bbox 129 817 1839 993">
    <p class='ocr_par' dir='ltr' id='par_1_8' title="bbox 129 817 1839 993">
     <span class='ocr_line' id='line_1_8' title="bbox 131 817 1839 873; baseline 0.001 -15"><span class='ocrx_word' id='word_1_31' title='bbox 131 817 321 858; x_wconf 82' lang='lat' dir='ltr'>Pottierii</span> <span class='ocrx_word' id='word_1_32' title='bbox 351 819 483 867; x_wconf 88' lang='lat' dir='ltr'>atque</span> <span class='ocrx_word' id='word_1_33' title='bbox 515 817 786 866; x_wconf 86' lang='lat' dir='ltr'>Hochederi,</span> <span class='ocrx_word' id='word_1_34' title='bbox 836 818 996 865; x_wconf 80' lang='lat' dir='ltr'>LCtFJ;</span> <span class='ocrx_word' id='word_1_35' title='bbox 1046 819 1254 869; x_wconf 81' lang='lat' dir='ltr'>idemque</span> <span class='ocrx_word' id='word_1_36' title='bbox 1294 820 1423 860; x_wconf 87' lang='lat' dir='ltr'>tacite</span> <span class='ocrx_word' id='word_1_37' title='bbox 1454 831 1608 860; x_wconf 90' lang='lat' dir='ltr'>rursus</span> <span class='ocrx_word' id='word_1_38' title='bbox 1637 819 1839 873; x_wconf 81' lang='lat' dir='ltr'>praetulit</span> 
     </span>
     <span class='ocr_line' id='line_1_9' title="bbox 132 878 1835 933; baseline 0.003 -15"><span class='ocrx_word' id='word_1_39' title='bbox 132 878 452 930; x_wconf 89' lang='lat' dir='ltr'>Dillenburger.</span> <span class='ocrx_word' id='word_1_40' title='bbox 481 902 524 908; x_wconf 81' lang='lat'><strong>—</strong></span> <span class='ocrx_word' id='word_1_41' title='bbox 549 880 642 919; x_wconf 73' lang='lat'>⁶202.</span> <span class='ocrx_word' id='word_1_42' title='bbox 668 880 874 919; x_wconf 72' lang='lat' dir='ltr'>oricacclio</span> <span class='ocrx_word' id='word_1_43' title='bbox 898 881 987 930; x_wconf 88' lang='lat' dir='ltr'>(sic)</span> <span class='ocrx_word' id='word_1_44' title='bbox 1011 893 1234 933; x_wconf 84' lang='lat' dir='ltr'>superscr.</span> <span class='ocrx_word' id='word_1_45' title='bbox 1267 883 1365 920; x_wconf 77' lang='lat' dir='ltr'>auri</span> <span class='ocrx_word' id='word_1_46' title='bbox 1385 883 1430 922; x_wconf 86' lang='grc' dir='ltr'>Β.</span> <span class='ocrx_word' id='word_1_47' title='bbox 1460 905 1502 910; x_wconf 88' lang='grc'>-</span> <span class='ocrx_word' id='word_1_48' title='bbox 1526 884 1667 923; x_wconf 77' lang='lat' dir='ltr'>vincta</span> <span class='ocrx_word' id='word_1_49' title='bbox 1687 883 1835 924; x_wconf 86' lang='lat' dir='ltr'>Bland.</span> 
     </span>
     <span class='ocr_line' id='line_1_10' title="bbox 129 941 1508 993; baseline 0.002 -12"><span class='ocrx_word' id='word_1_50' title='bbox 129 942 382 993; x_wconf 74' lang='lat' dir='ltr'>antiquiss,</span> <span class='ocrx_word' id='word_1_51' title='bbox 419 941 620 989; x_wconf 81' lang='lat' dir='ltr'>BbSchl,</span> <span class='ocrx_word' id='word_1_52' title='bbox 655 943 728 982; x_wconf 89' lang='lat' dir='ltr'>Ct:</span> <span class='ocrx_word' id='word_1_53' title='bbox 764 943 906 982; x_wconf 77' lang='lat' dir='ltr'>iuncta</span> <span class='ocrx_word' id='word_1_54' title='bbox 930 943 975 989; x_wconf 80' lang='lat' dir='ltr'>E,</span> <span class='ocrx_word' id='word_1_55' title='bbox 1011 944 1063 991; x_wconf 93' lang='lat' dir='ltr'>L,</span> <span class='ocrx_word' id='word_1_56' title='bbox 1104 942 1349 991; x_wconf 76' lang='lat' dir='ltr'>Bentleius,</span> <span class='ocrx_word' id='word_1_57' title='bbox 1401 945 1508 984; x_wconf 65' lang='grc' dir='ltr'>ΗΠ.</span> 
     </span>
    </p>
   </div>
   <div class='ocr_carea' id='block_1_9' title="bbox 65 1047 953 1977">
    <p class='ocr_par' dir='ltr' id='par_1_9' title="bbox 65 1047 950 1977">
     <span class='ocr_line' id='line_1_11' title="bbox 74 1047 950 1108; baseline 0 -19"><span class='ocrx_word' id='word_1_58' title='bbox 74 1062 122 1090; x_wconf 90' lang='grc' dir='ltr'>τε</span> <span class='ocrx_word' id='word_1_59' title='bbox 153 1050 231 1090; x_wconf 81' lang='grc' dir='ltr'>καὶ</span> <span class='ocrx_word' id='word_1_60' title='bbox 264 1048 508 1090; x_wconf 82' lang='grc' dir='ltr'><em>Καλλίστα</em></span> <span class='ocrx_word' id='word_1_61' title='bbox 543 1047 778 1108; x_wconf 78' lang='grc' dir='ltr'><em>μακάρων</em></span> <span class='ocrx_word' id='word_1_62' title='bbox 808 1048 950 1099; x_wconf 78' lang='grc' dir='ltr'><em>θεῶν,</em></span> 
     </span>
     <span class='ocr_line' id='line_1_12' title="bbox 73 1110 948 1171; baseline 0.001 -19"><span class='ocrx_word' id='word_1_63' title='bbox 73 1110 229 1165; x_wconf 80' lang='grc' dir='ltr'><em>Ζῆλος</em></span> <span class='ocrx_word' id='word_1_64' title='bbox 265 1125 351 1165; x_wconf 82' lang='grc' dir='ltr'><em>μοι</em></span> <span class='ocrx_word' id='word_1_65' title='bbox 390 1113 561 1162; x_wconf 81' lang='grc' dir='ltr'><em>σέθεν,</em></span> <span class='ocrx_word' id='word_1_66' title='bbox 609 1110 673 1165; x_wconf 82' lang='grc' dir='ltr'>ὦς</span> <span class='ocrx_word' id='word_1_67' title='bbox 703 1115 948 1171; x_wconf 79' lang='grc' dir='ltr'><em>χρονίζεις.</em></span> 
     </span>
     <span class='ocr_line' id='line_1_13' title="bbox 78 1176 948 1228; baseline 0.001 -13"><span class='ocrx_word' id='word_1_68' title='bbox 78 1199 120 1204; x_wconf 95' lang='grc'><strong>-</strong></span> <span class='ocrx_word' id='word_1_69' title='bbox 153 1179 263 1227; x_wconf 72' lang='lat' dir='ltr'>ceyat</span> <span class='ocrx_word' id='word_1_70' title='bbox 292 1176 528 1228; x_wconf 80' lang='lat' dir='ltr'>commissa]</span> <span class='ocrx_word' id='word_1_71' title='bbox 567 1177 674 1228; x_wconf 89' lang='lat' dir='ltr'>Epp.</span> <span class='ocrx_word' id='word_1_72' title='bbox 701 1177 747 1224; x_wconf 97' lang='grc'>4,</span> <span class='ocrx_word' id='word_1_73' title='bbox 774 1177 848 1224; x_wconf 89' lang='grc'>48,</span> <span class='ocrx_word' id='word_1_74' title='bbox 873 1176 948 1216; x_wconf 90' lang='lat'>38:</span> 
     </span>
     <span class='ocr_line' id='line_1_14' title="bbox 73 1237 953 1289; baseline 0 -11"><span class='ocrx_word' id='word_1_75' title='bbox 73 1237 422 1288; x_wconf 78' lang='lat' dir='ltr'>Commissumque</span> <span class='ocrx_word' id='word_1_76' title='bbox 441 1242 560 1289; x_wconf 72' lang='lat' dir='ltr'>teyes.</span> <span class='ocrx_word' id='word_1_77' title='bbox 594 1237 778 1278; x_wconf 81' lang='lat' dir='ltr'>illustria</span> <span class='ocrx_word' id='word_1_78' title='bbox 803 1249 953 1278; x_wconf 86' lang='lat' dir='ltr'>exem-</span> 
     </span>
     <span class='ocr_line' id='line_1_15' title="bbox 71 1297 950 1358; baseline -0.001 -18"><span class='ocrx_word' id='word_1_79' title='bbox 71 1298 140 1352; x_wconf 88' lang='lat' dir='ltr'>pla</span> <span class='ocrx_word' id='word_1_80' title='bbox 157 1303 259 1340; x_wconf 90' lang='lat' dir='ltr'>sunt</span> <span class='ocrx_word' id='word_1_81' title='bbox 275 1300 408 1351; x_wconf 88' lang='lat' dir='ltr'>Soph</span> <span class='ocrx_word' id='word_1_82' title='bbox 425 1300 583 1341; x_wconf 84' lang='lat' dir='ltr'>Electr.</span> <span class='ocrx_word' id='word_1_83' title='bbox 591 1300 684 1341; x_wconf 81' lang='lat'>469:</span> <span class='ocrx_word' id='word_1_84' title='bbox 703 1297 822 1354; x_wconf 76' lang='grc' dir='ltr'><em>Σιγὴ</em></span> <span class='ocrx_word' id='word_1_85' title='bbox 844 1300 950 1358; x_wconf 80' lang='grc' dir='ltr'><em>παρ’</em></span> 
     </span>
     <span class='ocr_line' id='line_1_16' title="bbox 72 1357 946 1418; baseline 0.002 -17"><span class='ocrx_word' id='word_1_86' title='bbox 72 1357 232 1413; x_wconf 80' lang='grc' dir='ltr'><em>ὑμῶν,</em></span> <span class='ocrx_word' id='word_1_87' title='bbox 266 1358 386 1418; x_wconf 84' lang='grc' dir='ltr'><em>πρὸς</em></span> <span class='ocrx_word' id='word_1_88' title='bbox 414 1360 562 1410; x_wconf 76' lang='grc' dir='ltr'><em>θεῶν,</em></span> <span class='ocrx_word' id='word_1_89' title='bbox 602 1357 753 1409; x_wconf 84' lang='grc' dir='ltr'><em>ε’στω</em></span> <span class='ocrx_word' id='word_1_90' title='bbox 795 1361 946 1413; x_wconf 68' lang='grc' dir='ltr'><em>αι’λαι</em></span> 
     </span>
     <span class='ocr_line' id='line_1_17' title="bbox 71 1423 948 1479; baseline 0.001 -15"><span class='ocrx_word' id='word_1_91' title='bbox 71 1423 194 1464; x_wconf 85' lang='lat' dir='ltr'>Idem</span> <span class='ocrx_word' id='word_1_92' title='bbox 217 1425 258 1464; x_wconf 90' lang='lat' dir='ltr'>in</span> <span class='ocrx_word' id='word_1_93' title='bbox 280 1424 508 1464; x_wconf 84' lang='lat' dir='ltr'>Phaedrae</span> <span class='ocrx_word' id='word_1_94' title='bbox 531 1426 596 1465; x_wconf 85' lang='lat' dir='ltr'>F.r</span> <span class='ocrx_word' id='word_1_95' title='bbox 612 1425 704 1465; x_wconf 91' lang='lat'>609.</span> <span class='ocrx_word' id='word_1_96' title='bbox 719 1427 768 1465; x_wconf 92' lang='lat' dir='ltr'>D.</span> <span class='ocrx_word' id='word_1_97' title='bbox 792 1423 948 1479; x_wconf 79' lang='grc' dir='ltr'><em>;’Σιγ-</em></span> 
     </span>
     <span class='ocr_line' id='line_1_18' title="bbox 71 1481 948 1542; baseline 0.003 -17"><span class='ocrx_word' id='word_1_98' title='bbox 71 1499 220 1540; x_wconf 87' lang='grc' dir='ltr'><em>γνωτε</em></span> <span class='ocrx_word' id='word_1_99' title='bbox 259 1481 569 1536; x_wconf 79' lang='grc' dir='ltr'><em>κᾶνάσχεσθε</em></span> <span class='ocrx_word' id='word_1_100' title='bbox 615 1485 844 1542; x_wconf 78' lang='grc' dir='ltr'><em>σιγιῦσαι,</em></span> <span class='ocrx_word' id='word_1_101' title='bbox 892 1487 948 1528; x_wconf 85' lang='grc' dir='ltr'>τὸ</span> 
     </span>
     <span class='ocr_line' id='line_1_19' title="bbox 68 1545 946 1608; baseline 0.003 -19"><span class='ocrx_word' id='word_1_102' title='bbox 68 1545 159 1608; x_wconf 85' lang='grc' dir='ltr'>γὰρ</span> <span class='ocrx_word' id='word_1_103' title='bbox 178 1547 400 1602; x_wconf 76' lang='grc' dir='ltr'><em>Γυναιξὶν</em></span> <span class='ocrx_word' id='word_1_104' title='bbox 421 1547 628 1606; x_wconf 82' lang='grc' dir='ltr'><em>αἰσχρὸν</em></span> <span class='ocrx_word' id='word_1_105' title='bbox 648 1547 738 1592; x_wconf 75' lang='grc' dir='ltr'><em>σὺν</em></span> <span class='ocrx_word' id='word_1_106' title='bbox 760 1553 946 1605; x_wconf 73' lang='grc' dir='ltr'><em>γυναικὶ</em></span> 
     </span>
     <span class='ocr_line' id='line_1_20' title="bbox 68 1610 945 1666; baseline 0.003 -14"><span class='ocrx_word' id='word_1_107' title='bbox 68 1610 143 1652; x_wconf 90' lang='grc' dir='ltr'>δεῖ</span> <span class='ocrx_word' id='word_1_108' title='bbox 179 1614 378 1666; x_wconf 77' lang='grc' dir='ltr'><em>στέγειν.</em></span> <span class='ocrx_word' id='word_1_109' title='bbox 445 1614 592 1665; x_wconf 85' lang='lat' dir='ltr'>Eurip.</span> <span class='ocrx_word' id='word_1_110' title='bbox 636 1615 806 1666; x_wconf 84' lang='lat' dir='ltr'>llippol.</span> <span class='ocrx_word' id='word_1_111' title='bbox 841 1615 945 1655; x_wconf 63' lang='lat'>7112:</span> 
     </span>
     <span class='ocr_line' id='line_1_21' title="bbox 69 1672 945 1733; baseline 0.001 -18"><span class='ocrx_word' id='word_1_112' title='bbox 69 1673 298 1715; x_wconf 77' lang='lat' dir='ltr'>‹1›AIA11A.</span> <span class='ocrx_word' id='word_1_113' title='bbox 344 1673 462 1733; x_wconf 82' lang='grc' dir='ltr'><em>Σιγῇ</em></span> <span class='ocrx_word' id='word_1_114' title='bbox 499 1673 747 1727; x_wconf 80' lang='grc' dir='ltr'><em>καλύψαι9’</em></span> <span class='ocrx_word' id='word_1_115' title='bbox 776 1672 945 1716; x_wconf 77' lang='grc' dir='ltr'><em>ἁνθάδ’</em></span> 
     </span>
     <span class='ocr_line' id='line_1_22' title="bbox 69 1734 948 1792; baseline 0.001 -14"><span class='ocrx_word' id='word_1_116' title='bbox 69 1734 403 1791; x_wconf 83' lang='grc' dir='ltr'><em>εἰσηκούσατε.</em></span> <span class='ocrx_word' id='word_1_117' title='bbox 432 1734 856 1792; x_wconf 55' lang='grc' dir='ltr'><em>ΧΟΡΟΣῘΌμνυμι</em></span> <span class='ocrx_word' id='word_1_118' title='bbox 874 1752 948 1779; x_wconf 83' lang='grc' dir='ltr'>σε-</span> 
     </span>
     <span class='ocr_line' id='line_1_23' title="bbox 65 1795 946 1858; baseline 0.002 -18"><span class='ocrx_word' id='word_1_119' title='bbox 65 1797 193 1853; x_wconf 75' lang='grc' dir='ltr'><em>μνὴν</em></span> <span class='ocrx_word' id='word_1_120' title='bbox 211 1795 426 1858; x_wconf 68' lang='grc' dir='ltr'><em>’Ἀρτεμιν</em></span> <span class='ocrx_word' id='word_1_121' title='bbox 440 1831 450 1850; x_wconf 84' lang='lat'>,</span> <span class='ocrx_word' id='word_1_122' title='bbox 473 1798 586 1852; x_wconf 85' lang='grc' dir='ltr'><em>Διὸς</em></span> <span class='ocrx_word' id='word_1_123' title='bbox 607 1800 774 1858; x_wconf 82' lang='grc' dir='ltr'><em>κόρην,</em></span> <span class='ocrx_word' id='word_1_124' title='bbox 795 1801 946 1855; x_wconf 79' lang='grc' dir='ltr'><em>μηδὲν</em></span> 
     </span>
     <span class='ocr_line' id='line_1_24' title="bbox 65 1860 945 1916; baseline 0.005 -14"><span class='ocrx_word' id='word_1_125' title='bbox 65 1860 230 1903; x_wconf 80' lang='grc' dir='ltr'><em>κακῶν</em></span> <span class='ocrx_word' id='word_1_126' title='bbox 260 1861 360 1903; x_wconf 86' lang='grc' dir='ltr'><em>σῶν</em></span> <span class='ocrx_word' id='word_1_127' title='bbox 389 1862 438 1914; x_wconf 82' lang='grc' dir='ltr'>ἐς</span> <span class='ocrx_word' id='word_1_128' title='bbox 467 1861 596 1915; x_wconf 83' lang='grc' dir='ltr'><em>φάος</em></span> <span class='ocrx_word' id='word_1_129' title='bbox 623 1862 792 1916; x_wconf 75' lang='grc' dir='ltr'><em>δείξειν</em></span> <span class='ocrx_word' id='word_1_130' title='bbox 812 1867 945 1906; x_wconf 71' lang='grc' dir='ltr'><em>ποτέ]</em></span> 
     </span>
     <span class='ocr_line' id='line_1_25' title="bbox 65 1924 944 1977; baseline 0.006 -11"><span class='ocrx_word' id='word_1_131' title='bbox 65 1926 127 1966; x_wconf 93' lang='lat' dir='ltr'>Id.</span> <span class='ocrx_word' id='word_1_132' title='bbox 152 1924 310 1966; x_wconf 84' lang='lat' dir='ltr'>Electr.</span> <span class='ocrx_word' id='word_1_133' title='bbox 335 1926 430 1966; x_wconf 73' lang='lat'>272.</span> <span class='ocrx_word' id='word_1_134' title='bbox 469 1925 554 1966; x_wconf 87' lang='grc' dir='ltr'>ΟΡ.</span> <span class='ocrx_word' id='word_1_135' title='bbox 579 1925 675 1966; x_wconf 78' lang='grc' dir='ltr'>Αἳδ’</span> <span class='ocrx_word' id='word_1_136' title='bbox 697 1927 785 1968; x_wconf 82' lang='grc' dir='ltr'><em>οὐν</em></span> <span class='ocrx_word' id='word_1_137' title='bbox 805 1926 944 1977; x_wconf 79' lang='grc' dir='ltr'><em>φίλαι</em></span> 
     </span>
    </p>
   </div>
   <div class='ocr_carea' id='block_1_10' title="bbox 65 1982 960 2043">
    <p class='ocr_par' dir='ltr' id='par_1_10' title="bbox 65 1982 960 2043">
     <span class='ocr_line' id='line_1_26' title="bbox 65 1982 960 2043; baseline 0.002 -15"><span class='ocrx_word' id='word_1_138' title='bbox 65 2000 146 2028; x_wconf 91' lang='grc' dir='ltr'><em>σοι</em></span> <span class='ocrx_word' id='word_1_139' title='bbox 162 1984 325 2028; x_wconf 85' lang='grc' dir='ltr'><em>τούσδ’</em></span> <span class='ocrx_word' id='word_1_140' title='bbox 343 1982 612 2028; x_wconf 81' lang='grc' dir='ltr'><em>ἀκούουσιν</em></span> <span class='ocrx_word' id='word_1_141' title='bbox 628 1986 825 2043; x_wconf 53' lang='grc' dir='ltr'>λόγους,</span> <span class='ocrx_word' id='word_1_142' title='bbox 841 1989 941 2030; x_wconf 84' lang='lat' dir='ltr'>HA.</span> <span class='ocrx_word' id='word_1_143' title='bbox 955 2016 960 2020; x_wconf 96' lang='lat'>-</span> 
     </span>
    </p>
   </div>
   <div class='ocr_carea' id='block_1_11' title="bbox 56 2045 944 3531">
    <p class='ocr_par' dir='ltr' id='par_1_11' title="bbox 56 2045 943 2164">
     <span class='ocr_line' id='line_1_27' title="bbox 56 2045 943 2106; baseline 0.003 -16.038"><span class='ocrx_word' id='word_1_144' title='bbox 56 2045 203 2090; x_wconf 67' lang='grc' dir='ltr'><em>ἹΩστε</em></span> <span class='ocrx_word' id='word_1_145' title='bbox 237 2051 420 2104; x_wconf 76' lang='grc' dir='ltr'><em>στέγειν</em></span> <span class='ocrx_word' id='word_1_146' title='bbox 448 2062 501 2104; x_wconf 89' lang='grc' dir='ltr'>γε</span> <span class='ocrx_word' id='word_1_147' title='bbox 529 2045 660 2090; x_wconf 80' lang='grc' dir='ltr'><em>τὰιιά</em></span> <span class='ocrx_word' id='word_1_148' title='bbox 689 2052 771 2092; x_wconf 81' lang='grc' dir='ltr'>καὶ</span> <span class='ocrx_word' id='word_1_149' title='bbox 791 2051 832 2092; x_wconf 90' lang='grc' dir='ltr'>σ’</span> <span class='ocrx_word' id='word_1_150' title='bbox 853 2047 943 2106; x_wconf 74' lang='grc' dir='ltr'>ἔπη</span> 
     </span>
     <span class='ocr_line' id='line_1_28' title="bbox 67 2110 240 2214; baseline -0.013 -62"><span class='ocrx_word' id='word_1_151' title='bbox 67 2110 197 2152; x_wconf 59' lang='grc' dir='ltr'>καλ”</span> <span class='ocrx_word' id='word_1_152' title='bbox 119 2126 240 2214; x_wconf 62' lang='grc' dir='ltr'>νιος.</span> 
     </span>
    </p>

    <p class='ocr_par' dir='ltr' id='par_1_12' title="bbox 61 2175 944 3531">
     <span class='ocr_line' id='line_1_29' title="bbox 191 2175 943 2217; baseline 0.004 -3"><span class='ocrx_word' id='word_1_153' title='bbox 191 2207 199 2215; x_wconf 95' lang='grc'>.</span> <span class='ocrx_word' id='word_1_154' title='bbox 228 2175 434 2215; x_wconf 65' lang='grc'>202-249.</span> <span class='ocrx_word' id='word_1_155' title='bbox 469 2186 574 2215; x_wconf 90' lang='lat' dir='ltr'>sane</span> <span class='ocrx_word' id='word_1_156' title='bbox 605 2175 859 2216; x_wconf 83' lang='lat' dir='ltr'>reseruntur</span> <span class='ocrx_word' id='word_1_157' title='bbox 888 2177 943 2217; x_wconf 92' lang='lat' dir='ltr'>ad</span> 
     </span>
     <span class='ocr_line' id='line_1_30' title="bbox 66 2238 944 2289; baseline 0 -10"><span class='ocrx_word' id='word_1_158' title='bbox 66 2247 250 2279; x_wconf 83' lang='lat' dir='ltr'>scenam</span> <span class='ocrx_word' id='word_1_159' title='bbox 271 2238 552 2289; x_wconf 87' lang='lat' dir='ltr'>potissimum</span> <span class='ocrx_word' id='word_1_160' title='bbox 573 2238 830 2287; x_wconf 80' lang='lat' dir='ltr'>Romanam,</span> <span class='ocrx_word' id='word_1_161' title='bbox 864 2240 944 2279; x_wconf 79' lang='lat' dir='ltr'>nii-</span> 
     </span>
     <span class='ocr_line' id='line_1_31' title="bbox 66 2300 942 2352; baseline 0.001 -12"><span class='ocrx_word' id='word_1_162' title='bbox 66 2301 185 2340; x_wconf 85' lang='lat' dir='ltr'>nime</span> <span class='ocrx_word' id='word_1_163' title='bbox 209 2310 339 2348; x_wconf 74' lang='lat' dir='ltr'>vero,</span> <span class='ocrx_word' id='word_1_164' title='bbox 362 2301 411 2339; x_wconf 88' lang='lat' dir='ltr'>ut</span> <span class='ocrx_word' id='word_1_165' title='bbox 431 2300 636 2352; x_wconf 89' lang='lat' dir='ltr'>opinatur</span> <span class='ocrx_word' id='word_1_166' title='bbox 657 2302 863 2350; x_wconf 82' lang='lat' dir='ltr'>Diintzer,</span> <span class='ocrx_word' id='word_1_167' title='bbox 887 2302 942 2342; x_wconf 92' lang='lat' dir='ltr'>ad</span> 
     </span>
     <span class='ocr_line' id='line_1_32' title="bbox 65 2360 942 2413; baseline 0.001 -11"><span class='ocrx_word' id='word_1_168' title='bbox 65 2362 217 2403; x_wconf 90' lang='lat' dir='ltr'>nescio</span> <span class='ocrx_word' id='word_1_169' title='bbox 239 2371 351 2412; x_wconf 92' lang='lat' dir='ltr'>quos</span> <span class='ocrx_word' id='word_1_170' title='bbox 374 2360 622 2413; x_wconf 88' lang='lat' dir='ltr'>«simplices</span> <span class='ocrx_word' id='word_1_171' title='bbox 642 2363 942 2403; x_wconf 85' lang='lat' dir='ltr'>Romanorum</span> 
     </span>
     <span class='ocr_line' id='line_1_33' title="bbox 64 2423 944 2475; baseline 0 -11"><span class='ocrx_word' id='word_1_172' title='bbox 64 2424 216 2464; x_wconf 83' lang='lat' dir='ltr'>ludos»</span> <span class='ocrx_word' id='word_1_173' title='bbox 255 2423 354 2475; x_wconf 84' lang='lat' dir='ltr'>(auf</span> <span class='ocrx_word' id='word_1_174' title='bbox 375 2424 439 2464; x_wconf 83' lang='lat' dir='ltr'>die</span> <span class='ocrx_word' id='word_1_175' title='bbox 467 2424 679 2474; x_wconf 80' lang='lat' dir='ltr'>einfachen</span> <span class='ocrx_word' id='word_1_176' title='bbox 709 2425 842 2475; x_wconf 80' lang='lat' dir='ltr'>Spiele</span> <span class='ocrx_word' id='word_1_177' title='bbox 871 2427 944 2466; x_wconf 82' lang='lat' dir='ltr'>der</span> 
     </span>
     <span class='ocr_line' id='line_1_34' title="bbox 64 2485 942 2538; baseline 0.002 -12"><span class='ocrx_word' id='word_1_178' title='bbox 64 2485 246 2538; x_wconf 80' lang='lat' dir='ltr'>Ro&#39;mer),</span> <span class='ocrx_word' id='word_1_179' title='bbox 281 2496 434 2537; x_wconf 90' lang='lat' dir='ltr'>«quos,</span> <span class='ocrx_word' id='word_1_180' title='bbox 468 2490 708 2537; x_wconf 88' lang='lat' dir='ltr'>antequam</span> <span class='ocrx_word' id='word_1_181' title='bbox 728 2488 942 2528; x_wconf 82' lang='lat' dir='ltr'>Graecam</span> 
     </span>
     <span class='ocr_line' id='line_1_35' title="bbox 64 2548 939 2600; baseline 0.002 -12"><span class='ocrx_word' id='word_1_182' title='bbox 64 2548 336 2600; x_wconf 91' lang='lat' dir='ltr'>tragoediam</span> <span class='ocrx_word' id='word_1_183' title='bbox 353 2549 513 2597; x_wconf 81' lang='lat' dir='ltr'>norint,</span> <span class='ocrx_word' id='word_1_184' title='bbox 532 2549 667 2589; x_wconf 91' lang='lat' dir='ltr'>edere</span> <span class='ocrx_word' id='word_1_185' title='bbox 684 2548 797 2590; x_wconf 91' lang='lat' dir='ltr'>soliti</span> <span class='ocrx_word' id='word_1_186' title='bbox 813 2550 939 2590; x_wconf 88' lang='lat' dir='ltr'>sint.»</span> 
     </span>
     <span class='ocr_line' id='line_1_36' title="bbox 64 2610 941 2662; baseline 0.001 -12"><span class='ocrx_word' id='word_1_187' title='bbox 64 2611 224 2651; x_wconf 88' lang='lat' dir='ltr'>Errore</span> <span class='ocrx_word' id='word_1_188' title='bbox 255 2610 415 2650; x_wconf 90' lang='lat' dir='ltr'>ductus</span> <span class='ocrx_word' id='word_1_189' title='bbox 452 2610 637 2651; x_wconf 82' lang='lat' dir='ltr'>sortasse</span> <span class='ocrx_word' id='word_1_190' title='bbox 679 2612 941 2662; x_wconf 83' lang='lat' dir='ltr'>cogitavisse</span> 
     </span>
     <span class='ocr_line' id='line_1_37' title="bbox 62 2672 941 2724; baseline 0.002 -12"><span class='ocrx_word' id='word_1_191' title='bbox 62 2673 238 2713; x_wconf 85' lang='lat' dir='ltr'>videtur</span> <span class='ocrx_word' id='word_1_192' title='bbox 258 2673 478 2724; x_wconf 85' lang='lat' dir='ltr'>interpres</span> <span class='ocrx_word' id='word_1_193' title='bbox 504 2673 559 2713; x_wconf 87' lang='lat' dir='ltr'>de</span> <span class='ocrx_word' id='word_1_194' title='bbox 591 2673 830 2724; x_wconf 83' lang='lat' dir='ltr'>originibus</span> <span class='ocrx_word' id='word_1_195' title='bbox 862 2672 941 2714; x_wconf 93' lang='lat' dir='ltr'>illis</span> 
     </span>
     <span class='ocr_line' id='line_1_38' title="bbox 62 2735 942 2787; baseline 0 -12"><span class='ocrx_word' id='word_1_196' title='bbox 62 2735 210 2787; x_wconf 82' lang='lat' dir='ltr'>poe&#39;sis</span> <span class='ocrx_word' id='word_1_197' title='bbox 237 2735 442 2776; x_wconf 87' lang='lat' dir='ltr'>scenicae</span> <span class='ocrx_word' id='word_1_198' title='bbox 473 2736 719 2784; x_wconf 85' lang='lat' dir='ltr'>Romanae,</span> <span class='ocrx_word' id='word_1_199' title='bbox 754 2746 864 2786; x_wconf 90' lang='lat' dir='ltr'>quas</span> <span class='ocrx_word' id='word_1_200' title='bbox 885 2735 942 2775; x_wconf 88' lang='lat' dir='ltr'>ad</span> 
     </span>
     <span class='ocr_line' id='line_1_39' title="bbox 63 2797 943 2849; baseline 0.001 -13"><span class='ocrx_word' id='word_1_201' title='bbox 63 2807 104 2838; x_wconf 86' lang='lat' dir='ltr'>a.</span> <span class='ocrx_word' id='word_1_202' title='bbox 123 2807 166 2836; x_wconf 93' lang='lat' dir='ltr'>u.</span> <span class='ocrx_word' id='word_1_203' title='bbox 186 2808 224 2836; x_wconf 91' lang='lat' dir='ltr'>c.</span> <span class='ocrx_word' id='word_1_204' title='bbox 244 2797 339 2837; x_wconf 88' lang='grc'>394.</span> <span class='ocrx_word' id='word_1_205' title='bbox 362 2797 500 2838; x_wconf 86' lang='lat' dir='ltr'>refert</span> <span class='ocrx_word' id='word_1_206' title='bbox 530 2799 674 2838; x_wconf 83' lang='lat' dir='ltr'>Livius</span> <span class='ocrx_word' id='word_1_207' title='bbox 704 2799 743 2846; x_wconf 87' lang='lat'>7,</span> <span class='ocrx_word' id='word_1_208' title='bbox 774 2799 813 2837; x_wconf 65' lang='grc' dir='ltr'>Ξ.</span> <span class='ocrx_word' id='word_1_209' title='bbox 847 2799 943 2849; x_wconf 81' lang='lat' dir='ltr'>Agit</span> 
     </span>
     <span class='ocr_line' id='line_1_40' title="bbox 64 2858 941 2900; baseline 0.002 -2"><span class='ocrx_word' id='word_1_210' title='bbox 64 2861 216 2898; x_wconf 87' lang='lat' dir='ltr'>autem</span> <span class='ocrx_word' id='word_1_211' title='bbox 246 2859 289 2898; x_wconf 91' lang='lat' dir='ltr'>h.</span> <span class='ocrx_word' id='word_1_212' title='bbox 313 2858 341 2898; x_wconf 94' lang='lat' dir='ltr'>l.</span> <span class='ocrx_word' id='word_1_213' title='bbox 365 2860 571 2900; x_wconf 88' lang='lat' dir='ltr'>Horatius</span> <span class='ocrx_word' id='word_1_214' title='bbox 602 2860 657 2900; x_wconf 91' lang='lat' dir='ltr'>de</span> <span class='ocrx_word' id='word_1_215' title='bbox 690 2861 941 2900; x_wconf 88' lang='lat' dir='ltr'>necessaria</span> 
     </span>
     <span class='ocr_line' id='line_1_41' title="bbox 63 2921 941 2974; baseline 0.003 -14"><span class='ocrx_word' id='word_1_216' title='bbox 63 2921 316 2972; x_wconf 87' lang='lat' dir='ltr'>tragoediae</span> <span class='ocrx_word' id='word_1_217' title='bbox 347 2923 554 2973; x_wconf 90' lang='lat' dir='ltr'>antiquae</span> <span class='ocrx_word' id='word_1_218' title='bbox 585 2924 725 2974; x_wconf 90' lang='lat' dir='ltr'>parte,</span> <span class='ocrx_word' id='word_1_219' title='bbox 761 2923 815 2962; x_wconf 89' lang='lat' dir='ltr'>de</span> <span class='ocrx_word' id='word_1_220' title='bbox 843 2934 941 2963; x_wconf 90' lang='lat' dir='ltr'>me-</span> 
     </span>
     <span class='ocr_line' id='line_1_42' title="bbox 61 2981 940 3034; baseline 0.001 -12"><span class='ocrx_word' id='word_1_221' title='bbox 61 2981 249 3034; x_wconf 89' lang='lat' dir='ltr'>lopoeia,</span> <span class='ocrx_word' id='word_1_222' title='bbox 283 2983 326 3023; x_wconf 92' lang='lat' dir='ltr'>id</span> <span class='ocrx_word' id='word_1_223' title='bbox 358 2986 444 3031; x_wconf 91' lang='lat' dir='ltr'>est,</span> <span class='ocrx_word' id='word_1_224' title='bbox 479 2983 534 3023; x_wconf 90' lang='lat' dir='ltr'>de</span> <span class='ocrx_word' id='word_1_225' title='bbox 565 2984 687 3024; x_wconf 89' lang='lat' dir='ltr'>chori</span> <span class='ocrx_word' id='word_1_226' title='bbox 718 2986 849 3024; x_wconf 89' lang='lat' dir='ltr'>cantu</span> <span class='ocrx_word' id='word_1_227' title='bbox 888 2995 940 3023; x_wconf 89' lang='lat' dir='ltr'>ac</span> 
     </span>
     <span class='ocr_line' id='line_1_43' title="bbox 64 3044 941 3096; baseline 0 -11"><span class='ocrx_word' id='word_1_228' title='bbox 64 3045 340 3096; x_wconf 81' lang='lat' dir='ltr'>symphoniis</span> <span class='ocrx_word' id='word_1_229' title='bbox 374 3044 486 3085; x_wconf 91' lang='lat' dir='ltr'>illius</span> <span class='ocrx_word' id='word_1_230' title='bbox 516 3044 655 3085; x_wconf 88' lang='lat' dir='ltr'>verba</span> <span class='ocrx_word' id='word_1_231' title='bbox 691 3047 941 3086; x_wconf 88' lang='lat' dir='ltr'>comitanti-</span> 
     </span>
     <span class='ocr_line' id='line_1_44' title="bbox 62 3105 936 3159; baseline 0 -13"><span class='ocrx_word' id='word_1_232' title='bbox 62 3105 164 3152; x_wconf 81' lang='lat' dir='ltr'>bus.</span> <span class='ocrx_word' id='word_1_233' title='bbox 201 3107 427 3157; x_wconf 88' lang='lat' dir='ltr'>aptissime</span> <span class='ocrx_word' id='word_1_234' title='bbox 458 3106 575 3146; x_wconf 92' lang='lat' dir='ltr'>hunc</span> <span class='ocrx_word' id='word_1_235' title='bbox 601 3105 748 3146; x_wconf 90' lang='lat' dir='ltr'>locum</span> <span class='ocrx_word' id='word_1_236' title='bbox 781 3108 936 3159; x_wconf 83' lang='lat' dir='ltr'>capiti,</span> 
     </span>
     <span class='ocr_line' id='line_1_45' title="bbox 64 3167 940 3219; baseline 0.002 -12"><span class='ocrx_word' id='word_1_237' title='bbox 64 3178 153 3219; x_wconf 92' lang='lat' dir='ltr'>quo</span> <span class='ocrx_word' id='word_1_238' title='bbox 170 3167 294 3208; x_wconf 85' lang='lat' dir='ltr'>chori</span> <span class='ocrx_word' id='word_1_239' title='bbox 314 3167 508 3207; x_wconf 84' lang='lat' dir='ltr'>officium</span> <span class='ocrx_word' id='word_1_240' title='bbox 526 3170 805 3216; x_wconf 82' lang='lat' dir='ltr'>tractaverat,</span> <span class='ocrx_word' id='word_1_241' title='bbox 831 3169 940 3209; x_wconf 86' lang='lat' dir='ltr'>sub-</span> 
     </span>
     <span class='ocr_line' id='line_1_46' title="bbox 63 3227 941 3282; baseline 0.002 -13"><span class='ocrx_word' id='word_1_242' title='bbox 63 3230 262 3281; x_wconf 86' lang='lat' dir='ltr'>iungens.</span> <span class='ocrx_word' id='word_1_243' title='bbox 286 3229 363 3269; x_wconf 88' lang='lat' dir='ltr'>Est</span> <span class='ocrx_word' id='word_1_244' title='bbox 383 3232 532 3270; x_wconf 90' lang='lat' dir='ltr'>autem</span> <span class='ocrx_word' id='word_1_245' title='bbox 551 3227 834 3282; x_wconf 67' lang='grc' dir='ltr'><em>μελοποιίας</em></span> <span class='ocrx_word' id='word_1_246' title='bbox 855 3234 941 3271; x_wconf 87' lang='lat' dir='ltr'>tra-</span> 
     </span>
     <span class='ocr_line' id='line_1_47' title="bbox 64 3291 936 3344; baseline 0.001 -13"><span class='ocrx_word' id='word_1_247' title='bbox 64 3292 184 3342; x_wconf 87' lang='lat' dir='ltr'>gicae</span> <span class='ocrx_word' id='word_1_248' title='bbox 206 3291 401 3340; x_wconf 89' lang='lat' dir='ltr'>historia,</span> <span class='ocrx_word' id='word_1_249' title='bbox 419 3294 467 3331; x_wconf 90' lang='lat' dir='ltr'>ut</span> <span class='ocrx_word' id='word_1_250' title='bbox 487 3293 544 3331; x_wconf 85' lang='lat' dir='ltr'>ita</span> <span class='ocrx_word' id='word_1_251' title='bbox 566 3291 725 3339; x_wconf 85' lang='lat' dir='ltr'>dicam,</span> <span class='ocrx_word' id='word_1_252' title='bbox 747 3294 936 3344; x_wconf 81' lang='lat' dir='ltr'>poetica,</span> 
     </span>
     <span class='ocr_line' id='line_1_48' title="bbox 63 3354 938 3407; baseline 0.003 -15"><span class='ocrx_word' id='word_1_253' title='bbox 63 3354 178 3394; x_wconf 87' lang='lat' dir='ltr'>inter</span> <span class='ocrx_word' id='word_1_254' title='bbox 195 3354 413 3403; x_wconf 89' lang='lat' dir='ltr'>Athenas,</span> <span class='ocrx_word' id='word_1_255' title='bbox 445 3355 655 3402; x_wconf 90' lang='lat' dir='ltr'>Romam,</span> <span class='ocrx_word' id='word_1_256' title='bbox 689 3357 938 3407; x_wconf 79' lang='lat' dir='ltr'>poetaeque</span> 
     </span>
     <span class='ocr_line' id='line_1_49' title="bbox 64 3416 940 3465; baseline 0.002 -11"><span class='ocrx_word' id='word_1_257' title='bbox 64 3417 340 3465; x_wconf 84' lang='grc' dir='ltr'><em>φαντασίαν</em></span> <span class='ocrx_word' id='word_1_258' title='bbox 354 3418 466 3457; x_wconf 87' lang='lat' dir='ltr'>mire</span> <span class='ocrx_word' id='word_1_259' title='bbox 488 3416 720 3456; x_wconf 85' lang='lat' dir='ltr'>fluctuans.</span> <span class='ocrx_word' id='word_1_260' title='bbox 754 3417 846 3457; x_wconf 92' lang='lat' dir='ltr'>Hoc</span> <span class='ocrx_word' id='word_1_261' title='bbox 865 3428 940 3457; x_wconf 88' lang='lat' dir='ltr'>au-</span> 
     </span>
     <span class='ocr_line' id='line_1_50' title="bbox 66 3477 939 3531; baseline 0.002 -13"><span class='ocrx_word' id='word_1_262' title='bbox 66 3479 158 3518; x_wconf 87' lang='lat' dir='ltr'>tem</span> <span class='ocrx_word' id='word_1_263' title='bbox 177 3477 279 3519; x_wconf 89' lang='lat' dir='ltr'>inde</span> <span class='ocrx_word' id='word_1_264' title='bbox 295 3490 320 3519; x_wconf 89' lang='lat' dir='ltr'>a</span> <span class='ocrx_word' id='word_1_265' title='bbox 336 3490 377 3519; x_wconf 88' lang='lat' dir='ltr'>v.</span> <span class='ocrx_word' id='word_1_266' title='bbox 396 3479 491 3520; x_wconf 73' lang='lat'>200.</span> <span class='ocrx_word' id='word_1_267' title='bbox 510 3490 653 3531; x_wconf 87' lang='lat' dir='ltr'>usque</span> <span class='ocrx_word' id='word_1_268' title='bbox 671 3479 728 3519; x_wconf 87' lang='lat' dir='ltr'>ad</span> <span class='ocrx_word' id='word_1_269' title='bbox 743 3479 838 3519; x_wconf 68' lang='lat'>2⁴9.</span> <span class='ocrx_word' id='word_1_270' title='bbox 859 3480 939 3520; x_wconf 89' lang='lat' dir='ltr'>im-</span> 
     </span>
    </p>
   </div>
   <div class='ocr_carea' id='block_1_12' title="bbox 1000 1052 1922 3520">
    <p class='ocr_par' dir='ltr' id='par_1_13' title="bbox 1013 1052 1895 1465">
     <span class='ocr_line' id='line_1_51' title="bbox 1016 1052 1895 1107; baseline 0.005 -17"><span class='ocrx_word' id='word_1_271' title='bbox 1016 1052 1170 1103; x_wconf 89' lang='lat' dir='ltr'>primis</span> <span class='ocrx_word' id='word_1_272' title='bbox 1202 1052 1556 1093; x_wconf 83' lang='lat' dir='ltr'>demonstratum</span> <span class='ocrx_word' id='word_1_273' title='bbox 1589 1054 1633 1102; x_wconf 90' lang='lat' dir='ltr'>it,</span> <span class='ocrx_word' id='word_1_274' title='bbox 1667 1056 1792 1094; x_wconf 88' lang='lat' dir='ltr'>sicuti</span> <span class='ocrx_word' id='word_1_275' title='bbox 1816 1068 1895 1107; x_wconf 81' lang='grc' dir='ltr'>με-</span> 
     </span>
     <span class='ocr_line' id='line_1_52' title="bbox 1016 1113 1894 1169; baseline 0.006 -16"><span class='ocrx_word' id='word_1_276' title='bbox 1016 1113 1210 1154; x_wconf 74' lang='grc' dir='ltr'><em>λοποιΐα</em></span> <span class='ocrx_word' id='word_1_277' title='bbox 1259 1116 1434 1155; x_wconf 87' lang='lat' dir='ltr'>scenica</span> <span class='ocrx_word' id='word_1_278' title='bbox 1491 1115 1700 1167; x_wconf 89' lang='lat' dir='ltr'>paulatim</span> <span class='ocrx_word' id='word_1_279' title='bbox 1756 1119 1894 1169; x_wconf 83' lang='lat' dir='ltr'>magis</span> 
     </span>
     <span class='ocr_line' id='line_1_53' title="bbox 1017 1178 1890 1229; baseline 0.003 -13"><span class='ocrx_word' id='word_1_280' title='bbox 1017 1178 1252 1229; x_wconf 87' lang='lat' dir='ltr'>strepitosa</span> <span class='ocrx_word' id='word_1_281' title='bbox 1274 1179 1406 1228; x_wconf 86' lang='lat' dir='ltr'>atque</span> <span class='ocrx_word' id='word_1_282' title='bbox 1429 1179 1661 1219; x_wconf 80' lang='lat' dir='ltr'>artificiosa</span> <span class='ocrx_word' id='word_1_283' title='bbox 1687 1179 1798 1219; x_wconf 85' lang='lat' dir='ltr'>sacta</span> <span class='ocrx_word' id='word_1_284' title='bbox 1822 1180 1890 1227; x_wconf 78' lang='lat' dir='ltr'>sit,</span> 
     </span>
     <span class='ocr_line' id='line_1_54' title="bbox 1015 1239 1891 1293; baseline 0.002 -15"><span class='ocrx_word' id='word_1_285' title='bbox 1015 1239 1073 1278; x_wconf 84' lang='lat' dir='ltr'>ita</span> <span class='ocrx_word' id='word_1_286' title='bbox 1116 1240 1249 1279; x_wconf 88' lang='lat' dir='ltr'>etiam</span> <span class='ocrx_word' id='word_1_287' title='bbox 1295 1240 1417 1279; x_wconf 90' lang='lat' dir='ltr'>chori</span> <span class='ocrx_word' id='word_1_288' title='bbox 1462 1239 1685 1292; x_wconf 88' lang='lat' dir='ltr'>eloquium</span> <span class='ocrx_word' id='word_1_289' title='bbox 1732 1243 1891 1293; x_wconf 83' lang='lat' dir='ltr'>partim</span> 
     </span>
     <span class='ocr_line' id='line_1_55' title="bbox 1014 1300 1889 1352; baseline 0.005 -12"><span class='ocrx_word' id='word_1_290' title='bbox 1014 1300 1268 1347; x_wconf 82' lang='lat' dir='ltr'>sublimius.</span> <span class='ocrx_word' id='word_1_291' title='bbox 1302 1303 1461 1352; x_wconf 88' lang='lat' dir='ltr'>partim</span> <span class='ocrx_word' id='word_1_292' title='bbox 1485 1304 1617 1343; x_wconf 89' lang='lat' dir='ltr'>etiam</span> <span class='ocrx_word' id='word_1_293' title='bbox 1641 1303 1889 1351; x_wconf 80' lang='lat' dir='ltr'>obscurius,</span> 
     </span>
     <span class='ocr_line' id='line_1_56' title="bbox 1014 1364 1892 1416; baseline 0.006 -15"><span class='ocrx_word' id='word_1_294' title='bbox 1014 1374 1148 1414; x_wconf 89' lang='lat' dir='ltr'>quam</span> <span class='ocrx_word' id='word_1_295' title='bbox 1179 1364 1298 1403; x_wconf 89' lang='lat' dir='ltr'>initio</span> <span class='ocrx_word' id='word_1_296' title='bbox 1329 1364 1482 1413; x_wconf 81' lang='lat' dir='ltr'>suerit,</span> <span class='ocrx_word' id='word_1_297' title='bbox 1525 1366 1651 1416; x_wconf 90' lang='lat' dir='ltr'>quasi</span> <span class='ocrx_word' id='word_1_298' title='bbox 1682 1376 1892 1406; x_wconf 84' lang='lat' dir='ltr'>necessa-</span> 
     </span>
     <span class='ocr_line' id='line_1_57' title="bbox 1013 1426 1318 1465; baseline 0.007 -2"><span class='ocrx_word' id='word_1_299' title='bbox 1013 1426 1076 1464; x_wconf 94' lang='lat' dir='ltr'>rio</span> <span class='ocrx_word' id='word_1_300' title='bbox 1108 1427 1318 1465; x_wconf 86' lang='lat' dir='ltr'>evasisse.</span> 
     </span>
    </p>

    <p class='ocr_par' dir='ltr' id='par_1_14' title="bbox 1000 1487 1922 3520">
     <span class='ocr_line' id='line_1_58' title="bbox 1067 1487 1892 1541; baseline 0.005 -15"><span class='ocrx_word' id='word_1_301' title='bbox 1067 1488 1269 1527; x_wconf 66' lang='lat'>202-207.</span> <span class='ocrx_word' id='word_1_302' title='bbox 1313 1487 1427 1528; x_wconf 82' lang='lat' dir='ltr'>Tibia</span> <span class='ocrx_word' id='word_1_303' title='bbox 1457 1489 1560 1541; x_wconf 88' lang='lat' dir='ltr'>cet.]</span> <span class='ocrx_word' id='word_1_304' title='bbox 1598 1489 1743 1530; x_wconf 82' lang='lat' dir='ltr'>«Tibia</span> <span class='ocrx_word' id='word_1_305' title='bbox 1775 1491 1892 1531; x_wconf 90' lang='lat' dir='ltr'>enim</span> 
     </span>
     <span class='ocr_line' id='line_1_59' title="bbox 1012 1551 1888 1604; baseline 0.006 -16"><span class='ocrx_word' id='word_1_306' title='bbox 1012 1551 1112 1589; x_wconf 80' lang='lat' dir='ltr'>anie</span> <span class='ocrx_word' id='word_1_307' title='bbox 1158 1561 1244 1589; x_wconf 90' lang='lat' dir='ltr'>non</span> <span class='ocrx_word' id='word_1_308' title='bbox 1291 1553 1384 1590; x_wconf 93' lang='lat' dir='ltr'>erat</span> <span class='ocrx_word' id='word_1_309' title='bbox 1433 1552 1491 1590; x_wconf 87' lang='lat' dir='ltr'>ita</span> <span class='ocrx_word' id='word_1_310' title='bbox 1540 1554 1692 1592; x_wconf 88' lang='lat' dir='ltr'>ornata</span> <span class='ocrx_word' id='word_1_311' title='bbox 1741 1564 1888 1604; x_wconf 86' lang='lat' dir='ltr'>neque</span> 
     </span>
     <span class='ocr_line' id='line_1_60' title="bbox 1012 1612 1922 1655; baseline 0.005 -5"><span class='ocrx_word' id='word_1_312' title='bbox 1012 1614 1099 1651; x_wconf 89' lang='lat' dir='ltr'>tam</span> <span class='ocrx_word' id='word_1_313' title='bbox 1136 1612 1283 1652; x_wconf 91' lang='lat' dir='ltr'>multis</span> <span class='ocrx_word' id='word_1_314' title='bbox 1319 1612 1609 1654; x_wconf 83' lang='lat' dir='ltr'>foraminibus</span> <span class='ocrx_word' id='word_1_315' title='bbox 1640 1614 1774 1655; x_wconf 89' lang='lat' dir='ltr'>tubae</span> <span class='ocrx_word' id='word_1_316' title='bbox 1813 1612 1922 1655; x_wconf 75' lang='lat' dir='ltr'>ae-&#39;</span> 
     </span>
     <span class='ocr_line' id='line_1_61' title="bbox 1011 1673 1892 1718; baseline 0.006 -6"><span class='ocrx_word' id='word_1_317' title='bbox 1011 1673 1143 1713; x_wconf 87' lang='lat' dir='ltr'>mula.</span> <span class='ocrx_word' id='word_1_318' title='bbox 1167 1697 1190 1703; x_wconf 91' lang='lat'>-</span> <span class='ocrx_word' id='word_1_319' title='bbox 1211 1697 1233 1703; x_wconf 96' lang='lat'><em>-</em></span> <span class='ocrx_word' id='word_1_320' title='bbox 1259 1675 1457 1715; x_wconf 88' lang='lat' dir='ltr'>Ostendit</span> <span class='ocrx_word' id='word_1_321' title='bbox 1488 1675 1705 1716; x_wconf 79' lang='lat' dir='ltr'>luxuriam</span> <span class='ocrx_word' id='word_1_322' title='bbox 1734 1689 1892 1718; x_wconf 87' lang='lat' dir='ltr'>recen-</span> 
     </span>
     <span class='ocr_line' id='line_1_62' title="bbox 1011 1736 1890 1788; baseline 0.006 -14"><span class='ocrx_word' id='word_1_323' title='bbox 1011 1739 1100 1775; x_wconf 91' lang='lat' dir='ltr'>tem</span> <span class='ocrx_word' id='word_1_324' title='bbox 1125 1738 1168 1775; x_wconf 85' lang='lat' dir='ltr'>et</span> <span class='ocrx_word' id='word_1_325' title='bbox 1191 1736 1479 1778; x_wconf 89' lang='lat' dir='ltr'>ambitionem</span> <span class='ocrx_word' id='word_1_326' title='bbox 1506 1741 1646 1779; x_wconf 88' lang='lat' dir='ltr'>ratam</span> <span class='ocrx_word' id='word_1_327' title='bbox 1670 1750 1786 1788; x_wconf 89' lang='lat' dir='ltr'>esse,</span> <span class='ocrx_word' id='word_1_328' title='bbox 1810 1750 1890 1779; x_wconf 86' lang='lat' dir='ltr'>an-</span> 
     </span>
     <span class='ocr_line' id='line_1_63' title="bbox 1008 1799 1885 1849; baseline 0.003 -12"><span class='ocrx_word' id='word_1_329' title='bbox 1008 1799 1258 1849; x_wconf 88' lang='lat' dir='ltr'>tiquitatem</span> <span class='ocrx_word' id='word_1_330' title='bbox 1300 1811 1408 1839; x_wconf 86' lang='lat' dir='ltr'>vero</span> <span class='ocrx_word' id='word_1_331' title='bbox 1452 1811 1657 1840; x_wconf 85' lang='lat' dir='ltr'>severam</span> <span class='ocrx_word' id='word_1_332' title='bbox 1702 1800 1885 1840; x_wconf 80' lang='lat' dir='ltr'>fuisse.»</span> 
     </span>
     <span class='ocr_line' id='line_1_64' title="bbox 1009 1862 1888 1914; baseline 0.003 -15"><span class='ocrx_word' id='word_1_333' title='bbox 1009 1863 1138 1900; x_wconf 74' lang='lat' dir='ltr'>Acn0.</span> <span class='ocrx_word' id='word_1_334' title='bbox 1163 1884 1206 1888; x_wconf 97' lang='lat'><strong>—</strong></span> <span class='ocrx_word' id='word_1_335' title='bbox 1229 1872 1334 1911; x_wconf 74' lang='lat' dir='ltr'>non,</span> <span class='ocrx_word' id='word_1_336' title='bbox 1365 1866 1410 1901; x_wconf 81' lang='lat' dir='ltr'>ut</span> <span class='ocrx_word' id='word_1_337' title='bbox 1429 1862 1553 1914; x_wconf 76' lang='lat' dir='ltr'>nunc]</span> <span class='ocrx_word' id='word_1_338' title='bbox 1578 1863 1640 1902; x_wconf 84' lang='lat' dir='ltr'>Cf.</span> <span class='ocrx_word' id='word_1_339' title='bbox 1667 1863 1888 1903; x_wconf 82' lang='lat' dir='ltr'>Pratinam</span> 
     </span>
     <span class='ocr_line' id='line_1_65' title="bbox 1009 1919 1889 1977; baseline 0.006 -16"><span class='ocrx_word' id='word_1_340' title='bbox 1009 1922 1127 1973; x_wconf 90' lang='lat' dir='ltr'>apud</span> <span class='ocrx_word' id='word_1_341' title='bbox 1157 1923 1315 1963; x_wconf 86' lang='lat' dir='ltr'>Athen.</span> <span class='ocrx_word' id='word_1_342' title='bbox 1342 1923 1408 1972; x_wconf 75' lang='grc'>44,</span> <span class='ocrx_word' id='word_1_343' title='bbox 1438 1924 1476 1964; x_wconf 91' lang='lat'>8.</span> <span class='ocrx_word' id='word_1_344' title='bbox 1510 1935 1553 1974; x_wconf 90' lang='lat' dir='ltr'>p.</span> <span class='ocrx_word' id='word_1_345' title='bbox 1579 1924 1672 1963; x_wconf 89' lang='grc'>647.</span> <span class='ocrx_word' id='word_1_346' title='bbox 1697 1924 1746 1964; x_wconf 91' lang='lat' dir='ltr'>d:</span> <span class='ocrx_word' id='word_1_347' title='bbox 1776 1919 1889 1977; x_wconf 81' lang='grc' dir='ltr'>Ἐμὲ</span> 
     </span>
     <span class='ocr_line' id='line_1_66' title="bbox 1007 1982 1888 2039; baseline 0.003 -16"><span class='ocrx_word' id='word_1_348' title='bbox 1007 1982 1082 2023; x_wconf 88' lang='grc' dir='ltr'>δεῖ</span> <span class='ocrx_word' id='word_1_349' title='bbox 1097 1983 1334 2034; x_wconf 76' lang='grc' dir='ltr'><em>κελαδεῖν,</em></span> <span class='ocrx_word' id='word_1_350' title='bbox 1367 1984 1450 2037; x_wconf 75' lang='grc' dir='ltr'>ἐμὲ</span> <span class='ocrx_word' id='word_1_351' title='bbox 1471 1983 1546 2026; x_wconf 89' lang='grc' dir='ltr'>δεῖ</span> <span class='ocrx_word' id='word_1_352' title='bbox 1562 1990 1790 2039; x_wconf 76' lang='grc' dir='ltr'><em>παταγεῖν</em></span> <span class='ocrx_word' id='word_1_353' title='bbox 1805 1999 1813 2006; x_wconf 94' lang='grc'><em>·</em></span> <span class='ocrx_word' id='word_1_354' title='bbox 1831 2010 1888 2017; x_wconf 91' lang='lat'>—-</span> 
     </span>
     <span class='ocr_line' id='line_1_67' title="bbox 1009 2041 1884 2105; baseline 0.002 -19"><span class='ocrx_word' id='word_1_355' title='bbox 1009 2043 1036 2086; x_wconf 91' lang='grc' dir='ltr'><em>ὁ</em></span> <span class='ocrx_word' id='word_1_356' title='bbox 1080 2045 1115 2086; x_wconf 84' lang='grc' dir='ltr'>δ’</span> <span class='ocrx_word' id='word_1_357' title='bbox 1158 2042 1307 2098; x_wconf 76' lang='grc' dir='ltr'><em>αὐλὸς</em></span> <span class='ocrx_word' id='word_1_358' title='bbox 1341 2041 1562 2105; x_wconf 75' lang='grc' dir='ltr'><em>Ὕστερον</em></span> <span class='ocrx_word' id='word_1_359' title='bbox 1615 2049 1884 2105; x_wconf 76' lang='grc' dir='ltr'><em>χορευέτω·</em></span> 
     </span>
     <span class='ocr_line' id='line_1_68' title="bbox 1007 2105 1886 2167; baseline 0.003 -19"><span class='ocrx_word' id='word_1_360' title='bbox 1007 2108 1099 2149; x_wconf 84' lang='grc' dir='ltr'>Καὶ</span> <span class='ocrx_word' id='word_1_361' title='bbox 1121 2107 1211 2166; x_wconf 83' lang='grc' dir='ltr'>γάρ</span> <span class='ocrx_word' id='word_1_362' title='bbox 1226 2105 1330 2150; x_wconf 75' lang='grc' dir='ltr'><em>ἐσθ’</em></span> <span class='ocrx_word' id='word_1_363' title='bbox 1349 2105 1588 2167; x_wconf 73' lang='grc' dir='ltr'><em>ὑπηρέτας</em></span> <span class='ocrx_word' id='word_1_364' title='bbox 1602 2108 1779 2164; x_wconf 82' lang='grc' dir='ltr'><em>κώμων</em></span> <span class='ocrx_word' id='word_1_365' title='bbox 1792 2110 1886 2165; x_wconf 86' lang='grc' dir='ltr'>μό-</span> 
     </span>
     <span class='ocr_line' id='line_1_69' title="bbox 1007 2170 1886 2214; baseline 0.005 -4"><span class='ocrx_word' id='word_1_366' title='bbox 1007 2183 1106 2211; x_wconf 90' lang='grc' dir='ltr'><em>νον.</em></span> <span class='ocrx_word' id='word_1_367' title='bbox 1139 2171 1399 2212; x_wconf 89' lang='lat' dir='ltr'>Plutarchus</span> <span class='ocrx_word' id='word_1_368' title='bbox 1430 2172 1486 2212; x_wconf 92' lang='lat' dir='ltr'>de</span> <span class='ocrx_word' id='word_1_369' title='bbox 1507 2174 1664 2214; x_wconf 88' lang='lat' dir='ltr'>music.</span> <span class='ocrx_word' id='word_1_370' title='bbox 1689 2175 1764 2214; x_wconf 90' lang='lat'>30:</span> <span class='ocrx_word' id='word_1_371' title='bbox 1798 2170 1886 2214; x_wconf 81' lang='grc' dir='ltr'>ἁλ-</span> 
     </span>
     <span class='ocr_line' id='line_1_70' title="bbox 1007 2229 1888 2291; baseline 0.006 -18"><span class='ocrx_word' id='word_1_372' title='bbox 1007 2231 1067 2273; x_wconf 74' lang='grc' dir='ltr'>λὰ</span> <span class='ocrx_word' id='word_1_373' title='bbox 1090 2230 1180 2291; x_wconf 85' lang='grc' dir='ltr'>γὰρ</span> <span class='ocrx_word' id='word_1_374' title='bbox 1210 2235 1292 2275; x_wconf 78' lang='grc' dir='ltr'>καὶ</span> <span class='ocrx_word' id='word_1_375' title='bbox 1322 2229 1556 2287; x_wconf 56' lang='lat' dir='ltr'>umqum&gt;</span> <span class='ocrx_word' id='word_1_376' title='bbox 1587 2230 1686 2275; x_wconf 77' lang='grc' dir='ltr'>ἀπὸ</span> <span class='ocrx_word' id='word_1_377' title='bbox 1710 2232 1888 2278; x_wconf 76' lang='grc' dir='ltr'><em>ἁπλου-</em></span> 
     </span>
     <span class='ocr_line' id='line_1_71' title="bbox 1008 2296 1887 2356; baseline 0.003 -20"><span class='ocrx_word' id='word_1_378' title='bbox 1008 2299 1179 2354; x_wconf 84' lang='grc' dir='ltr'><em>στέρας</em></span> <span class='ocrx_word' id='word_1_379' title='bbox 1209 2298 1275 2347; x_wconf 86' lang='grc' dir='ltr'>εἰς</span> <span class='ocrx_word' id='word_1_380' title='bbox 1305 2296 1647 2356; x_wconf 80' lang='grc' dir='ltr'><em>ποικιλωτέραν</em></span> <span class='ocrx_word' id='word_1_381' title='bbox 1680 2297 1887 2351; x_wconf 82' lang='grc' dir='ltr'><em>μεταβέ-</em></span> 
     </span>
     <span class='ocr_line' id='line_1_72' title="bbox 1005 2357 1884 2414; baseline 0.003 -16"><span class='ocrx_word' id='word_1_382' title='bbox 1005 2358 1127 2412; x_wconf 77' lang='grc' dir='ltr'><em>βηκε</em></span> <span class='ocrx_word' id='word_1_383' title='bbox 1163 2357 1409 2412; x_wconf 81' lang='grc' dir='ltr'><em>μουσικήν</em></span> <span class='ocrx_word' id='word_1_384' title='bbox 1439 2358 1537 2400; x_wconf 83' lang='grc' dir='ltr'>κτλ.</span> <span class='ocrx_word' id='word_1_385' title='bbox 1575 2384 1620 2389; x_wconf 90' lang='grc'>-</span> <span class='ocrx_word' id='word_1_386' title='bbox 1662 2361 1884 2414; x_wconf 79' lang='lat' dir='ltr'>orichalco]</span> 
     </span>
     <span class='ocr_line' id='line_1_73' title="bbox 1007 2421 1881 2474; baseline 0.001 -11"><span class='ocrx_word' id='word_1_387' title='bbox 1007 2422 1171 2463; x_wconf 83' lang='lat' dir='ltr'>Confer</span> <span class='ocrx_word' id='word_1_388' title='bbox 1200 2421 1390 2463; x_wconf 86' lang='lat' dir='ltr'>Platonis</span> <span class='ocrx_word' id='word_1_389' title='bbox 1422 2423 1602 2463; x_wconf 89' lang='lat' dir='ltr'>Critiam</span> <span class='ocrx_word' id='word_1_390' title='bbox 1633 2432 1676 2474; x_wconf 90' lang='lat' dir='ltr'>p.</span> <span class='ocrx_word' id='word_1_391' title='bbox 1710 2423 1804 2464; x_wconf 78' lang='grc'>444.</span> <span class='ocrx_word' id='word_1_392' title='bbox 1834 2425 1881 2464; x_wconf 86' lang='grc' dir='ltr'>Ε.</span> 
     </span>
     <span class='ocr_line' id='line_1_74' title="bbox 1006 2483 1880 2536; baseline 0.005 -13"><span class='ocrx_word' id='word_1_393' title='bbox 1006 2483 1148 2524; x_wconf 90' lang='lat' dir='ltr'>Strab.</span> <span class='ocrx_word' id='word_1_394' title='bbox 1181 2485 1244 2524; x_wconf 89' lang='grc'>43.</span> <span class='ocrx_word' id='word_1_395' title='bbox 1291 2496 1334 2536; x_wconf 94' lang='lat' dir='ltr'>p.</span> <span class='ocrx_word' id='word_1_396' title='bbox 1366 2485 1460 2524; x_wconf 91' lang='lat'>909.</span> <span class='ocrx_word' id='word_1_397' title='bbox 1503 2485 1760 2525; x_wconf 89' lang='lat' dir='ltr'>Schneideri</span> <span class='ocrx_word' id='word_1_398' title='bbox 1791 2485 1880 2527; x_wconf 89' lang='lat' dir='ltr'>Ecl.</span> 
     </span>
     <span class='ocr_line' id='line_1_75' title="bbox 1006 2547 1884 2599; baseline 0.003 -13"><span class='ocrx_word' id='word_1_399' title='bbox 1006 2548 1136 2599; x_wconf 86' lang='lat' dir='ltr'>phys.</span> <span class='ocrx_word' id='word_1_400' title='bbox 1161 2558 1203 2599; x_wconf 91' lang='lat' dir='ltr'>p.</span> <span class='ocrx_word' id='word_1_401' title='bbox 1229 2548 1322 2587; x_wconf 92' lang='grc'>446.</span> <span class='ocrx_word' id='word_1_402' title='bbox 1358 2547 1600 2596; x_wconf 82' lang='lat' dir='ltr'>(Zinkerz</span> <span class='ocrx_word' id='word_1_403' title='bbox 1619 2549 1709 2588; x_wconf 77' lang='lat' dir='ltr'>mit</span> <span class='ocrx_word' id='word_1_404' title='bbox 1728 2550 1884 2589; x_wconf 82' lang='lat' dir='ltr'>Eisen</span> 
     </span>
     <span class='ocr_line' id='line_1_76' title="bbox 1004 2608 1880 2662; baseline 0.003 -14"><span class='ocrx_word' id='word_1_405' title='bbox 1004 2610 1304 2657; x_wconf 79' lang='lat' dir='ltr'>vermischt,</span> <span class='ocrx_word' id='word_1_406' title='bbox 1329 2608 1398 2649; x_wconf 84' lang='lat' dir='ltr'>alii</span> <span class='ocrx_word' id='word_1_407' title='bbox 1418 2610 1684 2662; x_wconf 71' lang='lat' dir='ltr'>Messinq.)</span> <span class='ocrx_word' id='word_1_408' title='bbox 1717 2611 1880 2660; x_wconf 85' lang='lat' dir='ltr'>«Tibia,</span> 
     </span>
     <span class='ocr_line' id='line_1_77' title="bbox 1006 2672 1884 2725; baseline 0.003 -15"><span class='ocrx_word' id='word_1_409' title='bbox 1006 2683 1092 2722; x_wconf 90' lang='lat' dir='ltr'>qua</span> <span class='ocrx_word' id='word_1_410' title='bbox 1136 2672 1434 2720; x_wconf 81' lang='lat' dir='ltr'>interemitur,</span> <span class='ocrx_word' id='word_1_411' title='bbox 1482 2682 1628 2722; x_wconf 88' lang='lat' dir='ltr'>neque</span> <span class='ocrx_word' id='word_1_412' title='bbox 1660 2676 1747 2712; x_wconf 90' lang='lat' dir='ltr'>tam</span> <span class='ocrx_word' id='word_1_413' title='bbox 1778 2684 1884 2725; x_wconf 90' lang='lat' dir='ltr'>pre-</span> 
     </span>
     <span class='ocr_line' id='line_1_78' title="bbox 1006 2735 1883 2785; baseline 0.003 -13"><span class='ocrx_word' id='word_1_414' title='bbox 1006 2735 1115 2774; x_wconf 90' lang='lat' dir='ltr'>tiosa</span> <span class='ocrx_word' id='word_1_415' title='bbox 1136 2735 1231 2773; x_wconf 90' lang='lat' dir='ltr'>erat</span> <span class='ocrx_word' id='word_1_416' title='bbox 1253 2744 1398 2784; x_wconf 88' lang='lat' dir='ltr'>neque</span> <span class='ocrx_word' id='word_1_417' title='bbox 1421 2735 1512 2773; x_wconf 89' lang='lat' dir='ltr'>tam</span> <span class='ocrx_word' id='word_1_418' title='bbox 1534 2744 1717 2785; x_wconf 89' lang='lat' dir='ltr'>magna,</span> <span class='ocrx_word' id='word_1_419' title='bbox 1747 2745 1883 2785; x_wconf 88' lang='lat' dir='ltr'>quam</span> 
     </span>
     <span class='ocr_line' id='line_1_79' title="bbox 1005 2794 1880 2846; baseline 0.002 -11"><span class='ocrx_word' id='word_1_420' title='bbox 1005 2807 1122 2836; x_wconf 90' lang='lat' dir='ltr'>nunc</span> <span class='ocrx_word' id='word_1_421' title='bbox 1153 2799 1240 2844; x_wconf 87' lang='lat' dir='ltr'>est,</span> <span class='ocrx_word' id='word_1_422' title='bbox 1283 2806 1397 2846; x_wconf 90' lang='lat' dir='ltr'>quae</span> <span class='ocrx_word' id='word_1_423' title='bbox 1429 2794 1650 2836; x_wconf 87' lang='lat' dir='ltr'>orichalco</span> <span class='ocrx_word' id='word_1_424' title='bbox 1683 2799 1880 2846; x_wconf 86' lang='lat' dir='ltr'>ornatur,</span> 
     </span>
     <span class='ocr_line' id='line_1_80' title="bbox 1006 2856 1882 2909; baseline 0.002 -12"><span class='ocrx_word' id='word_1_425' title='bbox 1006 2858 1125 2909; x_wconf 92' lang='lat' dir='ltr'>quod</span> <span class='ocrx_word' id='word_1_426' title='bbox 1155 2856 1427 2898; x_wconf 88' lang='lat' dir='ltr'>simillimum</span> <span class='ocrx_word' id='word_1_427' title='bbox 1458 2860 1526 2898; x_wconf 90' lang='lat' dir='ltr'>est</span> <span class='ocrx_word' id='word_1_428' title='bbox 1560 2857 1771 2899; x_wconf 86' lang='lat' dir='ltr'>bracteae</span> <span class='ocrx_word' id='word_1_429' title='bbox 1802 2870 1882 2899; x_wconf 89' lang='lat' dir='ltr'>au-</span> 
     </span>
     <span class='ocr_line' id='line_1_81' title="bbox 1003 2920 1881 2972; baseline 0.002 -13"><span class='ocrx_word' id='word_1_430' title='bbox 1003 2931 1153 2960; x_wconf 86' lang='lat' dir='ltr'>reae.»</span> <span class='ocrx_word' id='word_1_431' title='bbox 1185 2921 1339 2960; x_wconf 75' lang='lat' dir='ltr'>Ponrn.</span> <span class='ocrx_word' id='word_1_432' title='bbox 1368 2942 1413 2947; x_wconf 87' lang='lat'>—</span> <span class='ocrx_word' id='word_1_433' title='bbox 1444 2920 1612 2972; x_wconf 80' lang='lat' dir='ltr'>vincta]</span> <span class='ocrx_word' id='word_1_434' title='bbox 1645 2921 1743 2961; x_wconf 80' lang='lat' dir='ltr'>Sive</span> <span class='ocrx_word' id='word_1_435' title='bbox 1774 2921 1881 2972; x_wconf 88' lang='lat' dir='ltr'>legis</span> 
     </span>
     <span class='ocr_line' id='line_1_82' title="bbox 1002 2982 1882 3035; baseline 0.003 -14"><span class='ocrx_word' id='word_1_436' title='bbox 1002 2983 1142 3022; x_wconf 82' lang='lat' dir='ltr'>vincta</span> <span class='ocrx_word' id='word_1_437' title='bbox 1170 2982 1263 3022; x_wconf 88' lang='lat' dir='ltr'>sive</span> <span class='ocrx_word' id='word_1_438' title='bbox 1291 2982 1457 3030; x_wconf 80' lang='lat' dir='ltr'>iuncta,</span> <span class='ocrx_word' id='word_1_439' title='bbox 1490 2993 1634 3034; x_wconf 86' lang='lat' dir='ltr'>aeque</span> <span class='ocrx_word' id='word_1_440' title='bbox 1656 2983 1882 3035; x_wconf 83' lang='lat' dir='ltr'>explican-</span> 
     </span>
     <span class='ocr_line' id='line_1_83' title="bbox 1004 3044 1882 3096; baseline 0.002 -12"><span class='ocrx_word' id='word_1_441' title='bbox 1004 3044 1111 3084; x_wconf 92' lang='lat' dir='ltr'>dum</span> <span class='ocrx_word' id='word_1_442' title='bbox 1133 3046 1202 3084; x_wconf 89' lang='lat' dir='ltr'>est</span> <span class='ocrx_word' id='word_1_443' title='bbox 1221 3054 1324 3083; x_wconf 89' lang='lat' dir='ltr'>cum</span> <span class='ocrx_word' id='word_1_444' title='bbox 1345 3045 1451 3084; x_wconf 87' lang='lat' dir='ltr'>Fea:</span> <span class='ocrx_word' id='word_1_445' title='bbox 1485 3046 1754 3096; x_wconf 88' lang='lat' dir='ltr'>«Progressu</span> <span class='ocrx_word' id='word_1_446' title='bbox 1771 3049 1882 3086; x_wconf 89' lang='lat' dir='ltr'>tem-</span> 
     </span>
     <span class='ocr_line' id='line_1_84' title="bbox 1002 3104 1877 3158; baseline 0.003 -13"><span class='ocrx_word' id='word_1_447' title='bbox 1002 3106 1121 3158; x_wconf 92' lang='lat' dir='ltr'>poris</span> <span class='ocrx_word' id='word_1_448' title='bbox 1161 3104 1347 3157; x_wconf 86' lang='lat' dir='ltr'>amplior</span> <span class='ocrx_word' id='word_1_449' title='bbox 1383 3108 1427 3146; x_wconf 89' lang='lat' dir='ltr'>et</span> <span class='ocrx_word' id='word_1_450' title='bbox 1454 3104 1624 3158; x_wconf 89' lang='lat' dir='ltr'>longior</span> <span class='ocrx_word' id='word_1_451' title='bbox 1652 3107 1764 3147; x_wconf 79' lang='lat' dir='ltr'>facta</span> <span class='ocrx_word' id='word_1_452' title='bbox 1795 3110 1877 3156; x_wconf 87' lang='lat' dir='ltr'>est,</span> 
     </span>
     <span class='ocr_line' id='line_1_85' title="bbox 1003 3168 1879 3218; baseline 0.001 -11"><span class='ocrx_word' id='word_1_453' title='bbox 1003 3171 1049 3207; x_wconf 93' lang='lat' dir='ltr'>ut</span> <span class='ocrx_word' id='word_1_454' title='bbox 1069 3178 1230 3208; x_wconf 89' lang='lat' dir='ltr'>sonum</span> <span class='ocrx_word' id='word_1_455' title='bbox 1251 3168 1498 3218; x_wconf 88' lang='lat' dir='ltr'>graviorem</span> <span class='ocrx_word' id='word_1_456' title='bbox 1513 3168 1747 3217; x_wconf 85' lang='lat' dir='ltr'>redderet,</span> <span class='ocrx_word' id='word_1_457' title='bbox 1771 3169 1879 3218; x_wconf 79' lang='lat' dir='ltr'>quod</span> 
     </span>
     <span class='ocr_line' id='line_1_86' title="bbox 1002 3229 1879 3282; baseline 0.002 -14"><span class='ocrx_word' id='word_1_458' title='bbox 1002 3229 1126 3270; x_wconf 81' lang='lat' dir='ltr'>tibiae</span> <span class='ocrx_word' id='word_1_459' title='bbox 1167 3230 1419 3270; x_wconf 80' lang='lat' dir='ltr'>incremento</span> <span class='ocrx_word' id='word_1_460' title='bbox 1467 3230 1735 3281; x_wconf 67' lang='lat' dir='ltr'>longitudinis</span> <span class='ocrx_word' id='word_1_461' title='bbox 1773 3232 1879 3282; x_wconf 77' lang='lat' dir='ltr'>fiunt</span> 
     </span>
     <span class='ocr_line' id='line_1_87' title="bbox 1000 3293 1873 3344; baseline 0.001 -12"><span class='ocrx_word' id='word_1_462' title='bbox 1000 3293 1237 3344; x_wconf 67' lang='lat' dir='ltr'>graviores,</span> <span class='ocrx_word' id='word_1_463' title='bbox 1279 3294 1325 3331; x_wconf 92' lang='lat' dir='ltr'>ut</span> <span class='ocrx_word' id='word_1_464' title='bbox 1361 3293 1501 3343; x_wconf 89' lang='lat' dir='ltr'>inquit</span> <span class='ocrx_word' id='word_1_465' title='bbox 1532 3293 1804 3332; x_wconf 90' lang='lat' dir='ltr'>Censorinus</span> <span class='ocrx_word' id='word_1_466' title='bbox 1834 3304 1873 3333; x_wconf 93' lang='lat' dir='ltr'>c.</span> 
     </span>
     <span class='ocr_line' id='line_1_88' title="bbox 1004 3353 1875 3405; baseline -0.002 -9"><span class='ocrx_word' id='word_1_467' title='bbox 1004 3355 1068 3396; x_wconf 91' lang='grc'>40.</span> <span class='ocrx_word' id='word_1_468' title='bbox 1108 3356 1229 3395; x_wconf 89' lang='lat' dir='ltr'>Haec</span> <span class='ocrx_word' id='word_1_469' title='bbox 1257 3356 1306 3394; x_wconf 94' lang='lat' dir='ltr'>ut</span> <span class='ocrx_word' id='word_1_470' title='bbox 1335 3353 1500 3394; x_wconf 85' lang='lat' dir='ltr'>facilius</span> <span class='ocrx_word' id='word_1_471' title='bbox 1529 3356 1800 3405; x_wconf 87' lang='lat' dir='ltr'>portaretur,</span> <span class='ocrx_word' id='word_1_472' title='bbox 1832 3355 1875 3394; x_wconf 93' lang='lat' dir='ltr'>in</span> 
     </span>
     <span class='ocr_line' id='line_1_89' title="bbox 1000 3416 1877 3470; baseline 0 -12"><span class='ocrx_word' id='word_1_473' title='bbox 1000 3420 1149 3470; x_wconf 88' lang='lat' dir='ltr'>partes</span> <span class='ocrx_word' id='word_1_474' title='bbox 1179 3416 1440 3466; x_wconf 86' lang='lat' dir='ltr'>secabatur,</span> <span class='ocrx_word' id='word_1_475' title='bbox 1473 3427 1664 3468; x_wconf 86' lang='lat' dir='ltr'>quarum</span> <span class='ocrx_word' id='word_1_476' title='bbox 1685 3428 1789 3458; x_wconf 89' lang='lat' dir='ltr'>orae</span> <span class='ocrx_word' id='word_1_477' title='bbox 1814 3418 1877 3458; x_wconf 85' lang='lat' dir='ltr'>in-</span> 
     </span>
     <span class='ocr_line' id='line_1_90' title="bbox 1002 3477 1875 3520; baseline -0.002 0"><span class='ocrx_word' id='word_1_478' title='bbox 1002 3483 1152 3520; x_wconf 88' lang='lat' dir='ltr'>ternae</span> <span class='ocrx_word' id='word_1_479' title='bbox 1192 3478 1262 3520; x_wconf 85' lang='lat' dir='ltr'>vel</span> <span class='ocrx_word' id='word_1_480' title='bbox 1300 3490 1408 3520; x_wconf 93' lang='lat' dir='ltr'>auro</span> <span class='ocrx_word' id='word_1_481' title='bbox 1437 3477 1507 3519; x_wconf 82' lang='lat' dir='ltr'>vel</span> <span class='ocrx_word' id='word_1_482' title='bbox 1537 3478 1756 3520; x_wconf 90' lang='lat' dir='ltr'>orichalco</span> <span class='ocrx_word' id='word_1_483' title='bbox 1786 3477 1875 3520; x_wconf 88' lang='lat' dir='ltr'>cir-</span> 
     </span>
    </p>
   </div>
  </div>
 </body>
</html>
