2231 3787
847 283 943 321 LIB.
981 284 1009 322 1.
1073 283 1233 322 EPIST.
1270 285 1357 323 Vll.

1918 287 2020 338 403

259 414 382 465 Post
421 431 616 466 nonam
658 415 872 477 venies,
916 431 1055 468 nunc
1104 415 1142 475 i,
1186 432 1300 468 rem
1342 424 1593 469 strenuus
1635 434 1788 487 auge.

256 514 318 568 Ut
357 524 573 568 ventum
614 517 681 569 ail
722 534 946 570 coenam
989 524 1096 579 est,
1140 516 1370 571 dicenda
1411 518 1639 572 tacenda
1680 519 1889 574 locutus

255 616 491 670 Tandem
531 617 819 671 dormitum
863 619 1155 672 dimittitur.

1233 620 1330 673 Hic
1368 620 1460 674 ubi
1501 638 1666 692 saepe

254 719 540 772 Occultum
581 720 727 773 visus
768 721 1063 775 decurrere
1107 721 1271 792 piscis
1313 723 1381 776 ad
1421 722 1640 776 hamum

252 821 405 873 Mane
453 820 619 875 cliens
660 831 713 875 et
751 822 857 875 iam
896 831 1075 877 certus
1116 824 1368 886 conviva,
1412 825 1628 880 iubetur

1950 829 2015 880 75

252 925 394 977 Rura
436 923 749 977 suburbana
789 924 1002 979 indictis
1042 943 1225 980 comes
1266 927 1344 981 ire
1382 928 1597 982 Latinis.

251 1024 539 1096 impositus
580 1026 789 1079 mannis
830 1044 1017 1080 arvum
1057 1028 1378 1101 caelumque
1419 1031 1679 1085 Sabinum

288 1201 352 1240 7⁶2.
389 1205 445 1240 est
474 1202 529 1240 acl
559 1213 706 1241 cenam
737 1202 778 1241 d.
818 1223 861 1229 —
898 1202 964 1242 73.
997 1204 1062 1242 liic
1094 1204 1147 1253 C,
1182 1204 1268 1243 heic
1300 1206 1336 1252 t,
1370 1206 1449 1244 lzuc
1479 1218 1539 1255 φ,
1572 1206 1645 1246 Asc
1674 1208 1810 1262 ἀμφι,
1842 1210 1958 1261 Erqo

229 1267 273 1314 ς,
308 1275 395 1303 om.
422 1265 469 1312 E,
490 1262 536 1312 β.
566 1285 609 1292 -
637 1265 702 1304 75.
729 1266 856 1305 eliam
876 1265 1015 1306 bch.
1052 1265 1197 1318 (ctiam
1226 1278 1343 1307 serus
1370 1268 1552 1308 Bentleii
1575 1268 1706 1310 dubia
1729 1272 1955 1323 suspicio.)

173 1418 199 1444 ο
214 1401 239 1445 ὕ
254 1419 281 1445 κ
312 1405 335 1446 ἑ
347 1419 375 1453 χ
387 1403 489 1463 ρῆν
508 1401 907 1459 ἀπολαλήσαντες
924 1431 948 1437 -
963 1430 985 1436 -
1002 1405 1058 1447 τὸ

169 1467 443 1509 τελευταῖον
463 1493 486 1499 -
505 1492 529 1498 -
550 1465 765 1510 ἀπίασιν.
803 1493 848 1498 —
882 1471 1058 1510 dimitti-

169 1532 251 1584 tur]
299 1531 538 1573 «Politioris
584 1534 722 1573 moris
765 1534 943 1583 ignarus
980 1533 1059 1573 be-

168 1595 299 1646 nigne
321 1596 546 1645 monetur,
569 1597 618 1634 ut
643 1596 826 1635 tandem
856 1595 1057 1636 cubitum

166 1660 364 1700 redeat.»
410 1661 678 1711 Neutiquam
709 1661 776 1701 his
806 1672 877 1700 VV.
914 1660 1058 1701 ebrie—

167 1724 266 1763 tatis
309 1724 465 1763 vitium
509 1724 553 1763 in
599 1736 651 1764 eo
683 1723 1053 1775 reprehenditur,

166 1786 247 1827 sed
275 1787 361 1826 hoc
393 1786 622 1826 dumtaxat
653 1787 836 1835 dicitur,
869 1789 1055 1838 propter

165 1849 296 1889 totius
346 1859 514 1888 coenae
565 1848 833 1888 hilaritatem
881 1848 1053 1889 bonum

164 1909 285 1952 illum
314 1913 489 1952 Menam
519 1913 688 1952 sensim
719 1910 905 1952 oblitum
932 1923 1048 1962 esse,

163 1985 250 2024 qua
281 1975 389 2015 hora
420 1986 528 2015 suae
561 1976 835 2016 condicionis
865 1976 1054 2016 homini-

161 2037 246 2078 bus
276 2038 331 2078 de
362 2038 579 2079 nobilium
601 2041 752 2080 coenis
774 2039 1050 2090 surgendum

163 2102 296 2140 esset.
333 2123 379 2128 —
412 2102 501 2154 Hic]
535 2102 649 2141 Cum
679 2102 764 2142 hoc
798 2113 1048 2153 pronomen

165 2164 267 2213 (non
298 2162 416 2214 adV.)
460 2164 699 2204 excidisset
734 2165 777 2204 in
809 2164 1049 2205 Codicibus

161 2223 346 2276 aliquot,
378 2227 499 2265 varie
532 2225 733 2277 expletus
765 2229 833 2267 est
856 2237 1046 2268 Versus:

159 2288 288 2338 Hinc,
320 2289 433 2338 Huc,
464 2289 557 2338 Ast,
581 2290 710 2341 Ergo.
745 2289 833 2329 Sed
854 2289 907 2330 cf.
932 2291 1044 2341 Epp.

160 2351 206 2399 ⁰2,
239 2352 263 2391 2
281 2383 290 2400 ,
317 2351 410 2391 ⁴36.
436 2374 483 2380 -
518 2352 745 2404 Occultum]
779 2353 888 2404 Epp.
914 2354 953 2402 4,
979 2354 1045 2402 46,

160 2415 226 2453 54.
250 2415 436 2454 hamum
460 2417 591 2454 vocat
617 2420 820 2465 opertum.
848 2438 893 2443 —
905 2416 1047 2467 piscis]

161 2478 235 2514 «ut
264 2478 453 2528 piscis;»
486 2478 649 2518 omissa
681 2481 729 2518 ut
758 2489 894 2530 saepe
926 2490 1049 2519 com-

159 2539 400 2589 parationis
447 2539 677 2591 particula.
733 2541 795 2581 Cf.
831 2541 969 2592 Epod.
1005 2542 1042 2590 4,

158 2599 224 2640 34.
260 2623 300 2630 -
323 2601 510 2653 hamum]
542 2603 730 2654 Opipare
751 2604 917 2655 paratis
936 2615 1046 2643 con—

157 2663 281 2703 viviis
327 2663 636 2705 delectabatur
673 2665 899 2719 Philippus
930 2668 1045 2707 teste

156 2726 353 2766 Varrone
384 2729 431 2768 R.
466 2729 514 2768 R.
548 2729 587 2779 3,
623 2729 661 2779 3,
696 2731 734 2770 9.
788 2731 864 2771 His
893 2732 1044 2771 autem

157 2789 440 2830 inescabatur
469 2803 611 2833 novus
643 2792 795 2834 cliens.
827 2815 872 2822 —
906 2794 1043 2847 cliens]

158 2851 244 2890 Cfr.
277 2853 515 2894 Buttmann
551 2856 659 2895 Krit.
693 2856 798 2897 Bibl.
832 2857 881 2906 3,
916 2857 932 2896 ll
956 2889 965 2907 ,
997 2869 1041 2910 p.

158 2913 251 2952 390.
286 2917 515 2963 «Quotidie
541 2922 781 2970 patronum
802 2919 1043 2961 salutatum

156 2977 388 3027 veniebat,
414 2991 518 3020 eum
538 2982 583 3021 in
604 2982 748 3022 forum
770 2983 1040 3033 deducebat,

158 3042 202 3078 et
241 3040 524 3090 quotidianus
556 3054 696 3095 prope
737 3046 922 3085 conviva
961 3046 1043 3085 fie—

156 3101 276 3141 bat.»
321 3103 506 3143 Bentleii
540 3116 655 3145 serus
684 3108 861 3147 conviva
890 3112 1038 3149 esset:

158 3165 268 3216 «qui
299 3176 424 3215 sero,
459 3177 562 3207 cum
593 3170 730 3208 ceteri
759 3170 926 3210 iamdiu
955 3172 1043 3212 dis-

157 3225 412 3276 cubuerint,
445 3230 611 3268 venit.»
636 3252 683 3259 —
706 3231 960 3286 suburbana]
992 3234 1036 3274 h.

155 3288 182 3328 l.
214 3289 258 3329 in
288 3300 392 3340 agro
423 3290 600 3331 Sabino.
628 3315 673 3320 —-
696 3293 861 3333 indictis
879 3317 903 3323 -
920 3318 941 3324 -
959 3297 1042 3335 La—

156 3350 273 3403 tinis]
332 3353 483 3393 Feriae
536 3355 714 3394 Latinae
767 3367 857 3396 non
899 3359 1038 3398 statae

157 3416 308 3464 erant,
351 3415 432 3456 sed
464 3417 750 3468 conceptivae
782 3420 827 3457 et
858 3421 1041 3469 quotan—

156 3477 223 3517 nis
241 3477 550 3519 indicebantur
571 3491 595 3519 a
611 3479 806 3520 consule.
840 3482 1034 3523 Macrob.

158 3539 328 3579 Saturn.
363 3542 407 3590 4,
442 3542 507 3581 46.
558 3544 652 3582 Iam
681 3553 784 3584 cum
814 3554 896 3595 per
925 3555 1038 3595 qua—

1124 1408 1322 1449 triduum
1338 1410 1553 1450 iustitium
1571 1413 1705 1461 esset,
1721 1413 1894 1463 patroni
1912 1424 2014 1454 cau-

1123 1483 1277 1512 sarum
1317 1474 1361 1512 et
1401 1474 1655 1525 quicunque
1697 1473 1898 1516 civilibus
1929 1488 2012 1516 ne—

1122 1536 1248 1585 gotiis
1274 1534 1484 1587 implicati
1506 1539 1646 1585 erant,
1673 1538 1837 1577 otiandi
1860 1550 2008 1589 causa,

1122 1598 1359 1639 comitibus
1404 1598 1570 1651 aliquot
1618 1611 1774 1641 secum
1820 1601 2006 1651 eductis,

1119 1661 1463 1701 rusticabantur.
1526 1664 1595 1702 Sic
1639 1675 1663 1702 a
1696 1664 1911 1704 Cicerone
1949 1664 2011 1705 fe-

1118 1725 1193 1765 riis
1225 1726 1388 1765 Latinis
1419 1725 1643 1776 finguntur
1672 1726 1810 1766 habiti
1840 1728 1883 1767 in
1914 1729 2009 1767 Sci-

1117 1788 1261 1839 pionis
1291 1789 1475 1828 minoris
1513 1789 1653 1829 hortis
1683 1801 1916 1831 sermones
1949 1790 2007 1831 illi

1118 1851 1173 1890 de
1206 1861 1253 1890 re
1284 1850 1480 1902 publica.

1172 1913 1318 1953 77-85.
1367 1914 1589 1964 [inpositus
1626 1915 1808 1967 mannis]
1858 1917 2007 1958 «Man-

1115 1987 1222 2015 num
1245 1976 1492 2016 ascendere
1514 1978 1717 2027 iussus,»
1751 1990 1854 2018 cum
1870 1980 2007 2020 Acro-

1113 2050 1192 2088 ne,
1241 2038 1479 2089 Lambino,
1524 2041 1687 2081 Ceruto
1719 2040 1902 2092 aliisque
1935 2053 2008 2082 ex-

1114 2103 1238 2154 ponit
1285 2102 1535 2151 Obbarius;
1597 2115 1685 2155 qua
1742 2106 1786 2144 in
1833 2106 2004 2146 ratione

1114 2177 1236 2205 num.
1271 2165 1451 2218 pluralis
1488 2163 1657 2206 mannis
1686 2167 1892 2220 explicari
1923 2168 2005 2209 de-

1112 2227 1190 2267 bet
1229 2227 1300 2267 vel
1337 2240 1426 2268 una
1467 2240 1570 2269 cum
1606 2229 1789 2282 reliquis
1819 2231 2004 2283 Philippi

1113 2289 1351 2331 comitibus
1390 2290 1462 2331 vel
1505 2291 1563 2345 de
1604 2294 1778 2334 mannis
1809 2293 2003 2345 singulas

1113 2364 1194 2405 per
1214 2354 1471 2394 mansiones
1493 2356 1689 2396 mutatis.
1731 2357 1900 2397 Mannis
1921 2368 2003 2397 au-

1112 2418 1204 2455 tem
1233 2417 1456 2456 Romanos
1478 2417 1704 2457 interdum
1725 2421 1880 2459 vectos
1901 2431 2001 2460 esse

1111 2480 1331 2518 monstrat
1369 2490 1421 2518 ex
1460 2480 1656 2520 Senecae
1686 2481 1823 2532 Epist.
1857 2482 1923 2522 87.
1958 2483 2002 2522 et

1111 2543 1278 2581 Auson.
1330 2542 1467 2593 Epist.
1516 2542 1563 2592 8,
1612 2545 1666 2583 7:
1722 2545 1790 2584 Vel
1830 2546 2001 2585 celerem

1108 2615 1313 2644 mannum
1354 2605 1418 2644 vel
1454 2609 1628 2655 ruptum
1657 2610 1777 2658 terga
1803 2609 2001 2649 veredum

1110 2666 1388 2717 Conscendas,
1431 2679 1611 2717 propere
1650 2669 1872 2710 dummodo
1911 2671 2000 2710 iam

1107 2730 1264 2769 venias.
1311 2729 1392 2770 Alii
1416 2732 1591 2780 contra,
1627 2733 1747 2783 quod
1767 2733 1996 2784 praefero:

1112 2795 1375 2846 «impositus
1422 2796 1528 2836 cisio
1574 2795 1646 2836 vel
1689 2797 1880 2848 rhedae,
1928 2798 1998 2837 cui

1108 2857 1247 2896 iuncti
1291 2859 1418 2898 erant
1458 2859 1670 2908 manni,»
1716 2862 1765 2900 ut
1793 2862 1856 2901 ire
1884 2862 2000 2910 equis

1107 2931 1188 2971 pro
1217 2931 1350 2960 curru
1382 2921 1472 2960 vehi
1509 2921 1630 2961 ovid.
1656 2933 1710 2962 ex
1730 2925 1867 2964 Ponto
1889 2924 1929 2974 3,
1952 2924 1994 2973 4,

1108 2982 1217 3021 400:
1267 2983 1422 3032 Filius,
1473 2988 1511 3023 et
1553 2985 1724 3035 iunctis,
1767 2990 1815 3025 ut
1845 2988 1992 3037 prius,

1105 3044 1178 3084 ibit
1210 3045 1345 3095 cquis,
1379 3045 1424 3084 id
1445 3048 1533 3096 est,
1567 3058 1700 3087 curru
1722 3049 1992 3101 triumphali.

1103 3108 1287 3147 Mannus
1329 3109 1481 3148 autem
1526 3110 1594 3149 est
1636 3111 1798 3151 animal
1836 3111 1995 3162 hybri-

1105 3170 1214 3211 dum
1245 3182 1299 3210 ex
1330 3182 1446 3222 equo
1479 3173 1523 3211 et
1553 3173 1674 3212 asina
1705 3176 1875 3214 natum.
1928 3174 1990 3214 Cf.

1105 3233 1183 3273 Od.
1217 3233 1260 3283 3,
1293 3234 1367 3283 27,
1395 3235 1434 3273 7.
1484 3234 1624 3286 Epod.
1658 3235 1703 3285 4,
1740 3235 1805 3276 44„
1843 3257 1887 3264 —-
1923 3247 1995 3274 ar-

1102 3308 1202 3336 vum
1237 3296 1481 3345 caelumque
1520 3298 1724 3337 Sabinum
1753 3298 1856 3349 cet]
1902 3298 1992 3338 Etsi

1103 3369 1315 3410 asperum
1363 3361 1458 3399 erat
1513 3359 1657 3400 solum
1705 3360 1990 3410 frigidiusque

1104 3421 1278 3462 caelum
1327 3421 1568 3472 Sabinum,
1621 3425 1771 3462 tamen
1822 3423 1990 3463 homini

1101 3485 1174 3524 vix
1229 3495 1430 3535 unquam
1489 3488 1611 3524 extra
1660 3484 1786 3525 Urbis
1835 3496 1990 3526 muros

1101 3547 1280 3597 evagari
1317 3545 1444 3586 solito
1487 3547 1829 3588 amoenissimus
1868 3547 1990 3588 vide-
