2231 3787
266 262 365 313 540

872 265 1084 306 HORATH
1114 266 1478 308 EPISTOLARUM

812 683 1254 733 EPISTULA
1304 683 1530 731 xvn.

334 805 613 870 QuamviS,
656 804 881 865 Scaeva,
924 802 1052 856 satis
1091 819 1190 873 per
1228 809 1279 854 te
1317 800 1410 853 tibi
1451 798 1686 853 consulis
1715 807 1766 853 et
1805 799 1931 855 scis,
1997 825 2006 834 ·

335 910 454 971 Quo
495 905 709 959 tandem
745 913 901 976 pacto
943 904 1134 958 deceat
1171 902 1466 956 maioribus
1504 902 1603 958 uti,

331 1008 515 1069 Disce,
560 1006 838 1060 docendus
878 1005 1056 1059 adhuc
1093 1022 1233 1076 quae
1273 1012 1458 1057 censet
1495 1002 1783 1065 amiculus,
1826 1011 1883 1055 ut
1921 1003 1964 1055 si

369 1143 449 1182 ΕΡ.
473 1142 599 1181 XVII.
634 1141 671 1181 3.
706 1142 826 1181 Disce
847 1141 1051 1181 docendus
1073 1140 1221 1189 adhuc,
1256 1149 1364 1189 quae
1384 1139 1483 1188 LtF,
1507 1138 1628 1178 Disce
1648 1138 1852 1177 docendus
1871 1137 2020 1187 adhuc,

314 1205 412 1254 quid
442 1205 489 1244 C.

312 1321 437 1360 XVII.
487 1322 675 1369 Scaeva,
724 1331 882 1371 eques,
930 1323 978 1360 ut
1015 1320 1137 1359 aiunt

259 1382 551 1432 scholiastae,
600 1384 846 1431 Romanus,
895 1383 1052 1433 (quem
1084 1383 1136 1421 ii-

259 1446 363 1485 dem
403 1456 540 1496 prave
580 1443 765 1484 Lollium
801 1446 1015 1484 Scaevam
1054 1455 1136 1495 ap-

258 1507 443 1560 pellant,
476 1508 575 1558 quia
607 1508 874 1558 sequentem
893 1505 1136 1558 Epistolam

258 1581 361 1610 curn
405 1571 487 1609 hac
534 1570 767 1620 copulasse
810 1568 1042 1617 videntur,
1088 1570 1138 1608 ut

258 1632 358 1671 fecit
381 1632 515 1671 etiam
535 1632 673 1671 mirus
696 1630 765 1671 ille
789 1630 1133 1681 Praedicovius,)

257 1693 447 1745 alioquin
489 1696 557 1734 est
596 1695 784 1744 ignotus.
847 1694 1138 1744 Suspicantur

258 1756 453 1796 nonnulli
486 1755 624 1795 filium
654 1755 790 1796 fuisse
823 1756 962 1795 Cassii
1000 1756 1137 1796 Scae—

258 1830 365 1867 vae,
400 1818 670 1858 centurionis
703 1818 956 1864 Caesariani
987 1817 1136 1856 fortis-

258 1881 371 1920 simi.
425 1882 604 1931 (Caesar
631 1881 680 1919 B.
706 1880 753 1920 C.
779 1879 825 1928 3,
858 1880 924 1919 53.
965 1880 1053 1919 Cic.
1080 1879 1136 1918 acl

256 1945 341 1983 Att.
368 1943 440 1991 1¹4,
466 1944 540 1991 40,
566 1943 604 1982 ⁴2.
638 1941 747 1981 Plut.
775 1942 900 1981 Caes.
922 1941 1006 1991 46.)
1041 1941 1138 1991 (Ce-

257 2008 404 2045 terum
452 2005 572 2044 idem
622 2015 872 2055 cognomen
915 2004 1136 2056 reperitur

258 2069 391 2107 etiam
421 2069 464 2106 in
494 2067 619 2107 Didia
651 2069 693 2106 et
733 2068 777 2106 in
816 2066 939 2105 Iunia
970 2066 1134 2117 gente.)

259 2131 367 2170 Huic
389 2131 518 2181 igitur
535 2131 678 2169 amico
699 2129 857 2169 iuniori
871 2130 991 2168 viam
1010 2139 1136 2168 mon-

257 2194 388 2241 strat,
440 2203 526 2243 qua
574 2192 875 2243 potentiorum
933 2190 1135 2230 favorem

257 2253 340 2293 sibi
371 2256 515 2305 paret,
548 2255 605 2293 ita
628 2255 799 2302 tamen,
832 2255 880 2292 ut
900 2264 983 2293 nec
1003 2252 1135 2292 liber-

257 2319 392 2356 tatem
424 2317 612 2367 ingenuo
635 2317 802 2356 homini
830 2317 1133 2356 necessariam

256 2391 453 2430 unquam
503 2382 633 2418 exuat
677 2390 825 2430 neque
870 2377 1133 2418 adulationis

256 2441 433 2493 eulpam
465 2441 710 2481 contrahat.
759 2440 896 2480 Simul
918 2440 1134 2492 significat

255 2504 518 2553 lectoribus,
553 2504 778 2555 quomodo
800 2505 894 2556 ipse
918 2514 1020 2543 cum
1042 2507 1133 2542 Au-

255 2570 382 2618 gusto
428 2570 469 2606 et
512 2568 768 2607 Maecenate
813 2567 955 2606 amice
999 2567 1132 2616 atque

256 2629 471 2677 officiose,
519 2629 598 2669 sed
634 2631 784 2668 tamen
813 2627 953 2667 libero
984 2628 1131 2667 animo

253 2692 403 2731 vivere
436 2690 596 2740 soleat,
641 2691 755 2731 adeo
785 2693 833 2730 ut
863 2701 995 2730 nemo
1028 2701 1132 2730 eum

254 2756 436 2805 propter
465 2754 579 2793 hanc
603 2764 704 2793 cum
727 2752 1033 2805 superioribus
1056 2763 1132 2791 ne-

255 2816 574 2855 cessitudinem
605 2815 837 2867 despicere
869 2817 944 2854 aut
973 2826 1131 2866 repre-

254 2877 452 2917 hendere
482 2879 636 2928 possit.
685 2877 868 2926 Quando
891 2878 1054 2928 scripta
1076 2877 1131 2916 sit

255 2940 365 2979 haec
395 2939 610 2990 Epistola,
645 2950 746 2979 cum
769 2941 952 2979 Frankio
974 2941 1017 2979 in
1038 2950 1131 2979 me-

255 3001 325 3040 dio
383 3000 725 3051 relinquendum
788 3012 886 3042 esse
946 3012 1124 3041 censeo.

255 3062 456 3113 Plerique
490 3063 676 3102 credunt
698 3074 735 3102 a.
761 3074 803 3102 u.
825 3074 862 3102 c.
887 3063 998 3112 735„
1025 3065 1130 3102 Gro-

256 3125 401 3164 tesend
434 3135 471 3162 a.
497 3125 588 3163 737.
637 3124 714 3173 (Cf.
746 3127 925 3175 praeter
954 3127 1128 3165 ceteros

254 3186 410 3227 lacobs
442 3188 577 3226 Lectt.
603 3188 764 3226 Venus.
790 3198 832 3237 p.
858 3186 939 3236 74.)

310 3251 399 3288 »1-5.
450 3249 647 3298 Quamvis
687 3248 789 3299 cet.]
830 3248 994 3288 Iisdem
1035 3250 1126 3289 fere

255 3311 404 3351 verbis
424 3313 473 3351 A.
498 3313 544 3350 P.
568 3310 671 3350 366:
706 3311 894 3360 quamvis
914 3333 936 3339 -
955 3334 978 3340 -
993 3322 1072 3361 per
1091 3316 1128 3351 te

253 3375 385 3423 sapis,
419 3384 505 3424 qua
538 3372 722 3413 formula
755 3372 882 3422 illud,
919 3374 1035 3424 quod
1059 3375 1127 3414 in—

254 3437 362 3486 grati
394 3438 437 3475 et
467 3435 638 3476 molesti
677 3435 900 3476 interdum
930 3437 1044 3477 inest
1083 3438 1125 3476 in

255 3497 443 3539 consiliis
475 3500 607 3540 etiam
637 3497 888 3547 benevolis,
927 3500 1124 3550 mitigare

1199 1317 1445 1359 studemus.
1489 1314 1648 1356 Similis
1670 1315 1856 1356 formula
1878 1317 1947 1355 est
1966 1316 2074 1368 Epp.

1201 1381 1246 1428 4,
1295 1381 1367 1429 48,
1416 1380 1490 1419 67;
1540 1379 1734 1418 Protinus
1773 1382 1820 1418 ut
1859 1389 2075 1427 moneam,

1199 1444 1233 1482 si
1263 1445 1362 1493 quid
1389 1442 1607 1482 monitoris
1635 1453 1726 1494 eyes
1755 1446 1811 1481 tu.
1865 1442 1929 1481 De
1959 1441 2079 1481 Indi-

1200 1506 1342 1546 cativo
1374 1505 1428 1545 cf.
1460 1506 1593 1545 etiam
1622 1515 1662 1544 v.
1699 1505 1767 1544 ⁶22.
1807 1505 1850 1544 et
1878 1504 1988 1556 Epp.
2027 1505 2075 1554 4,

1201 1567 1277 1617 44,
1321 1568 1360 1607 6.
1416 1591 1460 1595 -
1502 1579 1581 1618 per
1622 1566 1678 1619 te]
1727 1567 1855 1607 «sine
1899 1565 2078 1607 alterius

1200 1631 1494 1682 praecept03n
1547 1630 1655 1670 «etsi
1712 1640 1785 1668 me
1835 1639 1924 1667 non
1972 1638 2078 1679 eges

1201 1691 1499 1732 consultore.»
1534 1716 1580 1720 —
1614 1691 1793 1743 tandem]
1825 1692 1874 1731 In
1902 1691 1987 1732 hac
2018 1692 2080 1731 in-

1199 1755 1499 1805 terrogatione
1531 1754 1710 1805 obliqua
1740 1743 1957 1805 significat
1976 1764 2079 1793 cum

1198 1817 1524 1868 potentioribus
1575 1819 1698 1857 recte
1751 1818 1923 1858 versari
1980 1826 2078 1857 rem

1201 1890 1300 1920 esse
1333 1879 1461 1919 valde
1494 1879 1733 1921 difficilem.
1761 1900 1805 1907 ·-
1835 1878 2078 1931 maioribus]

1202 1942 1265 1982 Cf.
1296 1943 1382 1982 Sat.
1413 1943 1460 1991 2,
1501 1943 1516 1981 4
1542 1974 1549 1991 ‚
1584 1942 1650 1981 64.
1688 1965 1733 1969 -
1766 1943 1971 1982 docendus
1999 1942 2078 1981 ad-

1198 2004 1289 2056 huc]
1323 2004 1552 2055 «quamvis
1595 2005 1773 2054 egomet
1808 2004 1903 2055 ipse
1943 2014 2078 2054 prae—

1201 2067 1392 2118 ceptoris
1416 2065 1663 2117 indigens»;
1696 2066 1844 2105 minus
1865 2066 1987 2105 recte
2009 2063 2078 2104 alii

1198 2130 1405 2180 iungunt:
1440 2129 1547 2168 disce
1577 2128 1781 2167 docendus
1808 2127 1963 2177 adhuc,
1994 2138 2077 2179 pro

1200 2192 1389 2231 docende.
1470 2189 1617 2230 Altera
1674 2190 1978 2241 interpretatio
2034 2191 2078 2229 et

1198 2265 1338 2306 prope
1374 2253 1527 2294 rustici
1566 2251 1730 2303 aliquid
1763 2251 1901 2292 habet
1929 2263 2076 2304 neque

1199 2317 1405 2356 convenit
1436 2326 1539 2355 cum
1570 2316 1692 2355 caeci
1731 2314 1927 2355 ductoris
1961 2315 2076 2355 ima-

1198 2380 1312 2429 gine.
1365 2379 1528 2418 Contra
1560 2379 1711 2417 nostra
1741 2378 1785 2416 in
1814 2377 1982 2416 ratione
2003 2388 2076 2417 ur-

1196 2440 1460 2489 banissime,
1485 2451 1573 2479 non
1594 2442 1744 2479 tamen
1765 2439 1859 2479 sine
1880 2439 2075 2490 quadam

1197 2504 1356 2551 ironia,
1391 2502 1495 2542 dicit
1526 2504 1672 2542 semet
1701 2502 1848 2553 ipsum
1875 2502 1957 2542 etsi
1985 2503 2072 2542 iam

1198 2565 1601 2616 quadragenarium
1623 2562 1846 2603 difficilem
1866 2563 1981 2603 hanc
2000 2575 2074 2604 ar-

1198 2631 1289 2668 tem
1320 2639 1423 2668 cum
1455 2626 1698 2667 maioribus
1728 2626 1935 2667 versandi
1962 2636 2074 2666 non—

1198 2691 1305 2730 dum
1336 2690 1512 2741 penitus
1533 2689 1840 2740 perdidicisse.
1887 2690 2072 2729 Nostrae

1196 2752 1463 2792 distinctioni
1500 2751 1618 2790 favet
1659 2751 1791 2790 etiam
1827 2751 2069 2799 Ausonius,

1195 2815 1267 2865 qui
1297 2813 1367 2853 bis
1397 2813 1508 2852 haec
1539 2813 1706 2851 Horatii
1726 2811 1865 2851 verba
1889 2823 2074 2864 expres-

1194 2878 1264 2926 sit,
1286 2875 1474 2916 Praefat.
1499 2874 1553 2913 ad
1578 2874 1847 2914 Centonem:
1872 2876 1926 2915 Ec
1945 2877 1979 2915 si
1994 2887 2073 2926 pa-

1193 2939 1315 2987 teris,
1338 2942 1385 2977 ut
1404 2939 1575 2977 doceam
1596 2938 1800 2977 docendus
1818 2939 1924 2988 ipse,
1948 2938 2071 2978 Cento

1194 3002 1292 3051 quid
1321 3001 1372 3040 sic
1412 3000 1636 3039 absolvam.
1685 3000 1820 3050 Epist.
1859 3000 1935 3039 47:
1981 3001 2071 3052 qu

1192 3068 1228 3103 te
1259 3062 1424 3111 docebo,
1458 3063 1661 3101 docendus
1689 3061 1844 3111 adhuc,
1881 3062 1915 3101 si
1947 3073 2072 3103 essem

1192 3126 1234 3164 id
1264 3125 1434 3173 aetatis,
1460 3128 1505 3163 ut
1528 3121 1758 3162 discerem?
1783 3144 1826 3150 -·
1852 3123 2068 3175 amiculus]

1192 3188 1361 3227 Eadem
1390 3198 1502 3227 voce
1535 3187 1670 3225 utitur
1701 3183 1895 3226 Catullus
1916 3185 1993 3234 30,
2026 3187 2065 3226 2.

1193 3256 1237 3291 et
1275 3251 1428 3290 Cicero
1463 3250 1588 3288 Verr.
1623 3251 1782 3288 Aecus.
1807 3247 1854 3298 3,
1886 3247 1963 3296 34,
1998 3249 2063 3287 79.

1192 3314 1350 3352 Forma
1381 3312 1638 3351 diminutiva
1662 3313 1883 3358 teneram,
1917 3321 2003 3361 qua
2026 3311 2067 3350 in

1191 3376 1406 3415 Scaevam
1442 3375 1661 3414 animatus
1707 3373 1783 3421 sit,
1830 3372 2068 3413 amicitiam

1192 3438 1411 3488 exprimit.
1440 3460 1483 3464 —
1509 3436 1662 3476 Caecus
1690 3435 1768 3473 iter
1797 3434 1900 3486 cet.]
1932 3436 2069 3475 Grae-

1192 3510 1293 3540 cum
1316 3501 1381 3540 est
1404 3497 1717 3551 proverqum:
1738 3493 1860 3549 μήτε
1881 3493 2065 3547 τυφλὸν
