2231 3787
227 290 318 343 162

287 420 583 473 Multorum.

288 525 412 575 Tam
454 521 663 592 nigrum
701 536 923 572 surrexe
966 517 1117 569 mihi!

288 623 397 676 Sub
438 622 606 676 cultro
646 620 849 691 linquit.

287 723 641 777 Adversarius
683 729 759 775 et:
802 722 920 784 Quo
960 728 1011 771 tu
1055 717 1404 789 turpissime?
1444 733 1635 786 magna

658 419 945 488 Ignosccs:
987 416 1116 469 alias
1156 415 1361 486 loquar.

852 287 1065 327 HORATII
1097 285 1397 326 SATIRARUM

1438 412 1678 465 Huncine
1718 410 1885 464 solem

1160 516 1313 586 Fugit
1352 512 1629 584 improbus
1672 529 1734 565 ac
1772 529 1857 565 me

928 620 1068 672 Casu
1110 617 1252 670 venit
1289 615 1480 669 obvius
1520 613 1591 665 illi

1967 714 2031 765 75

327 859 391 896 ΤΞ.
438 857 623 896 Huncine
653 855 740 894 bS:
787 855 996 894 Hunccine
1027 854 1134 902 LCt,
1180 850 1426 899 Bentleius,
1471 850 1591 898 FMJ,
1632 850 1813 889 Haecine
1843 859 1879 888 c.
1930 870 1974 876 —

273 919 338 959 74.
371 920 490 968 liquit
521 919 562 956 S.

217 1029 329 1068 cian.
364 1028 514 1066 Somn.
547 1026 595 1064 9:
644 1021 736 1063 τῶν
776 1021 829 1063 ἐκ
860 1019 943 1062 τοῦ
976 1020 1093 1061 πολ-

217 1088 301 1131 λοῦ
347 1086 504 1141 δήμου
549 1081 631 1137 εἷς.
674 1110 718 1115 —-
752 1086 938 1125 Huncine
978 1085 1090 1134 cet]

215 1154 357 1199 Haec,
405 1152 512 1191 dum
549 1150 656 1200 fuqit
684 1149 894 1196 Aristius,
937 1158 1093 1187 secum

214 1224 494 1253 murmurare
539 1211 769 1251 Horatium
807 1209 1091 1249 manifestum

215 1278 297 1315 cst.
336 1298 379 1302 —
413 1275 537 1313 solem
578 1274 679 1312 Tam
716 1272 905 1324 myrum]
948 1271 1093 1310 «diem

214 1341 304 1377 tam
336 1340 505 1382 atrum,
539 1335 823 1375 infaustum.»
856 1335 1096 1385 Opponun-

216 1404 285 1438 tur
327 1399 494 1437 candidi
535 1398 636 1437 soles
681 1395 835 1437 Catull.
878 1396 922 1444 8,
969 1395 1007 1434 3.
1046 1417 1089 1425 ——

215 1461 403 1512 surrare]
438 1471 517 1511 pro
548 1460 800 1507 surreoeisse,
839 1461 886 1498 ut
917 1459 1090 1497 Terent.

215 1522 400 1574 Adelph.
422 1522 461 1571 4,
486 1524 525 1571 2,
551 1524 626 1562 ⁵22:
652 1522 860 1572 proclamo.
894 1519 1029 1560 Lucil.
1050 1519 1089 1567 ⁶2,

215 1586 253 1627 4.
291 1587 604 1634 invasse.5,1¹,
638 1586 684 1624 ⁶2:
721 1584 887 1623 mansn.
936 1579 1090 1621 Catull.

216 1648 259 1688 4⁴
285 1681 291 1696 ,
318 1647 389 1688 114:
422 1648 547 1687 «misti.
593 1649 722 1698 Prop.
749 1647 763 1685 4
786 1678 793 1695 ,
818 1645 865 1693 3,
891 1644 962 1684 37:
994 1655 1095 1683 con-

214 1711 397 1760 sumpsti.
432 1710 605 1749 Lucret.
631 1710 646 1748 4
669 1741 677 1758 ,
710 1707 813 1748 ⁶234:
837 1717 1089 1756 consumpse.

217 1773 364 1811 Horat.
385 1773 471 1811 Sat.
492 1773 531 1816 ⁶2,
557 1771 596 1819 3,
619 1770 717 1810 273:
742 1770 941 1819 percusti.
968 1768 1091 1808 Conf.

217 1834 274 1873 ad
313 1835 399 1872 Sat.
436 1834 480 1880 l,
513 1834 559 1879 ὅ,
592 1832 659 1871 79.
716 1834 807 1871 Nec
846 1842 954 1870 vero
993 1829 1095 1869 talia

214 1897 384 1947 respuit
412 1894 615 1945 Virgilius
648 1895 768 1945 (Aen.
803 1895 848 1942 sl,
881 1893 982 1932 201:
1021 1903 1096 1931 ac-

215 1960 345 1998 cestis.
380 1957 426 2005 4,
474 1957 568 1996 606.
610 1957 843 1996 eaestz‘noeem
887 1954 987 2004 cet.)
1048 1954 1096 1992 In

215 2022 340 2062 Ennii
373 2019 569 2070 reliquiis
602 2020 738 2070 epicis
769 2017 869 2057 talia
899 2028 987 2056 non
1019 2027 1096 2056 su—

216 2085 417 2135 persunt.
451 2083 513 2122 De
537 2082 747 2121 infinitivo
768 2080 857 2119 vid.
878 2078 934 2118 ad
954 2076 1093 2128 Epod.

218 2146 265 2189 8.
300 2146 337 2184 4.
364 2167 409 2172 —
434 2143 517 2184 Sub
545 2144 691 2192 cultro]
717 2142 841 2193 quasi
871 2140 1097 2180 victimam

217 2219 241 2247 a
271 2218 387 2260 popa
418 2206 594 2246 iamiam
630 2203 929 2244 mactandam.
991 2203 1099 2241 Ter-

217 2267 308 2309 tull.
341 2267 521 2319 Apolog.
555 2268 602 2307 8:
649 2266 788 2316 infans
817 2287 841 2293 -
869 2287 892 2292 —
923 2264 994 2314 qui
1022 2274 1098 2302 ne-

216 2331 321 2370 sciat
349 2335 546 2378 mortem,
586 2330 656 2378 qui
685 2328 757 2368 sub
783 2328 915 2367 cultro
946 2331 1015 2366 tuo
1041 2327 1100 2364 ri-

217 2394 324 2432 deat.
386 2390 532 2431 Simile
563 2390 854 2443 proverbium
883 2390 993 2429 inter
1027 2400 1100 2428 sa—

218 2466 337 2494 crum
357 2459 394 2494 et
413 2465 567 2493 saoeum
587 2458 698 2493 stare
719 2454 787 2493 est
806 2451 943 2492 Plaut.
970 2452 1095 2502 Capt.

221 2517 265 2566 3,
299 2516 348 2564 4,
383 2515 449 2557 84.

275 2579 421 2618 75-78.
461 2576 750 2627 Adversarius]
790 2576 1001 2615 Diversus
1033 2574 1100 2613 vi-

222 2640 351 2680 detur
379 2640 452 2678 hic
481 2639 535 2678 ab
567 2637 660 2687 illo,
703 2638 778 2689 qui
807 2638 926 2676 hunc
955 2637 1101 2676 homi-

222 2712 327 2742 nem
355 2701 543 2740 vadatus
576 2702 670 2739 erat
707 2711 749 2739 v.
785 2699 870 2747 36.,
914 2698 1102 2738 Ouwen-

225 2765 288 2804 sio
331 2765 475 2803 Noctt.
517 2763 623 2813 Hag.
657 2762 704 2810 3,
752 2763 790 2801 5.
838 2772 882 2812 p.
924 2759 1017 2800 354.
1059 2761 1102 2799 et

225 2825 444 2865 Boedero.
477 2825 579 2864 Hic:
629 2825 775 2872 «Quae
815 2823 887 2862 hic
916 2833 1103 2861 narran-

225 2889 347 2936 tur,»
387 2887 548 2937 inquit,
591 2896 709 2925 «non
740 2885 1007 2924 conveniunt
1038 2885 1099 2932 ei,

226 2950 300 3000 qui
339 2948 645 2988 vadimonium
689 2946 973 2995 deseruerat,
1022 2945 1103 2986 sed

227 3011 301 3061 qui
333 3011 473 3061 primo
505 3010 548 3048 in
578 3010 645 3049 ius
674 3010 860 3048 vocatus
891 3008 953 3047 ire
985 3006 1105 3047 nole-

226 3072 315 3111 bat.
377 3072 503 3111 Hunc
532 3070 634 3110 licet
664 3069 838 3109 obtorto
863 3067 973 3109 collo
1003 3070 1106 3120 post

227 3134 568 3173 antestationem
605 3132 649 3171 in
687 3132 754 3171 ius
784 3141 956 3182 rapere.
1018 3132 1105 3169 Ac-

227 3194 343 3235 cedit
373 3195 492 3246 quod
522 3195 661 3244 magis
684 3204 763 3233 nos
785 3194 936 3233 movet
960 3193 1103 3244 imago

228 3257 489 3309 importuni,
533 3257 569 3296 si
599 3255 809 3306 litigiosus
841 3256 885 3294 et
915 3253 1106 3294 obaera-

229 3323 298 3360 tus
328 3319 547 3371 fingitur.»
587 3319 663 3358 Est
692 3317 879 3368 aliquid:
929 3317 1009 3357 sed
1039 3320 1106 3357 ta-

229 3392 333 3420 men
362 3380 486 3432 lepos
517 3380 650 3420 totius
672 3378 754 3419 loci
775 3378 1018 3418 admodum
1040 3378 1108 3418 di-

229 3443 364 3482 minui
385 3442 582 3490 videtur,
610 3440 686 3480 ubi
708 3451 794 3480 non
816 3439 1107 3491 intelligamus

231 3504 425 3544 eundem
454 3503 575 3544 illum
607 3503 911 3544 adversarium
944 3514 985 3542 v.
1020 3502 1104 3552 36.,

1157 1022 1385 1062 hominem
1429 1020 1567 1061 litium
1617 1020 1828 1072 cupidum
1877 1022 1922 1060 et
1970 1021 2035 1059 rei

1158 1096 1264 1124 suae
1305 1084 1418 1124 adeo
1464 1085 1660 1132 certum,
1707 1085 1779 1132 ut,
1826 1083 1959 1122 etiam
1998 1083 2035 1123 si

1156 1145 1318 1186 nebulo
1349 1157 1438 1186 non
1458 1156 1757 1197 responsurus
1787 1144 1911 1184 litem
1930 1155 2036 1196 per-

1158 1210 1264 1249 dere
1296 1209 1513 1256 debebat,
1547 1210 1720 1255 tamen,
1754 1210 1801 1246 ut
1829 1208 1866 1247 is
1896 1217 1944 1247 se
1975 1207 2038 1246 si-

1157 1274 1296 1312 steret
1324 1273 1368 1311 in
1399 1271 1582 1319 iudicio,
1607 1268 1757 1310 mallet
1777 1272 1909 1321 atque
1931 1279 2037 1320 pro-

1157 1336 1256 1386 pter
1286 1334 1330 1375 id
1360 1335 1527 1386 ipsum,
1575 1332 1694 1384 quod
1731 1333 1840 1372 hora
1873 1332 2038 1372 consti-

1156 1399 1248 1436 tuta
1278 1396 1583 1436 vadimonium
1614 1395 1898 1443 deseruerat,
1934 1404 2038 1433 eum

1159 1459 1305 1498 denuo
1350 1460 1393 1498 in
1437 1459 1504 1497 ius
1544 1459 1738 1509 raperet.
1798 1457 1866 1495 Sic
1905 1457 2039 1496 etiam

1157 1521 1405 1561 Bethmann
1455 1519 1647 1570 Hollweg
1693 1519 1923 1558 Handbuch
1972 1519 2040 1557 des

1159 1584 1473 1632 Civilprozesses
1501 1583 1532 1620 I.
1566 1580 1669 1621 247:
1719 1581 1822 1620 «Die
1849 1581 2040 1620 Parteien

1156 1645 1449 1686 verabrecletcn
1479 1645 1595 1683 einen
1624 1643 1897 1694 qei’dunziyen
1939 1643 2038 1682 Ter-

1157 1710 1268 1758 min,
1314 1709 1358 1747 in
1395 1708 1588 1746 welchem
1625 1707 1682 1746 sie
1718 1706 1802 1745 sich
1835 1718 1913 1745 vor
1948 1707 2040 1745 dem

1157 1774 1309 1813 Prczsstor
1339 1772 1484 1821 treffen
1511 1770 1696 1818 women,
1738 1769 1825 1808 und
1854 1770 1927 1808 der
1960 1769 2042 1808 Be-

1158 1835 1295 1885 klaqte
1337 1833 1417 1884 glab
1462 1832 1642 1871 desshalb
1686 1832 1855 1883 Bur-qen
1895 1831 2043 1882 (vadi-

1160 1894 1388 1943 monium).
1455 1895 1539 1934 Von
1561 1895 1711 1933 diesem
1730 1893 2038 1933 vadimonium

1156 1958 1294 2009 finden
1322 1957 1405 1996 wir
1425 1957 1554 1995 daher
1577 1955 1637 1995 bei
1658 1956 1799 1996 Cicero
1816 1955 2040 2006 unzc'thliye

1159 2019 1378 2068 Beispiele‚·
1429 2029 1511 2057 von
1555 2019 1628 2057 der
1671 2018 1714 2056 in
1758 2018 1825 2057 ius
1868 2017 2040 2057 vocatio

1160 2082 1270 2121 nicht
1303 2081 1452 2130 EineS,
1497 2091 1618 2120 wenn
1654 2080 1784 2130 qleich
1819 2080 1877 2119 sie
1913 2090 2043 2130 ,qeyen

1160 2147 1307 2195 Leute,
1339 2145 1419 2184 wie
1448 2145 1521 2183 der
1550 2144 1791 2183 Schwatzer
1810 2145 1878 2183 des
1896 2144 2040 2183 Horaz

1161 2209 1260 2247 ocler
1287 2208 1392 2246 noch
1435 2211 1608 2258 c'ir9ere,
1656 2207 1764 2245 auch
1798 2207 1906 2256 Jetzt
1947 2210 2045 2257 yute

1161 2271 1327 2310 Dienste
1357 2271 1457 2309 that.
1483 2291 1506 2297 —
1522 2291 1546 2297 -
1567 2269 1703 2320 Geyer»
1733 2268 1868 2308 diesen
1895 2269 2044 2308 warde

1161 2334 1204 2372 in
1243 2333 1367 2383 Folye
1396 2332 1504 2371 eines
1543 2331 1854 2371 Vadimoniums
1883 2331 2045 2370 Gewalt

1161 2395 1408 2447 qebraucht;
1441 2395 1546 2434 denn
1565 2405 1654 2433 wer·
1673 2394 1799 2433 dieses
1816 2394 1928 2433 nicht
1947 2394 2043 2434 inne

1163 2458 1278 2507 ΜΘΗ,
1311 2457 1422 2496 hatte
1450 2457 1506 2496 sie
1533 2456 1689 2495 wieder
1716 2466 1772 2495 zu
1805 2455 2041 2506 farchten.»

1162 2521 1198 2559 A
1238 2519 1331 2559 foro
1371 2519 1521 2569 igitur,
1567 2517 1645 2557 ubi
1687 2517 1917 2557 hominem
1956 2528 2046 2558 non

1164 2580 1422 2627 invenerat,
1473 2580 1595 2619 venit
1642 2579 1926 2619 adversarius
1975 2580 2042 2628 et,

1166 2652 1269 2681 cum
1299 2639 1585 2689 sciscitando,
1627 2650 1762 2689 quam
1792 2641 1910 2679 viam
1942 2651 2047 2680 cum

1165 2704 1344 2743 Horatio
1367 2703 1593 2752 ingressus
1617 2703 1757 2750 esset,
1790 2701 2049 2753 investigas-

1166 2766 1252 2813 set,
1297 2774 1400 2803 eum
1439 2764 1740 2814 consequitur.
1803 2764 1964 2803 Contra
2001 2763 2047 2804 in

1166 2825 1381 2865 Ouwensii
1422 2825 1589 2863 ratione
1627 2824 1681 2863 de
1721 2823 1845 2864 caelo
1876 2824 2048 2865 delabi-

1166 2888 1237 2926 tur
1267 2887 1418 2925 nescio
1460 2887 1558 2937 quis
1596 2884 1705 2926 alius
1736 2886 2042 2935 adversarius;

1167 2958 1255 2998 quo
1286 2947 1321 2987 si
1352 2957 1464 2998 opus
1496 2946 1672 2996 fuisset,
1718 2948 1824 2987 mihi
1862 2948 2046 2999 quidem

1165 3019 1433 3060 persuasum
1476 3011 1563 3057 est,
1610 3009 1839 3049 Horatium
1876 3009 1917 3049 id
1957 3020 2046 3050 uno

1167 3069 1325 3111 saltem
1353 3069 1493 3110 verbo
1516 3070 1866 3122 significaturum
1892 3071 2044 3112 fuisse.

1166 3134 1309 3183 Atque
1361 3132 1540 3171 omnino
1594 3133 1708 3172 mira
1759 3134 1879 3173 esset
1928 3133 2048 3185 apud

1167 3195 1347 3246 poetam
1378 3193 1491 3233 haec
1522 3192 1658 3234 altera
1689 3196 1781 3234 tam
1811 3194 1958 3235 subita
1987 3193 2048 3235 le-

1169 3257 1232 3307 gis
1278 3257 1391 3297 actio
1436 3267 1518 3308 per
1560 3267 1718 3297 manus
1762 3257 2047 3298 iniectionem

1168 3329 1351 3370 puram,
1398 3318 1443 3358 id
1483 3320 1551 3358 est
1589 3328 1677 3357 non
1714 3328 1795 3369 pro
1826 3318 2043 3368 iudicato,

1171 3380 1226 3420 de
1261 3392 1347 3431 qua
1388 3380 1465 3420 cfr.
1500 3380 1655 3420 Gaium
1684 3379 1732 3428 4,
1772 3379 1838 3420 23.
1875 3403 1921 3410 -
1953 3384 2048 3420 tur-

1167 3443 1344 3494 pissime]
1377 3434 1416 3480 ὦ
1443 3438 1728 3500 μιαρώτατε.
1756 3464 1799 3469 --
1826 3442 2044 3491 Inclamat]

1170 3503 1370 3544 Verbum
1407 3502 1535 3555 longe
1565 3502 1881 3555 significantius
1911 3513 2045 3554 quam
