<?xml version="1.0" encoding="UTF-8"?>
<!DOCTYPE html PUBLIC "-//W3C//DTD XHTML 1.0 Transitional//EN"
    "http://www.w3.org/TR/xhtml1/DTD/xhtml1-transitional.dtd">
<html xmlns="http://www.w3.org/1999/xhtml" xml:lang="en" lang="en">
 <head>
  <title>
</title>
<meta http-equiv="Content-Type" content="text/html;charset=utf-8" />
  <meta name='ocr-system' content='tesseract 3.04.00' />
  <meta name='ocr-capabilities' content='ocr_page ocr_carea ocr_par ocr_line ocrx_word'/>
</head>
<body>
  <div class='ocr_page' id='page_1' title='image "./qhoratiusflaccus02horauoft_0466.png"; bbox 0 0 2231 3787; ppageno 0'>
   <div class='ocr_carea' id='block_1_1' title="bbox 235 294 334 345">
    <p class='ocr_par' dir='ltr' id='par_1_1' title="bbox 235 294 334 345">
     <span class='ocr_line' id='line_1_1' title="bbox 235 294 264 344; textangle 90"><span class='ocrx_word' id='word_1_1' title='bbox 235 294 264 344; x_wconf 44' lang='grc' dir='ltr'>ᾧὶ</span> 
     </span>
     <span class='ocr_line' id='line_1_2' title="bbox 271 296 299 344; textangle 90"><span class='ocrx_word' id='word_1_2' title='bbox 271 296 299 344; x_wconf 52' lang='grc' dir='ltr'>ω</span> 
     </span>
     <span class='ocr_line' id='line_1_3' title="bbox 309 295 334 345; textangle 90"><span class='ocrx_word' id='word_1_3' title='bbox 309 295 334 345; x_wconf 46' lang='grc' dir='ltr'>ἐὺ</span> 
     </span>
    </p>
   </div>
   <div class='ocr_carea' id='block_1_2' title="bbox 849 295 1465 336">
    <p class='ocr_par' dir='ltr' id='par_1_2' title="bbox 849 295 1465 336">
     <span class='ocr_line' id='line_1_4' title="bbox 849 295 1465 336; baseline 0.002 -2"><span class='ocrx_word' id='word_1_4' title='bbox 849 295 1063 335; x_wconf 76' lang='lat' dir='ltr'>HORATII</span> <span class='ocrx_word' id='word_1_5' title='bbox 1100 296 1465 336; x_wconf 65' lang='lat' dir='ltr'>EPISTULARUM</span> 
     </span>
    </p>
   </div>
   <div class='ocr_carea' id='block_1_3' title="bbox 843 571 1442 622">
    <p class='ocr_par' dir='ltr' id='par_1_3' title="bbox 843 571 1442 622">
     <span class='ocr_line' id='line_1_5' title="bbox 843 571 1442 622; baseline -0.003 0"><span class='ocrx_word' id='word_1_6' title='bbox 843 571 1286 622; x_wconf 57' lang='lat' dir='ltr'>:unstrot-A</span> <span class='ocrx_word' id='word_1_7' title='bbox 1319 572 1442 621; x_wconf 74' lang='lat' dir='ltr'>vt.</span> 
     </span>
    </p>
   </div>
   <div class='ocr_carea' id='block_1_4' title="bbox 308 689 1584 762">
    <p class='ocr_par' dir='ltr' id='par_1_4' title="bbox 308 689 1584 762">
     <span class='ocr_line' id='line_1_6' title="bbox 308 689 1584 762; baseline -0.004 -16"><span class='ocrx_word' id='word_1_8' title='bbox 308 694 385 747; x_wconf 76' lang='lat' dir='ltr'>Nil</span> <span class='ocrx_word' id='word_1_9' title='bbox 429 694 678 746; x_wconf 75' lang='lat' dir='ltr'>admirari</span> <span class='ocrx_word' id='word_1_10' title='bbox 719 709 888 762; x_wconf 79' lang='lat' dir='ltr'>prope</span> <span class='ocrx_word' id='word_1_11' title='bbox 928 707 1016 743; x_wconf 86' lang='lat' dir='ltr'>res</span> <span class='ocrx_word' id='word_1_12' title='bbox 1059 699 1142 742; x_wconf 82' lang='lat' dir='ltr'>est</span> <span class='ocrx_word' id='word_1_13' title='bbox 1179 706 1311 744; x_wconf 87' lang='lat' dir='ltr'>una.</span> <span class='ocrx_word' id='word_1_14' title='bbox 1354 689 1584 747; x_wconf 80' lang='lat' dir='ltr'>Numici,</span> 
     </span>
    </p>
   </div>
   <div class='ocr_carea' id='block_1_5' title="bbox 292 844 957 1021">
    <p class='ocr_par' dir='ltr' id='par_1_5' title="bbox 292 844 957 1021">
     <span class='ocr_line' id='line_1_7' title="bbox 350 844 628 884; baseline -0.011 0"><span class='ocrx_word' id='word_1_15' title='bbox 350 847 377 884; x_wconf 73' lang='lat' dir='ltr'>E</span> <span class='ocrx_word' id='word_1_16' title='bbox 423 845 529 884; x_wconf 74' lang='lat' dir='ltr'>.vl.</span> <span class='ocrx_word' id='word_1_17' title='bbox 593 844 628 882; x_wconf 78' lang='grc'>1.</span> 
     </span>
     <span class='ocr_line' id='line_1_8' title="bbox 292 857 957 963; baseline -0.003 -18"><span class='ocrx_word' id='word_1_18' title='bbox 292 857 468 947; x_wconf 62' lang='lat' dir='ltr'>vololimt</span> <span class='ocrx_word' id='word_1_19' title='bbox 496 906 686 954; x_wconf 74' lang='lat' dir='ltr'>Munati,</span> <span class='ocrx_word' id='word_1_20' title='bbox 725 899 957 963; x_wconf 73' lang='grc' dir='ltr'>ἀμέτρως.</span> 
     </span>
     <span class='ocr_line' id='line_1_9' title="bbox 294 967 858 1021; baseline -0.004 -14"><span class='ocrx_word' id='word_1_21' title='bbox 294 970 412 1021; x_wconf 74' lang='lat' dir='ltr'>quod</span> <span class='ocrx_word' id='word_1_22' title='bbox 443 969 471 1008; x_wconf 87' lang='lat' dir='ltr'>d</span> <span class='ocrx_word' id='word_1_23' title='bbox 502 968 636 1008; x_wconf 85' lang='lat' dir='ltr'>hahet</span> <span class='ocrx_word' id='word_1_24' title='bbox 666 967 858 1017; x_wconf 55' lang='lat' dir='ltr'>muniet.)</span> 
     </span>
    </p>
   </div>
   <div class='ocr_carea' id='block_1_6' title="bbox 237 1091 1133 3580">
    <p class='ocr_par' dir='ltr' id='par_1_6' title="bbox 239 1091 1119 1200">
     <span class='ocr_line' id='line_1_10' title="bbox 296 1091 1119 1144; baseline -0.007 -9"><span class='ocrx_word' id='word_1_25' title='bbox 296 1097 361 1135; x_wconf 79' lang='lat' dir='ltr'>Vl.</span> <span class='ocrx_word' id='word_1_26' title='bbox 415 1097 476 1134; x_wconf 89' lang='lat' dir='ltr'>De</span> <span class='ocrx_word' id='word_1_27' title='bbox 519 1094 779 1144; x_wconf 81' lang='lat' dir='ltr'>argumento</span> <span class='ocrx_word' id='word_1_28' title='bbox 816 1091 917 1131; x_wconf 80' lang='lat' dir='ltr'>vide</span> <span class='ocrx_word' id='word_1_29' title='bbox 949 1091 1119 1131; x_wconf 79' lang='lat' dir='ltr'>Excur-</span> 
     </span>
     <span class='ocr_line' id='line_1_11' title="bbox 239 1170 354 1200; baseline -0.017 0"><span class='ocrx_word' id='word_1_30' title='bbox 239 1170 354 1200; x_wconf 78' lang='lat' dir='ltr'>sum.</span> 
     </span>
    </p>

    <p class='ocr_par' dir='ltr' id='par_1_7' title="bbox 237 1218 1133 3580">
     <span class='ocr_line' id='line_1_12' title="bbox 295 1218 1120 1271; baseline -0.007 -10"><span class='ocrx_word' id='word_1_31' title='bbox 295 1224 331 1261; x_wconf 86' lang='grc'>11.</span> <span class='ocrx_word' id='word_1_32' title='bbox 368 1222 406 1261; x_wconf 62' lang='grc' dir='ltr'>ἓ.</span> <span class='ocrx_word' id='word_1_33' title='bbox 453 1221 523 1260; x_wconf 71' lang='lat' dir='ltr'>Ml</span> <span class='ocrx_word' id='word_1_34' title='bbox 553 1219 775 1271; x_wconf 71' lang='lat' dir='ltr'>admirari]</span> <span class='ocrx_word' id='word_1_35' title='bbox 814 1218 993 1258; x_wconf 79' lang='lat' dir='ltr'>Nichts</span> <span class='ocrx_word' id='word_1_36' title='bbox 1033 1229 1120 1256; x_wconf 78' lang='lat' dir='ltr'>an—</span> 
     </span>
     <span class='ocr_line' id='line_1_13' title="bbox 237 1279 1120 1326; baseline -0.008 -1"><span class='ocrx_word' id='word_1_37' title='bbox 237 1291 466 1326; x_wconf 75' lang='lat' dir='ltr'>stazmen.</span> <span class='ocrx_word' id='word_1_38' title='bbox 524 1285 558 1322; x_wconf 77' lang='lat' dir='ltr'>A</span> <span class='ocrx_word' id='word_1_39' title='bbox 597 1281 791 1322; x_wconf 84' lang='lat' dir='ltr'>ridiculis</span> <span class='ocrx_word' id='word_1_40' title='bbox 832 1281 996 1321; x_wconf 75' lang='lat' dir='ltr'>Horatii</span> <span class='ocrx_word' id='word_1_41' title='bbox 1037 1279 1120 1319; x_wconf 87' lang='lat' dir='ltr'>oh-</span> 
     </span>
     <span class='ocr_line' id='line_1_14' title="bbox 239 1343 1119 1394; baseline -0.007 -7"><span class='ocrx_word' id='word_1_42' title='bbox 239 1345 553 1387; x_wconf 84' lang='lat' dir='ltr'>trectatoribus</span> <span class='ocrx_word' id='word_1_43' title='bbox 575 1345 687 1384; x_wconf 85' lang='lat' dir='ltr'>haec</span> <span class='ocrx_word' id='word_1_44' title='bbox 707 1344 847 1384; x_wconf 63' lang='lat' dir='ltr'>verba</span> <span class='ocrx_word' id='word_1_45' title='bbox 866 1343 966 1383; x_wconf 91' lang='lat' dir='ltr'>data</span> <span class='ocrx_word' id='word_1_46' title='bbox 984 1353 1119 1394; x_wconf 86' lang='lat' dir='ltr'>opera</span> 
     </span>
     <span class='ocr_line' id='line_1_15' title="bbox 239 1405 1122 1458; baseline -0.007 -8"><span class='ocrx_word' id='word_1_47' title='bbox 239 1413 284 1450; x_wconf 90' lang='lat' dir='ltr'>in</span> <span class='ocrx_word' id='word_1_48' title='bbox 315 1410 584 1449; x_wconf 80' lang='lat' dir='ltr'>deteriorem</span> <span class='ocrx_word' id='word_1_49' title='bbox 613 1408 788 1458; x_wconf 87' lang='lat' dir='ltr'>partem</span> <span class='ocrx_word' id='word_1_50' title='bbox 820 1405 1029 1457; x_wconf 85' lang='lat' dir='ltr'>explicari</span> <span class='ocrx_word' id='word_1_51' title='bbox 1051 1416 1122 1444; x_wconf 88' lang='lat' dir='ltr'>so-</span> 
     </span>
     <span class='ocr_line' id='line_1_16' title="bbox 238 1468 1122 1523; baseline -0.008 -10"><span class='ocrx_word' id='word_1_52' title='bbox 238 1473 350 1521; x_wconf 84' lang='lat' dir='ltr'>lent,</span> <span class='ocrx_word' id='word_1_53' title='bbox 386 1471 511 1523; x_wconf 81' lang='lat' dir='ltr'>quasi</span> <span class='ocrx_word' id='word_1_54' title='bbox 542 1470 766 1510; x_wconf 70' lang='lat' dir='ltr'>exhaustis</span> <span class='ocrx_word' id='word_1_55' title='bbox 799 1469 996 1520; x_wconf 84' lang='lat' dir='ltr'>corporis</span> <span class='ocrx_word' id='word_1_56' title='bbox 1022 1468 1122 1507; x_wconf 75' lang='lat' dir='ltr'>viri-</span> 
     </span>
     <span class='ocr_line' id='line_1_17' title="bbox 239 1532 1121 1582; baseline -0.007 -7"><span class='ocrx_word' id='word_1_57' title='bbox 239 1536 324 1575; x_wconf 85' lang='lat' dir='ltr'>bus</span> <span class='ocrx_word' id='word_1_58' title='bbox 371 1537 413 1574; x_wconf 92' lang='lat' dir='ltr'>et</span> <span class='ocrx_word' id='word_1_59' title='bbox 455 1534 570 1572; x_wconf 73' lang='lat' dir='ltr'>vitae</span> <span class='ocrx_word' id='word_1_60' title='bbox 616 1532 762 1571; x_wconf 86' lang='lat' dir='ltr'>taedio</span> <span class='ocrx_word' id='word_1_61' title='bbox 799 1533 955 1582; x_wconf 89' lang='lat' dir='ltr'>captus</span> <span class='ocrx_word' id='word_1_62' title='bbox 992 1540 1121 1570; x_wconf 88' lang='lat' dir='ltr'>suam</span> 
     </span>
     <span class='ocr_line' id='line_1_18' title="bbox 239 1593 1121 1649; baseline -0.007 -12"><span class='ocrx_word' id='word_1_63' title='bbox 239 1593 566 1649; x_wconf 75' lang='grc' dir='ltr'>ἀναισθησίαν</span> <span class='ocrx_word' id='word_1_64' title='bbox 626 1594 827 1635; x_wconf 83' lang='lat' dir='ltr'>Numicio</span> <span class='ocrx_word' id='word_1_65' title='bbox 887 1604 1121 1633; x_wconf 88' lang='lat' dir='ltr'>commen-</span> 
     </span>
     <span class='ocr_line' id='line_1_19' title="bbox 240 1653 1121 1709; baseline -0.008 -9"><span class='ocrx_word' id='word_1_66' title='bbox 240 1661 349 1700; x_wconf 88' lang='lat' dir='ltr'>dans</span> <span class='ocrx_word' id='word_1_67' title='bbox 394 1660 437 1698; x_wconf 91' lang='lat' dir='ltr'>in</span> <span class='ocrx_word' id='word_1_68' title='bbox 478 1669 529 1698; x_wconf 88' lang='lat' dir='ltr'>ea</span> <span class='ocrx_word' id='word_1_69' title='bbox 568 1657 842 1709; x_wconf 90' lang='lat' dir='ltr'>proruperit;</span> <span class='ocrx_word' id='word_1_70' title='bbox 890 1655 971 1696; x_wconf 86' lang='lat' dir='ltr'>sed</span> <span class='ocrx_word' id='word_1_71' title='bbox 1015 1653 1121 1694; x_wconf 89' lang='lat' dir='ltr'>nihil</span> 
     </span>
     <span class='ocr_line' id='line_1_20' title="bbox 241 1719 1122 1776; baseline -0.007 -13"><span class='ocrx_word' id='word_1_72' title='bbox 241 1723 439 1776; x_wconf 85' lang='lat' dir='ltr'>profecto</span> <span class='ocrx_word' id='word_1_73' title='bbox 461 1720 578 1760; x_wconf 88' lang='lat' dir='ltr'>aliud</span> <span class='ocrx_word' id='word_1_74' title='bbox 609 1719 734 1769; x_wconf 86' lang='lat' dir='ltr'>fecit,</span> <span class='ocrx_word' id='word_1_75' title='bbox 769 1729 904 1770; x_wconf 89' lang='lat' dir='ltr'>quam</span> <span class='ocrx_word' id='word_1_76' title='bbox 926 1720 973 1758; x_wconf 92' lang='lat' dir='ltr'>ut</span> <span class='ocrx_word' id='word_1_77' title='bbox 993 1729 1122 1769; x_wconf 86' lang='lat' dir='ltr'>repe-</span> 
     </span>
     <span class='ocr_line' id='line_1_21' title="bbox 239 1780 1122 1834; baseline -0.009 -8"><span class='ocrx_word' id='word_1_78' title='bbox 239 1787 355 1826; x_wconf 83' lang='lat' dir='ltr'>teret</span> <span class='ocrx_word' id='word_1_79' title='bbox 392 1785 621 1834; x_wconf 87' lang='lat' dir='ltr'>antiquam</span> <span class='ocrx_word' id='word_1_80' title='bbox 652 1783 925 1821; x_wconf 87' lang='lat' dir='ltr'>Graecorum</span> <span class='ocrx_word' id='word_1_81' title='bbox 955 1780 1122 1819; x_wconf 87' lang='lat' dir='ltr'>doctri-</span> 
     </span>
     <span class='ocr_line' id='line_1_22' title="bbox 242 1843 1119 1896; baseline -0.008 -8"><span class='ocrx_word' id='word_1_82' title='bbox 242 1859 366 1896; x_wconf 85' lang='lat' dir='ltr'>nam,</span> <span class='ocrx_word' id='word_1_83' title='bbox 402 1857 516 1896; x_wconf 90' lang='lat' dir='ltr'>quae</span> <span class='ocrx_word' id='word_1_84' title='bbox 546 1845 742 1896; x_wconf 85' lang='lat' dir='ltr'>primum</span> <span class='ocrx_word' id='word_1_85' title='bbox 762 1843 1046 1894; x_wconf 89' lang='lat' dir='ltr'>potissimum</span> <span class='ocrx_word' id='word_1_86' title='bbox 1067 1853 1119 1882; x_wconf 92' lang='lat' dir='ltr'>eo</span> 
     </span>
     <span class='ocr_line' id='line_1_23' title="bbox 242 1903 1120 1962; baseline -0.007 -12"><span class='ocrx_word' id='word_1_87' title='bbox 242 1908 498 1962; x_wconf 81' lang='lat' dir='ltr'>spectabat,</span> <span class='ocrx_word' id='word_1_88' title='bbox 552 1910 601 1946; x_wconf 89' lang='lat' dir='ltr'>ut</span> <span class='ocrx_word' id='word_1_89' title='bbox 644 1903 920 1958; x_wconf 70' lang='grc' dir='ltr'><em>φαινόμενα</em></span> <span class='ocrx_word' id='word_1_90' title='bbox 963 1905 1120 1956; x_wconf 82' lang='lat' dir='ltr'>priscis</span> 
     </span>
     <span class='ocr_line' id='line_1_24' title="bbox 241 1965 1123 2012; baseline -0.008 0"><span class='ocrx_word' id='word_1_91' title='bbox 241 1970 502 2012; x_wconf 84' lang='lat' dir='ltr'>mortalibus</span> <span class='ocrx_word' id='word_1_92' title='bbox 538 1971 759 2008; x_wconf 88' lang='lat' dir='ltr'>terrorem</span> <span class='ocrx_word' id='word_1_93' title='bbox 788 1969 986 2008; x_wconf 85' lang='lat' dir='ltr'>incutere</span> <span class='ocrx_word' id='word_1_94' title='bbox 1018 1965 1123 2006; x_wconf 91' lang='lat' dir='ltr'>soli-</span> 
     </span>
     <span class='ocr_line' id='line_1_25' title="bbox 242 2030 1120 2083; baseline -0.008 -9"><span class='ocrx_word' id='word_1_95' title='bbox 242 2038 286 2074; x_wconf 91' lang='lat' dir='ltr'>ta</span> <span class='ocrx_word' id='word_1_96' title='bbox 315 2034 480 2074; x_wconf 84' lang='lat' dir='ltr'>rectius</span> <span class='ocrx_word' id='word_1_97' title='bbox 503 2030 742 2083; x_wconf 82' lang='lat' dir='ltr'>explicaret</span> <span class='ocrx_word' id='word_1_98' title='bbox 769 2030 1120 2082; x_wconf 89' lang='lat' dir='ltr'>perterritosque</span> 
     </span>
     <span class='ocr_line' id='line_1_26' title="bbox 243 2090 1123 2146; baseline -0.007 -10"><span class='ocrx_word' id='word_1_99' title='bbox 243 2093 569 2146; x_wconf 82' lang='lat' dir='ltr'>tranquillaret,</span> <span class='ocrx_word' id='word_1_100' title='bbox 614 2092 774 2132; x_wconf 77' lang='lat' dir='ltr'>deinde</span> <span class='ocrx_word' id='word_1_101' title='bbox 814 2093 870 2143; x_wconf 82' lang='lat' dir='ltr'>(in</span> <span class='ocrx_word' id='word_1_102' title='bbox 911 2103 998 2143; x_wconf 91' lang='lat' dir='ltr'>quo</span> <span class='ocrx_word' id='word_1_103' title='bbox 1031 2090 1123 2130; x_wconf 89' lang='lat' dir='ltr'>ela-</span> 
     </span>
     <span class='ocr_line' id='line_1_27' title="bbox 243 2153 1125 2207; baseline -0.006 -8"><span class='ocrx_word' id='word_1_104' title='bbox 243 2157 464 2199; x_wconf 86' lang='lat' dir='ltr'>borabant</span> <span class='ocrx_word' id='word_1_105' title='bbox 498 2158 539 2196; x_wconf 89' lang='lat' dir='ltr'>et</span> <span class='ocrx_word' id='word_1_106' title='bbox 575 2156 790 2207; x_wconf 87' lang='lat' dir='ltr'>Epicurus</span> <span class='ocrx_word' id='word_1_107' title='bbox 819 2156 862 2194; x_wconf 91' lang='lat' dir='ltr'>et</span> <span class='ocrx_word' id='word_1_108' title='bbox 893 2153 1044 2203; x_wconf 89' lang='lat' dir='ltr'>Stoici)</span> <span class='ocrx_word' id='word_1_109' title='bbox 1076 2157 1125 2194; x_wconf 90' lang='lat' dir='ltr'>ut</span> 
     </span>
     <span class='ocr_line' id='line_1_28' title="bbox 242 2216 1126 2273; baseline -0.007 -12"><span class='ocrx_word' id='word_1_110' title='bbox 242 2223 476 2273; x_wconf 88' lang='lat' dir='ltr'>praeterea</span> <span class='ocrx_word' id='word_1_111' title='bbox 506 2219 669 2270; x_wconf 88' lang='lat' dir='ltr'>partim</span> <span class='ocrx_word' id='word_1_112' title='bbox 700 2217 757 2257; x_wconf 89' lang='lat' dir='ltr'>ad</span> <span class='ocrx_word' id='word_1_113' title='bbox 785 2218 967 2257; x_wconf 89' lang='lat' dir='ltr'>nimiam</span> <span class='ocrx_word' id='word_1_114' title='bbox 987 2216 1126 2256; x_wconf 89' lang='lat' dir='ltr'>bono-</span> 
     </span>
     <span class='ocr_line' id='line_1_29' title="bbox 243 2281 1125 2332; baseline -0.006 -8"><span class='ocrx_word' id='word_1_115' title='bbox 243 2295 345 2324; x_wconf 90' lang='lat' dir='ltr'>rum</span> <span class='ocrx_word' id='word_1_116' title='bbox 375 2285 662 2323; x_wconf 77' lang='lat' dir='ltr'>externorum</span> <span class='ocrx_word' id='word_1_117' title='bbox 684 2281 1003 2332; x_wconf 87' lang='lat' dir='ltr'>appetitionem</span> <span class='ocrx_word' id='word_1_118' title='bbox 1025 2291 1125 2319; x_wconf 89' lang='lat' dir='ltr'>mo-</span> 
     </span>
     <span class='ocr_line' id='line_1_30' title="bbox 244 2342 1121 2394; baseline -0.006 -7"><span class='ocrx_word' id='word_1_119' title='bbox 244 2346 492 2387; x_wconf 88' lang='lat' dir='ltr'>derandam</span> <span class='ocrx_word' id='word_1_120' title='bbox 513 2344 776 2394; x_wconf 79' lang='lat' dir='ltr'>divitiasque</span> <span class='ocrx_word' id='word_1_121' title='bbox 796 2342 1121 2394; x_wconf 87' lang='lat' dir='ltr'>despiciendas,</span> 
     </span>
     <span class='ocr_line' id='line_1_31' title="bbox 244 2405 1125 2462; baseline -0.005 -13"><span class='ocrx_word' id='word_1_122' title='bbox 244 2410 406 2462; x_wconf 87' lang='lat' dir='ltr'>partim</span> <span class='ocrx_word' id='word_1_123' title='bbox 446 2407 502 2447; x_wconf 89' lang='lat' dir='ltr'>ad</span> <span class='ocrx_word' id='word_1_124' title='bbox 542 2406 684 2446; x_wconf 88' lang='lat' dir='ltr'>omnis</span> <span class='ocrx_word' id='word_1_125' title='bbox 731 2406 906 2456; x_wconf 74' lang='lat' dir='ltr'>generis</span> <span class='ocrx_word' id='word_1_126' title='bbox 944 2405 1125 2445; x_wconf 88' lang='lat' dir='ltr'>timores</span> 
     </span>
     <span class='ocr_line' id='line_1_32' title="bbox 246 2468 1128 2518; baseline -0.006 -7"><span class='ocrx_word' id='word_1_127' title='bbox 246 2472 345 2511; x_wconf 86' lang='lat' dir='ltr'>forti</span> <span class='ocrx_word' id='word_1_128' title='bbox 373 2471 520 2510; x_wconf 89' lang='lat' dir='ltr'>animo</span> <span class='ocrx_word' id='word_1_129' title='bbox 547 2468 820 2508; x_wconf 87' lang='lat' dir='ltr'>abiiciendos</span> <span class='ocrx_word' id='word_1_130' title='bbox 842 2468 1033 2518; x_wconf 74' lang='lat' dir='ltr'>graviter</span> <span class='ocrx_word' id='word_1_131' title='bbox 1054 2479 1128 2507; x_wconf 83' lang='lat' dir='ltr'>ex-</span> 
     </span>
     <span class='ocr_line' id='line_1_33' title="bbox 245 2530 1127 2573; baseline -0.003 0"><span class='ocrx_word' id='word_1_132' title='bbox 245 2534 513 2573; x_wconf 87' lang='lat' dir='ltr'>hortaretur.</span> <span class='ocrx_word' id='word_1_133' title='bbox 576 2532 702 2571; x_wconf 90' lang='lat' dir='ltr'>Locis</span> <span class='ocrx_word' id='word_1_134' title='bbox 733 2542 757 2569; x_wconf 89' lang='lat' dir='ltr'>a</span> <span class='ocrx_word' id='word_1_135' title='bbox 789 2530 1012 2570; x_wconf 88' lang='lat' dir='ltr'>Schmidio</span> <span class='ocrx_word' id='word_1_136' title='bbox 1045 2530 1127 2570; x_wconf 89' lang='lat' dir='ltr'>ad-</span> 
     </span>
     <span class='ocr_line' id='line_1_34' title="bbox 245 2592 1126 2647; baseline -0.003 -11"><span class='ocrx_word' id='word_1_137' title='bbox 245 2596 422 2647; x_wconf 87' lang='lat' dir='ltr'>scriptis</span> <span class='ocrx_word' id='word_1_138' title='bbox 462 2593 565 2633; x_wconf 88' lang='lat' dir='ltr'>addi</span> <span class='ocrx_word' id='word_1_139' title='bbox 608 2594 795 2645; x_wconf 90' lang='lat' dir='ltr'>possunt</span> <span class='ocrx_word' id='word_1_140' title='bbox 836 2592 1126 2634; x_wconf 90' lang='lat' dir='ltr'>Archilochus</span> 
     </span>
     <span class='ocr_line' id='line_1_35' title="bbox 249 2654 1122 2707; baseline -0.005 -9"><span class='ocrx_word' id='word_1_141' title='bbox 249 2658 370 2698; x_wconf 89' lang='lat' dir='ltr'>Lieb.</span> <span class='ocrx_word' id='word_1_142' title='bbox 387 2657 465 2697; x_wconf 87' lang='lat' dir='ltr'>Ed.</span> <span class='ocrx_word' id='word_1_143' title='bbox 483 2667 572 2696; x_wconf 91' lang='lat' dir='ltr'>sec.</span> <span class='ocrx_word' id='word_1_144' title='bbox 592 2667 635 2707; x_wconf 92' lang='lat' dir='ltr'>p.</span> <span class='ocrx_word' id='word_1_145' title='bbox 649 2656 716 2695; x_wconf 88' lang='grc'>60.</span> <span class='ocrx_word' id='word_1_146' title='bbox 737 2655 1008 2695; x_wconf 87' lang='lat' dir='ltr'>Schneidew.</span> <span class='ocrx_word' id='word_1_147' title='bbox 1031 2654 1122 2695; x_wconf 89' lang='lat' dir='ltr'>Del.</span> 
     </span>
     <span class='ocr_line' id='line_1_36' title="bbox 247 2713 1128 2772; baseline -0.003 -13"><span class='ocrx_word' id='word_1_148' title='bbox 247 2731 290 2772; x_wconf 92' lang='lat' dir='ltr'>p.</span> <span class='ocrx_word' id='word_1_149' title='bbox 318 2720 414 2760; x_wconf 74' lang='lat'>478:</span> <span class='ocrx_word' id='word_1_150' title='bbox 449 2713 518 2759; x_wconf 88' lang='grc' dir='ltr'>Ου’</span> <span class='ocrx_word' id='word_1_151' title='bbox 545 2730 632 2770; x_wconf 90' lang='grc' dir='ltr'>μοι</span> <span class='ocrx_word' id='word_1_152' title='bbox 660 2716 718 2756; x_wconf 79' lang='grc' dir='ltr'>τὰ</span> <span class='ocrx_word' id='word_1_153' title='bbox 748 2717 910 2771; x_wconf 86' lang='grc' dir='ltr'>Γύγεω</span> <span class='ocrx_word' id='word_1_154' title='bbox 937 2715 1022 2757; x_wconf 89' lang='grc' dir='ltr'>τοῦ</span> <span class='ocrx_word' id='word_1_155' title='bbox 1046 2728 1128 2757; x_wconf 77' lang='grc' dir='ltr'>πο-</span> 
     </span>
     <span class='ocr_line' id='line_1_37' title="bbox 249 2775 1127 2839; baseline -0.002 -18"><span class='ocrx_word' id='word_1_156' title='bbox 249 2779 493 2839; x_wconf 79' lang='grc' dir='ltr'>λυχρύσου</span> <span class='ocrx_word' id='word_1_157' title='bbox 525 2779 683 2833; x_wconf 78' lang='grc' dir='ltr'>με’)ει,</span> <span class='ocrx_word' id='word_1_158' title='bbox 717 2775 824 2820; x_wconf 77' lang='grc' dir='ltr'><em>Οὐδ’</em></span> <span class='ocrx_word' id='word_1_159' title='bbox 849 2775 943 2820; x_wconf 76' lang='grc' dir='ltr'>εἷλέ</span> <span class='ocrx_word' id='word_1_160' title='bbox 973 2776 1044 2819; x_wconf 75' lang='grc' dir='ltr'>πώ</span> <span class='ocrx_word' id='word_1_161' title='bbox 1066 2792 1127 2832; x_wconf 86' lang='grc' dir='ltr'>με</span> 
     </span>
     <span class='ocr_line' id='line_1_38' title="bbox 250 2817 1128 2896; baseline -0.002 -13.939"><span class='ocrx_word' id='word_1_162' title='bbox 250 2843 413 2896; x_wconf 66' lang='grc' dir='ltr'>ζῆλςο</span> <span class='ocrx_word' id='word_1_163' title='bbox 465 2817 580 2884; x_wconf 83' lang='grc' dir='ltr'>0ῦὸ</span> <span class='ocrx_word' id='word_1_164' title='bbox 627 2838 921 2896; x_wconf 83' lang='grc' dir='ltr'>ἀγαίομαι</span> <span class='ocrx_word' id='word_1_165' title='bbox 971 2838 1128 2882; x_wconf 75' lang='grc' dir='ltr'>Θεῶν</span> 
     </span>
     <span class='ocr_line' id='line_1_39' title="bbox 250 2901 1128 2961; baseline -0.002 -15.995"><span class='ocrx_word' id='word_1_166' title='bbox 250 2902 414 2961; x_wconf 72' lang='grc' dir='ltr'>ε’ργ,α</span> <span class='ocrx_word' id='word_1_167' title='bbox 456 2903 669 2959; x_wconf 81' lang='grc' dir='ltr'>μεγάλης</span> <span class='ocrx_word' id='word_1_168' title='bbox 706 2903 741 2943; x_wconf 90' lang='lat'>6</span> <span class='ocrx_word' id='word_1_169' title='bbox 774 2901 863 2944; x_wconf 71' lang='grc' dir='ltr'>οὐκ</span> <span class='ocrx_word' id='word_1_170' title='bbox 901 2903 1016 2960; x_wconf 76' lang='grc' dir='ltr'>ἐρέω</span> <span class='ocrx_word' id='word_1_171' title='bbox 1046 2916 1128 2943; x_wconf 84' lang='grc' dir='ltr'>τυ-</span> 
     </span>
     <span class='ocr_line' id='line_1_40' title="bbox 250 2963 1129 3025; baseline -0.002 -18"><span class='ocrx_word' id='word_1_172' title='bbox 250 2966 494 3025; x_wconf 81' lang='grc' dir='ltr'>ραννίόος·</span> <span class='ocrx_word' id='word_1_173' title='bbox 539 2963 829 3024; x_wconf 73' lang='grc' dir='ltr'>Ατόπροθεν</span> <span class='ocrx_word' id='word_1_174' title='bbox 872 2964 963 3023; x_wconf 87' lang='grc' dir='ltr'>γάρ</span> <span class='ocrx_word' id='word_1_175' title='bbox 1001 2965 1129 3006; x_wconf 81' lang='grc' dir='ltr'>ἐστιν</span> 
     </span>
     <span class='ocr_line' id='line_1_41' title="bbox 253 3026 1129 3082; baseline -0.005 -12"><span class='ocrx_word' id='word_1_176' title='bbox 253 3026 522 3082; x_wconf 70' lang='grc' dir='ltr'>ὀφθαλμῶν</span> <span class='ocrx_word' id='word_1_177' title='bbox 567 3026 711 3081; x_wconf 76' lang='grc' dir='ltr'>ἐμῶν.</span> <span class='ocrx_word' id='word_1_178' title='bbox 766 3028 1042 3079; x_wconf 86' lang='lat' dir='ltr'>Polystratus</span> <span class='ocrx_word' id='word_1_179' title='bbox 1087 3029 1129 3067; x_wconf 88' lang='lat' dir='ltr'>in</span> 
     </span>
     <span class='ocr_line' id='line_1_42' title="bbox 252 3088 1126 3143; baseline -0.003 -11"><span class='ocrx_word' id='word_1_180' title='bbox 252 3092 346 3132; x_wconf 84' lang='lat' dir='ltr'>V.ol</span> <span class='ocrx_word' id='word_1_181' title='bbox 371 3091 546 3132; x_wconf 88' lang='lat' dir='ltr'>Hercul.</span> <span class='ocrx_word' id='word_1_182' title='bbox 573 3093 641 3131; x_wconf 75' lang='lat' dir='ltr'>IV.</span> <span class='ocrx_word' id='word_1_183' title='bbox 666 3103 709 3143; x_wconf 91' lang='lat' dir='ltr'>p.</span> <span class='ocrx_word' id='word_1_184' title='bbox 735 3091 808 3131; x_wconf 78' lang='lat'>44:</span> <span class='ocrx_word' id='word_1_185' title='bbox 857 3090 999 3130; x_wconf 87' lang='grc' dir='ltr'>Ποιεῐ</span> <span class='ocrx_word' id='word_1_186' title='bbox 1027 3086 1127 3142; x_wconf 76' lang='grc' dir='ltr'>ὁὲῆ</span> 
     </span>
     <span class='ocr_line' id='line_1_43' title="bbox 253 3149 1129 3224; baseline -0.002 -32"><span class='ocrx_word' id='word_1_187' title='bbox 253 3151 547 3224; x_wconf 75' lang='grc' dir='ltr'>φυσιολογία</span> <span class='ocrx_word' id='word_1_188' title='bbox 590 3149 674 3192; x_wconf 86' lang='grc' dir='ltr'>τὸν</span> <span class='ocrx_word' id='word_1_189' title='bbox 712 3150 828 3192; x_wconf 92' lang='grc' dir='ltr'>νοῦν</span> <span class='ocrx_word' id='word_1_190' title='bbox 864 3149 1129 3215; x_wconf 76' lang='grc' dir='ltr'>καταγινώ-</span> 
     </span>
     <span class='ocr_line' id='line_1_44' title="bbox 255 3209 1127 3265; baseline -0.003 -8"><span class='ocrx_word' id='word_1_191' title='bbox 255 3229 388 3257; x_wconf 79' lang='grc' dir='ltr'>σκειν</span> <span class='ocrx_word' id='word_1_192' title='bbox 423 3214 483 3255; x_wconf 81' lang='grc' dir='ltr'>τὰ</span> <span class='ocrx_word' id='word_1_193' title='bbox 512 3211 698 3265; x_wconf 76' lang='grc' dir='ltr'>φυσικὰ</span> <span class='ocrx_word' id='word_1_194' title='bbox 729 3211 906 3262; x_wconf 68' lang='grc' dir='ltr'>πάντα,</span> <span class='ocrx_word' id='word_1_195' title='bbox 953 3209 1037 3264; x_wconf 78' lang='grc' dir='ltr'>ἀφ</span> <span class='ocrx_word' id='word_1_196' title='bbox 1071 3214 1127 3254; x_wconf 77' lang='grc' dir='ltr'>οὐ</span> 
     </span>
     <span class='ocr_line' id='line_1_45' title="bbox 254 3272 1131 3331; baseline -0.002 -13"><span class='ocrx_word' id='word_1_197' title='bbox 254 3276 342 3331; x_wconf 75' lang='grc' dir='ltr'>τὴν</span> <span class='ocrx_word' id='word_1_198' title='bbox 410 3275 570 3318; x_wconf 73' lang='grc' dir='ltr'>πᾶσαν</span> <span class='ocrx_word' id='word_1_199' title='bbox 637 3272 858 3326; x_wconf 77' lang='grc' dir='ltr'>ὑποψίαν</span> <span class='ocrx_word' id='word_1_200' title='bbox 924 3273 1131 3327; x_wconf 79' lang='grc' dir='ltr'>μάταιον</span> 
     </span>
     <span class='ocr_line' id='line_1_46' title="bbox 255 3333 1129 3397; baseline -0.003 -17"><span class='ocrx_word' id='word_1_201' title='bbox 255 3335 469 3397; x_wconf 74' lang='grc' dir='ltr'>ἀφαιρεῖ.</span> <span class='ocrx_word' id='word_1_202' title='bbox 519 3339 642 3379; x_wconf 86' lang='lat' dir='ltr'>Idem</span> <span class='ocrx_word' id='word_1_203' title='bbox 674 3338 779 3378; x_wconf 86' lang='lat' dir='ltr'>ibid.</span> <span class='ocrx_word' id='word_1_204' title='bbox 806 3349 902 3390; x_wconf 75' lang='lat' dir='ltr'>pag.</span> <span class='ocrx_word' id='word_1_205' title='bbox 928 3338 1004 3379; x_wconf 84' lang='lat'>43:</span> <span class='ocrx_word' id='word_1_206' title='bbox 1051 3333 1129 3377; x_wconf 73' lang='lat' dir='ltr'>Er.</span> 
     </span>
     <span class='ocr_line' id='line_1_47' title="bbox 256 3398 1130 3459; baseline -0.003 -17"><span class='ocrx_word' id='word_1_207' title='bbox 256 3399 346 3459; x_wconf 85' lang='grc' dir='ltr'>γὰρ</span> <span class='ocrx_word' id='word_1_208' title='bbox 393 3399 569 3455; x_wconf 75' lang='grc' dir='ltr'>ταύτης</span> <span class='ocrx_word' id='word_1_209' title='bbox 617 3398 732 3453; x_wconf 82' lang='grc' dir='ltr'><em>(τῆς</em></span> <span class='ocrx_word' id='word_1_210' title='bbox 783 3399 1130 3454; x_wconf 75' lang='grc' dir='ltr'>φυσιολογίας)</span> 
     </span>
     <span class='ocr_line' id='line_1_48' title="bbox 257 3459 1133 3521; baseline -0.001 -17"><span class='ocrx_word' id='word_1_211' title='bbox 257 3462 411 3517; x_wconf 79' lang='grc' dir='ltr'>μόνης</span> <span class='ocrx_word' id='word_1_212' title='bbox 455 3461 510 3504; x_wconf 85' lang='grc' dir='ltr'>τὸ</span> <span class='ocrx_word' id='word_1_213' title='bbox 553 3459 750 3521; x_wconf 65' lang='grc' dir='ltr'>θαρρεῖν</span> <span class='ocrx_word' id='word_1_214' title='bbox 793 3462 1004 3514; x_wconf 78' lang='grc' dir='ltr'>βεβαίως</span> <span class='ocrx_word' id='word_1_215' title='bbox 1053 3465 1133 3503; x_wconf 75' lang='grc' dir='ltr'>καὶ</span> 
     </span>
     <span class='ocr_line' id='line_1_49' title="bbox 259 3522 1132 3580; baseline 0 -14"><span class='ocrx_word' id='word_1_216' title='bbox 259 3522 607 3579; x_wconf 74' lang='grc' dir='ltr'>αμεταπτώτως</span> <span class='ocrx_word' id='word_1_217' title='bbox 636 3527 834 3580; x_wconf 74' lang='grc' dir='ltr'>γίνεται,</span> <span class='ocrx_word' id='word_1_218' title='bbox 875 3526 955 3566; x_wconf 80' lang='grc' dir='ltr'>καὶ.</span> <span class='ocrx_word' id='word_1_219' title='bbox 985 3538 1132 3566; x_wconf 82' lang='grc' dir='ltr'>κατα-</span> 
     </span>
    </p>
   </div>
   <div class='ocr_carea' id='block_1_7' title="bbox 676 838 1879 953">
    <p class='ocr_par' dir='ltr' id='par_1_8' title="bbox 676 838 1879 953">
     <span class='ocr_line' id='line_1_50' title="bbox 676 838 1492 891; baseline -0.002 -11"><span class='ocrx_word' id='word_1_220' title='bbox 676 841 849 881; x_wconf 72' lang='lat' dir='ltr'>Numati</span> <span class='ocrx_word' id='word_1_221' title='bbox 880 840 1020 880; x_wconf 87' lang='lat' dir='ltr'>Codd.</span> <span class='ocrx_word' id='word_1_222' title='bbox 1055 839 1173 891; x_wconf 87' lang='lat' dir='ltr'>apud</span> <span class='ocrx_word' id='word_1_223' title='bbox 1205 838 1492 887; x_wconf 87' lang='lat' dir='ltr'>Lambinum,</span> 
     </span>
     <span class='ocr_line' id='line_1_51' title="bbox 993 902 1879 953; baseline 0 -10"><span class='ocrx_word' id='word_1_224' title='bbox 993 904 1058 953; x_wconf 90' lang='lat' dir='ltr'>(Ut</span> <span class='ocrx_word' id='word_1_225' title='bbox 1087 913 1191 951; x_wconf 81' lang='lat' dir='ltr'>nOS,</span> <span class='ocrx_word' id='word_1_226' title='bbox 1233 903 1373 941; x_wconf 86' lang='lat' dir='ltr'>nostri</span> <span class='ocrx_word' id='word_1_227' title='bbox 1404 903 1447 941; x_wconf 90' lang='lat' dir='ltr'>et</span> <span class='ocrx_word' id='word_1_228' title='bbox 1478 902 1669 942; x_wconf 89' lang='lat' dir='ltr'>Pottierii</span> <span class='ocrx_word' id='word_1_229' title='bbox 1700 913 1879 952; x_wconf 83' lang='lat' dir='ltr'>omnes,</span> 
     </span>
    </p>
   </div>
   <div class='ocr_carea' id='block_1_8' title="bbox 1541 838 2006 943">
    <p class='ocr_par' dir='ltr' id='par_1_9' title="bbox 1541 838 2006 943">
     <span class='ocr_line' id='line_1_52' title="bbox 1541 838 2006 881; baseline 0.009 -4"><span class='ocrx_word' id='word_1_230' title='bbox 1541 838 1660 878; x_wconf 85' lang='lat' dir='ltr'>unde</span> <span class='ocrx_word' id='word_1_231' title='bbox 1701 841 1870 880; x_wconf 88' lang='lat' dir='ltr'>amicus</span> <span class='ocrx_word' id='word_1_232' title='bbox 1911 841 2006 881; x_wconf 82' lang='lat' dir='ltr'>eius</span> 
     </span>
     <span class='ocr_line' id='line_1_53' title="bbox 1924 914 2004 943; baseline -0.013 0"><span class='ocrx_word' id='word_1_233' title='bbox 1924 914 2004 943; x_wconf 77' lang='lat' dir='ltr'>nisi</span> 
     </span>
    </p>
   </div>
   <div class='ocr_carea' id='block_1_9' title="bbox 1182 1085 2073 3577">
    <p class='ocr_par' dir='ltr' id='par_1_10' title="bbox 1182 1085 2073 3577">
     <span class='ocr_line' id='line_1_54' title="bbox 1183 1085 2064 1146; baseline 0.005 -19"><span class='ocrx_word' id='word_1_234' title='bbox 1183 1091 1383 1146; x_wconf 75' lang='grc' dir='ltr'>φρονεῖν</span> <span class='ocrx_word' id='word_1_235' title='bbox 1422 1086 1563 1128; x_wconf 83' lang='grc' dir='ltr'>πάλιν</span> <span class='ocrx_word' id='word_1_236' title='bbox 1600 1090 1681 1129; x_wconf 79' lang='grc' dir='ltr'>καὶ</span> <span class='ocrx_word' id='word_1_237' title='bbox 1721 1087 1862 1144; x_wconf 79' lang='grc' dir='ltr'>γελᾶν</span> <span class='ocrx_word' id='word_1_238' title='bbox 1891 1085 2064 1143; x_wconf 77' lang='grc' dir='ltr'>ἀληθι-</span> 
     </span>
     <span class='ocr_line' id='line_1_55' title="bbox 1183 1147 2064 1210; baseline 0.002 -19"><span class='ocrx_word' id='word_1_239' title='bbox 1183 1148 1277 1202; x_wconf 82' lang='grc' dir='ltr'>νῶς</span> <span class='ocrx_word' id='word_1_240' title='bbox 1315 1150 1392 1192; x_wconf 72' lang='grc' dir='ltr'>ἐπὶ</span> <span class='ocrx_word' id='word_1_241' title='bbox 1431 1156 1534 1202; x_wconf 83' lang='grc' dir='ltr'>τοῖς</span> <span class='ocrx_word' id='word_1_242' title='bbox 1573 1147 1840 1210; x_wconf 77' lang='grc' dir='ltr'>ἀβελτερως</span> <span class='ocrx_word' id='word_1_243' title='bbox 1873 1153 1955 1193; x_wconf 80' lang='grc' dir='ltr'>καὶ</span> <span class='ocrx_word' id='word_1_244' title='bbox 1984 1165 2064 1193; x_wconf 78' lang='grc' dir='ltr'>κε-</span> 
     </span>
     <span class='ocr_line' id='line_1_56' title="bbox 1182 1209 2061 1269; baseline 0.005 -17"><span class='ocrx_word' id='word_1_245' title='bbox 1182 1211 1276 1264; x_wconf 81' lang='grc' dir='ltr'>νῶς</span> <span class='ocrx_word' id='word_1_246' title='bbox 1335 1209 1428 1254; x_wconf 76' lang='grc' dir='ltr'>ὑτὸ</span> <span class='ocrx_word' id='word_1_247' title='bbox 1488 1210 1712 1267; x_wconf 74' lang='grc' dir='ltr'>ἀνοήτων</span> <span class='ocrx_word' id='word_1_248' title='bbox 1769 1214 2061 1269; x_wconf 76' lang='grc' dir='ltr'>λεγομένοις.</span> 
     </span>
     <span class='ocr_line' id='line_1_57' title="bbox 1183 1273 2065 1328; baseline 0.002 -12"><span class='ocrx_word' id='word_1_249' title='bbox 1183 1276 1403 1317; x_wconf 89' lang='lat' dir='ltr'>Plutarch.</span> <span class='ocrx_word' id='word_1_250' title='bbox 1429 1277 1483 1317; x_wconf 88' lang='lat' dir='ltr'>de</span> <span class='ocrx_word' id='word_1_251' title='bbox 1506 1277 1728 1318; x_wconf 88' lang='lat' dir='ltr'>audiendo</span> <span class='ocrx_word' id='word_1_252' title='bbox 1752 1278 1825 1318; x_wconf 80' lang='grc'>13·</span> <span class='ocrx_word' id='word_1_253' title='bbox 1854 1273 2065 1328; x_wconf 84' lang='grc' dir='ltr'>Ἐκεῖνος</span> 
     </span>
     <span class='ocr_line' id='line_1_58' title="bbox 1185 1335 2065 1393; baseline 0.001 -14"><span class='ocrx_word' id='word_1_254' title='bbox 1185 1339 1489 1390; x_wconf 80' lang='lat' dir='ltr'>(Pythagoras)</span> <span class='ocrx_word' id='word_1_255' title='bbox 1528 1340 1580 1379; x_wconf 77' lang='grc' dir='ltr'>εκ</span> <span class='ocrx_word' id='word_1_256' title='bbox 1611 1338 1912 1391; x_wconf 79' lang='grc' dir='ltr'>φιλοσοφίας</span> <span class='ocrx_word' id='word_1_257' title='bbox 1940 1335 2065 1393; x_wconf 66' lang='grc' dir='ltr'><em>’ἔφη-</em></span> 
     </span>
     <span class='ocr_line' id='line_1_59' title="bbox 1183 1398 2066 1459; baseline 0.001 -18"><span class='ocrx_word' id='word_1_258' title='bbox 1183 1414 1266 1441; x_wconf 89' lang='grc' dir='ltr'>σεν</span> <span class='ocrx_word' id='word_1_259' title='bbox 1295 1398 1424 1456; x_wconf 75' lang='grc' dir='ltr'>αὐτῷ</span> <span class='ocrx_word' id='word_1_260' title='bbox 1457 1405 1810 1459; x_wconf 72' lang='grc' dir='ltr'>περιγεγονέναι</span> <span class='ocrx_word' id='word_1_261' title='bbox 1850 1400 1915 1442; x_wconf 91' lang='grc' dir='ltr'>τὸ</span> <span class='ocrx_word' id='word_1_262' title='bbox 1959 1417 2066 1456; x_wconf 81' lang='grc' dir='ltr'>μη-</span> 
     </span>
     <span class='ocr_line' id='line_1_60' title="bbox 1182 1461 2065 1518; baseline 0.002 -16"><span class='ocrx_word' id='word_1_263' title='bbox 1182 1461 1280 1503; x_wconf 77' lang='grc' dir='ltr'>δὲν</span> <span class='ocrx_word' id='word_1_264' title='bbox 1316 1462 1660 1518; x_wconf 78' lang='grc' dir='ltr'>θαυμάζειν.</span> <span class='ocrx_word' id='word_1_265' title='bbox 1712 1466 1993 1506; x_wconf 90' lang='lat' dir='ltr'>Democritus</span> <span class='ocrx_word' id='word_1_266' title='bbox 2023 1466 2065 1504; x_wconf 91' lang='lat' dir='ltr'>in</span> 
     </span>
     <span class='ocr_line' id='line_1_61' title="bbox 1184 1525 2065 1581; baseline 0.003 -16"><span class='ocrx_word' id='word_1_267' title='bbox 1184 1525 1329 1566; x_wconf 88' lang='lat' dir='ltr'>Orellii</span> <span class='ocrx_word' id='word_1_268' title='bbox 1360 1528 1468 1579; x_wconf 92' lang='lat' dir='ltr'>Opp.</span> <span class='ocrx_word' id='word_1_269' title='bbox 1493 1530 1606 1568; x_wconf 90' lang='lat' dir='ltr'>sent.</span> <span class='ocrx_word' id='word_1_270' title='bbox 1637 1530 1668 1568; x_wconf 93' lang='grc' dir='ltr'>Ι.</span> <span class='ocrx_word' id='word_1_271' title='bbox 1703 1540 1746 1580; x_wconf 92' lang='lat' dir='ltr'>p.</span> <span class='ocrx_word' id='word_1_272' title='bbox 1782 1527 1857 1568; x_wconf 89' lang='lat'>94</span> <span class='ocrx_word' id='word_1_273' title='bbox 1903 1527 2065 1581; x_wconf 81' lang='grc' dir='ltr'>Σοφίη</span> 
     </span>
     <span class='ocr_line' id='line_1_62' title="bbox 1184 1584 2069 1643; baseline 0.003 -16"><span class='ocrx_word' id='word_1_274' title='bbox 1184 1584 1342 1641; x_wconf 74' lang='grc' dir='ltr'>αθαμ</span> <span class='ocrx_word' id='word_1_275' title='bbox 1353 1587 1461 1639; x_wconf 76' lang='grc' dir='ltr'>βος</span> <span class='ocrx_word' id='word_1_276' title='bbox 1481 1584 1593 1642; x_wconf 75' lang='grc' dir='ltr'>αξίη</span> <span class='ocrx_word' id='word_1_277' title='bbox 1615 1586 1821 1639; x_wconf 73' lang='grc' dir='ltr'>πάντων,</span> <span class='ocrx_word' id='word_1_278' title='bbox 1844 1587 2069 1643; x_wconf 87' lang='grc' dir='ltr'>τιμιωτά-</span> 
     </span>
     <span class='ocr_line' id='line_1_63' title="bbox 1183 1649 2068 1705; baseline 0.001 -14"><span class='ocrx_word' id='word_1_279' title='bbox 1183 1664 1240 1704; x_wconf 75' lang='grc' dir='ltr'>τη</span> <span class='ocrx_word' id='word_1_280' title='bbox 1287 1652 1344 1692; x_wconf 83' lang='grc' dir='ltr'>ου’</span> <span class='ocrx_word' id='word_1_281' title='bbox 1350 1665 1427 1691; x_wconf 94' lang='grc' dir='ltr'>σα.</span> <span class='ocrx_word' id='word_1_282' title='bbox 1481 1652 1627 1693; x_wconf 89' lang='lat' dir='ltr'>Cebes</span> <span class='ocrx_word' id='word_1_283' title='bbox 1658 1652 1734 1692; x_wconf 80' lang='lat'>31:</span> <span class='ocrx_word' id='word_1_284' title='bbox 1785 1649 1849 1692; x_wconf 92' lang='lat' dir='ltr'>T6</span> <span class='ocrx_word' id='word_1_285' title='bbox 1893 1649 2068 1705; x_wconf 82' lang='grc' dir='ltr'>δαιμό-</span> 
     </span>
     <span class='ocr_line' id='line_1_64' title="bbox 1183 1708 2066 1767; baseline 0.001 -13"><span class='ocrx_word' id='word_1_286' title='bbox 1183 1727 1287 1754; x_wconf 89' lang='grc' dir='ltr'>νιον</span> <span class='ocrx_word' id='word_1_287' title='bbox 1317 1710 1497 1755; x_wconf 78' lang='grc' dir='ltr'>κελεύει</span> <span class='ocrx_word' id='word_1_288' title='bbox 1535 1729 1606 1767; x_wconf 77' lang='grc' dir='ltr'>μη</span> <span class='ocrx_word' id='word_1_289' title='bbox 1646 1711 1998 1767; x_wconf 73' lang='grc' dir='ltr'>θαυμάζειν,</span> <span class='ocrx_word' id='word_1_290' title='bbox 2039 1708 2066 1755; x_wconf 85' lang='grc' dir='ltr'><em>ὃ</em></span> 
     </span>
     <span class='ocr_line' id='line_1_65' title="bbox 1182 1772 2068 1835; baseline 0.002 -19"><span class='ocrx_word' id='word_1_291' title='bbox 1182 1790 1227 1817; x_wconf 91' lang='grc' dir='ltr'>τι</span> <span class='ocrx_word' id='word_1_292' title='bbox 1257 1772 1318 1816; x_wconf 78' lang='grc' dir='ltr'>ἄν</span> <span class='ocrx_word' id='word_1_293' title='bbox 1348 1775 1531 1835; x_wconf 74' lang='grc' dir='ltr'>πράττῃ</span> <span class='ocrx_word' id='word_1_294' title='bbox 1555 1792 1584 1830; x_wconf 79' lang='grc' dir='ltr'><em>η</em></span> <span class='ocrx_word' id='word_1_295' title='bbox 1608 1774 1758 1830; x_wconf 82' lang='grc' dir='ltr'>Τύχη.</span> <span class='ocrx_word' id='word_1_296' title='bbox 1809 1779 1927 1818; x_wconf 89' lang='lat' dir='ltr'>Zeno</span> <span class='ocrx_word' id='word_1_297' title='bbox 1949 1778 2068 1830; x_wconf 88' lang='lat' dir='ltr'>apud</span> 
     </span>
     <span class='ocr_line' id='line_1_66' title="bbox 1184 1836 2068 1892; baseline 0.002 -12"><span class='ocrx_word' id='word_1_298' title='bbox 1184 1841 1308 1892; x_wconf 84' lang='lat' dir='ltr'>Diog.</span> <span class='ocrx_word' id='word_1_299' title='bbox 1333 1842 1378 1880; x_wconf 91' lang='lat' dir='ltr'>L.</span> <span class='ocrx_word' id='word_1_300' title='bbox 1404 1842 1452 1889; x_wconf 84' lang='lat'>7,</span> <span class='ocrx_word' id='word_1_301' title='bbox 1487 1840 1588 1880; x_wconf 72' lang='lat'>423:</span> <span class='ocrx_word' id='word_1_302' title='bbox 1638 1837 1732 1880; x_wconf 80' lang='grc' dir='ltr'>Τὸν</span> <span class='ocrx_word' id='word_1_303' title='bbox 1772 1837 1934 1891; x_wconf 86' lang='grc' dir='ltr'>σοφὸν</span> <span class='ocrx_word' id='word_1_304' title='bbox 1976 1836 2068 1882; x_wconf 83' lang='grc' dir='ltr'>οὗ-</span> 
     </span>
     <span class='ocr_line' id='line_1_67' title="bbox 1185 1901 2066 1962; baseline 0.002 -20"><span class='ocrx_word' id='word_1_305' title='bbox 1185 1901 1279 1943; x_wconf 78' lang='grc' dir='ltr'>ὁὲν</span> <span class='ocrx_word' id='word_1_306' title='bbox 1309 1902 1630 1955; x_wconf 74' lang='grc' dir='ltr'>θαυμάζειν</span> <span class='ocrx_word' id='word_1_307' title='bbox 1651 1901 1744 1943; x_wconf 82' lang='grc' dir='ltr'>τῶν</span> <span class='ocrx_word' id='word_1_308' title='bbox 1766 1901 2066 1962; x_wconf 74' lang='grc' dir='ltr'>παραδόξων.</span> 
     </span>
     <span class='ocr_line' id='line_1_68' title="bbox 1184 1962 2069 2017; baseline 0.003 -13"><span class='ocrx_word' id='word_1_309' title='bbox 1184 1967 1355 2005; x_wconf 89' lang='lat' dir='ltr'>Arrian.</span> <span class='ocrx_word' id='word_1_310' title='bbox 1380 1966 1519 2016; x_wconf 87' lang='lat' dir='ltr'>Epict.</span> <span class='ocrx_word' id='word_1_311' title='bbox 1547 1966 1592 2014; x_wconf 81' lang='grc'>1,</span> <span class='ocrx_word' id='word_1_312' title='bbox 1626 1965 1700 2014; x_wconf 73' lang='lat'>23,</span> <span class='ocrx_word' id='word_1_313' title='bbox 1733 1967 1782 2005; x_wconf 73' lang='lat'>2:</span> <span class='ocrx_word' id='word_1_314' title='bbox 1830 1962 2069 2017; x_wconf 75' lang='grc' dir='ltr'>(Ἐπί-κου-</span> 
     </span>
     <span class='ocr_line' id='line_1_69' title="bbox 1186 2024 2066 2086; baseline 0.002 -18"><span class='ocrx_word' id='word_1_315' title='bbox 1186 2028 1286 2086; x_wconf 76' lang='grc' dir='ltr'>ρος)</span> <span class='ocrx_word' id='word_1_316' title='bbox 1317 2027 1502 2068; x_wconf 79' lang='grc' dir='ltr'>ἐκείνου</span> <span class='ocrx_word' id='word_1_317' title='bbox 1533 2026 1639 2068; x_wconf 92' lang='grc' dir='ltr'>λίαν</span> <span class='ocrx_word' id='word_1_318' title='bbox 1669 2031 1857 2085; x_wconf 75' lang='grc' dir='ltr'>κρατεῖ,</span> <span class='ocrx_word' id='word_1_319' title='bbox 1904 2024 1979 2070; x_wconf 85' lang='grc' dir='ltr'>ὅτι</span> <span class='ocrx_word' id='word_1_320' title='bbox 2009 2025 2066 2070; x_wconf 82' lang='grc' dir='ltr'>οὐ</span> 
     </span>
     <span class='ocr_line' id='line_1_70' title="bbox 1186 2086 2066 2145; baseline 0.003 -15"><span class='ocrx_word' id='word_1_321' title='bbox 1186 2091 1260 2130; x_wconf 77' lang='grc' dir='ltr'>δεῖ</span> <span class='ocrx_word' id='word_1_322' title='bbox 1285 2086 1664 2143; x_wconf 64' lang='grc' dir='ltr'>ἀπεσπασμένον</span> <span class='ocrx_word' id='word_1_323' title='bbox 1697 2087 1836 2131; x_wconf 78' lang='grc' dir='ltr'>οὐδὲν</span> <span class='ocrx_word' id='word_1_324' title='bbox 1866 2089 1952 2145; x_wconf 79' lang='grc' dir='ltr'>τῆς</span> <span class='ocrx_word' id='word_1_325' title='bbox 1980 2089 2066 2133; x_wconf 89' lang='grc' dir='ltr'>τοῦ</span> 
     </span>
     <span class='ocr_line' id='line_1_71' title="bbox 1187 2147 2069 2207; baseline 0.003 -15"><span class='ocrx_word' id='word_1_326' title='bbox 1187 2149 1376 2206; x_wconf 75' lang='grc' dir='ltr'>ἀγαθοῦ</span> <span class='ocrx_word' id='word_1_327' title='bbox 1409 2147 1581 2203; x_wconf 74' lang='grc' dir='ltr'>οὐσίας</span> <span class='ocrx_word' id='word_1_328' title='bbox 1612 2147 1723 2193; x_wconf 73' lang='grc' dir='ltr'>οὔτε</span> <span class='ocrx_word' id='word_1_329' title='bbox 1751 2151 2069 2207; x_wconf 70' lang='grc' dir='ltr'>θαυμάζειν</span> 
     </span>
     <span class='ocr_line' id='line_1_72' title="bbox 1189 2210 2065 2266; baseline 0.001 -10"><span class='ocrx_word' id='word_1_330' title='bbox 1189 2210 1287 2256; x_wconf 64' lang='grc' dir='ltr'>οὔτ’</span> <span class='ocrx_word' id='word_1_331' title='bbox 1310 2211 1654 2263; x_wconf 75' lang='grc' dir='ltr'>ἁποὸεχεσθαι.</span> <span class='ocrx_word' id='word_1_332' title='bbox 1689 2215 1814 2256; x_wconf 86' lang='lat' dir='ltr'>Idem</span> <span class='ocrx_word' id='word_1_333' title='bbox 1835 2217 1875 2266; x_wconf 87' lang='lat'>3,</span> <span class='ocrx_word' id='word_1_334' title='bbox 1900 2217 1968 2266; x_wconf 76' lang='lat'>26,</span> <span class='ocrx_word' id='word_1_335' title='bbox 1993 2217 2065 2257; x_wconf 74' lang='lat'>43:</span> 
     </span>
     <span class='ocr_line' id='line_1_73' title="bbox 1189 2272 2068 2335; baseline 0.001 -17"><span class='ocrx_word' id='word_1_336' title='bbox 1189 2272 1500 2326; x_wconf 75' lang='grc' dir='ltr'>εὐστάθειαν,</span> <span class='ocrx_word' id='word_1_337' title='bbox 1524 2273 1802 2335; x_wconf 75' lang='grc' dir='ltr'>ἀταραξίαν,</span> <span class='ocrx_word' id='word_1_338' title='bbox 1827 2274 2068 2320; x_wconf 79' lang='grc' dir='ltr'>ἀπάθειαν</span> 
     </span>
     <span class='ocr_line' id='line_1_74' title="bbox 1189 2341 2070 2392; baseline 0.003 -12"><span class='ocrx_word' id='word_1_339' title='bbox 1189 2341 1432 2392; x_wconf 78' lang='lat' dir='ltr'>coniungit3</span> <span class='ocrx_word' id='word_1_340' title='bbox 1467 2352 1695 2381; x_wconf 87' lang='lat' dir='ltr'>summum</span> <span class='ocrx_word' id='word_1_341' title='bbox 1725 2344 1876 2382; x_wconf 86' lang='lat' dir='ltr'>autem</span> <span class='ocrx_word' id='word_1_342' title='bbox 1906 2343 2070 2383; x_wconf 89' lang='lat' dir='ltr'>horum</span> 
     </span>
     <span class='ocr_line' id='line_1_75' title="bbox 1189 2399 2070 2458; baseline 0.001 -14"><span class='ocrx_word' id='word_1_343' title='bbox 1189 2406 1385 2444; x_wconf 87' lang='lat' dir='ltr'>statuum</span> <span class='ocrx_word' id='word_1_344' title='bbox 1423 2403 1609 2454; x_wconf 80' lang='lat' dir='ltr'>gradum</span> <span class='ocrx_word' id='word_1_345' title='bbox 1649 2406 1781 2445; x_wconf 79' lang='lat' dir='ltr'>vocat</span> <span class='ocrx_word' id='word_1_346' title='bbox 1823 2400 1911 2457; x_wconf 72' lang='grc' dir='ltr'>τὴν</span> <span class='ocrx_word' id='word_1_347' title='bbox 1949 2399 2070 2458; x_wconf 82' lang='grc' dir='ltr'>ἀμε-</span> 
     </span>
     <span class='ocr_line' id='line_1_76' title="bbox 1190 2463 2070 2536; baseline 0.002 -30"><span class='ocrx_word' id='word_1_348' title='bbox 1190 2467 1487 2513; x_wconf 78' lang='grc' dir='ltr'>ταπτωσίαν,</span> <span class='ocrx_word' id='word_1_349' title='bbox 1536 2466 1607 2507; x_wconf 92' lang='lat' dir='ltr'>cui</span> <span class='ocrx_word' id='word_1_350' title='bbox 1647 2468 1883 2536; x_wconf 83' lang='lat' dir='ltr'>opponitur</span> <span class='ocrx_word' id='word_1_351' title='bbox 1911 2463 1943 2520; x_wconf 79' lang='grc' dir='ltr'><em>ἡ</em></span> <span class='ocrx_word' id='word_1_352' title='bbox 1975 2466 2070 2508; x_wconf 82' lang='grc' dir='ltr'>δει-.</span> 
     </span>
     <span class='ocr_line' id='line_1_77' title="bbox 1189 2524 2071 2592; baseline 0.002 -23"><span class='ocrx_word' id='word_1_353' title='bbox 1189 2528 1290 2578; x_wconf 79' lang='grc' dir='ltr'>λία,</span> <span class='ocrx_word' id='word_1_354' title='bbox 1327 2544 1353 2581; x_wconf 72' lang='lat'>²7</span> <span class='ocrx_word' id='word_1_355' title='bbox 1387 2524 1628 2583; x_wconf 76' lang='grc' dir='ltr'>αγέννεια,</span> <span class='ocrx_word' id='word_1_356' title='bbox 1663 2525 1690 2568; x_wconf 90' lang='grc' dir='ltr'>ὁ</span> <span class='ocrx_word' id='word_1_357' title='bbox 1720 2529 2071 2592; x_wconf 80' lang='grc' dir='ltr'>θαυμασμὸς</span> 
     </span>
     <span class='ocr_line' id='line_1_78' title="bbox 1189 2586 2071 2645; baseline 0.002 -14.005"><span class='ocrx_word' id='word_1_358' title='bbox 1189 2591 1288 2632; x_wconf 80' lang='grc' dir='ltr'>κτλ.</span> <span class='ocrx_word' id='word_1_359' title='bbox 1320 2591 1498 2639; x_wconf 87' lang='lat' dir='ltr'>ldem4‚</span> <span class='ocrx_word' id='word_1_360' title='bbox 1523 2593 1562 2641; x_wconf 86' lang='grc'>7,</span> <span class='ocrx_word' id='word_1_361' title='bbox 1585 2592 1658 2632; x_wconf 82' lang='lat'>28:</span> <span class='ocrx_word' id='word_1_362' title='bbox 1679 2586 1818 2631; x_wconf 85' lang='grc' dir='ltr'>Ὅταν</span> <span class='ocrx_word' id='word_1_363' title='bbox 1840 2592 1928 2632; x_wconf 82' lang='grc' dir='ltr'>οὑν</span> <span class='ocrx_word' id='word_1_364' title='bbox 1946 2590 2071 2645; x_wconf 83' lang='grc' dir='ltr'>μήτε</span> 
     </span>
     <span class='ocr_line' id='line_1_79' title="bbox 1191 2645 2073 2707; baseline 0.003 -14"><span class='ocrx_word' id='word_1_365' title='bbox 1191 2650 1342 2707; x_wconf 79' lang='grc' dir='ltr'>φοβῶ</span> <span class='ocrx_word' id='word_1_366' title='bbox 1342 2655 1426 2694; x_wconf 84' lang='grc' dir='ltr'>ιιαί</span> <span class='ocrx_word' id='word_1_367' title='bbox 1444 2667 1489 2693; x_wconf 89' lang='grc' dir='ltr'>τι</span> <span class='ocrx_word' id='word_1_368' title='bbox 1509 2645 1576 2693; x_wconf 67' lang='grc' dir='ltr'>(ὸν</span> <span class='ocrx_word' id='word_1_369' title='bbox 1596 2652 1834 2694; x_wconf 80' lang='grc' dir='ltr'>διαθεῖναί</span> <span class='ocrx_word' id='word_1_370' title='bbox 1850 2667 1912 2706; x_wconf 90' lang='grc' dir='ltr'>με</span> <span class='ocrx_word' id='word_1_371' title='bbox 1932 2652 2073 2696; x_wconf 79' lang='grc' dir='ltr'>δύνα-</span> 
     </span>
     <span class='ocr_line' id='line_1_80' title="bbox 1190 2713 2071 2773; baseline 0.001 -16"><span class='ocrx_word' id='word_1_372' title='bbox 1190 2730 1267 2757; x_wconf 94' lang='grc' dir='ltr'>ται</span> <span class='ocrx_word' id='word_1_373' title='bbox 1288 2713 1332 2769; x_wconf 89' lang='grc' dir='ltr'>(ὁ</span> <span class='ocrx_word' id='word_1_374' title='bbox 1353 2713 1600 2773; x_wconf 83' lang='grc' dir='ltr'>τύραννος,</span> <span class='ocrx_word' id='word_1_375' title='bbox 1605 2716 1621 2768; x_wconf 86' lang='grc'><strong><em>)</em></strong></span> <span class='ocrx_word' id='word_1_376' title='bbox 1642 2713 1752 2768; x_wconf 86' lang='grc' dir='ltr'>μήτ</span> <span class='ocrx_word' id='word_1_377' title='bbox 1768 2716 1985 2770; x_wconf 75' lang='grc' dir='ltr'>επιθυμω</span> <span class='ocrx_word' id='word_1_378' title='bbox 2008 2731 2071 2760; x_wconf 90' lang='grc' dir='ltr'>τι-</span> 
     </span>
     <span class='ocr_line' id='line_1_81' title="bbox 1190 2774 2072 2835; baseline 0.002 -16"><span class='ocrx_word' id='word_1_379' title='bbox 1190 2776 1273 2829; x_wconf 82' lang='grc' dir='ltr'>νὸς</span> <span class='ocrx_word' id='word_1_380' title='bbox 1294 2778 1360 2818; x_wconf 78' lang='grc' dir='ltr'>ὠν</span> <span class='ocrx_word' id='word_1_381' title='bbox 1382 2781 1670 2835; x_wconf 76' lang='grc' dir='ltr'>παρασγεῖν,</span> <span class='ocrx_word' id='word_1_382' title='bbox 1703 2780 1748 2818; x_wconf 88' lang='grc' dir='ltr'>τί</span> <span class='ocrx_word' id='word_1_383' title='bbox 1768 2774 1837 2819; x_wconf 90' lang='grc' dir='ltr'>ε’τι</span> <span class='ocrx_word' id='word_1_384' title='bbox 1856 2778 2072 2834; x_wconf 76' lang='grc' dir='ltr'>θαυμά-</span> 
     </span>
     <span class='ocr_line' id='line_1_82' title="bbox 1192 2836 2072 2894; baseline 0.005 -13"><span class='ocrx_word' id='word_1_385' title='bbox 1192 2846 1259 2894; x_wconf 71' lang='lat' dir='ltr'>&#39;go</span> <span class='ocrx_word' id='word_1_386' title='bbox 1281 2836 1458 2887; x_wconf 80' lang='grc' dir='ltr'>αὐτόν;</span> <span class='ocrx_word' id='word_1_387' title='bbox 1479 2842 1523 2881; x_wconf 89' lang='grc' dir='ltr'>τί</span> <span class='ocrx_word' id='word_1_388' title='bbox 1552 2836 1624 2880; x_wconf 86' lang='grc' dir='ltr'>ε’τι</span> <span class='ocrx_word' id='word_1_389' title='bbox 1652 2841 1897 2894; x_wconf 76' lang='grc' dir='ltr'>τέθηπα;</span> <span class='ocrx_word' id='word_1_390' title='bbox 1919 2845 1964 2884; x_wconf 88' lang='grc' dir='ltr'>τί</span> <span class='ocrx_word' id='word_1_391' title='bbox 1983 2857 2072 2894; x_wconf 87' lang='grc' dir='ltr'>φο-</span> 
     </span>
     <span class='ocr_line' id='line_1_83' title="bbox 1191 2901 2066 2962; baseline 0.003 -18"><span class='ocrx_word' id='word_1_392' title='bbox 1191 2901 1376 2957; x_wconf 85' lang='grc' dir='ltr'>βοῦμαι</span> <span class='ocrx_word' id='word_1_393' title='bbox 1395 2915 1508 2953; x_wconf 84' lang='grc' dir='ltr'>τους</span> <span class='ocrx_word' id='word_1_394' title='bbox 1528 2901 1858 2962; x_wconf 79' lang='grc' dir='ltr'>δορυφόρους;</span> <span class='ocrx_word' id='word_1_395' title='bbox 1889 2907 2066 2947; x_wconf 90' lang='lat' dir='ltr'>Lucian.</span> 
     </span>
     <span class='ocr_line' id='line_1_84' title="bbox 1193 2966 2070 3018; baseline 0.006 -13"><span class='ocrx_word' id='word_1_396' title='bbox 1193 2968 1300 3006; x_wconf 87' lang='lat' dir='ltr'>Tim.</span> <span class='ocrx_word' id='word_1_397' title='bbox 1333 2967 1400 3007; x_wconf 69' lang='lat'>28.</span> <span class='ocrx_word' id='word_1_398' title='bbox 1441 2966 1496 3006; x_wconf 82' lang='lat' dir='ltr'>de</span> <span class='ocrx_word' id='word_1_399' title='bbox 1537 2978 1610 3016; x_wconf 85' lang='lat' dir='ltr'>ec,</span> <span class='ocrx_word' id='word_1_400' title='bbox 1655 2968 1729 3018; x_wconf 91' lang='lat' dir='ltr'>qui</span> <span class='ocrx_word' id='word_1_401' title='bbox 1769 2967 1914 3008; x_wconf 90' lang='lat' dir='ltr'>subito</span> <span class='ocrx_word' id='word_1_402' title='bbox 1946 2968 2070 3010; x_wconf 86' lang='lat' dir='ltr'>dives</span> 
     </span>
     <span class='ocr_line' id='line_1_85' title="bbox 1193 3028 2068 3087; baseline 0.005 -20"><span class='ocrx_word' id='word_1_403' title='bbox 1193 3028 1332 3069; x_wconf 88' lang='lat' dir='ltr'>factus</span> <span class='ocrx_word' id='word_1_404' title='bbox 1350 3030 1438 3068; x_wconf 89' lang='lat' dir='ltr'>est:</span> <span class='ocrx_word' id='word_1_405' title='bbox 1475 3031 1943 3087; x_wconf 78' lang='grc' dir='ltr'>συμπαρεισέρχεται</span> <span class='ocrx_word' id='word_1_406' title='bbox 1969 3029 2068 3084; x_wconf 87' lang='grc' dir='ltr'>μετ’</span> 
     </span>
     <span class='ocr_line' id='line_1_86' title="bbox 1194 3088 2072 3143; baseline 0.003 -12"><span class='ocrx_word' id='word_1_407' title='bbox 1194 3088 1312 3143; x_wconf 75' lang='grc' dir='ltr'>ἐμοῦ</span> <span class='ocrx_word' id='word_1_408' title='bbox 1345 3088 1446 3142; x_wconf 84' lang='grc' dir='ltr'>(τοῦ</span> <span class='ocrx_word' id='word_1_409' title='bbox 1479 3088 1706 3143; x_wconf 77' lang='grc' dir='ltr'>πλούτου)</span> <span class='ocrx_word' id='word_1_410' title='bbox 1736 3089 1900 3132; x_wconf 79' lang='grc' dir='ltr'>λαθών</span> <span class='ocrx_word' id='word_1_411' title='bbox 1934 3089 1961 3132; x_wconf 90' lang='grc' dir='ltr'><em>ὁ</em></span> <span class='ocrx_word' id='word_1_412' title='bbox 1995 3090 2072 3134; x_wconf 88' lang='grc' dir='ltr'>τῦ-</span> 
     </span>
     <span class='ocr_line' id='line_1_87' title="bbox 1194 3148 2070 3208; baseline 0.003 -16"><span class='ocrx_word' id='word_1_413' title='bbox 1194 3166 1286 3204; x_wconf 63' lang='grc' dir='ltr'>(ρος</span> <span class='ocrx_word' id='word_1_414' title='bbox 1325 3154 1406 3193; x_wconf 80' lang='grc' dir='ltr'>και</span> <span class='ocrx_word' id='word_1_415' title='bbox 1444 3148 1472 3206; x_wconf 79' lang='grc' dir='ltr'><em>ἦ</em></span> <span class='ocrx_word' id='word_1_416' title='bbox 1509 3149 1654 3194; x_wconf 89' lang='grc' dir='ltr'>α’νοια</span> <span class='ocrx_word' id='word_1_417' title='bbox 1682 3155 1765 3194; x_wconf 80' lang='grc' dir='ltr'>και</span> <span class='ocrx_word' id='word_1_418' title='bbox 1794 3151 1824 3207; x_wconf 83' lang='grc' dir='ltr'><em>ἡ</em></span> <span class='ocrx_word' id='word_1_419' title='bbox 1861 3153 2070 3208; x_wconf 83' lang='grc' dir='ltr'>μεγαλο-</span> 
     </span>
     <span class='ocr_line' id='line_1_88' title="bbox 1194 3211 2070 3274; baseline 0.001 -18"><span class='ocrx_word' id='word_1_420' title='bbox 1194 3217 1356 3267; x_wconf 78' lang='grc' dir='ltr'>ψυχία</span> <span class='ocrx_word' id='word_1_421' title='bbox 1375 3229 1455 3255; x_wconf 85' lang='grc' dir='ltr'>και</span> <span class='ocrx_word' id='word_1_422' title='bbox 1484 3215 1700 3268; x_wconf 81' lang='grc' dir='ltr'>ιιαλακῖα</span> <span class='ocrx_word' id='word_1_423' title='bbox 1720 3217 1802 3257; x_wconf 85' lang='grc' dir='ltr'>και</span> <span class='ocrx_word' id='word_1_424' title='bbox 1832 3211 1969 3274; x_wconf 75' lang='grc' dir='ltr'>ὕβρις</span> <span class='ocrx_word' id='word_1_425' title='bbox 1988 3219 2070 3257; x_wconf 83' lang='grc' dir='ltr'>και</span> 
     </span>
     <span class='ocr_line' id='line_1_89' title="bbox 1194 3273 2070 3336; baseline 0.005 -20"><span class='ocrx_word' id='word_1_426' title='bbox 1194 3274 1355 3331; x_wconf 82' lang='grc' dir='ltr'>ἀτάτη</span> <span class='ocrx_word' id='word_1_427' title='bbox 1376 3279 1456 3318; x_wconf 81' lang='grc' dir='ltr'>και</span> <span class='ocrx_word' id='word_1_428' title='bbox 1472 3273 1573 3318; x_wconf 84' lang='grc' dir='ltr'>άλλ</span> <span class='ocrx_word' id='word_1_429' title='bbox 1591 3274 1710 3319; x_wconf 82' lang='grc' dir='ltr'>ἄττα</span> <span class='ocrx_word' id='word_1_430' title='bbox 1728 3280 1897 3336; x_wconf 89' lang='grc' dir='ltr'>μυρία·</span> <span class='ocrx_word' id='word_1_431' title='bbox 1915 3303 1959 3308; x_wconf 88' lang='lat'>—</span> <span class='ocrx_word' id='word_1_432' title='bbox 1976 3275 2070 3320; x_wconf 83' lang='grc' dir='ltr'>ὑπὸ</span> 
     </span>
     <span class='ocr_line' id='line_1_90' title="bbox 1195 3337 2070 3394; baseline 0.002 -14"><span class='ocrx_word' id='word_1_433' title='bbox 1195 3337 1252 3393; x_wconf 76' lang='grc' dir='ltr'>δὴ</span> <span class='ocrx_word' id='word_1_434' title='bbox 1284 3337 1467 3381; x_wconf 85' lang='grc' dir='ltr'>τούτων</span> <span class='ocrx_word' id='word_1_435' title='bbox 1497 3337 1721 3381; x_wconf 77' lang='grc' dir='ltr'>απάντων</span> <span class='ocrx_word' id='word_1_436' title='bbox 1741 3340 2070 3394; x_wconf 76' lang='grc' dir='ltr'>καταληφθεὶς</span> 
     </span>
     <span class='ocr_line' id='line_1_91' title="bbox 1196 3399 2070 3455; baseline 0.002 -13"><span class='ocrx_word' id='word_1_437' title='bbox 1196 3399 1282 3454; x_wconf 76' lang='grc' dir='ltr'>τὴν</span> <span class='ocrx_word' id='word_1_438' title='bbox 1313 3400 1484 3454; x_wconf 79' lang='grc' dir='ltr'>ψυχὴν</span> <span class='ocrx_word' id='word_1_439' title='bbox 1531 3400 1864 3455; x_wconf 76' lang='grc' dir='ltr'>θαυμάζει</span> <span class='ocrx_word' id='word_1_440' title='bbox 1899 3416 1962 3444; x_wconf 83' lang='grc' dir='ltr'>τε</span> <span class='ocrx_word' id='word_1_441' title='bbox 1997 3402 2070 3444; x_wconf 85' lang='grc' dir='ltr'>τὰ</span> 
     </span>
     <span class='ocr_line' id='line_1_92' title="bbox 1197 3459 2070 3522; baseline 0.005 -19"><span class='ocrx_word' id='word_1_442' title='bbox 1197 3459 1252 3504; x_wconf 84' lang='grc' dir='ltr'>οῦ</span> <span class='ocrx_word' id='word_1_443' title='bbox 1284 3461 1584 3516; x_wconf 73' lang='grc' dir='ltr'>θαυμαστὰ</span> <span class='ocrx_word' id='word_1_444' title='bbox 1613 3466 1694 3505; x_wconf 80' lang='grc' dir='ltr'>καὶ</span> <span class='ocrx_word' id='word_1_445' title='bbox 1724 3459 1938 3522; x_wconf 80' lang='grc' dir='ltr'>ὀρέγεται</span> <span class='ocrx_word' id='word_1_446' title='bbox 1977 3464 2070 3507; x_wconf 83' lang='grc' dir='ltr'>τῶν</span> 
     </span>
     <span class='ocr_line' id='line_1_93' title="bbox 1197 3525 2066 3577; baseline 0.001 -10"><span class='ocrx_word' id='word_1_447' title='bbox 1197 3525 1429 3577; x_wconf 81' lang='grc' dir='ltr'>φευκτῶν.</span> <span class='ocrx_word' id='word_1_448' title='bbox 1483 3528 1572 3568; x_wconf 86' lang='lat' dir='ltr'>Cic.</span> <span class='ocrx_word' id='word_1_449' title='bbox 1606 3529 1730 3568; x_wconf 90' lang='lat' dir='ltr'>Tusc.</span> <span class='ocrx_word' id='word_1_450' title='bbox 1769 3529 1819 3577; x_wconf 73' lang='grc' dir='ltr'>ὃ,</span> <span class='ocrx_word' id='word_1_451' title='bbox 1866 3528 1941 3577; x_wconf 67' lang='lat'>28,</span> <span class='ocrx_word' id='word_1_452' title='bbox 1988 3528 2066 3568; x_wconf 75' lang='lat'>84:</span> 
     </span>
    </p>
   </div>
   <div class='ocr_carea' id='block_1_10' title="bbox 2214 186 2220 810">
    <p class='ocr_par' dir='ltr' id='par_1_11' title="bbox 2214 186 2220 810">
     <span class='ocr_line' id='line_1_94' title="bbox 2214 186 2220 810; baseline 0 0"><span class='ocrx_word' id='word_1_453' title='bbox 2214 186 2220 810; x_wconf 95' lang='lat' dir='ltr'> </span> 
     </span>
    </p>
   </div>
  </div>
 </body>
</html>
