2231 3787
787 295 881 334 [ΑΒ.
916 295 964 334 ll.
1026 295 1137 335 sAT.
1173 295 1239 334 ΙΙΙ.

1827 293 1929 345 237

184 426 454 496 Descripsi
496 425 684 479 docilis
724 433 1012 496 praecepta
1052 425 1213 484 haec,
1260 433 1499 495 tempore
1540 442 1648 495 quo
1689 443 1772 478 mc

184 527 397 581 Solatus
440 527 593 580 iussit
631 528 928 598 sapientem
967 543 1197 597 pascere
1236 526 1462 580 barbam

1864 528 1930 579 35

183 633 355 701 Atque
396 648 425 683 a
466 629 709 684 Fabricio
749 646 854 682 non
895 628 1098 682 tristem
1136 636 1297 700 ponte
1338 630 1548 682 reverti.

183 733 316 785 Nam
354 731 491 785 male
532 749 589 785 re
629 740 779 802 gesta
817 748 939 784 cum
976 730 1171 784 vellem
1209 731 1418 784 mittere
1458 740 1646 802 operto

183 835 264 887 Me
303 833 477 905 capite
519 835 568 885 in
611 832 836 893 flumen,
879 832 1067 886 dexter
1105 833 1247 885 stetit
1285 842 1357 895 et,
1403 833 1544 887 Cave
1584 833 1715 886 saxis

184 937 254 989 Te
282 935 580 1007 quidquam
608 934 906 1006 indignum3
947 934 1147 1005 pudor,
1192 934 1381 1006 inquit,
1425 943 1474 989 te
1503 936 1675 989 malus
1700 938 1857 1008 angit,

184 1038 407 1090 Insanos
447 1037 539 1108 qui
581 1037 717 1090 inter
755 1053 980 1090 vereare
1022 1037 1238 1089 insanus
1279 1036 1480 1090 haberi.

223 1197 288 1236 39.
337 1196 481 1249 angit]
512 1201 632 1248 urget
662 1208 705 1248 p,
752 1196 945 1235 Pottierii
979 1194 1178 1247 plerique
1210 1196 1255 1234 et
1283 1206 1397 1235 corr.
1433 1198 1480 1244 S,
1514 1198 1619 1236 item
1651 1198 1750 1238 LCt.

1863 1041 1931 1092 40

1814 1200 1878 1249 (Ut

166 1269 246 1299 nos
278 1258 354 1307 bc,
389 1272 448 1308 ω,
481 1269 546 1310 pr.
581 1260 607 1298 S
639 1261 682 1299 et
713 1259 921 1309 quattuor
950 1258 1176 1307 Pottierii.)

111 1401 199 1448 tio;
233 1401 298 1440 sic
329 1400 482 1440 Graeci
512 1391 551 1437 ὦ
581 1394 752 1452 λῷστε,
785 1390 824 1436 ὦ
854 1397 989 1454 φέρι-

111 1475 208 1504 στε.
259 1462 382 1515 (Plat.
407 1461 596 1503 Phaedr.
620 1473 664 1514 p.
688 1461 782 1502 238.
807 1459 874 1510 D.)
899 1460 986 1500 Cfr.

111 1527 197 1568 Sat.
221 1527 269 1575 2,
304 1526 352 1575 6,
386 1526 454 1565 54.

166 1588 312 1629 34-40.
335 1599 386 1628 ne
401 1592 438 1628 tc
458 1586 686 1638 Frustrcrc]
721 1585 839 1626 «Noli
861 1587 990 1626 nimis

109 1652 333 1703 praesenti
382 1652 456 1690 tuo
502 1651 618 1691 statu
662 1650 897 1689 contentus
947 1650 989 1688 te

110 1715 256 1766 ipsum
301 1713 534 1765 decipere,
583 1713 708 1764 quasi
751 1723 858 1752 vero
903 1712 990 1751 iam

110 1776 432 1828 perfectionem
462 1776 700 1826 attigeris.»
727 1797 771 1803 —
799 1775 993 1824 stultique

111 1839 216 1888 cet]
254 1836 381 1877 Stulti
420 1839 463 1877 et
501 1838 643 1877 insani
672 1838 774 1877 sunt
810 1837 988 1886 Stoicis,

111 1901 366 1951 quicunque
396 1899 451 1939 ab
479 1911 636 1940 eorum
666 1899 893 1951 disciplina
916 1899 992 1939 ab·

111 1963 308 2002 horrent.
371 1963 460 2002 Cic.
484 1962 641 2001 Parad
667 1963 797 2002 Stoic.
821 1961 868 2003 4:
893 1955 990 2001 Ὀτι

113 2022 204 2075 πᾶς
251 2018 422 2095 ἄφρων
468 2026 703 2077 μαίνεται.
766 2047 811 2052 -
855 2035 903 2074 p
904 2035 991 2074 ope

111 2088 261 2140 omnes]
293 2081 522 2137 ἅπαντες,
568 2083 633 2137 ὠς
674 2080 792 2137 ο«ἔπος
822 2087 985 2126 εἰπεῖν.

116 2174 160 2178 -
193 2151 428 2202 Stertinius]
461 2150 547 2190 Cfr.
582 2152 689 2202 Epp.
723 2151 769 2199 4,
812 2151 884 2199 4⁶²,
917 2151 985 2190 20.

116 2236 160 2241 -
193 2212 349 2264 crepat]
384 2213 674 2262 «identidem,
709 2214 754 2252 et
783 2211 867 2254 alta
889 2214 989 2264 qui—

113 2276 217 2316 dem
247 2286 380 2325 voce,
421 2275 583 2315 docere
615 2274 770 2315 solet.»
806 2298 851 2303 —-
882 2277 992 2315 unde

114 2338 218 2389 cet]
266 2349 344 2377 «ex
381 2338 452 2385 iis,
500 2348 613 2388 quae
645 2336 700 2376 ab
734 2348 786 2376 eo
817 2337 988 2386 audivi,

114 2400 298 2441 domum
318 2411 551 2447 reversus,
586 2400 730 2438 notavi
762 2398 993 2450 diligenter

115 2465 225 2504 haec
248 2464 421 2513 egregia
454 2465 736 2514 praecepta.»
764 2483 807 2489 -
831 2463 994 2511 sapien-

115 2531 225 2566 tem-
241 2524 429 2576 barbam]
462 2536 603 2575 «quae
622 2524 865 2574 sapientiae
887 2535 993 2574 spe-

116 2589 229 2628 ciem
273 2590 405 2638 atque
447 2587 699 2638 opinionem
745 2585 991 2626 conciliat.»

116 2653 386 2691 Graecorum
431 2651 525 2689 erat
575 2648 886 2701 proverbium:
939 2647 991 2688 ἐκ

115 2712 343 2767 πώγωνος
373 2708 547 2761 σοφός.
609 2709 815 2750 Similiter
842 2711 992 2749 autem

116 2776 157 2815 in
187 2777 355 2816 Stoicos
376 2773 606 2841 iocabatur
626 2774 851 2814 Nlucianus
874 2773 994 2824 apud

114 2838 458 2906 Vespasianum:
491 2831 552 2875 ἀν
579 2832 698 2875 τὸν
685 2832 890 2889 πώγωνά
924 2847 994 2886 τις

116 2894 274 2939 αὐτῶν
304 2895 432 2938 naor*
402 2915 432 2955 rs
465 2899 546 2938 καὶ
565 2894 651 2948 τὰς
672 2893 862 2954 ὀφρύας
882 2892 995 2937 ἀνα-

116 2958 308 3018 σπάση,
357 2957 549 3010 -σοφὸς
578 2954 738 3010 εὐθύς,
761 2955 901 3016 ἇνδρε-
880 2963 992 3010 ῖος,

116 3020 302 3073 δίκαιός
339 3034 491 3074 φησιν
522 3018 643 3062 εἶναι
670 3022 752 3062 καὶ
782 3025 892 3061 vvcc*
917 3021 992 3071 ἐφ’

116 3085 270 3140 ἑαυτῷ
313 3086 462 3139 μέγα,
508 3080 600 3124 κᾶν
638 3081 694 3124 τὸ
735 3083 995 3138 λεγόμενον

117 3147 239 3202 μήτε
282 3145 543 3206 γράμματα
584 3143 707 3199 μήτε
749 3151 848 3187 νεῖν
891 3147 995 3188 ἐπί-

118 3223 302 3252 σταται.
338 3212 416 3250 Ι)“ιο
441 3211 563 3250 Cass.
587 3210 690 3248 Exc.
714 3210 810 3250 Vat.
834 3221 878 3261 p.
898 3209 991 3252 444.

119 3275 233 3325 Lips.
295 3273 382 3313 Cfr.
416 3272 549 3311 etiam
578 3271 820 3310 Lucianum
850 3271 892 3309 in
914 3271 997 3310 Eu-

120 3335 264 3375 nucho
299 3335 338 3375 8.
399 3331 690 3373 Phoenicides
731 3331 849 3382 apud
887 3332 997 3371 Mei-

121 3398 218 3437 nek.
255 3398 322 3437 Fr.
358 3398 482 3437 Com.
520 3395 588 3435 IV.
618 3406 661 3447 p.
693 3395 795 3434 5114:
846 3394 995 3450 Τρίτῳ

121 3456 353 3512 συνέζευξ
395 3454 425 3512 ἦ
466 3455 588 3511 τύχη
630 3469 691 3511 με
733 3452 994 3510 φιλοσόφῳ

121 3518 312 3575 Πώγων’
340 3517 515 3571 ἔχοντι
545 3521 625 3561 καὶ
666 3517 876 3577 τρίβωνα
912 3519 995 3559 καὶ

1051 1394 1212 1451 λόγον.
1272 1398 1356 1449 Εἰς
1385 1392 1629 1457 προῦπτον
1659 1393 1811 1455 ἦλθον
1845 1402 1932 1456 ἐμ-

1053 1458 1273 1501 πεσοῦσα
1314 1458 1373 1515 δὴ
1419 1461 1584 1503 κακόν.
1638 1466 1835 1506 Lactant.
1860 1468 1933 1507 In-

1053 1525 1206 1564 stitutt.
1232 1525 1277 1574 3,
1309 1526 1385 1565 ⁶25:
1431 1528 1674 1576 mysterium
1702 1529 1789 1568 cius
1819 1530 1933 1581 (phi—

1051 1586 1293 1638 losophiae)
1331 1588 1464 1627 barba
1501 1593 1664 1629 tantum
1699 1591 1935 1631 celebratur

1052 1654 1088 1689 ct
1105 1650 1249 1699 pallio.
1310 1649 1436 1702 Apul.
1462 1652 1639 1692 Metam.
1666 1654 1734 1703 44,
1768 1654 1815 1694 8;
1860 1666 1934 1695 nec

1053 1712 1217 1759 decrat,
1262 1713 1331 1761 qui
1371 1712 1502 1761 pallio
1532 1713 1761 1764 baculoque
1789 1720 1826 1756 et
1857 1716 1933 1756 ba-

1050 1774 1142 1814 παῖε
1171 1778 1208 1813 ct
1246 1774 1405 1813 hircino
1445 1775 1622 1816 barbitio
1645 1778 1935 1828 philosophum

1048 1838 1234 1887 fingeret.
1288 1836 1412 1876 Conf.
1435 1848 1477 1876 v.
1503 1838 1567 1877 47.
1607 1861 1651 1867 -
1685 1851 1712 1878 α
1740 1840 1934 1881 Fabricio

1050 1921 1073 1926 -
1097 1898 1237 1950 ponte]
1262 1899 1366 1938 «Hic
1396 1910 1508 1950 pons
1540 1900 1764 1943 Fabricius
1787 1902 1931 1945 dictus

1052 1962 1120 2000 est
1156 1971 1180 1999 a
1218 1959 1417 2000 Fabricio
1459 1962 1641 2003 consule
1674 1965 1930 2015 conditore⁷

1052 2023 1126 2074 qui
1146 2034 1264 2062 nunc
1285 2023 1504 2074 Lapideus
1527 2025 1800 2077 nominatur,
1833 2028 1934 2068 iun—

1052 2087 1149 2126 ctus
1165 2084 1334 2126 insulae
1348 2085 1623 2127 Tiberinae.»
1643 2090 1930 2138 Comm.CR1;Q.

1050 2149 1102 2187 V.
1133 2148 1380 2188 Excursum
1420 2150 1451 2188 Ι.
1489 2173 1533 2177 -—
1566 2151 1675 2190 male
1713 2163 1759 2191 rc
1799 2154 1930 2205 qesta]

1055 2209 1193 2249 «male
1211 2222 1258 2250 re
1276 2209 1474 2251 familiari
1491 2211 1810 2262 administrata,
1830 2226 1934 2255 cum

1052 2272 1375 2312 decoxissem.»
1412 2295 1456 2302 —
1489 2279 1673 2324 operio—
1694 2277 1842 2327 capite]
1887 2279 1935 2317 ut

1054 2333 1255 2374 solebant
1287 2335 1511 2376 interdum
1543 2337 1811 2378 moribundi.
1866 2340 1930 2389 (V.

1055 2395 1296 2447 Heindorf.)
1329 2398 1418 2436 Liv.
1439 2397 1479 2447 4,
1504 2399 1575 2437 42:
1608 2400 1730 2438 Multi
1750 2411 1804 2439 cac
1816 2400 1934 2450 plebe

1053 2471 1121 2509 spe
1150 2460 1325 2508 amissa,
1362 2461 1504 2509 potius
1533 2471 1662 2509 quam
1689 2466 1735 2501 ut
1763 2463 1933 2502 crucia-

1055 2527 1201 2562 rentur
1233 2523 1433 2562 trahendo
1473 2524 1683 2574 animam,
1729 2526 1934 2575 capitibus

1055 2586 1253 2625 obvolutis
1282 2596 1324 2625 se
1351 2586 1395 2624 in
1428 2586 1602 2626 Tiberim
1628 2588 1933 2637 praecipitave-

1053 2653 1166 2688 runt.
1204 2672 1248 2676 —
1282 2648 1440 2700 dexter]
1477 2650 1765 2701 «propitius,»
1814 2649 1935 2690 velut

1054 2707 1169 2761 θεὸς
1200 2706 1376 2767 σωτήρ.
1426 2711 1543 2761 virg.
1581 2713 1690 2751 Aen.
1728 2712 1775 2761 8,
1822 2712 1931 2752 302:

1055 2776 1106 2814 Ει
1135 2785 1209 2814 nos
1237 2778 1275 2814 ct
1310 2778 1383 2813 tua
1413 2775 1559 2813 darier
1588 2774 1660 2813 adi
1692 2773 1931 2824 (Hercules)

1051 2839 1154 2888 pede
1191 2848 1317 2876 sacra
1353 2837 1543 2876 secundo.
1587 2859 1632 2864 —
1666 2836 1786 2887 Cave]
1821 2838 1935 2876 «No—

1056 2899 1241 2939 tandum
1267 2900 1332 2938 VE
1353 2897 1570 2950 syllabam
1595 2897 1797 2947 brevem,
1831 2909 1935 2938 cum

1056 2961 1279 3001 secundae
1303 2962 1370 3000 est
1391 2960 1727 3010 coniugationis,
1761 2961 1809 2999 ut
1827 2961 1937 2999 Per-

1056 3025 1147 3065 sius
1176 3025 1234 3074 (4,
1270 3022 1379 3072 408.)
1405 3023 1497 3062 vide
1527 3021 1714 3062 brevem
1744 3022 1933 3073 posuit.»

1056 3088 1157 3126 Acn.
1210 3085 1331 3126 Conf.
1368 3096 1409 3123 V.
1451 3085 1544 3124 477.
1593 3084 1730 3136 Epod.
1769 3085 1817 3132 6,
1866 3084 1933 3122 44.

1057 3149 1144 3188 Sat.
1183 3149 1229 3196 2,
1277 3149 1324 3195 5,
1372 3148 1438 3186 75.
1499 3147 1607 3198 Epp.
1647 3147 1693 3195 4,
1743 3145 1818 3195 43,
1867 3145 1932 3184 49.

1061 3211 1254 3260 —pudor
1264 3232 1287 3238 -
1300 3208 1450 3260 malus]
1475 3207 1649 3257 «falsus,
1660 3223 1677 3243 »
1696 3205 1932 3248 δυσωπία.

1061 3294 1104 3300 -
1144 3273 1275 3324 anyit]
1322 3283 1376 3312 ex
1418 3271 1546 3311 bonis
1591 3270 1730 3311 Codd.
1767 3269 1937 3320 recepit

1055 3334 1280 3374 Bentleius
1322 3345 1404 3386 pro
1446 3337 1587 3383 τιν-ρει,
1641 3331 1761 3382 quod
1806 3329 1933 3369 verbi

1057 3395 1168 3437 illius
1200 3398 1267 3436 est
1310 3395 1544 3447 glossema.
1588 3417 1633 3422 -—
1680 3394 1934 3431 Insanos--

1056 3458 1240 3509 insanus]
1273 3458 1359 3498 Cfr.
1383 3469 1424 3496 v.
1447 3456 1514 3496 48.
1573 3456 1746 3495 Insanos
1770 3462 1871 3491 cum
1892 3452 1933 3490 vi

1055 3519 1304 3571 pronomini
1369 3517 1551 3558 relativo
1615 3513 1931 3567 praeponitur,
