<?xml version="1.0" encoding="UTF-8"?>
<!DOCTYPE html PUBLIC "-//W3C//DTD XHTML 1.0 Transitional//EN"
    "http://www.w3.org/TR/xhtml1/DTD/xhtml1-transitional.dtd">
<html xmlns="http://www.w3.org/1999/xhtml" xml:lang="en" lang="en">
 <head>
  <title>
</title>
<meta http-equiv="Content-Type" content="text/html;charset=utf-8" />
  <meta name='ocr-system' content='tesseract 3.04.00' />
  <meta name='ocr-capabilities' content='ocr_page ocr_carea ocr_par ocr_line ocrx_word'/>
</head>
<body>
  <div class='ocr_page' id='page_1' title='image "./qhoratiusflaccus02horauoft_0085.png"; bbox 0 0 2231 3787; ppageno 0'>
   <div class='ocr_carea' id='block_1_1' title="bbox 938 231 1098 270">
    <p class='ocr_par' dir='ltr' id='par_1_1' title="bbox 938 231 1098 270">
     <span class='ocr_line' id='line_1_1' title="bbox 938 231 1098 270; baseline -0.006 -1"><span class='ocrx_word' id='word_1_1' title='bbox 938 231 1034 270; x_wconf 89' lang='lat' dir='ltr'><em>LlB.</em></span> <span class='ocrx_word' id='word_1_2' title='bbox 1070 232 1098 269; x_wconf 94' lang='lat' dir='ltr'><em>I.</em></span> 
     </span>
    </p>
   </div>
   <div class='ocr_carea' id='block_1_2' title="bbox 319 360 1737 433">
    <p class='ocr_par' dir='ltr' id='par_1_2' title="bbox 319 360 1737 433">
     <span class='ocr_line' id='line_1_2' title="bbox 319 360 1737 433; baseline 0.002 -21"><span class='ocrx_word' id='word_1_3' title='bbox 319 361 529 413; x_wconf 84' lang='lat' dir='ltr'><em>Mutatis</em></span> <span class='ocrx_word' id='word_1_4' title='bbox 571 369 770 413; x_wconf 85' lang='lat' dir='ltr'><em>tantum</em></span> <span class='ocrx_word' id='word_1_5' title='bbox 810 360 1042 432; x_wconf 85' lang='lat' dir='ltr'><em>pedibus</em></span> <span class='ocrx_word' id='word_1_6' title='bbox 1088 362 1467 433; x_wconf 70' lang='lat' dir='ltr'>numerisque,</span> <span class='ocrx_word' id='word_1_7' title='bbox 1512 361 1737 424; x_wconf 76' lang='lat' dir='ltr'><em>facetus,</em></span> 
     </span>
    </p>
   </div>
   <div class='ocr_carea' id='block_1_3' title="bbox 329 462 1660 534">
    <p class='ocr_par' dir='ltr' id='par_1_3' title="bbox 329 462 1660 534">
     <span class='ocr_line' id='line_1_3' title="bbox 329 462 1660 534; baseline 0.002 -20"><span class='ocrx_word' id='word_1_8' title='bbox 329 463 622 516; x_wconf 84' lang='lat' dir='ltr'><em>Emunctae</em></span> <span class='ocrx_word' id='word_1_9' title='bbox 663 462 832 525; x_wconf 84' lang='lat' dir='ltr'><em>naris,</em></span> <span class='ocrx_word' id='word_1_10' title='bbox 876 462 1045 515; x_wconf 85' lang='lat' dir='ltr'><em>durus</em></span> <span class='ocrx_word' id='word_1_11' title='bbox 1085 480 1412 534; x_wconf 84' lang='lat' dir='ltr'><em>componore</em></span> <span class='ocrx_word' id='word_1_12' title='bbox 1455 481 1660 518; x_wconf 72' lang='lat' dir='ltr'><em>versus.</em></span> 
     </span>
    </p>
   </div>
   <div class='ocr_carea' id='block_1_4' title="bbox 323 564 1816 636">
    <p class='ocr_par' dir='ltr' id='par_1_4' title="bbox 323 564 1816 636">
     <span class='ocr_line' id='line_1_4' title="bbox 323 564 1816 636; baseline 0.002 -20"><span class='ocrx_word' id='word_1_13' title='bbox 323 566 457 616; x_wconf 82' lang='lat' dir='ltr'><em>Nam</em></span> <span class='ocrx_word' id='word_1_14' title='bbox 496 565 590 618; x_wconf 88' lang='lat' dir='ltr'><em>suit</em></span> <span class='ocrx_word' id='word_1_15' title='bbox 627 565 729 619; x_wconf 91' lang='lat' dir='ltr'><em>hoc</em></span> <span class='ocrx_word' id='word_1_16' title='bbox 768 565 1015 618; x_wconf 81' lang='lat' dir='ltr'><em>vitiosus:</em></span> <span class='ocrx_word' id='word_1_17' title='bbox 1059 565 1111 616; x_wconf 90' lang='lat' dir='ltr'><em>in</em></span> <span class='ocrx_word' id='word_1_18' title='bbox 1152 564 1282 618; x_wconf 86' lang='lat' dir='ltr'><em>hora</em></span> <span class='ocrx_word' id='word_1_19' title='bbox 1324 583 1489 636; x_wconf 88' lang='lat' dir='ltr'><em>saepe</em></span> <span class='ocrx_word' id='word_1_20' title='bbox 1529 565 1816 629; x_wconf 87' lang='lat' dir='ltr'><em>ducentos,</em></span> 
     </span>
    </p>
   </div>
   <div class='ocr_carea' id='block_1_5' title="bbox 324 667 1835 739">
    <p class='ocr_par' dir='ltr' id='par_1_5' title="bbox 324 667 1835 739">
     <span class='ocr_line' id='line_1_5' title="bbox 324 667 1835 739; baseline 0 -18"><span class='ocrx_word' id='word_1_21' title='bbox 324 667 387 721; x_wconf 82' lang='lat' dir='ltr'><em>Ut</em></span> <span class='ocrx_word' id='word_1_22' title='bbox 426 685 702 739; x_wconf 76' lang='lat' dir='ltr'><em>magnum,</em></span> <span class='ocrx_word' id='word_1_23' title='bbox 746 685 936 721; x_wconf 71' lang='lat' dir='ltr'><em>versus</em></span> <span class='ocrx_word' id='word_1_24' title='bbox 978 667 1212 721; x_wconf 72' lang='lat' dir='ltr'>dictabat</span> <span class='ocrx_word' id='word_1_25' title='bbox 1253 676 1398 720; x_wconf 85' lang='lat' dir='ltr'><em>stans</em></span> <span class='ocrx_word' id='word_1_26' title='bbox 1438 667 1580 738; x_wconf 86' lang='lat' dir='ltr'><em>pede</em></span> <span class='ocrx_word' id='word_1_27' title='bbox 1620 667 1672 719; x_wconf 91' lang='lat' dir='ltr'><em>in</em></span> <span class='ocrx_word' id='word_1_28' title='bbox 1712 686 1835 721; x_wconf 92' lang='lat' dir='ltr'><em>uno.</em></span> 
     </span>
    </p>
   </div>
   <div class='ocr_carea' id='block_1_6' title="bbox 318 769 1848 841">
    <p class='ocr_par' dir='ltr' id='par_1_6' title="bbox 318 769 1848 841">
     <span class='ocr_line' id='line_1_6' title="bbox 318 769 1848 841; baseline 0 -18"><span class='ocrx_word' id='word_1_29' title='bbox 318 770 451 823; x_wconf 88' lang='lat' dir='ltr'><em>Cum</em></span> <span class='ocrx_word' id='word_1_30' title='bbox 490 769 682 823; x_wconf 86' lang='lat' dir='ltr'><em>ssuerct</em></span> <span class='ocrx_word' id='word_1_31' title='bbox 720 769 1040 831; x_wconf 86' lang='lat' dir='ltr'><em>lutulentus,</em></span> <span class='ocrx_word' id='word_1_32' title='bbox 1084 779 1199 824; x_wconf 87' lang='lat' dir='ltr'><em>orat</em></span> <span class='ocrx_word' id='word_1_33' title='bbox 1239 769 1387 841; x_wconf 85' lang='lat' dir='ltr'><em>quod</em></span> <span class='ocrx_word' id='word_1_34' title='bbox 1429 769 1616 823; x_wconf 86' lang='lat' dir='ltr'><em>tollere</em></span> <span class='ocrx_word' id='word_1_35' title='bbox 1655 769 1848 834; x_wconf 76' lang='lat' dir='ltr'><em>velles3</em></span> 
     </span>
    </p>
   </div>
   <div class='ocr_carea' id='block_1_7' title="bbox 241 1038 1130 3526">
    <p class='ocr_par' dir='ltr' id='par_1_7' title="bbox 241 1038 1130 3526">
     <span class='ocr_line' id='line_1_7' title="bbox 246 1038 1128 1089; baseline 0.001 -12"><span class='ocrx_word' id='word_1_36' title='bbox 246 1039 381 1089; x_wconf 80' lang='lat' dir='ltr'><em>iungit</em></span> <span class='ocrx_word' id='word_1_37' title='bbox 410 1043 625 1078; x_wconf 70' lang='lat' dir='ltr'><em>emimctae</em></span> <span class='ocrx_word' id='word_1_38' title='bbox 655 1041 771 1078; x_wconf 71' lang='lat' dir='ltr'><em>naris</em></span> <span class='ocrx_word' id='word_1_39' title='bbox 799 1050 941 1079; x_wconf 78' lang='lat' dir='ltr'><em>versus</em></span> <span class='ocrx_word' id='word_1_40' title='bbox 982 1038 1128 1080; x_wconf 84' lang='lat' dir='ltr'><em>deleta</em></span> 
     </span>
     <span class='ocr_line' id='line_1_8' title="bbox 243 1100 1129 1153; baseline 0.001 -13"><span class='ocrx_word' id='word_1_41' title='bbox 243 1100 411 1152; x_wconf 67' lang='lat' dir='ltr'><em>virgula</em></span> <span class='ocrx_word' id='word_1_42' title='bbox 441 1103 542 1153; x_wconf 89' lang='lat' dir='ltr'><em>post</em></span> <span class='ocrx_word' id='word_1_43' title='bbox 560 1112 603 1141; x_wconf 88' lang='lat' dir='ltr'><em>v.</em></span> <span class='ocrx_word' id='word_1_44' title='bbox 626 1102 766 1150; x_wconf 77' lang='lat' dir='ltr'><em>naris,</em></span> <span class='ocrx_word' id='word_1_45' title='bbox 801 1102 846 1141; x_wconf 89' lang='lat' dir='ltr'><em>id</em></span> <span class='ocrx_word' id='word_1_46' title='bbox 879 1104 969 1151; x_wconf 87' lang='lat' dir='ltr'><em>est,</em></span> <span class='ocrx_word' id='word_1_47' title='bbox 1006 1113 1129 1141; x_wconf 76' lang='lat' dir='ltr'><em>«ver—</em></span> 
     </span>
     <span class='ocr_line' id='line_1_9' title="bbox 246 1164 1128 1205; baseline 0.001 -2"><span class='ocrx_word' id='word_1_48' title='bbox 246 1175 321 1204; x_wconf 85' lang='lat' dir='ltr'><em>sus</em></span> <span class='ocrx_word' id='word_1_49' title='bbox 353 1166 560 1204; x_wconf 85' lang='lat' dir='ltr'><em>emuncta</em></span> <span class='ocrx_word' id='word_1_50' title='bbox 593 1175 699 1204; x_wconf 86' lang='lat' dir='ltr'><em>nare</em></span> <span class='ocrx_word' id='word_1_51' title='bbox 731 1164 897 1205; x_wconf 82' lang='lat' dir='ltr'><em>susos.»</em></span> <span class='ocrx_word' id='word_1_52' title='bbox 926 1188 970 1193; x_wconf 90' lang='lat'>—</span> <span class='ocrx_word' id='word_1_53' title='bbox 995 1166 1128 1204; x_wconf 77' lang='lat' dir='ltr'><em>durus</em></span> 
     </span>
     <span class='ocr_line' id='line_1_10' title="bbox 243 1226 1123 1276; baseline 0 -11"><span class='ocrx_word' id='word_1_54' title='bbox 243 1237 487 1276; x_wconf 77' lang='lat' dir='ltr'><em>componere</em></span> <span class='ocrx_word' id='word_1_55' title='bbox 529 1227 686 1276; x_wconf 71' lang='lat' dir='ltr'><em>versus]</em></span> <span class='ocrx_word' id='word_1_56' title='bbox 732 1227 819 1266; x_wconf 88' lang='lat' dir='ltr'><em>Sat.</em></span> <span class='ocrx_word' id='word_1_57' title='bbox 856 1228 900 1275; x_wconf 59' lang='lat' dir='ltr'><em>sl,</em></span> <span class='ocrx_word' id='word_1_58' title='bbox 951 1226 1025 1274; x_wconf 64' lang='lat'><em>110,</em></span> <span class='ocrx_word' id='word_1_59' title='bbox 1077 1227 1123 1266; x_wconf 43' lang='lat' dir='ltr'><em>fl:</em></span> 
     </span>
     <span class='ocr_line' id='line_1_11' title="bbox 242 1289 1129 1339; baseline 0.002 -11"><span class='ocrx_word' id='word_1_60' title='bbox 242 1290 396 1338; x_wconf 77' lang='lat' dir='ltr'><em>Nempe</em></span> <span class='ocrx_word' id='word_1_61' title='bbox 424 1289 691 1339; x_wconf 75' lang='lat' dir='ltr'><em>incomposito</em></span> <span class='ocrx_word' id='word_1_62' title='bbox 713 1289 804 1328; x_wconf 68' lang='lat' dir='ltr'><em>dixi</em></span> <span class='ocrx_word' id='word_1_63' title='bbox 826 1290 930 1339; x_wconf 78' lang='lat' dir='ltr'><em>pede</em></span> <span class='ocrx_word' id='word_1_64' title='bbox 956 1300 1129 1330; x_wconf 79' lang='lat' dir='ltr'><em>currere</em></span> 
     </span>
     <span class='ocr_line' id='line_1_12' title="bbox 242 1352 1130 1402; baseline 0.003 -12"><span class='ocrx_word' id='word_1_65' title='bbox 242 1362 384 1391; x_wconf 69' lang='lat' dir='ltr'><em>versus</em></span> <span class='ocrx_word' id='word_1_66' title='bbox 425 1352 567 1391; x_wconf 87' lang='lat' dir='ltr'><em>Lucili.</em></span> <span class='ocrx_word' id='word_1_67' title='bbox 609 1364 650 1391; x_wconf 73' lang='lat' dir='ltr'><em>v.</em></span> <span class='ocrx_word' id='word_1_68' title='bbox 686 1352 761 1392; x_wconf 82' lang='lat'><em>56:</em></span> <span class='ocrx_word' id='word_1_69' title='bbox 811 1353 917 1402; x_wconf 81' lang='lat' dir='ltr'><em>Quid</em></span> <span class='ocrx_word' id='word_1_70' title='bbox 951 1356 1063 1393; x_wconf 76' lang='lat' dir='ltr'><em>vetat</em></span> <span class='ocrx_word' id='word_1_71' title='bbox 1093 1357 1130 1393; x_wconf 81' lang='lat' dir='ltr'><em>et</em></span> 
     </span>
     <span class='ocr_line' id='line_1_13' title="bbox 242 1415 1129 1467; baseline 0.003 -14"><span class='ocrx_word' id='word_1_72' title='bbox 242 1418 397 1454; x_wconf 77' lang='lat' dir='ltr'><em>uosmet</em></span> <span class='ocrx_word' id='word_1_73' title='bbox 424 1415 558 1454; x_wconf 85' lang='lat' dir='ltr'><em>Lucili</em></span> <span class='ocrx_word' id='word_1_74' title='bbox 586 1415 744 1465; x_wconf 77' lang='lat' dir='ltr'><em>scripta</em></span> <span class='ocrx_word' id='word_1_75' title='bbox 782 1415 957 1467; x_wconf 62' lang='lat' dir='ltr'><em>legentes</em></span> <span class='ocrx_word' id='word_1_76' title='bbox 988 1417 1129 1467; x_wconf 80' lang='lat' dir='ltr'><em>Quae-</em></span> 
     </span>
     <span class='ocr_line' id='line_1_14' title="bbox 243 1478 1127 1526; baseline 0.002 -10"><span class='ocrx_word' id='word_1_77' title='bbox 243 1489 356 1526; x_wconf 73' lang='lat' dir='ltr'><em>rere,</em></span> <span class='ocrx_word' id='word_1_78' title='bbox 402 1488 501 1516; x_wconf 77' lang='lat' dir='ltr'><em>num</em></span> <span class='ocrx_word' id='word_1_79' title='bbox 540 1478 669 1526; x_wconf 80' lang='lat' dir='ltr'><em>illius,</em></span> <span class='ocrx_word' id='word_1_80' title='bbox 716 1489 817 1517; x_wconf 72' lang='lat' dir='ltr'><em>num</em></span> <span class='ocrx_word' id='word_1_81' title='bbox 860 1489 1003 1517; x_wconf 73' lang='lat' dir='ltr'><em>vrerum</em></span> <span class='ocrx_word' id='word_1_82' title='bbox 1047 1479 1127 1518; x_wconf 81' lang='lat' dir='ltr'><em>clu-</em></span> 
     </span>
     <span class='ocr_line' id='line_1_15' title="bbox 244 1539 1129 1590; baseline 0.002 -12"><span class='ocrx_word' id='word_1_83' title='bbox 244 1551 296 1578; x_wconf 75' lang='lat' dir='ltr'><em>ra</em></span> <span class='ocrx_word' id='word_1_84' title='bbox 337 1540 505 1590; x_wconf 69' lang='lat' dir='ltr'><em>ueqaril</em></span> <span class='ocrx_word' id='word_1_85' title='bbox 556 1539 784 1579; x_wconf 75' lang='lat' dir='ltr'><em>Versiculos</em></span> <span class='ocrx_word' id='word_1_86' title='bbox 832 1544 991 1580; x_wconf 77' lang='lat' dir='ltr'><em>natura</em></span> <span class='ocrx_word' id='word_1_87' title='bbox 1036 1552 1129 1580; x_wconf 83' lang='lat' dir='ltr'><em>ma-</em></span> 
     </span>
     <span class='ocr_line' id='line_1_16' title="bbox 242 1602 1123 1653; baseline 0.001 -12"><span class='ocrx_word' id='word_1_88' title='bbox 242 1602 305 1653; x_wconf 78' lang='lat' dir='ltr'><em>9is</em></span> <span class='ocrx_word' id='word_1_89' title='bbox 331 1602 465 1653; x_wconf 82' lang='lat' dir='ltr'><em>factos</em></span> <span class='ocrx_word' id='word_1_90' title='bbox 493 1606 530 1641; x_wconf 81' lang='lat' dir='ltr'><em>et</em></span> <span class='ocrx_word' id='word_1_91' title='bbox 559 1606 697 1642; x_wconf 76' lang='lat' dir='ltr'><em>euntes</em></span> <span class='ocrx_word' id='word_1_92' title='bbox 726 1603 889 1641; x_wconf 83' lang='lat' dir='ltr'><em>mollius</em></span> <span class='ocrx_word' id='word_1_93' title='bbox 909 1604 993 1642; x_wconf 88' lang='lat' dir='ltr'><em>cet.</em></span> <span class='ocrx_word' id='word_1_94' title='bbox 1027 1602 1123 1642; x_wconf 82' lang='lat' dir='ltr'><em>Adi.</em></span> 
     </span>
     <span class='ocr_line' id='line_1_17' title="bbox 243 1663 1127 1716; baseline 0 -12"><span class='ocrx_word' id='word_1_95' title='bbox 243 1666 373 1704; x_wconf 82' lang='lat' dir='ltr'><em>durus</em></span> <span class='ocrx_word' id='word_1_96' title='bbox 409 1664 600 1704; x_wconf 88' lang='lat' dir='ltr'><em>refertur</em></span> <span class='ocrx_word' id='word_1_97' title='bbox 630 1663 686 1703; x_wconf 87' lang='lat' dir='ltr'><em>ad</em></span> <span class='ocrx_word' id='word_1_98' title='bbox 728 1675 941 1704; x_wconf 90' lang='lat' dir='ltr'><em>numeros</em></span> <span class='ocrx_word' id='word_1_99' title='bbox 980 1665 1127 1716; x_wconf 91' lang='lat' dir='ltr'><em>impo—</em></span> 
     </span>
     <span class='ocr_line' id='line_1_18' title="bbox 242 1726 1128 1776; baseline 0 -10"><span class='ocrx_word' id='word_1_100' title='bbox 242 1726 341 1767; x_wconf 90' lang='lat' dir='ltr'><em>litos</em></span> <span class='ocrx_word' id='word_1_101' title='bbox 387 1729 430 1766; x_wconf 86' lang='lat' dir='ltr'><em>et</em></span> <span class='ocrx_word' id='word_1_102' title='bbox 474 1726 658 1767; x_wconf 85' lang='lat' dir='ltr'><em>scabros</em></span> <span class='ocrx_word' id='word_1_103' title='bbox 701 1738 886 1776; x_wconf 66' lang='lat' dir='ltr'><em>versus,</em></span> <span class='ocrx_word' id='word_1_104' title='bbox 933 1728 981 1766; x_wconf 90' lang='lat' dir='ltr'><em>ut</em></span> <span class='ocrx_word' id='word_1_105' title='bbox 1026 1728 1128 1767; x_wconf 88' lang='lat' dir='ltr'><em>sunt</em></span> 
     </span>
     <span class='ocr_line' id='line_1_19' title="bbox 244 1787 1128 1841; baseline -0.001 -12"><span class='ocrx_word' id='word_1_106' title='bbox 244 1791 365 1829; x_wconf 90' lang='lat' dir='ltr'><em>certe</em></span> <span class='ocrx_word' id='word_1_107' title='bbox 398 1790 462 1828; x_wconf 86' lang='lat' dir='ltr'><em>hi:</em></span> <span class='ocrx_word' id='word_1_108' title='bbox 512 1791 648 1829; x_wconf 85' lang='lat' dir='ltr'><em>Fama</em></span> <span class='ocrx_word' id='word_1_109' title='bbox 677 1793 794 1829; x_wconf 80' lang='lat' dir='ltr'><em>tuam</em></span> <span class='ocrx_word' id='word_1_110' title='bbox 817 1787 1010 1841; x_wconf 58' lang='lat' dir='ltr'><em>pugnam</em></span> <span class='ocrx_word' id='word_1_111' title='bbox 1036 1789 1128 1828; x_wconf 84' lang='lat' dir='ltr'><em>cla-</em></span> 
     </span>
     <span class='ocr_line' id='line_1_20' title="bbox 243 1852 1128 1891; baseline -0.001 0"><span class='ocrx_word' id='word_1_112' title='bbox 243 1863 337 1891; x_wconf 84' lang='lat' dir='ltr'><em>ram</em></span> <span class='ocrx_word' id='word_1_113' title='bbox 371 1852 549 1891; x_wconf 76' lang='lat' dir='ltr'><em>allatam</em></span> <span class='ocrx_word' id='word_1_114' title='bbox 584 1852 771 1891; x_wconf 82' lang='lat' dir='ltr'><em>dicasset.</em></span> <span class='ocrx_word' id='word_1_115' title='bbox 810 1875 855 1879; x_wconf 80' lang='lat'>—</span> <span class='ocrx_word' id='word_1_116' title='bbox 892 1852 992 1891; x_wconf 88' lang='lat' dir='ltr'><em>Tum</em></span> <span class='ocrx_word' id='word_1_117' title='bbox 1025 1852 1128 1891; x_wconf 78' lang='lat' dir='ltr'><em>late-</em></span> 
     </span>
     <span class='ocr_line' id='line_1_21' title="bbox 241 1914 1123 1955; baseline -0.001 0"><span class='ocrx_word' id='word_1_118' title='bbox 241 1914 335 1955; x_wconf 77' lang='lat' dir='ltr'><em>rali&#39;</em></span> <span class='ocrx_word' id='word_1_119' title='bbox 364 1915 482 1955; x_wconf 73' lang='lat' dir='ltr'><em>dolor</em></span> <span class='ocrx_word' id='word_1_120' title='bbox 514 1915 757 1955; x_wconf 80' lang='lat' dir='ltr'><em>certissimu’</em></span> <span class='ocrx_word' id='word_1_121' title='bbox 779 1914 941 1953; x_wconf 69' lang='lat' dir='ltr'><em>nuntiu&#39;</em></span> <span class='ocrx_word' id='word_1_122' title='bbox 963 1914 1123 1954; x_wconf 75' lang='lat' dir='ltr'><em>mortis.</em></span> 
     </span>
     <span class='ocr_line' id='line_1_22' title="bbox 246 1976 1122 2028; baseline -0.001 -11"><span class='ocrx_word' id='word_1_123' title='bbox 246 2002 290 2006; x_wconf 92' lang='lat'>—</span> <span class='ocrx_word' id='word_1_124' title='bbox 336 1979 421 2017; x_wconf 84' lang='lat' dir='ltr'><em>Nos</em></span> <span class='ocrx_word' id='word_1_125' title='bbox 463 1988 544 2017; x_wconf 85' lang='lat' dir='ltr'><em>esse</em></span> <span class='ocrx_word' id='word_1_126' title='bbox 582 1976 818 2027; x_wconf 80' lang='lat' dir='ltr'><em>arquatos?</em></span> <span class='ocrx_word' id='word_1_127' title='bbox 861 1976 1122 2028; x_wconf 72' lang='lat' dir='ltr'><em>Surgyamus,</em></span> 
     </span>
     <span class='ocr_line' id='line_1_23' title="bbox 242 2039 1126 2091; baseline -0.002 -11"><span class='ocrx_word' id='word_1_128' title='bbox 242 2051 407 2090; x_wconf 74' lang='lat' dir='ltr'><em>eamus,</em></span> <span class='ocrx_word' id='word_1_129' title='bbox 441 2051 631 2091; x_wconf 67' lang='lat' dir='ltr'><em>agyamus.</em></span> <span class='ocrx_word' id='word_1_130' title='bbox 662 2062 706 2068; x_wconf 90' lang='lat'>—</span> <span class='ocrx_word' id='word_1_131' title='bbox 729 2039 918 2078; x_wconf 82' lang='lat' dir='ltr'><em>Huncine</em></span> <span class='ocrx_word' id='word_1_132' title='bbox 947 2050 1020 2090; x_wconf 77' lang='lat'><em>690</em></span> <span class='ocrx_word' id='word_1_133' title='bbox 1050 2051 1126 2079; x_wconf 72' lang='lat' dir='ltr'><em>uii-</em></span> 
     </span>
     <span class='ocr_line' id='line_1_24' title="bbox 243 2102 1128 2153; baseline -0.002 -10"><span class='ocrx_word' id='word_1_134' title='bbox 243 2115 368 2153; x_wconf 79' lang='lat' dir='ltr'><em>qu-am</em></span> <span class='ocrx_word' id='word_1_135' title='bbox 397 2103 629 2153; x_wconf 69' lang='lat' dir='ltr'><em>Hyacintlzo</em></span> <span class='ocrx_word' id='word_1_136' title='bbox 659 2102 863 2141; x_wconf 80' lang='lat' dir='ltr'><em>hominem</em></span> <span class='ocrx_word' id='word_1_137' title='bbox 894 2102 1128 2152; x_wconf 70' lang='grc' dir='ltr'><em>00)·ιίἠὲρο-</em></span> 
     </span>
     <span class='ocr_line' id='line_1_25' title="bbox 242 2163 1121 2216; baseline -0.001 -11"><span class='ocrx_word' id='word_1_138' title='bbox 242 2166 361 2206; x_wconf 72' lang='lat' dir='ltr'><em>tentis</em></span> <span class='ocrx_word' id='word_1_139' title='bbox 396 2165 564 2204; x_wconf 75' lang='lat' dir='ltr'><em>Deliciis</em></span> <span class='ocrx_word' id='word_1_140' title='bbox 597 2163 817 2204; x_wconf 76' lang='lat' dir='ltr'><em>contendi?</em></span> <span class='ocrx_word' id='word_1_141' title='bbox 862 2164 926 2205; x_wconf 88' lang='lat' dir='ltr'><em>Cf.</em></span> <span class='ocrx_word' id='word_1_142' title='bbox 964 2165 1121 2216; x_wconf 85' lang='lat' dir='ltr'><em>Script.</em></span> 
     </span>
     <span class='ocr_line' id='line_1_26' title="bbox 244 2227 1125 2277; baseline -0.002 -8"><span class='ocrx_word' id='word_1_143' title='bbox 244 2229 299 2269; x_wconf 88' lang='lat' dir='ltr'><em>ad</em></span> <span class='ocrx_word' id='word_1_144' title='bbox 329 2229 522 2268; x_wconf 86' lang='lat' dir='ltr'><em>Herenn.</em></span> <span class='ocrx_word' id='word_1_145' title='bbox 559 2227 604 2277; x_wconf 75' lang='lat'><em>4,</em></span> <span class='ocrx_word' id='word_1_146' title='bbox 639 2228 710 2274; x_wconf 61' lang='lat'><em>212,</em></span> <span class='ocrx_word' id='word_1_147' title='bbox 756 2228 828 2268; x_wconf 74' lang='lat'><em>48:</em></span> <span class='ocrx_word' id='word_1_148' title='bbox 878 2227 1125 2277; x_wconf 78' lang='lat' dir='ltr'><em>Compositio</em></span> 
     </span>
     <span class='ocr_line' id='line_1_27' title="bbox 243 2290 1125 2339; baseline 0 -9"><span class='ocrx_word' id='word_1_149' title='bbox 243 2290 576 2339; x_wconf 64' lang='lat' dir='ltr'><em>conservabitur,</em></span> <span class='ocrx_word' id='word_1_150' title='bbox 623 2290 657 2328; x_wconf 79' lang='lat' dir='ltr'><em>si</em></span> <span class='ocrx_word' id='word_1_151' title='bbox 693 2290 915 2329; x_wconf 70' lang='lat' dir='ltr'><em>verborum</em></span> <span class='ocrx_word' id='word_1_152' title='bbox 944 2291 1125 2330; x_wconf 77' lang='lat' dir='ltr'><em>transie-</em></span> 
     </span>
     <span class='ocr_line' id='line_1_28' title="bbox 242 2351 1127 2401; baseline -0.003 -9"><span class='ocrx_word' id='word_1_153' title='bbox 242 2353 418 2392; x_wconf 72' lang='lat' dir='ltr'><em>ctionem</em></span> <span class='ocrx_word' id='word_1_154' title='bbox 462 2351 714 2401; x_wconf 74' lang='lat' dir='ltr'><em>vitabimus,</em></span> <span class='ocrx_word' id='word_1_155' title='bbox 765 2352 845 2391; x_wconf 47' lang='lat' dir='ltr'><em>‘nisi</em></span> <span class='ocrx_word' id='word_1_156' title='bbox 894 2363 1001 2401; x_wconf 78' lang='lat' dir='ltr'><em>quae</em></span> <span class='ocrx_word' id='word_1_157' title='bbox 1047 2352 1127 2391; x_wconf 78' lang='lat' dir='ltr'><em>erit</em></span> 
     </span>
     <span class='ocr_line' id='line_1_29' title="bbox 244 2414 1126 2464; baseline -0.003 -9"><span class='ocrx_word' id='word_1_158' title='bbox 244 2416 470 2461; x_wconf 53' lang='lat' dir='ltr'><em>concinam·</em></span> <span class='ocrx_word' id='word_1_159' title='bbox 502 2436 525 2442; x_wconf 92' lang='lat'><em>-</em></span> <span class='ocrx_word' id='word_1_160' title='bbox 553 2436 576 2442; x_wconf 90' lang='lat'>-</span> <span class='ocrx_word' id='word_1_161' title='bbox 607 2425 686 2464; x_wconf 76' lang='lat' dir='ltr'><em>quo</em></span> <span class='ocrx_word' id='word_1_162' title='bbox 728 2414 768 2453; x_wconf 81' lang='lat' dir='ltr'><em>in</em></span> <span class='ocrx_word' id='word_1_163' title='bbox 807 2414 905 2453; x_wconf 83' lang='lat' dir='ltr'><em>vitio</em></span> <span class='ocrx_word' id='word_1_164' title='bbox 945 2418 1001 2454; x_wconf 77' lang='lat' dir='ltr'><em>est</em></span> <span class='ocrx_word' id='word_1_165' title='bbox 1039 2415 1126 2453; x_wconf 88' lang='lat' dir='ltr'><em>Lu-</em></span> 
     </span>
     <span class='ocr_line' id='line_1_30' title="bbox 243 2476 1126 2526; baseline -0.002 -9"><span class='ocrx_word' id='word_1_166' title='bbox 243 2478 362 2517; x_wconf 78' lang='lat' dir='ltr'><em>cilius</em></span> <span class='ocrx_word' id='word_1_167' title='bbox 391 2477 602 2525; x_wconf 74' lang='lat' dir='ltr'><em>assiduus,</em></span> <span class='ocrx_word' id='word_1_168' title='bbox 651 2480 695 2515; x_wconf 73' lang='lat' dir='ltr'><em>ui</em></span> <span class='ocrx_word' id='word_1_169' title='bbox 723 2477 797 2516; x_wconf 82' lang='lat' dir='ltr'><em>hoc</em></span> <span class='ocrx_word' id='word_1_170' title='bbox 827 2480 884 2516; x_wconf 86' lang='lat' dir='ltr'><em>est</em></span> <span class='ocrx_word' id='word_1_171' title='bbox 911 2476 956 2515; x_wconf 77' lang='lat' dir='ltr'><em>in</em></span> <span class='ocrx_word' id='word_1_172' title='bbox 979 2476 1126 2526; x_wconf 79' lang='lat' dir='ltr'><em>priore</em></span> 
     </span>
     <span class='ocr_line' id='line_1_31' title="bbox 244 2539 1125 2589; baseline -0.001 -10"><span class='ocrx_word' id='word_1_173' title='bbox 244 2540 370 2580; x_wconf 83' lang='lat' dir='ltr'><em>libro:</em></span> <span class='ocrx_word' id='word_1_174' title='bbox 412 2540 522 2579; x_wconf 89' lang='lat' dir='ltr'><em>«Has</em></span> <span class='ocrx_word' id='word_1_175' title='bbox 551 2551 615 2579; x_wconf 81' lang='lat' dir='ltr'><em>res</em></span> <span class='ocrx_word' id='word_1_176' title='bbox 635 2540 692 2579; x_wconf 83' lang='lat' dir='ltr'><em>ad</em></span> <span class='ocrx_word' id='word_1_177' title='bbox 721 2543 757 2579; x_wconf 84' lang='lat' dir='ltr'><em>te</em></span> <span class='ocrx_word' id='word_1_178' title='bbox 777 2540 976 2589; x_wconf 74' lang='lat' dir='ltr'><em>scriptaS,</em></span> <span class='ocrx_word' id='word_1_179' title='bbox 1008 2539 1125 2588; x_wconf 80' lang='lat' dir='ltr'><em>Luci,</em></span> 
     </span>
     <span class='ocr_line' id='line_1_32' title="bbox 243 2602 1127 2652; baseline -0.003 -9"><span class='ocrx_word' id='word_1_180' title='bbox 243 2604 451 2652; x_wconf 79' lang='lat' dir='ltr'><em>misimus,</em></span> <span class='ocrx_word' id='word_1_181' title='bbox 481 2602 611 2642; x_wconf 82' lang='lat' dir='ltr'><em>Aeli.»</em></span> <span class='ocrx_word' id='word_1_182' title='bbox 639 2626 682 2629; x_wconf 92' lang='lat'>—</span> <span class='ocrx_word' id='word_1_183' title='bbox 707 2602 751 2641; x_wconf 76' lang='lat' dir='ltr'><em>in</em></span> <span class='ocrx_word' id='word_1_184' title='bbox 779 2603 885 2641; x_wconf 77' lang='lat' dir='ltr'><em>liora</em></span> <span class='ocrx_word' id='word_1_185' title='bbox 905 2612 1026 2651; x_wconf 82' lang='lat' dir='ltr'><em>saepe</em></span> <span class='ocrx_word' id='word_1_186' title='bbox 1047 2603 1127 2641; x_wconf 83' lang='lat' dir='ltr'><em>clu-</em></span> 
     </span>
     <span class='ocr_line' id='line_1_33' title="bbox 243 2663 1126 2716; baseline -0.005 -10"><span class='ocrx_word' id='word_1_187' title='bbox 243 2671 378 2707; x_wconf 74' lang='lat' dir='ltr'><em>centos</em></span> <span class='ocrx_word' id='word_1_188' title='bbox 414 2664 516 2716; x_wconf 90' lang='lat' dir='ltr'><em>cet.]</em></span> <span class='ocrx_word' id='word_1_189' title='bbox 560 2663 765 2704; x_wconf 81' lang='lat' dir='ltr'><em>Similiter</em></span> <span class='ocrx_word' id='word_1_190' title='bbox 806 2664 1044 2704; x_wconf 88' lang='lat' dir='ltr'><em>Petrarcha</em></span> <span class='ocrx_word' id='word_1_191' title='bbox 1084 2664 1126 2702; x_wconf 90' lang='lat' dir='ltr'><em>in</em></span> 
     </span>
     <span class='ocr_line' id='line_1_34' title="bbox 244 2726 1128 2779; baseline -0.003 -11"><span class='ocrx_word' id='word_1_192' title='bbox 244 2728 380 2779; x_wconf 84' lang='lat' dir='ltr'><em>Epist.</em></span> <span class='ocrx_word' id='word_1_193' title='bbox 406 2728 443 2767; x_wconf 90' lang='lat'><em>3.</em></span> <span class='ocrx_word' id='word_1_194' title='bbox 479 2726 536 2767; x_wconf 87' lang='lat' dir='ltr'><em>ad</em></span> <span class='ocrx_word' id='word_1_195' title='bbox 557 2726 837 2766; x_wconf 84' lang='lat' dir='ltr'><em>Bernardum</em></span> <span class='ocrx_word' id='word_1_196' title='bbox 867 2726 1128 2766; x_wconf 87' lang='lat' dir='ltr'><em>Ruthenen-</em></span> 
     </span>
     <span class='ocr_line' id='line_1_35' title="bbox 246 2788 1128 2830; baseline -0.003 0"><span class='ocrx_word' id='word_1_197' title='bbox 246 2800 343 2830; x_wconf 87' lang='lat' dir='ltr'><em>sem</em></span> <span class='ocrx_word' id='word_1_198' title='bbox 373 2801 413 2829; x_wconf 90' lang='lat' dir='ltr'><em>v.</em></span> <span class='ocrx_word' id='word_1_199' title='bbox 441 2790 488 2828; x_wconf 76' lang='lat'><em>7:</em></span> <span class='ocrx_word' id='word_1_200' title='bbox 521 2790 642 2829; x_wconf 78' lang='lat' dir='ltr'><em>Pleno</em></span> <span class='ocrx_word' id='word_1_201' title='bbox 674 2789 745 2828; x_wconf 81' lang='lat' dir='ltr'><em>tibi</em></span> <span class='ocrx_word' id='word_1_202' title='bbox 775 2788 970 2828; x_wconf 74' lang='lat' dir='ltr'><em>carmina</em></span> <span class='ocrx_word' id='word_1_203' title='bbox 996 2799 1128 2828; x_wconf 78' lang='lat' dir='ltr'><em>cornu</em></span> 
     </span>
     <span class='ocr_line' id='line_1_36' title="bbox 245 2851 1128 2902; baseline -0.005 -9"><span class='ocrx_word' id='word_1_204' title='bbox 245 2853 374 2902; x_wconf 79' lang='lat' dir='ltr'><em>Copia</em></span> <span class='ocrx_word' id='word_1_205' title='bbox 399 2852 657 2902; x_wconf 66' lang='lat' dir='ltr'><em>suppeditati,-</em></span> <span class='ocrx_word' id='word_1_206' title='bbox 687 2862 830 2891; x_wconf 79' lang='lat' dir='ltr'><em>versus</em></span> <span class='ocrx_word' id='word_1_207' title='bbox 861 2851 993 2890; x_wconf 77' lang='lat' dir='ltr'><em>brevis</em></span> <span class='ocrx_word' id='word_1_208' title='bbox 1021 2851 1128 2890; x_wconf 81' lang='lat' dir='ltr'><em>liora</em></span> 
     </span>
     <span class='ocr_line' id='line_1_37' title="bbox 246 2913 1126 2964; baseline 0 -11"><span class='ocrx_word' id='word_1_209' title='bbox 246 2918 445 2954; x_wconf 75' lang='lat' dir='ltr'><em>trecentos</em></span> <span class='ocrx_word' id='word_1_210' title='bbox 487 2915 541 2953; x_wconf 83' lang='lat' dir='ltr'><em>El</em></span> <span class='ocrx_word' id='word_1_211' title='bbox 582 2917 733 2964; x_wconf 79' lang='lat' dir='ltr'><em>septem</em></span> <span class='ocrx_word' id='word_1_212' title='bbox 774 2913 904 2953; x_wconf 83' lang='lat' dir='ltr'><em>decies</em></span> <span class='ocrx_word' id='word_1_213' title='bbox 932 2914 1126 2960; x_wconf 66' lang='lat' dir='ltr'><em>excudil;</em></span> 
     </span>
     <span class='ocr_line' id='line_1_38' title="bbox 247 2975 1129 3028; baseline -0.001 -11"><span class='ocrx_word' id='word_1_214' title='bbox 247 2978 373 3028; x_wconf 36' lang='lat' dir='ltr'><em>longlar</em></span> <span class='ocrx_word' id='word_1_215' title='bbox 393 2977 492 3026; x_wconf 82' lang='lat' dir='ltr'><em>quid</em></span> <span class='ocrx_word' id='word_1_216' title='bbox 521 2987 620 3028; x_wconf 68' lang='lat' dir='ltr'><em>erqo</em></span> <span class='ocrx_word' id='word_1_217' title='bbox 641 2977 748 3026; x_wconf 83' lang='lat' dir='ltr'><em>Quot</em></span> <span class='ocrx_word' id='word_1_218' title='bbox 769 2976 889 3016; x_wconf 81' lang='lat' dir='ltr'><em>daret</em></span> <span class='ocrx_word' id='word_1_219' title='bbox 908 2988 995 3016; x_wconf 81' lang='lat' dir='ltr'><em>una</em></span> <span class='ocrx_word' id='word_1_220' title='bbox 1020 2975 1129 3016; x_wconf 77' lang='lat' dir='ltr'><em>dies?</em></span> 
     </span>
     <span class='ocr_line' id='line_1_39' title="bbox 248 3038 1128 3091; baseline 0 -13"><span class='ocrx_word' id='word_1_221' title='bbox 248 3043 346 3089; x_wconf 78' lang='lat' dir='ltr'><em>quot</em></span> <span class='ocrx_word' id='word_1_222' title='bbox 373 3039 523 3077; x_wconf 79' lang='lat' dir='ltr'><em>mensis</em></span> <span class='ocrx_word' id='word_1_223' title='bbox 552 3043 589 3078; x_wconf 79' lang='lat' dir='ltr'><em>et</em></span> <span class='ocrx_word' id='word_1_224' title='bbox 619 3039 776 3091; x_wconf 62' lang='lat' dir='ltr'><em>integer</em></span> <span class='ocrx_word' id='word_1_225' title='bbox 807 3038 974 3078; x_wconf 72' lang='lat' dir='ltr'><em>annus?</em></span> <span class='ocrx_word' id='word_1_226' title='bbox 1008 3062 1051 3067; x_wconf 92' lang='lat'>—</span> <span class='ocrx_word' id='word_1_227' title='bbox 1081 3040 1128 3078; x_wconf 78' lang='lat' dir='ltr'><em>Ut</em></span> 
     </span>
     <span class='ocr_line' id='line_1_40' title="bbox 246 3101 1127 3152; baseline 0.001 -12"><span class='ocrx_word' id='word_1_228' title='bbox 246 3101 469 3152; x_wconf 64' lang='lat' dir='ltr'><em>magstrum]</em></span> <span class='ocrx_word' id='word_1_229' title='bbox 513 3102 665 3151; x_wconf 81' lang='lat' dir='ltr'><em>«quasi</em></span> <span class='ocrx_word' id='word_1_230' title='bbox 698 3112 806 3141; x_wconf 81' lang='lat' dir='ltr'><em>vero</em></span> <span class='ocrx_word' id='word_1_231' title='bbox 844 3102 958 3142; x_wconf 88' lang='lat' dir='ltr'><em>haec</em></span> <span class='ocrx_word' id='word_1_232' title='bbox 993 3102 1127 3141; x_wconf 89' lang='lat' dir='ltr'><em>nimia</em></span> 
     </span>
     <span class='ocr_line' id='line_1_41' title="bbox 248 3162 1129 3214; baseline 0 -10"><span class='ocrx_word' id='word_1_233' title='bbox 248 3163 430 3205; x_wconf 80' lang='lat' dir='ltr'><em>facilitas</em></span> <span class='ocrx_word' id='word_1_234' title='bbox 460 3162 591 3203; x_wconf 86' lang='lat' dir='ltr'><em>laude</em></span> <span class='ocrx_word' id='word_1_235' title='bbox 624 3162 754 3214; x_wconf 82' lang='lat' dir='ltr'><em>digna</em></span> <span class='ocrx_word' id='word_1_236' title='bbox 785 3165 947 3204; x_wconf 91' lang='lat' dir='ltr'><em>esset.»</em></span> <span class='ocrx_word' id='word_1_237' title='bbox 984 3187 1027 3192; x_wconf 91' lang='lat'>—</span> <span class='ocrx_word' id='word_1_238' title='bbox 1063 3165 1129 3203; x_wconf 80' lang='lat' dir='ltr'><em>cli-</em></span> 
     </span>
     <span class='ocr_line' id='line_1_42' title="bbox 247 3225 1130 3278; baseline 0 -12"><span class='ocrx_word' id='word_1_239' title='bbox 247 3227 399 3278; x_wconf 79' lang='lat' dir='ltr'><em>clabat]</em></span> <span class='ocrx_word' id='word_1_240' title='bbox 432 3237 571 3278; x_wconf 88' lang='lat' dir='ltr'><em>puero</em></span> <span class='ocrx_word' id='word_1_241' title='bbox 604 3236 628 3264; x_wconf 91' lang='lat' dir='ltr'><em>a</em></span> <span class='ocrx_word' id='word_1_242' title='bbox 658 3236 816 3275; x_wconf 78' lang='lat' dir='ltr'><em>manU,</em></span> <span class='ocrx_word' id='word_1_243' title='bbox 848 3227 897 3265; x_wconf 89' lang='lat' dir='ltr'><em>ut</em></span> <span class='ocrx_word' id='word_1_244' title='bbox 926 3225 1130 3266; x_wconf 88' lang='lat' dir='ltr'><em>solebant</em></span> 
     </span>
     <span class='ocr_line' id='line_1_43' title="bbox 248 3286 1124 3339; baseline -0.001 -11"><span class='ocrx_word' id='word_1_245' title='bbox 248 3289 428 3339; x_wconf 82' lang='lat' dir='ltr'><em>antiqui.</em></span> <span class='ocrx_word' id='word_1_246' title='bbox 489 3286 569 3327; x_wconf 85' lang='lat' dir='ltr'><em>Alii</em></span> <span class='ocrx_word' id='word_1_247' title='bbox 600 3298 704 3327; x_wconf 88' lang='lat' dir='ltr'><em>cum</em></span> <span class='ocrx_word' id='word_1_248' title='bbox 723 3287 978 3327; x_wconf 88' lang='lat' dir='ltr'><em>Weicherto</em></span> <span class='ocrx_word' id='word_1_249' title='bbox 1003 3289 1124 3328; x_wconf 75' lang='lat' dir='ltr'><em>Poet.</em></span> 
     </span>
     <span class='ocr_line' id='line_1_44' title="bbox 250 3347 1128 3402; baseline -0.001 -12"><span class='ocrx_word' id='word_1_250' title='bbox 250 3352 340 3390; x_wconf 88' lang='lat' dir='ltr'><em>Lat.</em></span> <span class='ocrx_word' id='word_1_251' title='bbox 369 3362 413 3402; x_wconf 88' lang='lat' dir='ltr'><em>p.</em></span> <span class='ocrx_word' id='word_1_252' title='bbox 436 3350 504 3389; x_wconf 67' lang='lat'><em>2⁴.</em></span> <span class='ocrx_word' id='word_1_253' title='bbox 530 3349 585 3389; x_wconf 87' lang='lat' dir='ltr'><em>de</em></span> <span class='ocrx_word' id='word_1_254' title='bbox 608 3347 897 3400; x_wconf 83' lang='lat' dir='ltr'><em>extemporali</em></span> <span class='ocrx_word' id='word_1_255' title='bbox 915 3360 1128 3390; x_wconf 75' lang='lat' dir='ltr'><em>versuum</em></span> 
     </span>
     <span class='ocr_line' id='line_1_45' title="bbox 251 3409 1130 3461; baseline -0.002 -9"><span class='ocrx_word' id='word_1_256' title='bbox 251 3412 554 3452; x_wconf 75' lang='lat' dir='ltr'><em>faciendorum</em></span> <span class='ocrx_word' id='word_1_257' title='bbox 601 3409 806 3451; x_wconf 78' lang='lat' dir='ltr'><em>facultate</em></span> <span class='ocrx_word' id='word_1_258' title='bbox 854 3409 985 3461; x_wconf 90' lang='lat' dir='ltr'><em>(nullo</em></span> <span class='ocrx_word' id='word_1_259' title='bbox 1020 3412 1130 3451; x_wconf 86' lang='lat' dir='ltr'><em>scri—</em></span> 
     </span>
     <span class='ocr_line' id='line_1_46' title="bbox 252 3472 1130 3526; baseline 0 -12"><span class='ocrx_word' id='word_1_260' title='bbox 252 3477 377 3526; x_wconf 86' lang='lat' dir='ltr'><em>ptore</em></span> <span class='ocrx_word' id='word_1_261' title='bbox 420 3486 496 3515; x_wconf 86' lang='lat' dir='ltr'><em>eos</em></span> <span class='ocrx_word' id='word_1_262' title='bbox 538 3472 799 3526; x_wconf 79' lang='lat' dir='ltr'><em>excipiente)</em></span> <span class='ocrx_word' id='word_1_263' title='bbox 833 3473 1130 3525; x_wconf 81' lang='lat' dir='ltr'><em>interpretan—</em></span> 
     </span>
    </p>
   </div>
   <div class='ocr_carea' id='block_1_8' title="bbox 1162 232 2081 1092">
    <p class='ocr_par' dir='ltr' id='par_1_8' title="bbox 1162 232 2081 1092">
     <span class='ocr_line' id='line_1_47' title="bbox 1162 232 2081 285; baseline 0.015 -16"><span class='ocrx_word' id='word_1_264' title='bbox 1162 232 1272 271; x_wconf 65' lang='lat' dir='ltr'><em>sAT.</em></span> <span class='ocrx_word' id='word_1_265' title='bbox 1308 233 1373 271; x_wconf 78' lang='lat' dir='ltr'><em>iv.</em></span> <span class='ocrx_word' id='word_1_266' title='bbox 2015 234 2081 285; x_wconf 75' lang='lat'><em>69</em></span> 
     </span>
     <span class='ocr_line' id='line_1_48' title="bbox 2015 670 2079 722; baseline 0 0"><span class='ocrx_word' id='word_1_267' title='bbox 2015 670 2079 722; x_wconf 72' lang='lat' dir='ltr'><em>io</em></span> 
     </span>
     <span class='ocr_line' id='line_1_49' title="bbox 1196 1041 2080 1092; baseline 0.003 -14"><span class='ocrx_word' id='word_1_268' title='bbox 1196 1041 1280 1078; x_wconf 89' lang='lat' dir='ltr'><em>tur.</em></span> <span class='ocrx_word' id='word_1_269' title='bbox 1318 1061 1362 1068; x_wconf 84' lang='lat'><em>—-</em></span> <span class='ocrx_word' id='word_1_270' title='bbox 1387 1043 1501 1078; x_wconf 80' lang='lat' dir='ltr'><em>stans</em></span> <span class='ocrx_word' id='word_1_271' title='bbox 1523 1041 1630 1089; x_wconf 80' lang='lat' dir='ltr'><em>pede</em></span> <span class='ocrx_word' id='word_1_272' title='bbox 1661 1041 1702 1079; x_wconf 79' lang='lat' dir='ltr'><em>in</em></span> <span class='ocrx_word' id='word_1_273' title='bbox 1730 1042 1828 1092; x_wconf 74' lang='lat' dir='ltr'><em>uuo]</em></span> <span class='ocrx_word' id='word_1_274' title='bbox 1862 1043 2080 1082; x_wconf 84' lang='lat' dir='ltr'><em>«maxima</em></span> 
     </span>
    </p>
   </div>
   <div class='ocr_carea' id='block_1_9' title="bbox 1183 1100 2081 3521">
    <p class='ocr_par' dir='ltr' id='par_1_9' title="bbox 1183 1100 2081 3521">
     <span class='ocr_line' id='line_1_50' title="bbox 1194 1100 2081 1154; baseline 0.002 -13"><span class='ocrx_word' id='word_1_275' title='bbox 1194 1112 1299 1142; x_wconf 91' lang='lat' dir='ltr'><em>cum</em></span> <span class='ocrx_word' id='word_1_276' title='bbox 1348 1100 1553 1141; x_wconf 78' lang='lat' dir='ltr'><em>facilitate</em></span> <span class='ocrx_word' id='word_1_277' title='bbox 1599 1106 1643 1142; x_wconf 83' lang='lat' dir='ltr'><em>et</em></span> <span class='ocrx_word' id='word_1_278' title='bbox 1691 1105 1921 1154; x_wconf 85' lang='lat' dir='ltr'><em>tamquam</em></span> <span class='ocrx_word' id='word_1_279' title='bbox 1966 1103 2081 1143; x_wconf 90' lang='lat' dir='ltr'><em>ludi-</em></span> 
     </span>
     <span class='ocr_line' id='line_1_51' title="bbox 1192 1163 2081 1217; baseline 0.002 -14"><span class='ocrx_word' id='word_1_280' title='bbox 1192 1163 1374 1204; x_wconf 82' lang='lat' dir='ltr'><em>bundus</em></span> <span class='ocrx_word' id='word_1_281' title='bbox 1390 1176 1397 1212; x_wconf 92' lang='lat'>;</span> <span class='ocrx_word' id='word_1_282' title='bbox 1414 1179 1433 1199; x_wconf 85' lang='lat'>»</span> <span class='ocrx_word' id='word_1_283' title='bbox 1464 1165 1610 1215; x_wconf 80' lang='lat' dir='ltr'><em>imago</em></span> <span class='ocrx_word' id='word_1_284' title='bbox 1636 1167 1812 1217; x_wconf 87' lang='lat' dir='ltr'><em>sumpta</em></span> <span class='ocrx_word' id='word_1_285' title='bbox 1834 1165 1903 1205; x_wconf 81' lang='lat' dir='ltr'><em>vel</em></span> <span class='ocrx_word' id='word_1_286' title='bbox 1925 1177 1949 1205; x_wconf 92' lang='lat' dir='ltr'><em>a</em></span> <span class='ocrx_word' id='word_1_287' title='bbox 1970 1177 2081 1217; x_wconf 91' lang='lat' dir='ltr'><em>pue-</em></span> 
     </span>
     <span class='ocr_line' id='line_1_52' title="bbox 1193 1226 2079 1269; baseline 0.003 -4"><span class='ocrx_word' id='word_1_288' title='bbox 1193 1227 1252 1266; x_wconf 90' lang='lat' dir='ltr'><em>ris</em></span> <span class='ocrx_word' id='word_1_289' title='bbox 1297 1227 1359 1266; x_wconf 88' lang='lat' dir='ltr'><em>sic</em></span> <span class='ocrx_word' id='word_1_290' title='bbox 1404 1227 1518 1266; x_wconf 88' lang='lat' dir='ltr'><em>inter</em></span> <span class='ocrx_word' id='word_1_291' title='bbox 1556 1238 1604 1267; x_wconf 91' lang='lat' dir='ltr'><em>se</em></span> <span class='ocrx_word' id='word_1_292' title='bbox 1648 1226 1905 1269; x_wconf 79' lang='lat' dir='ltr'><em>ludentibus</em></span> <span class='ocrx_word' id='word_1_293' title='bbox 1945 1228 2015 1268; x_wconf 61' lang='lat' dir='ltr'><em>vel</em></span> <span class='ocrx_word' id='word_1_294' title='bbox 2055 1240 2079 1268; x_wconf 91' lang='lat' dir='ltr'><em>a</em></span> 
     </span>
     <span class='ocr_line' id='line_1_53' title="bbox 1193 1287 2079 1342; baseline 0.003 -14"><span class='ocrx_word' id='word_1_295' title='bbox 1193 1287 1552 1337; x_wconf 82' lang='lat' dir='ltr'><em>circulatoribus,</em></span> <span class='ocrx_word' id='word_1_296' title='bbox 1607 1290 1681 1341; x_wconf 90' lang='lat' dir='ltr'><em>qui</em></span> <span class='ocrx_word' id='word_1_297' title='bbox 1724 1290 1901 1342; x_wconf 89' lang='lat' dir='ltr'><em>popello</em></span> <span class='ocrx_word' id='word_1_298' title='bbox 1950 1302 2079 1331; x_wconf 90' lang='lat' dir='ltr'><em>mon-</em></span> 
     </span>
     <span class='ocr_line' id='line_1_54' title="bbox 1192 1351 2078 1402; baseline 0 -11"><span class='ocrx_word' id='word_1_299' title='bbox 1192 1351 1353 1400; x_wconf 86' lang='lat' dir='ltr'><em>strant,</em></span> <span class='ocrx_word' id='word_1_300' title='bbox 1403 1351 1616 1402; x_wconf 88' lang='lat' dir='ltr'><em>quamdiu</em></span> <span class='ocrx_word' id='word_1_301' title='bbox 1663 1353 1726 1392; x_wconf 90' lang='lat' dir='ltr'><em>sic</em></span> <span class='ocrx_word' id='word_1_302' title='bbox 1765 1364 1813 1393; x_wconf 86' lang='lat' dir='ltr'><em>se</em></span> <span class='ocrx_word' id='word_1_303' title='bbox 1857 1353 2078 1393; x_wconf 88' lang='lat' dir='ltr'><em>sustinere</em></span> 
     </span>
     <span class='ocr_line' id='line_1_55' title="bbox 1191 1413 2081 1467; baseline 0.001 -14"><span class='ocrx_word' id='word_1_304' title='bbox 1191 1413 1377 1464; x_wconf 85' lang='lat' dir='ltr'><em>possint.</em></span> <span class='ocrx_word' id='word_1_305' title='bbox 1427 1435 1471 1441; x_wconf 89' lang='lat'><em>-—</em></span> <span class='ocrx_word' id='word_1_306' title='bbox 1522 1413 1625 1453; x_wconf 83' lang='lat' dir='ltr'><em>Cum</em></span> <span class='ocrx_word' id='word_1_307' title='bbox 1666 1416 1813 1467; x_wconf 73' lang='lat' dir='ltr'><em>flueret</em></span> <span class='ocrx_word' id='word_1_308' title='bbox 1857 1416 2081 1454; x_wconf 72' lang='lat' dir='ltr'><em>lutulentus</em></span> 
     </span>
     <span class='ocr_line' id='line_1_56' title="bbox 1193 1476 2080 1528; baseline 0.001 -12"><span class='ocrx_word' id='word_1_309' title='bbox 1193 1476 1295 1528; x_wconf 68' lang='lat' dir='ltr'><em>cet]</em></span> <span class='ocrx_word' id='word_1_310' title='bbox 1330 1477 1599 1527; x_wconf 76' lang='lat' dir='ltr'><em>«Propterea</em></span> <span class='ocrx_word' id='word_1_311' title='bbox 1631 1477 1753 1527; x_wconf 88' lang='lat' dir='ltr'><em>quod</em></span> <span class='ocrx_word' id='word_1_312' title='bbox 1785 1476 1921 1517; x_wconf 87' lang='lat' dir='ltr'><em>multa</em></span> <span class='ocrx_word' id='word_1_313' title='bbox 1953 1477 2080 1518; x_wconf 87' lang='lat' dir='ltr'><em>dice-</em></span> 
     </span>
     <span class='ocr_line' id='line_1_57' title="bbox 1191 1537 2075 1591; baseline 0.002 -13"><span class='ocrx_word' id='word_1_314' title='bbox 1191 1540 1260 1578; x_wconf 87' lang='lat' dir='ltr'><em>ret</em></span> <span class='ocrx_word' id='word_1_315' title='bbox 1304 1537 1577 1589; x_wconf 79' lang='lat' dir='ltr'><em>negligenter</em></span> <span class='ocrx_word' id='word_1_316' title='bbox 1622 1540 1756 1590; x_wconf 90' lang='lat' dir='ltr'><em>atque</em></span> <span class='ocrx_word' id='word_1_317' title='bbox 1802 1540 2075 1591; x_wconf 87' lang='lat' dir='ltr'><em>inordinate,</em></span> 
     </span>
     <span class='ocr_line' id='line_1_58' title="bbox 1191 1599 2080 1652; baseline 0.004 -13"><span class='ocrx_word' id='word_1_318' title='bbox 1191 1612 1273 1652; x_wconf 90' lang='lat' dir='ltr'><em>pro</em></span> <span class='ocrx_word' id='word_1_319' title='bbox 1304 1599 1445 1640; x_wconf 87' lang='lat' dir='ltr'><em>lubitu</em></span> <span class='ocrx_word' id='word_1_320' title='bbox 1477 1602 1655 1642; x_wconf 87' lang='lat' dir='ltr'><em>Graecis</em></span> <span class='ocrx_word' id='word_1_321' title='bbox 1687 1603 1822 1642; x_wconf 87' lang='lat' dir='ltr'><em>etiam</em></span> <span class='ocrx_word' id='word_1_322' title='bbox 1852 1602 2002 1643; x_wconf 82' lang='lat' dir='ltr'><em>verbis</em></span> <span class='ocrx_word' id='word_1_323' title='bbox 2035 1606 2080 1643; x_wconf 89' lang='lat' dir='ltr'><em>et</em></span> 
     </span>
     <span class='ocr_line' id='line_1_59' title="bbox 1193 1662 2077 1717; baseline 0.005 -15"><span class='ocrx_word' id='word_1_324' title='bbox 1193 1664 1323 1703; x_wconf 89' lang='lat' dir='ltr'><em>nimis</em></span> <span class='ocrx_word' id='word_1_325' title='bbox 1353 1662 1540 1715; x_wconf 82' lang='lat' dir='ltr'><em>plebeiis</em></span> <span class='ocrx_word' id='word_1_326' title='bbox 1570 1675 1699 1713; x_wconf 89' lang='lat' dir='ltr'><em>usus,</em></span> <span class='ocrx_word' id='word_1_327' title='bbox 1749 1665 1861 1704; x_wconf 83' lang='lat' dir='ltr'><em>adeo</em></span> <span class='ocrx_word' id='word_1_328' title='bbox 1895 1667 1940 1705; x_wconf 89' lang='lat' dir='ltr'><em>ut</em></span> <span class='ocrx_word' id='word_1_329' title='bbox 1982 1667 2077 1717; x_wconf 89' lang='lat' dir='ltr'><em>ipse</em></span> 
     </span>
     <span class='ocr_line' id='line_1_60' title="bbox 1193 1726 2077 1778; baseline 0.003 -13"><span class='ocrx_word' id='word_1_330' title='bbox 1193 1727 1475 1766; x_wconf 84' lang='lat' dir='ltr'><em>doctissimos</em></span> <span class='ocrx_word' id='word_1_331' title='bbox 1516 1727 1631 1766; x_wconf 90' lang='lat' dir='ltr'><em>inter</em></span> <span class='ocrx_word' id='word_1_332' title='bbox 1661 1726 1870 1778; x_wconf 87' lang='lat' dir='ltr'><em>aequales</em></span> <span class='ocrx_word' id='word_1_333' title='bbox 1907 1728 2077 1769; x_wconf 86' lang='lat' dir='ltr'><em>iudices</em></span> 
     </span>
     <span class='ocr_line' id='line_1_61' title="bbox 1191 1788 2073 1840; baseline 0.002 -12"><span class='ocrx_word' id='word_1_334' title='bbox 1191 1789 1362 1828; x_wconf 84' lang='lat' dir='ltr'><em>habere</em></span> <span class='ocrx_word' id='word_1_335' title='bbox 1407 1788 1542 1828; x_wconf 88' lang='lat' dir='ltr'><em>nollet</em></span> <span class='ocrx_word' id='word_1_336' title='bbox 1587 1788 1707 1840; x_wconf 87' lang='lat' dir='ltr'><em>(Plin.</em></span> <span class='ocrx_word' id='word_1_337' title='bbox 1751 1791 1800 1830; x_wconf 90' lang='lat' dir='ltr'><em>H.</em></span> <span class='ocrx_word' id='word_1_338' title='bbox 1845 1792 1894 1830; x_wconf 92' lang='lat' dir='ltr'><em>N.</em></span> <span class='ocrx_word' id='word_1_339' title='bbox 1932 1791 2073 1831; x_wconf 76' lang='lat' dir='ltr'><em>Praei.</em></span> 
     </span>
     <span class='ocr_line' id='line_1_62' title="bbox 1192 1850 2073 1903; baseline 0.002 -14"><span class='ocrx_word' id='word_1_340' title='bbox 1192 1851 1230 1902; x_wconf 70' lang='lat' dir='ltr'><em>g.</em></span> <span class='ocrx_word' id='word_1_341' title='bbox 1254 1850 1326 1900; x_wconf 86' lang='lat'><strong>7.),</strong></span> <span class='ocrx_word' id='word_1_342' title='bbox 1361 1853 1486 1890; x_wconf 87' lang='lat' dir='ltr'><em>erant</em></span> <span class='ocrx_word' id='word_1_343' title='bbox 1506 1861 1613 1890; x_wconf 87' lang='lat' dir='ltr'><em>sane</em></span> <span class='ocrx_word' id='word_1_344' title='bbox 1635 1851 1756 1891; x_wconf 89' lang='lat' dir='ltr'><em>haud</em></span> <span class='ocrx_word' id='word_1_345' title='bbox 1776 1862 1933 1903; x_wconf 87' lang='lat' dir='ltr'><em>pauca,</em></span> <span class='ocrx_word' id='word_1_346' title='bbox 1959 1863 2073 1903; x_wconf 87' lang='lat' dir='ltr'><em>quae</em></span> 
     </span>
     <span class='ocr_line' id='line_1_63' title="bbox 1189 1912 2075 1966; baseline 0.002 -14"><span class='ocrx_word' id='word_1_347' title='bbox 1189 1914 1327 1965; x_wconf 86' lang='lat' dir='ltr'><em>ipsius</em></span> <span class='ocrx_word' id='word_1_348' title='bbox 1359 1924 1495 1953; x_wconf 84' lang='lat' dir='ltr'><em>causa</em></span> <span class='ocrx_word' id='word_1_349' title='bbox 1516 1912 1661 1953; x_wconf 88' lang='lat' dir='ltr'><em>deleta</em></span> <span class='ocrx_word' id='word_1_350' title='bbox 1683 1913 1841 1963; x_wconf 82' lang='lat' dir='ltr'><em>velles,</em></span> <span class='ocrx_word' id='word_1_351' title='bbox 1877 1914 1970 1966; x_wconf 86' lang='lat' dir='ltr'><em>ipse</em></span> <span class='ocrx_word' id='word_1_352' title='bbox 1993 1925 2075 1954; x_wconf 90' lang='lat' dir='ltr'><em>au-</em></span> 
     </span>
     <span class='ocr_line' id='line_1_64' title="bbox 1190 1975 2076 2016; baseline -0.001 0"><span class='ocrx_word' id='word_1_353' title='bbox 1190 1978 1281 2016; x_wconf 90' lang='lat' dir='ltr'><em>tem</em></span> <span class='ocrx_word' id='word_1_354' title='bbox 1311 1975 1415 2016; x_wconf 90' lang='lat' dir='ltr'><em>lima</em></span> <span class='ocrx_word' id='word_1_355' title='bbox 1446 1987 1553 2016; x_wconf 89' lang='lat' dir='ltr'><em>usus</em></span> <span class='ocrx_word' id='word_1_356' title='bbox 1584 1987 1673 2016; x_wconf 88' lang='lat' dir='ltr'><em>non</em></span> <span class='ocrx_word' id='word_1_357' title='bbox 1718 1978 1826 2016; x_wconf 89' lang='lat' dir='ltr'><em>est.»</em></span> <span class='ocrx_word' id='word_1_358' title='bbox 1902 1977 1970 2016; x_wconf 86' lang='lat' dir='ltr'><em>Sic</em></span> <span class='ocrx_word' id='word_1_359' title='bbox 2003 1988 2076 2015; x_wconf 78' lang='lat' dir='ltr'><em>ex-</em></span> 
     </span>
     <span class='ocr_line' id='line_1_65' title="bbox 1189 2037 2071 2090; baseline -0.001 -12"><span class='ocrx_word' id='word_1_360' title='bbox 1189 2038 1420 2090; x_wconf 88' lang='lat' dir='ltr'><em>plicandus</em></span> <span class='ocrx_word' id='word_1_361' title='bbox 1466 2038 1573 2078; x_wconf 83' lang='lat' dir='ltr'><em>item</em></span> <span class='ocrx_word' id='word_1_362' title='bbox 1617 2037 1742 2078; x_wconf 89' lang='lat' dir='ltr'><em>locus</em></span> <span class='ocrx_word' id='word_1_363' title='bbox 1787 2039 1874 2078; x_wconf 88' lang='lat' dir='ltr'><em>Sat.</em></span> <span class='ocrx_word' id='word_1_364' title='bbox 1911 2039 1955 2087; x_wconf 63' lang='lat' dir='ltr'><em>sl,</em></span> <span class='ocrx_word' id='word_1_365' title='bbox 2001 2038 2071 2087; x_wconf 62' lang='lat' dir='ltr'><em>slO,</em></span> 
     </span>
     <span class='ocr_line' id='line_1_66' title="bbox 1189 2100 2071 2152; baseline -0.002 -11"><span class='ocrx_word' id='word_1_366' title='bbox 1189 2102 1257 2141; x_wconf 73' lang='lat'><em>50.</em></span> <span class='ocrx_word' id='word_1_367' title='bbox 1293 2102 1336 2140; x_wconf 85' lang='lat' dir='ltr'><em>et</em></span> <span class='ocrx_word' id='word_1_368' title='bbox 1367 2100 1542 2148; x_wconf 88' lang='lat' dir='ltr'><em>Quintil.</em></span> <span class='ocrx_word' id='word_1_369' title='bbox 1570 2101 1642 2148; x_wconf 63' lang='grc'><em>«10,</em></span> <span class='ocrx_word' id='word_1_370' title='bbox 1679 2102 1693 2140; x_wconf 73' lang='lat'>4</span> <span class='ocrx_word' id='word_1_371' title='bbox 1719 2133 1726 2150; x_wconf 95' lang='lat'>,</span> <span class='ocrx_word' id='word_1_372' title='bbox 1760 2100 1832 2140; x_wconf 75' lang='lat'><em>94:</em></span> <span class='ocrx_word' id='word_1_373' title='bbox 1864 2101 1954 2152; x_wconf 69' lang='grc' dir='ltr'><em>Εῃο</em></span> <span class='ocrx_word' id='word_1_374' title='bbox 1976 2123 1998 2129; x_wconf 88' lang='grc'><strong>-</strong></span> <span class='ocrx_word' id='word_1_375' title='bbox 2019 2101 2071 2139; x_wconf 85' lang='lat' dir='ltr'><em>ab</em></span> 
     </span>
     <span class='ocr_line' id='line_1_67' title="bbox 1188 2163 2077 2215; baseline 0.002 -13"><span class='ocrx_word' id='word_1_376' title='bbox 1188 2163 1364 2203; x_wconf 76' lang='lat' dir='ltr'><em>Horatio</em></span> <span class='ocrx_word' id='word_1_377' title='bbox 1385 2163 1597 2212; x_wconf 74' lang='lat' dir='ltr'><em>dissencio,</em></span> <span class='ocrx_word' id='word_1_378' title='bbox 1632 2163 1703 2212; x_wconf 77' lang='lat' dir='ltr'><em>qui</em></span> <span class='ocrx_word' id='word_1_379' title='bbox 1723 2163 1929 2203; x_wconf 77' lang='lat' dir='ltr'><em>Lucilium</em></span> <span class='ocrx_word' id='word_1_380' title='bbox 1946 2165 2077 2215; x_wconf 77' lang='lat' dir='ltr'><em>fluere</em></span> 
     </span>
     <span class='ocr_line' id='line_1_68' title="bbox 1189 2226 2076 2275; baseline 0 -10"><span class='ocrx_word' id='word_1_381' title='bbox 1189 2226 1435 2265; x_wconf 75' lang='lat' dir='ltr'><em>lutulentimi</em></span> <span class='ocrx_word' id='word_1_382' title='bbox 1453 2229 1490 2264; x_wconf 78' lang='lat' dir='ltr'><em>et</em></span> <span class='ocrx_word' id='word_1_383' title='bbox 1510 2236 1591 2265; x_wconf 84' lang='lat' dir='ltr'><em>esse</em></span> <span class='ocrx_word' id='word_1_384' title='bbox 1606 2226 1781 2275; x_wconf 76' lang='lat' dir='ltr'><em>aliquid,</em></span> <span class='ocrx_word' id='word_1_385' title='bbox 1806 2226 1916 2274; x_wconf 82' lang='lat' dir='ltr'><em>quod</em></span> <span class='ocrx_word' id='word_1_386' title='bbox 1935 2226 2076 2265; x_wconf 75' lang='lat' dir='ltr'><em>tollere</em></span> 
     </span>
     <span class='ocr_line' id='line_1_69' title="bbox 1183 2287 2077 2338; baseline -0.001 -10"><span class='ocrx_word' id='word_1_387' title='bbox 1183 2289 1340 2338; x_wconf 79' lang='lat' dir='ltr'><em>possis,</em></span> <span class='ocrx_word' id='word_1_388' title='bbox 1385 2291 1524 2337; x_wconf 77' lang='lat' dir='ltr'><em>putat.</em></span> <span class='ocrx_word' id='word_1_389' title='bbox 1602 2287 1688 2327; x_wconf 86' lang='lat' dir='ltr'><em>Cfr.</em></span> <span class='ocrx_word' id='word_1_390' title='bbox 1737 2287 1793 2327; x_wconf 89' lang='lat' dir='ltr'><em>ad</em></span> <span class='ocrx_word' id='word_1_391' title='bbox 1837 2298 1906 2327; x_wconf 77' lang='lat' dir='ltr'><em>vv.</em></span> <span class='ocrx_word' id='word_1_392' title='bbox 1948 2289 2077 2335; x_wconf 73' lang='lat' dir='ltr'><em>fluere</em></span> 
     </span>
     <span class='ocr_line' id='line_1_70' title="bbox 1189 2349 2075 2398; baseline 0 -10"><span class='ocrx_word' id='word_1_393' title='bbox 1189 2350 1435 2389; x_wconf 73' lang='lat' dir='ltr'><em>lutulentum</em></span> <span class='ocrx_word' id='word_1_394' title='bbox 1466 2350 1552 2389; x_wconf 87' lang='lat' dir='ltr'><em>Sat.</em></span> <span class='ocrx_word' id='word_1_395' title='bbox 1586 2350 1624 2398; x_wconf 67' lang='lat'><em>11,</em></span> <span class='ocrx_word' id='word_1_396' title='bbox 1649 2350 1687 2398; x_wconf 78' lang='lat'><em>7,</em></span> <span class='ocrx_word' id='word_1_397' title='bbox 1712 2350 1779 2389; x_wconf 63' lang='lat'><em>28.</em></span> <span class='ocrx_word' id='word_1_398' title='bbox 1812 2349 1855 2388; x_wconf 91' lang='lat' dir='ltr'><em>et</em></span> <span class='ocrx_word' id='word_1_399' title='bbox 1879 2349 1935 2388; x_wconf 89' lang='lat' dir='ltr'><em>ad</em></span> <span class='ocrx_word' id='word_1_400' title='bbox 1957 2349 2075 2388; x_wconf 89' lang='lat' dir='ltr'><em>hunc</em></span> 
     </span>
     <span class='ocr_line' id='line_1_71' title="bbox 1190 2411 2073 2451; baseline -0.003 0"><span class='ocrx_word' id='word_1_401' title='bbox 1190 2422 1321 2451; x_wconf 89' lang='lat' dir='ltr'><em>usum</em></span> <span class='ocrx_word' id='word_1_402' title='bbox 1360 2422 1400 2449; x_wconf 88' lang='lat' dir='ltr'><em>v.</em></span> <span class='ocrx_word' id='word_1_403' title='bbox 1435 2411 1574 2450; x_wconf 76' lang='lat' dir='ltr'><em>tollere</em></span> <span class='ocrx_word' id='word_1_404' title='bbox 1611 2411 1828 2451; x_wconf 87' lang='lat' dir='ltr'><em>Senecam</em></span> <span class='ocrx_word' id='word_1_405' title='bbox 1864 2411 2073 2450; x_wconf 87' lang='lat' dir='ltr'><em>Controv.</em></span> 
     </span>
     <span class='ocr_line' id='line_1_72' title="bbox 1189 2472 2074 2525; baseline -0.001 -12"><span class='ocrx_word' id='word_1_406' title='bbox 1189 2474 1239 2522; x_wconf 61' lang='grc' dir='ltr'><em>ἱ),</em></span> <span class='ocrx_word' id='word_1_407' title='bbox 1274 2474 1346 2513; x_wconf 77' lang='lat'><em>110:</em></span> <span class='ocrx_word' id='word_1_408' title='bbox 1382 2472 1530 2525; x_wconf 85' lang='lat' dir='ltr'><em>(Naso)</em></span> <span class='ocrx_word' id='word_1_409' title='bbox 1560 2477 1736 2524; x_wconf 63' lang='lat' dir='ltr'><em>rogatus</em></span> <span class='ocrx_word' id='word_1_410' title='bbox 1765 2473 1994 2523; x_wconf 74' lang='lat' dir='ltr'><em>aliquando</em></span> <span class='ocrx_word' id='word_1_411' title='bbox 2022 2473 2074 2512; x_wconf 88' lang='lat' dir='ltr'><em>ab</em></span> 
     </span>
     <span class='ocr_line' id='line_1_73' title="bbox 1191 2536 2076 2586; baseline 0 -11"><span class='ocrx_word' id='word_1_412' title='bbox 1191 2537 1336 2576; x_wconf 85' lang='lat' dir='ltr'><em>amicis</em></span> <span class='ocrx_word' id='word_1_413' title='bbox 1371 2537 1479 2586; x_wconf 76' lang='lat' dir='ltr'><em>suis,</em></span> <span class='ocrx_word' id='word_1_414' title='bbox 1526 2541 1571 2576; x_wconf 84' lang='lat' dir='ltr'><em>ut</em></span> <span class='ocrx_word' id='word_1_415' title='bbox 1614 2536 1772 2576; x_wconf 80' lang='lat' dir='ltr'><em>tolleret</em></span> <span class='ocrx_word' id='word_1_416' title='bbox 1815 2540 1897 2576; x_wconf 79' lang='lat' dir='ltr'><em>tres</em></span> <span class='ocrx_word' id='word_1_417' title='bbox 1933 2547 2076 2576; x_wconf 81' lang='lat' dir='ltr'><em>versus</em></span> 
     </span>
     <span class='ocr_line' id='line_1_74' title="bbox 1192 2597 2075 2650; baseline -0.002 -11"><span class='ocrx_word' id='word_1_418' title='bbox 1192 2601 1276 2639; x_wconf 86' lang='lat' dir='ltr'><em>cet.</em></span> <span class='ocrx_word' id='word_1_419' title='bbox 1337 2597 1443 2638; x_wconf 88' lang='lat' dir='ltr'><em>Plin.</em></span> <span class='ocrx_word' id='word_1_420' title='bbox 1477 2599 1586 2650; x_wconf 88' lang='lat' dir='ltr'><em>Epp.</em></span> <span class='ocrx_word' id='word_1_421' title='bbox 1621 2599 1666 2647; x_wconf 74' lang='lat'><em>7,</em></span> <span class='ocrx_word' id='word_1_422' title='bbox 1708 2599 1780 2638; x_wconf 75' lang='lat'><em>47:</em></span> <span class='ocrx_word' id='word_1_423' title='bbox 1826 2599 2075 2648; x_wconf 77' lang='lat' dir='ltr'><em>Pomponius</em></span> 
     </span>
     <span class='ocr_line' id='line_1_75' title="bbox 1191 2660 2071 2712; baseline -0.003 -11"><span class='ocrx_word' id='word_1_424' title='bbox 1191 2662 1403 2701; x_wconf 83' lang='lat' dir='ltr'><em>Secundus</em></span> <span class='ocrx_word' id='word_1_425' title='bbox 1419 2660 1500 2712; x_wconf 80' lang='lat' dir='ltr'><em>(hic</em></span> <span class='ocrx_word' id='word_1_426' title='bbox 1520 2661 1700 2711; x_wconf 71' lang='lat' dir='ltr'><em>scriptor·</em></span> <span class='ocrx_word' id='word_1_427' title='bbox 1721 2660 2071 2712; x_wconf 59' lang='lat' dir='ltr'><em>tragoediarum),</em></span> 
     </span>
     <span class='ocr_line' id='line_1_76' title="bbox 1190 2723 2073 2775; baseline -0.001 -12"><span class='ocrx_word' id='word_1_428' title='bbox 1190 2725 1224 2763; x_wconf 86' lang='lat' dir='ltr'><em>si</em></span> <span class='ocrx_word' id='word_1_429' title='bbox 1255 2724 1353 2774; x_wconf 77' lang='lat' dir='ltr'><em>quid</em></span> <span class='ocrx_word' id='word_1_430' title='bbox 1380 2724 1488 2775; x_wconf 81' lang='lat' dir='ltr'><em>forte</em></span> <span class='ocrx_word' id='word_1_431' title='bbox 1515 2723 1776 2775; x_wconf 74' lang='lat' dir='ltr'><em>familiarior</em></span> <span class='ocrx_word' id='word_1_432' title='bbox 1805 2723 1964 2762; x_wconf 83' lang='lat' dir='ltr'><em>amicus</em></span> <span class='ocrx_word' id='word_1_433' title='bbox 1994 2723 2073 2762; x_wconf 79' lang='lat' dir='ltr'><em>tol-</em></span> 
     </span>
     <span class='ocr_line' id='line_1_77' title="bbox 1191 2785 2077 2836; baseline -0.002 -10"><span class='ocrx_word' id='word_1_434' title='bbox 1191 2788 1379 2836; x_wconf 77' lang='lat' dir='ltr'><em>lendum,</em></span> <span class='ocrx_word' id='word_1_435' title='bbox 1423 2787 1509 2836; x_wconf 80' lang='lat' dir='ltr'><em>ipse</em></span> <span class='ocrx_word' id='word_1_436' title='bbox 1542 2786 1801 2826; x_wconf 80' lang='lat' dir='ltr'><em>retinendum</em></span> <span class='ocrx_word' id='word_1_437' title='bbox 1839 2785 2077 2825; x_wconf 75' lang='lat' dir='ltr'><em>arbitrare-</em></span> 
     </span>
     <span class='ocr_line' id='line_1_78' title="bbox 1191 2847 2075 2898; baseline -0.005 -9"><span class='ocrx_word' id='word_1_438' title='bbox 1191 2853 1280 2898; x_wconf 80' lang='lat' dir='ltr'><em>tur,</em></span> <span class='ocrx_word' id='word_1_439' title='bbox 1323 2849 1458 2888; x_wconf 79' lang='lat' dir='ltr'><em>dicere</em></span> <span class='ocrx_word' id='word_1_440' title='bbox 1490 2848 1669 2888; x_wconf 79' lang='lat' dir='ltr'><em>solebat:</em></span> <span class='ocrx_word' id='word_1_441' title='bbox 1719 2847 1791 2886; x_wconf 82' lang='lat' dir='ltr'><em>Acl</em></span> <span class='ocrx_word' id='word_1_442' title='bbox 1827 2847 2075 2897; x_wconf 76' lang='lat' dir='ltr'><em>populum</em></span> 
     </span>
     <span class='ocr_line' id='line_1_79' title="bbox 1184 2909 2071 2962; baseline -0.003 -11"><span class='ocrx_word' id='word_1_443' title='bbox 1184 2924 1215 2962; x_wconf 80' lang='lat' dir='ltr'><em>p</em></span> <span class='ocrx_word' id='word_1_444' title='bbox 1233 2924 1255 2950; x_wconf 77' lang='lat' dir='ltr'><em>r</em></span> <span class='ocrx_word' id='word_1_445' title='bbox 1271 2923 1292 2951; x_wconf 94' lang='lat' dir='ltr'><em>o</em></span> <span class='ocrx_word' id='word_1_446' title='bbox 1308 2923 1331 2951; x_wconf 80' lang='lat' dir='ltr'><strong><em>v</em></strong></span> <span class='ocrx_word' id='word_1_447' title='bbox 1349 2923 1371 2951; x_wconf 94' lang='lat' dir='ltr'><em>o</em></span> <span class='ocrx_word' id='word_1_448' title='bbox 1388 2922 1409 2950; x_wconf 86' lang='lat' dir='ltr'><em>c</em></span> <span class='ocrx_word' id='word_1_449' title='bbox 1426 2923 1462 2950; x_wconf 94' lang='lat' dir='ltr'><em>o.</em></span> <span class='ocrx_word' id='word_1_450' title='bbox 1538 2910 1706 2950; x_wconf 90' lang='lat' dir='ltr'><em>Eadem</em></span> <span class='ocrx_word' id='word_1_451' title='bbox 1753 2909 2071 2961; x_wconf 80' lang='lat' dir='ltr'><em>significatione</em></span> 
     </span>
     <span class='ocr_line' id='line_1_80' title="bbox 1192 2973 2074 3023; baseline -0.003 -10"><span class='ocrx_word' id='word_1_452' title='bbox 1192 2976 1279 3014; x_wconf 90' lang='lat' dir='ltr'><em>Sat.</em></span> <span class='ocrx_word' id='word_1_453' title='bbox 1321 2975 1367 3023; x_wconf 73' lang='lat'><em>4,</em></span> <span class='ocrx_word' id='word_1_454' title='bbox 1410 2974 1482 3023; x_wconf 75' lang='lat'><em>40,</em></span> <span class='ocrx_word' id='word_1_455' title='bbox 1525 2973 1591 3013; x_wconf 87' lang='lat'><em>69.</em></span> <span class='ocrx_word' id='word_1_456' title='bbox 1622 2973 1818 3012; x_wconf 68' lang='lat' dir='ltr'><em>recidere.</em></span> <span class='ocrx_word' id='word_1_457' title='bbox 1881 2973 1945 3012; x_wconf 88' lang='lat' dir='ltr'><em>De</em></span> <span class='ocrx_word' id='word_1_458' title='bbox 1983 2973 2074 3011; x_wconf 88' lang='lat' dir='ltr'><em>toto</em></span> 
     </span>
     <span class='ocr_line' id='line_1_81' title="bbox 1191 3032 2077 3085; baseline -0.003 -10"><span class='ocrx_word' id='word_1_459' title='bbox 1191 3035 1287 3076; x_wconf 87' lang='lat' dir='ltr'><em>loco</em></span> <span class='ocrx_word' id='word_1_460' title='bbox 1309 3047 1351 3074; x_wconf 81' lang='lat' dir='ltr'><em>v.</em></span> <span class='ocrx_word' id='word_1_461' title='bbox 1376 3034 1522 3075; x_wconf 84' lang='lat' dir='ltr'><em>Wolfii</em></span> <span class='ocrx_word' id='word_1_462' title='bbox 1553 3033 1677 3074; x_wconf 88' lang='lat' dir='ltr'><em>Anal.</em></span> <span class='ocrx_word' id='word_1_463' title='bbox 1703 3032 1729 3074; x_wconf 90' lang='lat' dir='ltr'><em>l.</em></span> <span class='ocrx_word' id='word_1_464' title='bbox 1754 3045 1796 3085; x_wconf 90' lang='lat' dir='ltr'><em>p.</em></span> <span class='ocrx_word' id='word_1_465' title='bbox 1824 3034 1941 3083; x_wconf 52' lang='lat'>1¹85„</span> <span class='ocrx_word' id='word_1_466' title='bbox 1974 3033 2077 3084; x_wconf 83' lang='lat' dir='ltr'><em>post</em></span> 
     </span>
     <span class='ocr_line' id='line_1_82' title="bbox 1193 3095 2077 3149; baseline -0.003 -12"><span class='ocrx_word' id='word_1_467' title='bbox 1193 3098 1318 3138; x_wconf 90' lang='lat' dir='ltr'><em>cuius</em></span> <span class='ocrx_word' id='word_1_468' title='bbox 1350 3097 1695 3149; x_wconf 85' lang='lat' dir='ltr'><em>disputationem</em></span> <span class='ocrx_word' id='word_1_469' title='bbox 1726 3097 1798 3135; x_wconf 66' lang='lat' dir='ltr'><em>vix</em></span> <span class='ocrx_word' id='word_1_470' title='bbox 1826 3096 1915 3135; x_wconf 90' lang='lat' dir='ltr'><em>iam</em></span> <span class='ocrx_word' id='word_1_471' title='bbox 1954 3095 2077 3145; x_wconf 88' lang='lat' dir='ltr'><em>quis-</em></span> 
     </span>
     <span class='ocr_line' id='line_1_83' title="bbox 1193 3156 2072 3211; baseline -0.003 -12"><span class='ocrx_word' id='word_1_472' title='bbox 1193 3171 1327 3211; x_wconf 90' lang='lat' dir='ltr'><em>quam</em></span> <span class='ocrx_word' id='word_1_473' title='bbox 1388 3159 1631 3199; x_wconf 89' lang='lat' dir='ltr'><em>contrarias</em></span> <span class='ocrx_word' id='word_1_474' title='bbox 1700 3156 2072 3204; x_wconf 86' lang='lat' dir='ltr'><em>Scholiastarum,</em></span> 
     </span>
     <span class='ocr_line' id='line_1_84' title="bbox 1192 3220 2076 3270; baseline -0.006 -8"><span class='ocrx_word' id='word_1_475' title='bbox 1192 3221 1386 3263; x_wconf 86' lang='lat' dir='ltr'><em>Turnebi</em></span> <span class='ocrx_word' id='word_1_476' title='bbox 1418 3223 1462 3261; x_wconf 87' lang='lat' dir='ltr'><em>et</em></span> <span class='ocrx_word' id='word_1_477' title='bbox 1491 3220 1734 3261; x_wconf 86' lang='lat' dir='ltr'><em>Heindorfii</em></span> <span class='ocrx_word' id='word_1_478' title='bbox 1755 3221 1948 3259; x_wconf 88' lang='lat' dir='ltr'><em>rationes</em></span> <span class='ocrx_word' id='word_1_479' title='bbox 1968 3230 2076 3270; x_wconf 86' lang='lat' dir='ltr'><em>pro-</em></span> 
     </span>
     <span class='ocr_line' id='line_1_85' title="bbox 1193 3284 2073 3334; baseline -0.007 -10"><span class='ocrx_word' id='word_1_480' title='bbox 1193 3284 1344 3334; x_wconf 81' lang='lat' dir='ltr'><em>babit,</em></span> <span class='ocrx_word' id='word_1_481' title='bbox 1387 3284 1526 3324; x_wconf 82' lang='lat' dir='ltr'><em>tollere</em></span> <span class='ocrx_word' id='word_1_482' title='bbox 1571 3294 1669 3324; x_wconf 90' lang='lat' dir='ltr'><em>esse</em></span> <span class='ocrx_word' id='word_1_483' title='bbox 1720 3291 2073 3329; x_wconf 81' lang='lat' dir='ltr'><em>«conservare,»</em></span> 
     </span>
     <span class='ocr_line' id='line_1_86' title="bbox 1193 3340 2077 3401; baseline -0.007 -15"><span class='ocrx_word' id='word_1_484' title='bbox 1193 3346 1264 3387; x_wconf 80' lang='lat' dir='ltr'><em>vel</em></span> <span class='ocrx_word' id='word_1_485' title='bbox 1297 3358 1563 3399; x_wconf 77' lang='lat' dir='ltr'><em>«excerpere</em></span> <span class='ocrx_word' id='word_1_486' title='bbox 1585 3345 1705 3387; x_wconf 70' lang='lat' dir='ltr'><em>velut</em></span> <span class='ocrx_word' id='word_1_487' title='bbox 1737 3346 1778 3384; x_wconf 89' lang='lat' dir='ltr'><em>in</em></span> <span class='ocrx_word' id='word_1_488' title='bbox 1801 3340 2077 3401; x_wconf 73' lang='grc' dir='ltr'><em>χρηστομά-</em></span> 
     </span>
     <span class='ocr_line' id='line_1_87' title="bbox 1193 3404 2074 3459; baseline -0.006 -10"><span class='ocrx_word' id='word_1_489' title='bbox 1193 3409 1380 3459; x_wconf 76' lang='grc' dir='ltr'><em>θειαν,»</em></span> <span class='ocrx_word' id='word_1_490' title='bbox 1431 3411 1480 3448; x_wconf 92' lang='lat' dir='ltr'><em>ut</em></span> <span class='ocrx_word' id='word_1_491' title='bbox 1528 3409 1688 3449; x_wconf 87' lang='lat' dir='ltr'><em>dicitur</em></span> <span class='ocrx_word' id='word_1_492' title='bbox 1736 3407 1893 3446; x_wconf 86' lang='lat' dir='ltr'><em>fecisse</em></span> <span class='ocrx_word' id='word_1_493' title='bbox 1942 3404 2074 3445; x_wconf 88' lang='lat' dir='ltr'><em>Iulius</em></span> 
     </span>
     <span class='ocr_line' id='line_1_88' title="bbox 1195 3469 2075 3521; baseline -0.006 -8"><span class='ocrx_word' id='word_1_494' title='bbox 1195 3472 1346 3514; x_wconf 86' lang='lat' dir='ltr'><em>Florus</em></span> <span class='ocrx_word' id='word_1_495' title='bbox 1391 3472 1576 3521; x_wconf 82' lang='lat' dir='ltr'><em>Horatii,</em></span> <span class='ocrx_word' id='word_1_496' title='bbox 1625 3469 1694 3510; x_wconf 69' lang='lat' dir='ltr'><em>vel</em></span> <span class='ocrx_word' id='word_1_497' title='bbox 1738 3469 1928 3520; x_wconf 84' lang='lat' dir='ltr'><em>denique</em></span> <span class='ocrx_word' id='word_1_498' title='bbox 1971 3479 2075 3508; x_wconf 79' lang='lat' dir='ltr'><em>«ex-</em></span> 
     </span>
    </p>
   </div>
  </div>
 </body>
</html>
