2231 3787
720 261 814 299 ΗΒ.
851 262 897 299 ΙΙ.
935 260 1091 299 musi&
1128 262 1154 299 1.

1749 258 1849 308 ‹302⁰›

114 390 165 441 Si
207 390 472 459 quaedam
514 389 667 441 nimis
706 389 947 459 antique,
990 390 1032 441 si
1074 388 1330 459 pleraque
1369 389 1501 441 dure

113 490 300 543 Dicere
347 490 515 543 credit
554 508 669 548 eos,
715 491 900 560 ignave
941 490 1100 542 muita
1141 490 1356 554 fatetur.

110 591 169 643 Et
206 591 342 661 sapit
381 600 432 643 ct
471 608 679 644 mecum
721 591 840 644 facit
878 599 930 643 et
968 592 1091 644 love
1131 590 1327 644 iudicat
1372 607 1562 662 aequo.

106 692 218 743 Non
258 691 510 762 equidem
550 692 782 744 insector
821 691 1158 762 delendaque
1199 692 1433 746 carmina
1473 692 1581 745 Livi

107 792 236 845 Esse
277 809 421 846 reor,
465 792 676 845 memini
718 810 858 862 quac
900 793 1177 863 plagosum
1218 793 1342 845 mihi
1384 810 1549 863 parvo

1782 795 1846 845 70

142 997 206 1036 67.
240 997 368 1036 credit
397 995 539 1043 usse,
586 1007 741 1037 omnes
781 997 890 1036 Feae
923 999 965 1035 et
997 997 1204 1042 lfouierii,
1247 998 1350 1035 item
1383 999 1589 1047 quattuor
1618 997 1789 1036 Schmi-

87 1059 166 1107 dii,
201 1060 362 1098 LCth:
396 1060 499 1098 cedit
520 1070 622 1098 cum
645 1059 750 1098 Cod.
777 1060 878 1109 Reg.
903 1059 1001 1097 Soc.
1029 1058 1083 1106 (ct
1106 1061 1262 1108 quarto
1293 1058 1512 1105 Schmidii)
1546 1057 1785 1101 Bcnticius.

86 1122 138 1161 M.
174 1143 220 1149 —
255 1121 322 1160 69.
354 1121 573 1160 delendave
603 1131 641 1168 c,
674 1134 716 1173 γ,
748 1119 984 1167 Bentleius,
1020 1120 1060 1158 F.
1107 1121 1167 1167 (Ut
1192 1130 1290 1165 nos,
1326 1119 1465 1170 bSEp,
1499 1130 1654 1158 omnes
1688 1122 1787 1159 Pot-

85 1184 193 1222 tierii
225 1185 267 1223 et
310 1183 549 1231 Schmidii.)
601 1206 642 1210 —
689 1182 868 1221 crimina
906 1182 951 1220 E.
998 1203 1040 1208 -
1081 1181 1186 1219 Livii
1221 1180 1312 1220 bEc
1344 1183 1386 1219 et
1416 1181 1503 1219 duo
1547 1181 1783 1225 Schmidii,

85 1246 206 1285 Laeva·
249 1258 300 1291 κ,
343 1244 576 1285 Bentlcius.
616 1268 656 1272 —
691 1245 755 1283 70.
785 1244 1006 1294 pIa-,qoswn
1036 1254 1142 1291 quae
1171 1243 1340 1294 primus
1371 1243 1591 1282 Schmidii.

847 1431 870 1443 .-

27 1434 174 1472 e'terum
203 1432 408 1482 leyantur.
457 1429 628 1478 Quintil.
666 1430 739 1477 40,
773 1431 816 1478 2,
857 1443 896 1469 1:
932 1431 936 1467 Ι
967 1430 1136 1468 vocavit
1170 1430 1356 1468 Licinius
1386 1428 1502 1480 apud
1525 1429 1615 1469 Cic.
1640 1429 1694 1468 dc
1719 1430 1836 1468 Finn.

27 1495 133 1544 Ouid
174 1497 266 1533 erat
307 1493 524 1542 futurum,

25 1557 214 1607 effecisset
234 1567 300 1603 eo,
334 1566 452 1604 quem
471 1553 755 1603 sequebatur?
788 1553 900 1592 Nihil

23 1619 66 1657 in
89 1618 224 1668 poetis
251 1628 381 1666 supra.
412 1617 572 1655 Livium
599 1615 895 1662 Andronicum,

23 1679 123 1719 nihil
168 1680 209 1718 in
257 1679 430 1718 historia
476 1689 606 1727 supra
656 1677 898 1728 Pontificum

21 1742 193 1781 annales
229 1741 481 1780 haberemus.
543 1739 629 1778 Csr.
668 1740 893 1778 Onomast.

23 1804 110 1844 Cic.
136 1805 178 1843 in
200 1804 284 1843 boc
303 1815 344 1841 v.
370 1804 413 1842 et
435 1802 480 1841 E.
506 1801 770 1841 Klussmann
792 1801 898 1840 Livii

18 1866 242 1906 Andronici
270 1867 526 1905 Dramacum
555 1863 779 1912 Reliquiae.
814 1863 898 1902 Ru-

20 1926 148 1967 dolst.
174 1926 293 1967 4849.

73 1989 221 2029 63-68.
266 1989 475 2027 Interdum
505 1986 609 2038 cet‚]
641 1988 731 2026 Iam
762 1996 894 2037 apcr—

21 2051 104 2090 tius
135 2049 440 2089 demonstrare
473 2049 748 2100 aggreditur,
796 2048 895 2099 qui-

19 2111 103 2152 bus
139 2112 410 2162 argumentis
449 2111 608 2150 ductus
639 2121 662 2148 a
694 2108 806 2159 volgi
837 2109 892 2148 de

19 2172 244 2213 veteribus
266 2174 405 2224 poetis
423 2171 703 2223 opinionibus
725 2170 895 2210 dissen-

20 2235 108 2274 tiat.
135 2257 169 2264 -—
196 2234 352 2286 peccat]
374 2233 612 2274 Glareanus
626 2237 787 2283 peccet3
812 2233 891 2273 sed

18 2299 148 2348 poeta
188 2295 382 2348 loquitur
411 2297 465 2336 de
498 2308 546 2336 re
578 2298 696 2335 certa
729 2306 780 2334 ac
811 2295 892 2335 de-

18 2357 150 2398 finita.
179 2381 222 2386 —
245 2359 368 2398 nimis
387 2358 569 2409 antique]
600 2353 890 2413 «ἀρχαὶόαός,

18 2422 59 2461 in
91 2421 298 2469 modum,
336 2422 410 2472 qui
446 2421 669 2473 praesenti
701 2430 892 2459 consue-

19 2482 155 2523 tudini
175 2483 351 2522 Latinae
373 2485 630 2534 repugnat.»
667 2483 736 2521 Sic
758 2482 890 2521 etiam

16 2546 252 2596 Augustus,
276 2545 400 2585 cuius
417 2546 681 2585 sententiam
707 2543 889 2596 pulchre

17 2609 200 2647 noverat
236 2609 387 2659 poeta,
430 2607 638 2647 cacozelos
674 2611 712 2646 et
747 2607 891 2646 anti—

17 2669 253 2719 quarios,
285 2673 331 2708 ut
359 2670 520 2709 diverso
543 2679 691 2720 yenere
708 2669 889 2717 vitiosos,

10 2731 113 2780 pari
138 2730 307 2781 fastidio
335 2732 501 2780 sprevit.
535 2731 712 2779 Sueten.
737 2731 886 2770 Octav.

15 2791 83 2831 86.
111 2814 154 2819 —
181 2792 396 2842 pleraque]
441 2791 743 2844 «permulta,»
775 2803 885 2832 non:

17 2850 278 2903 «plurimam
304 2876 348 2882 —
381 2854 498 2905 dure]
528 2855 571 2893 in
602 2854 889 2905 compositio-

16 2913 146 2954 nibus
175 2925 200 2953 a
229 2916 405 2955 Latinae
429 2915 601 2967 linguae
631 2915 776 2955 indole
807 2914 889 2955 ab-

16 2975 322 3023 horrentibus,
373 2977 773 3018 constructionibus
821 2978 889 3017 in-

16 3037 204 3087 tricatis,
243 3037 413 3078 scabris
450 3038 669 3080 versibus.
722 3039 889 3080 Eodem

16 3098 184 3140 referas
212 3097 314 3139 licet
342 3099 532 3139 duorum
567 3099 753 3141 aliorum
783 3101 890 3141 sati-

14 3161 210 3201 ricorum
226 3161 397 3200 iudicia.
422 3160 556 3201 Lucil.
575 3162 722 3210 29,63:
745 3163 890 3202 Utrum

16 3222 144 3262 tristis
185 3226 370 3262 contorto
399 3223 540 3272 aliquo
569 3234 623 3262 ea:
649 3224 888 3264 Pacuviano

15 3285 202 3324 exordio.
234 3286 356 3324 Pers.
381 3285 419 3332 4,
443 3285 519 3324 77:
552 3284 671 3333 Sunt,
694 3295 796 3333 quos
814 3287 889 3325 Pa-

16 3346 239 3397 cwiusque
267 3350 303 3386 et
338 3357 564 3386 verrucosa
590 3350 776 3386 moretur
802 3347 890 3386 An-

16 3407 145 3458 tiopa,
168 3407 379 3449 aerumnis
398 3419 471 3447 cor
490 3406 748 3458 luctificabile
764 3407 885 3458 fulta.

17 3469 87 3508 Sic
125 3471 180 3511 M.
218 3468 410 3511 Attilium
438 3469 619 3520 ferreum
647 3469 890 3519 scriptorem

577 1493 611 1531 si
652 1503 769 1530 nemo
810 1492 902 1541 plus
966 1492 980 1530 ¹¹t
1001 1523 1008 1537 ,
1033 1492 1079 1539 Q,
1103 1493 1140 1530 5.
1170 1515 1214 1519 —
1247 1491 1390 1542 credit]
1424 1492 1543 1530 lianc
1565 1503 1716 1531 veram
1739 1503 1838 1531 csse

962 1552 1152 1591 arbitror
1172 1552 1406 1592 lectionem
1426 1555 1678 1604 propterea,
1699 1554 1834 1604 quod,

963 1618 1007 1654 ut
1039 1618 1107 1655 est
1138 1616 1179 1654 in
1212 1627 1250 1654 v.
1284 1616 1466 1665 saleim,
1500 1616 1739 1666 requiritur
1770 1617 1838 1654 iiic

962 1688 1138 1728 quoque
1177 1678 1289 1716 actio
1328 1676 1464 1716 libera
1498 1679 1540 1716 et
1571 1680 1833 1728 spontanea:

960 1750 1011 1778 ac
1043 1750 1200 1790 parum
1228 1740 1443 1778 concinne
1468 1739 1665 1790 profecto
1688 1739 1833 1778 dicas:

962 1803 1069 1852 «qui
1099 1802 1205 1841 mihi
1236 1801 1320 1840 hoe
1341 1800 1408 1840 vel
1437 1800 1541 1840 illud
1564 1802 1832 1849 concedit,

960 1875 1037 1903 me
1053 1876 1075 1902 c
1091 1875 1169 1902 um
1197 1863 1323 1902 facit
1345 1865 1387 1902 et
1409 1863 1564 1914 sapit‚»
1599 1864 1674 1913 (De
1698 1863 1836 1902 vcrbo

957 1927 1098 1965 cedere
1140 1937 1220 1976 pro
1264 1926 1483 1964 concedere
1526 1928 1737 1976 usurpato
1779 1926 1832 1965 cs.

956 1989 1135 2038 praeter
1178 1985 1379 2037 exempla
1424 1997 1447 2025 a
1479 1985 1673 2026 Bentleio
1705 1998 1727 2025 e
1759 1988 1835 2026 Di—

957 2050 1090 2100 gestis
1121 2047 1245 2088 allata
1279 2050 1407 2099 Prop.
1444 2049 1490 2096 4,
1524 2048 1595 2095 40,
1632 2048 1698 2087 σ28.
1732 2049 1830 2087 Tac.

956 2114 1066 2150 Ann.
1093 2111 1158 2158 42,
1184 2109 1268 2160 44.)
1329 2111 1561 2149 Praeterea
1594 2108 1722 2148 lectio
1754 2110 1832 2148 ista

957 2172 1203 2211 auctoritati
1234 2171 1425 2210 duorum
1457 2170 1685 2210 dumtaxat
1707 2170 1835 2208 Codi-

957 2243 1057 2272 cum
1089 2231 1332 2283 volgarium
1362 2232 1572 2271 innititur.
1601 2255 1644 2259 —
1669 2231 1831 2282 ignare]

958 2295 1076 2333 «sine
1109 2294 1256 2333 nervis
1287 2304 1338 2332 ac
1369 2294 1625 2343 sanguine.»
1678 2286 1833 2349 «Ἀργᾶ

956 2357 1036 2394 καὶ
1067 2352 1149 2395 τὸν
1178 2351 1424 2411 ἀκροατὴν
1450 2350 1643 2411 ἠρεμεῖν
1664 2352 1829 2401 ἐῶντα,

957 2421 1003 2458 ut
1033 2418 1088 2458 de
1125 2420 1301 2457 oratore
1338 2419 1518 2466 Dionys.
1556 2418 1689 2467 Long.
1728 2417 1832 2473 περὶ

957 2474 1119 2530 ὕψους
1149 2479 1215 2527 34,
1241 2479 1297 2527 4.,
1327 2479 1369 2518 id
1400 2481 1489 2527 est,
1524 2489 1637 2529 quae
1670 2476 1830 2517 nullam

954 2543 1043 2581 vim
1074 2540 1241 2581 habent
1270 2541 1324 2580 ad
1363 2540 1633 2580 movendum
1664 2539 1832 2579 audito-

954 2614 1075 2650 ren13
1123 2603 1284 2654 quibus
1316 2605 1600 2654 opponuntur
1633 2597 1692 2640 τὰ
1721 2601 1831 2642 ἐνα-

953 2662 1120 2719 γώνια,
1153 2662 1372 2718 ἐμπαθῆ,
1396 2660 1683 2717 παθητικά.»
1716 2664 1832 2703 wm-

953 2740 1085 2769 cnenr
1115 2729 1287 2768 Comm.
1312 2729 1341 2766 1.
1367 2726 1421 2766 de
1445 2727 1604 2766 Laevio
1633 2727 1761 2777 poeta
1784 2737 1826 2778 p.

953 2792 992 2831 8.
1030 2811 1072 2818 -
1106 2790 1237 2829 Iove·
1262 2788 1408 2840 aequo]
1456 2788 1677 2840 «propitio
1721 2786 1827 2834 sibi;

953 2854 1054 2892 love
1099 2851 1281 2903 quidem
1325 2852 1434 2890 irato
1471 2850 1542 2899 fit,
1590 2852 1638 2889 ut
1681 2850 1831 2889 errent

953 2914 1156 2954 homines
1187 2925 1238 2954 ac
1269 2912 1498 2953 delirent.»
1532 2914 1687 2952 ponpa.

1007 3038 1152 3078 69-72.
1199 3037 1394 3086 insector]
1440 3037 1688 3077 Construe:
1735 3036 1828 3075 Non

951 3101 1128 3140 insector
1155 3099 1350 3139 carmina
1369 3100 1476 3139 Livii
1504 3099 1755 3147 delendaque
1775 3108 1825 3136 ea

951 3174 1033 3203 esse
1068 3173 1188 3211 reor,
1234 3161 1278 3201 id
1321 3163 1408 3210 est,
1456 3171 1576 3200 «non
1617 3158 1825 3209 equidem

950 3227 1041 3265 tam
1070 3224 1240 3265 infenso
1271 3234 1371 3263 sum
1401 3224 1546 3262 animo
1578 3222 1620 3260 in
1650 3222 1825 3260 veteres

951 3289 1123 3326 nostros
1158 3287 1337 3337 poetas,
1386 3286 1432 3323 ut
1470 3281 1658 3332 exempli
1688 3281 1824 3331 gratia

950 3348 1056 3388 Livii
1084 3347 1323 3387 Andronici
1359 3345 1521 3395 scripta
1551 3341 1824 3382 obliteranda

952 3411 996 3448 et
1024 3420 1076 3449 ex
1106 3409 1336 3448 hominum
1361 3404 1567 3446 manibus
1596 3404 1639 3443 in
1667 3413 1825 3455 perpe-

951 3471 1077 3510 tuum
1120 3466 1422 3518 extorquenda
1466 3475 1721 3505 censeam.»
1776 3486 1820 3492 -
