2231 3787
245 279 345 328 :328
882 276 1090 316 uon-mi
1124 275 1422 316 SATIRARUM

879 670 1228 720 SA‘rmA
1259 668 1418 717 vn.

320 799 633 852 lainiludum
673 796 914 850 ausculto
955 804 1007 848 et
1045 796 1268 866 cupiens
1307 794 1398 847 tibi
1439 793 1621 847 dicere
1661 811 1850 847 servus

316 903 491 954 Pauca
533 897 834 952 reformido.
912 896 1203 950 Davusne?
1242 897 1339 953 Ita,
1381 897 1588 957 Davus,
1632 895 1860 948 amicum

316 1001 634 1071 Mancipium
673 1000 889 1052 domino
930 1008 982 1052 et
1019 998 1153 1068 frugi
1193 997 1337 1069 quod
1379 997 1445 1050 sit
1483 997 1637 1059 satis,
1680 997 1783 1051 hoc
1822 1004 1928 1058 est,

315 1105 378 1157 Ut
414 1101 571 1155 vitale
609 1109 780 1172 putes.
857 1103 993 1171 Age,
1036 1099 1277 1153 libertate
1317 1097 1625 1161 Decembri,

352 1230 464 1269 SAT.
487 1230 574 1268 VII.
624 1228 852 1279 Inscriptio
886 1226 1101 1267 Codicum
1122 1226 1205 1277 Ep:
1240 1227 1301 1266 De
1330 1225 1582 1265 iocunditate
1610 1224 1846 1265 Decembris
1864 1228 1903 1264 et
1922 1235 2005 1264 ser-

297 1292 354 1331 ril
359 1292 369 1330 i
400 1291 518 1331 licen!
524 1291 577 1330 ἰα.

298 1393 383 1431 Vll.
417 1391 526 1431 Vide
557 1392 815 1432 Excursum.

300 1456 336 1494 4.
362 1455 400 1494 ¹⁴2.
433 1455 681 1493 Iamdudum
717 1454 924 1503 ausculto]
969 1455 1117 1493 «Iam-

245 1517 319 1556 diu
350 1516 531 1556 auribus
562 1518 689 1567 capto
721 1519 764 1555 et
800 1515 933 1555 veluti
979 1526 1119 1555 venor

245 1580 618 1630 opportunitatem
666 1578 918 1629 loquendi.»
990 1580 1113 1617 GESN.

243 1642 457 1680 Nimirum
490 1638 653 1691 'cogita
712 1641 941 1680 Horatium
990 1642 1118 1680 antea

244 1702 327 1742 alta
358 1714 468 1742 voce
508 1702 664 1753 legisse
704 1701 866 1742 librum
904 1700 973 1742 vel
1006 1703 1120 1741 inter

244 1764 530 1805 scribendum
549 1764 736 1805 subinde
751 1776 906 1805 secum
921 1764 1119 1805 locutum

246 1838 366 1874 esse,
398 1826 661 1866 vaferrimus
681 1829 830 1866 autem
861 1838 1017 1868 servus
1039 1828 1121 1867 scit

246 1889 427 1940 quidem
457 1889 588 1928 hodie
620 1888 862 1928 Saturnalia
885 1889 1117 1936 celebrari,

246 1953 393 2002 itaque
424 1950 603 2002 plenam
641 1950 722 1991 sibi
764 1949 1012 1990 libertatem
1053 1950 1120 1990 lo—

247 2013 412 2064 quendi
449 2016 581 2064 atque
621 2013 732 2052 adeo
778 2014 937 2053 herum
982 2015 1121 2053 inter—

245 2074 438 2127 pellandi
468 2085 729 2115 concessam
752 2086 877 2122 esse,
911 2086 995 2126 qua
1020 2086 1121 2115 usu-

247 2149 322 2177 rus
371 2149 418 2177 se
470 2137 591 2177 velut
640 2137 791 2178 ulcisci
844 2137 1120 2189 aliquatenus

246 2201 387 2251 possit
416 2200 470 2240 de
493 2199 725 2248 molestiis,
761 2200 922 2251 quibus
953 2212 1033 2252 per
1053 2202 1122 2239 to—

247 2266 341 2302 tum
379 2274 542 2302 annum
583 2262 797 2303 obnoxius
842 2263 990 2306 fuerit;
1038 2273 1122 2301 nec

247 2328 396 2364 tamen
426 2325 675 2376 protervius
707 2325 747 2364 in
780 2324 1031 2364 cubiculum
1063 2325 1124 2364 ir-

247 2397 455 2438 rumpere
487 2387 636 2435 audet,
670 2389 890 2435 metuens,
924 2399 979 2427 ne
1010 2387 1122 2427 forte

248 2449 302 2488 ab
354 2450 462 2489 hero
511 2449 627 2489 illam
676 2449 926 2490 libertatem
977 2451 1123 2490 minus

247 2514 479 2552 reverente
526 2511 638 2552 male
684 2512 918 2553 mulcetur.
987 2513 1123 2552 Hein-

248 2574 415 2614 dorfius
445 2575 625 2626 quidem
658 2576 861 2627 exposuit
897 2575 952 2614 de
991 2585 1122 2615 servo

249 2638 290 2676 in
322 2636 488 2677 foribus
511 2637 702 2678 cubiculi
724 2640 966 2690 apparente
988 2640 1120 2688 atque

247 2699 340 2738 heri
382 2700 498 2740 iussa
530 2702 830 2751 exspectante,
864 2700 945 2741 sed
975 2710 1121 2751 neque

246 2761 333 2800 hoc
357 2763 561 2801 convenit
582 2761 884 2802 Saturnalibus
906 2764 963 2810 et,
997 2762 1121 2802 cuius

247 2824 497 2862 testimonio
529 2825 687 2873 utitur,
722 2823 898 2864 Plautus
932 2821 1120 2874 (Trucul.

251 2885 265 2921 ‘l
291 2916 297 2927 ,
332 2885 378 2927 Ξ,
416 2886 429 2923 4
453 2897 459 2923 ;
506 2886 567 2925 Ad
595 2887 704 2936 fores
734 2887 968 2926 auscultato
998 2890 1124 2934 atque

248 2957 368 2985 serva
409 2947 483 2985 has
519 2949 664 2998 aedis.)
696 2948 751 2988 de
796 2949 1004 2997 ianitore,
1053 2948 1120 2987 cui

248 3009 318 3047 liic
346 3007 469 3048 locus
491 3021 576 3048 non
600 3012 690 3057 est,
723 3009 928 3061 loquitur.
981 3011 1123 3050 Minus

249 3072 403 3119 etiam,
453 3081 566 3121 quae
610 3072 687 3111 fuit
730 3072 911 3112 Bentleii
948 3073 1119 3124 opinio,

248 3134 352 3172 havi
383 3133 519 3172 verba
551 3133 604 3172 ad
642 3135 987 3184 praecedentem
1018 3135 1119 3173 sati-

249 3205 366 3242 ram,
414 3205 605 3244 quacum
646 3197 685 3234 in
724 3197 863 3235 Codd.
903 3194 1122 3235 nonnullis

250 3258 396 3304 (etiam
419 3255 498 3308 λμ)
521 3258 815 3307 coniungitur,
849 3257 1000 3297 referri
1026 3268 1125 3308 pos-

249 3323 362 3359 sunt.
414 3341 456 3347 -
505 3319 748 3370 reformido]
799 3331 972 3359 memor
1017 3331 1122 3359 sane

249 3381 468 3431 proverbii
496 3382 611 3433 apud
634 3383 688 3421 M.
714 3382 917 3421 Antonin.
945 3382 987 3420 Μ
1011 3414 1018 3429 ,
1044 3382 1120 3421 30:

252 3441 434 3494 Δοῦλος
466 3446 709 3494 πέφυκας,
744 3437 800 3483 οὗ
831 3445 1024 3496 μέτεστί
1046 3456 1124 3483 σοι

1182 1391 1241 1429 ita
1281 1392 1418 1430 totam
1456 1389 1722 1429 sententiam
1762 1387 1952 1427 affirmat
1984 1397 2060 1426 re-

1182 1453 1445 1503 sponsione:
1470 1452 1566 1501 J'a.»
1612 1451 1732 1490 HAND
1763 1450 1885 1489 Tuus.
1918 1450 1989 1488 Ill.
2014 1459 2057 1499 p.

1182 1513 1275 1554 493.
1304 1538 1348 1542 —
1373 1513 1567 1565 amicum]
1594 1512 1784 1552 «domini
1810 1511 2060 1552 studiosum

1183 1577 1314 1627 eique
1364 1576 1547 1615 fidum.»
1612 1572 1964 1615 Φιλοόέσποτον
2007 1571 2061 1613 ἐκ

1181 1636 1266 1678 τοῦ
1298 1634 1575 1688 συνειδότος
1605 1637 1738 1677 talem
1769 1647 1951 1677 servum
1979 1646 2062 1687 ap-

1182 1699 1315 1752 pellat
1346 1700 1465 1740 Philo
1496 1701 1540 1739 in
1570 1699 1700 1739 Libro
1734 1699 1838 1747 Quis
1859 1709 1947 1738 rer.
1972 1698 2060 1738 div.

1182 1764 1277 1802 her.
1301 1762 1396 1802 Vol.
1417 1763 1485 1802 IV.
1510 1762 1571 1803 Pf.
1604 1774 1647 1814 p.
1672 1761 1730 1811 4.,
1764 1772 1816 1801 ex
1847 1771 1935 1812 quo
1963 1759 2062 1800 loco

1182 1825 1426 1866 Menander
1441 1826 1628 1865 Meinek.
1645 1836 1689 1877 p.
1711 1824 1804 1864 434.
1824 1825 1888 1865 sic
1910 1833 2062 1863 emen-

1183 1888 1357 1928 dandus
1399 1889 1488 1928 est:
1524 1883 1602 1927 ’Ὰν
1640 1884 1782 1927 πάνθ’
1824 1882 1852 1926 ὁ
1890 1881 2064 1936 δοῦλος

1183 1945 1442 2002 ἡσυχάζειν
1512 1947 1763 2007 μανθάνῃ,
1836 1943 2062 2006 Πονηρὸς

1181 2008 1332 2053 ἔσται·
1354 2011 1611 2065 μεταδίδου
1635 2007 1930 2070 παῤῥησίας·
1953 2009 2064 2051 Βέλ-

1183 2088 1344 2115 τιστον
1364 2071 1513 2115 αὐτὸν
1533 2072 1677 2115 τοῦτο
1708 2071 1902 2126 ποιήσει
1923 2070 2060 2114 πολύ.

1238 2139 1329 2179 3-8.
1361 2139 1490 2190 fraqi]
1515 2135 1776 2195 «χρηστόν,
1809 2136 1974 2188 frugale
1996 2138 2065 2176 at-

1185 2212 1271 2253 que
1294 2200 1574 2241 obedientiae
1606 2199 1808 2252 plenum,
1841 2199 1896 2239 ab
1920 2199 2065 2239 omni-

1186 2274 1271 2315 que
1303 2263 1417 2302 furto
1441 2262 1692 2312 abstinens,
1727 2262 1894 2310 brav3»
1927 2272 2063 2314 saepe

1186 2325 1242 2365 de
1287 2325 1442 2365 servis.
1503 2325 1678 2364 Terent.
1718 2323 1797 2364 Ad.
1835 2325 1883 2373 5,
1929 2324 1976 2373 9,
2021 2324 2062 2363 2.

1186 2389 1353 2428 Demea
1384 2386 1440 2426 ad
1471 2388 1658 2437 Syrum:
1700 2386 1831 2438 Fruqi
1859 2387 1978 2425 homo
2008 2396 2062 2425 es.

1186 2451 1429 2502 Opponitur
1456 2460 1651 2498 nequam.
1722 2449 1811 2489 Cic.
1849 2449 1976 2488 Tusc.
2015 2448 2062 2498 3,

1187 2513 1232 2561 8,
1267 2512 1333 2552 46.
1369 2535 1416 2540 -
1451 2513 1560 2563 quod
1588 2513 1639 2552 sit
1676 2511 1790 2563 satis]
1835 2510 2065 2552 Manifesto

1186 2575 1257 2614 hic
1275 2576 1341 2614 est
1361 2574 1540 2615 vernilis
1564 2575 1669 2614 Davi
1690 2574 1732 2613 in
1755 2575 1900 2614 semet
1920 2573 2066 2624 ipsum

1184 2639 1320 2679 iocus.
1382 2639 1474 2678 Hoc
1505 2639 1655 2677 autem
1686 2637 1810 2676 dicit:
1857 2638 1930 2675 «In
1960 2638 2065 2676 tan-

1184 2701 1279 2740 tum
1309 2711 1410 2740 sum
1440 2700 1570 2750 frugi,
1605 2709 1740 2750 quam
1770 2699 1875 2739 satis
1906 2698 1961 2738 sit
1981 2709 2063 2749 pro

1186 2764 1317 2813 captu
1348 2772 1400 2800 ac
1429 2760 1608 2801 modulo
1630 2760 1936 2807 servulorum3
1969 2759 2066 2810 glo-

1186 2824 1287 2864 riari
1318 2824 1437 2863 enim
1468 2833 1553 2862 non
1585 2825 1653 2862 est
1692 2833 1867 2870 meum,
1916 2833 2063 2873 neque

1186 2884 1320 2925 talem
1349 2896 1421 2924 me
1453 2884 1607 2924 haberi
1637 2883 1831 2936 postulo,
1866 2885 1935 2924 cui
1955 2895 2063 2936 prae

1185 2947 1434 2988 immodicis
1464 2947 1698 2987 virtutibus
1736 2947 1937 2986 metuant
1980 2945 2064 2985 ho—

1187 3010 1348 3057 mines,
1383 3020 1437 3049 ne
1471 3010 1556 3049 cito
1585 3010 1844 3049 moriatur.»
1895 3009 2064 3048 Seneca

1188 3072 1394 3111 ContrOV.
1421 3072 1435 3110 4
1457 3103 1464 3119 ,
1490 3072 1527 3111 ’1.
1554 3071 1609 3111 de
1631 3070 1740 3111 Alfio
1764 3070 1913 3111 Flavo:
1947 3071 2066 3110 Sem-

1180 3144 1258 3182 per
1288 3134 1335 3173 de
1363 3134 1475 3173 illius
1503 3134 1667 3185 ingenio
1699 3133 1853 3173 Cestius
1882 3136 1919 3172 et
1938 3143 2066 3182 prae-

1187 3196 1340 3235 dicavit
1370 3200 1406 3235 et
1435 3196 1583 3235 timuit.
1636 3195 1781 3235 Aiebat
1810 3199 1898 3234 tam
1916 3195 2068 3234 imma-

1187 3262 1278 3297 tare
1306 3269 1509 3309 magnum
1537 3257 1750 3309 ingenium
1777 3268 1861 3296 non
1889 3267 1973 3295 esse
1998 3257 2066 3296 vi-

1188 3321 1281 3359 tale.
1320 3343 1364 3348 —-
1398 3320 1584 3359 libertate
1613 3318 1844 3369 Decembri]
1877 3319 1923 3357 ln
1961 3328 2067 3369 per-

1188 3385 1321 3434 petuo
1353 3381 1421 3422 illo
1452 3382 1576 3433 quasi
1615 3380 1731 3421 bello
1770 3381 1883 3420 inter
1922 3379 2067 3419 domi-

1189 3456 1269 3484 nos
1309 3455 1360 3484 ac
1399 3454 1552 3484 servos
1599 3444 1662 3490 hi,
1710 3444 1757 3482 ut
1793 3443 1853 3481 ait
1893 3442 2061 3482 Arrian.

251 3503 411 3557 λόγου.
446 3529 488 3534 ——
522 3506 598 3557 Ita]
633 3508 703 3545 «ln
738 3504 964 3557 colloquiis
987 3517 1120 3545 unum
1188 3507 1323 3558 Epict.
1350 3505 1395 3552 4,
1434 3507 1479 3554 l,
1513 3505 1599 3555 58„
1633 3503 1935 3544 Saturnalibus
1958 3497 2068 3544 ἀνο-
