2231 3787
1927 233 2018 285 921

326 367 430 417 Epp.
466 367 505 414 4,
537 366 576 405 2.
625 367 758 405 inser.
792 366 852 405 Ad
880 365 1068 405 Lollium.
1106 388 1150 393 -—
1201 363 1238 404 4.
1270 366 1430 405 Plenius
1464 389 1504 393 —
1540 368 1577 406 5.
1612 367 1773 406 distinet
1802 377 2022 418 superser.

214 437 261 476 de
295 459 338 464 —
371 436 409 475 8.
443 439 601 475 aestum
630 446 851 487 superscr.
892 440 956 475 tus
989 458 1031 463 —-
1068 425 1133 475 42.
1165 435 1342 475 Pelidem
1377 458 1418 463 —
1456 437 1519 476 48.
1557 437 1715 476 Clu-em
1745 447 1966 487 superscr.
2002 450 2027 475 n

220 527 260 534 —
297 504 363 544 23.
399 505 514 544 Circe
543 515 765 556 supet-scr.
798 506 926 545 circes
962 527 1001 533 -
1035 504 1101 544 32.
1135 504 1337 544 hominem
1372 527 1413 532 —
1460 505 1525 545 34.
1559 517 1677 546 cures
1705 506 1850 545 addita
1883 506 2025 556 glossa

215 585 320 625 «pro
350 574 605 614 curaberis.»
642 597 684 603 —
719 575 783 614 38.
817 576 926 624 quod
959 596 1002 602 —
1037 574 1102 614 44.
1134 575 1298 614 vivendi
1327 576 1397 624 qui
1426 579 1534 614 recte
1567 597 1608 602 -
1657 575 1722 615 45.
1752 581 1956 625 pecantur
1980 599 2021 605 —

213 642 281 684 46.
313 644 374 683 nil
405 666 449 671 —
482 643 547 684 48.
579 644 734 694 febrem
767 664 811 671 —
846 646 914 684 59.
947 645 1041 684 irae
1069 655 1294 696 superse-r.
1327 645 1439 684 iram
1473 667 1516 672 —
1551 645 1617 685 65.
1650 657 1792 694 quam.

325 721 435 771 Epp.
470 721 508 767 4,
541 721 580 759 3.
628 721 762 761 Inscr.
796 722 856 760 Ad
885 722 1036 761 Iulium
1065 723 1250 762 Florum.
1288 745 1330 750 -
1365 722 1405 762 4.
1434 722 1576 761 vicina
1608 745 1652 750 —
1686 724 1726 762 5.
1763 724 1930 774 pinquis
1959 736 2029 764 su-

213 800 382 843 perscr.
417 801 438 830 e
471 813 513 818 —
548 790 614 830 30.
647 790 695 842 si]
727 792 778 830 sit
812 813 854 818 —
889 792 954 831 32.
990 792 1243 841 nequiquam
1277 815 1320 820 —
1353 793 1418 842 At]
1449 804 1499 831 ac
1531 815 1575 820 —
1610 792 1675 833 33.
1709 793 1971 833 Heu-·heu.

324 868 432 919 Epp.
467 869 505 917 4,
538 867 577 908 4.
624 870 760 909 Inscr.
807 869 868 908 Ad
895 869 1088 909 Albinum
1119 869 1292 920 elcqium
1322 869 1411 920 (sic)
1443 870 1700 920 scriptorem.
1737 893 1782 898 —
1814 871 1854 909 7.
1887 871 2030 911 dedere

219 961 261 966 —
295 938 334 977 9.
370 937 477 988 Quin
507 949 733 990 superscr.
766 937 821 990 gl.
853 943 899 978 ut
930 962 973 968 —
1010 940 1074 979 40.
1106 939 1305 979 valitudo.

323 1016 430 1067 Epp,
467 1017 504 1064 4,
537 1017 578 1056 5.
625 1018 760 1058 Inscr.
793 1016 855 1056 Ad
887 1017 1154 1066 Torquatum.
1193 1040 1235 1045 —
1271 1017 1310 1056 6.
1344 1028 1507 1057 accerse
1536 1028 1758 1069 superscr.
1792 1029 1952 1058 arcesse
1982 1042 2025 1047 —

213 1081 277 1125 42.
310 1086 483 1136 fortuna
516 1109 559 1114 —
595 1087 661 1126 47.
696 1088 894 1127 inermem
924 1097 1147 1138 superscr.
1173 1091 1252 1126 tem
1285 1109 1327 1114 —
1364 1087 1428 1126 48.
1462 1088 1568 1126 artis
1600 1108 1642 1114 —
1677 1088 1744 1127 23.
1777 1088 1840 1140 ne]
1871 1100 1958 1128 nec.

322 1156 431 1208 Epp.
466 1157 505 1206 4,
539 1157 577 1196 6.
621 1157 757 1197 Inscr.
800 1157 862 1197 Ad
891 1157 1144 1196 Numicium.
1181 1180 1225 1185 —
1261 1158 1325 1196 47.
1358 1158 1464 1197 artis
1497 1179 1541 1185 —-
1575 1158 1639 1196 49.
1671 1162 1848 1208 spectent
1880 1181 1924 1186 -
1958 1159 2025 1198 20.

211 1230 248 1266 et
278 1236 365 1265 om.
394 1249 438 1254 —
470 1227 537 1266 22.
572 1227 681 1276 quod
711 1237 935 1278 supersor.
960 1238 1054 1267 cum
1087 1250 1131 1254 —
1164 1227 1231 1268 28.
1264 1231 1519 1277 temptantur
1550 1249 1595 1255 —
1628 1228 1694 1267 34.
1727 1232 1773 1267 ut
1802 1239 2025 1279 superscr.

211 1300 249 1336 et
281 1319 324 1324 —
372 1295 437 1337 34.
485 1298 758 1337 retundentur
792 1308 1015 1350 superscr.
1049 1309 1098 1337 ro
1139 1319 1183 1325 —-
1231 1296 1298 1338 44.
1333 1298 1465 1337 omnis
1496 1320 1540 1325 —
1580 1298 1645 1337 50.
1680 1309 1849 1338 saevum
1882 1321 1926 1326 —
1959 1299 2026 1338 54.

210 1367 296 1417 fodi
325 1370 363 1406 et
392 1377 520 1407 erasa
551 1366 694 1407 littera
723 1378 745 1406 c
778 1390 822 1396 -
856 1368 924 1407 55.
958 1368 1115 1417 adopta
1143 1377 1366 1419 superscr.
1399 1368 1560 1417 adapta
1590 1389 1637 1396 -
1672 1368 1738 1409 68.
1771 1367 1867 1419 non]
1897 1369 1968 1407 nil.

320 1437 429 1488 Epp.
463 1439 501 1482 4,
535 1438 573 1477 7.
625 1439 761 1477 lusor.
808 1438 870 1477 Ad
907 1439 1205 1478 Maecenatem.
1242 1459 1286 1466 —
1321 1438 1361 1478 6.
1393 1438 1725 1489 Dissiqnatorem
1757 1461 1800 1466 —
1835 1437 1900 1478 44.
1934 1438 2027 1490 quo]

211 1518 259 1546 co
293 1527 337 1534 —
387 1506 453 1546 49.
493 1507 610 1547 hodie
642 1508 783 1557 porcis
821 1529 868 1536 —
916 1509 984 1547 22.
1020 1512 1228 1558 paratum
1262 1518 1488 1559 superscr.
1520 1519 1540 1547 s
1582 1531 1626 1536 —-
1665 1509 1732 1548 26.
1766 1512 1949 1560 anqusta
1985 1508 2030 1548 in

208 1577 344 1627 fronte
377 1599 422 1605 -
456 1576 522 1616 44.
555 1578 666 1617 Itace
698 1601 742 1606 —
776 1578 842 1618 50.
875 1578 1082 1618 Arrasum
1114 1601 1159 1606 —
1193 1578 1259 1618 63.
1291 1579 1524 1628 Respondit.
1556 1582 1681 1630 neqat
1714 1602 1758 1607 —
1792 1579 1858 1619 96.
1890 1579 2025 1618 simul.

322 1647 430 1698 Epp.
466 1648 503 1695 4,
537 1648 576 1686 8.
619 1648 755 1688 Inscr.
788 1647 850 1687 Ad
879 1648 1051 1688 Celsum.
1081 1671 1124 1676 —
1149 1650 1188 1688 5.
1213 1648 1396 1688 oleamve
1415 1660 1638 1701 superscr.
1664 1659 1742 1699 que
1765 1672 1809 1677 —
1834 1649 1873 1688 6.
1897 1648 2027 1700 aqris]

211 1718 322 1758 horis
353 1718 378 1756 i.
404 1728 443 1757 e.
468 1717 553 1757 oris
585 1740 628 1744 —
663 1719 729 1757 42.
761 1722 973 1758 venturus.

320 1788 429 1839 Epp.
465 1789 503 1835 4,
537 1788 575 1827 9.
624 1790 667 1827 ln
699 1790 925 1839 margine:
964 1789 1188 1840 Septimius
1207 1789 1369 1830 Claudi.
1403 1789 1578 1839 Require
1607 1790 1714 1829 hanc
1743 1790 1955 1840 epistolam
1985 1790 2029 1829 in

207 1859 289 1909 fine
317 1857 425 1896 libri.
458 1857 521 1897 Ibi
550 1859 743 1898 varietas
773 1857 975 1898 lectionis
1005 1858 1118 1899 haec
1140 1860 1234 1900 est:
1269 1860 1308 1899 6.
1344 1861 1461 1910 Quod
1484 1882 1528 1888 —
1561 1871 1612 1900 ac
1639 1860 1766 1912 novit]
1789 1861 1963 1912 aynovit
1981 1883 2025 1889 -

214 1918 293 1967 42.’
311 1928 454 1967 laudes
483 1938 705 1979 superscr.
739 1939 781 1968 a.

321 1998 428 2049 Epp.
463 1999 501 2046 4,
534 1999 600 2037 40.
646 1999 783 2038 lusor.
815 1985 1083 2038 Acl'Fusewm
1110 1999 1325 2039 Aristium.
1354 2023 1397 2028 -
1432 2000 1470 2040 3.
1495 2000 1553 2052 at]
1576 2002 1632 2040 ad
1664 2024 1707 2029 —
1743 2000 1781 2040 9.
1805 2001 1958 2051 effertis
1982 2024 2024 2029 —

214 2070 278 2109 48.
312 2068 487 2118 depellat
526 2090 572 2096 —
614 2067 680 2109 24.
718 2068 896 2119 ωψείἰεε
931 2090 976 2097 -
1019 2069 1086 2109 25.
1127 2069 1300 2119 fastidia
1336 2080 1559 2122 superscr.
1592 2071 1666 2122 qia
1698 2093 1742 2098 —
1780 2070 1846 2111 37.
1876 2071 2030 2112 violens

209 2140 355 2179 victor.

321 2210 429 2261 Epp.
465 2210 503 2258 4,
538 2210 552 2248 4
572 2210 602 2248 4.
651 2210 786 2250 Inscr.
818 2209 881 2248 Ad
908 2209 1152 2250 Bullatium.
1180 2231 1225 2238 -
1256 2210 1297 2250 2.
1330 2211 1458 2250 Sardi
1490 2231 1535 2239 —
1570 2211 1608 2251 3.
1632 2211 1849 2251 minorave
1881 2233 1925 2240 -—
1960 2212 2026 2251 47.

211 2280 374 2320 Rhodus
405 2302 450 2308 -
484 2280 550 2320 48.
584 2280 700 2319 arvis
733 2303 775 2307 —
809 2280 876 2319 20.
910 2279 974 2331 ac]
1007 2284 1044 2319 et
1078 2303 1121 2308 —
1155 2281 1221 2319 24.
1257 2280 1379 2321 Chius
1406 2285 1444 2320 et
1471 2282 1649 2321 Rhodus.

322 2350 431 2401 Epp.
466 2350 503 2398 4,
537 2349 603 2389 42.
662 2350 799 2390 Inscr.
843 2349 906 2389 Ad
945 2351 1114 2390 Iccium.
1152 2372 1197 2378 —
1244 2350 1283 2390 6.
1323 2352 1460 2390 maius
1498 2352 1652 2403 regyalis
1680 2353 1832 2392 addere
1858 2357 2031 2403 possunt

213 2430 436 2471 superscr.
462 2423 662 2469 poterunt
692 2442 739 2448 —
773 2419 812 2460 8.
842 2424 1042 2470 protenus
1074 2443 1119 2449 —
1151 2420 1218 2461 27.
1249 2421 1450 2462 Prahates
1479 2443 1526 2450 —
1560 2422 1626 2462 29.
1660 2422 1867 2473 diffundit.

323 2490 430 2541 Epp.
465 2491 504 2538 4,
539 2489 602 2529 43.
650 2491 789 2531 Inscr.
821 2490 884 2530 Ad
919 2491 1110 2530 Vinnium
1128 2490 1323 2531 Asellum.
1361 2514 1405 2520 —
1437 2493 1477 2532 2.
1505 2493 1625 2532 Vinni
1655 2514 1702 2521 —
1736 2493 1775 2532 7.
1797 2493 1956 2533 Abicito
1980 2512 2023 2520 —

214 2560 279 2600 44.
312 2560 393 2599 Aut
421 2570 644 2611 superscr.
682 2561 731 2600 Ut
762 2583 806 2588 --
839 2561 998 2612 qlomos
1026 2571 1252 2613 superscr.
1276 2561 1324 2602 bo
1349 2561 1520 2614 (qlobos)
1545 2586 1590 2591 —
1617 2563 1760 2614 pirria
1784 2586 1827 2592 —
1862 2564 1926 2603 45.
1949 2563 2029 2602 Aut

214 2640 437 2682 supersor.
474 2629 536 2669 Ut.

324 2701 433 2751 Epp.
468 2701 506 2749 4,
540 2699 605 2740 44.
653 2701 790 2740 lusor.
835 2701 898 2739 Ad
938 2701 1122 2740 villicum
1159 2712 1292 2741 suum.
1330 2723 1373 2730 —
1419 2702 1484 2742 49.
1517 2707 1662 2752 tesqua
1694 2726 1739 2731 —
1780 2702 1848 2743 23.
1883 2706 1949 2742 tus
1981 2725 2025 2731 —

214 2771 279 2810 30.
299 2770 441 2822 prato]
463 2781 612 2820 campo
637 2793 680 2798 —
715 2770 781 2810 32.
806 2771 982 2810 docuere
1006 2794 1050 2799 —
1078 2771 1144 2811 33.
1168 2772 1379 2811 inmunem
1403 2795 1447 2801 -
1472 2772 1538 2812 37.
1562 2773 1690 2812 oblico
1715 2795 1759 2801 —
1783 2771 1849 2813 44.
1872 2773 1918 2813 in
1937 2783 2025 2813 om.

322 2840 431 2891 Epp.
465 2841 504 2889 4,
538 2841 621 2880 45..
668 2842 804 2880 Inscr.
836 2841 898 2880 Ad
925 2842 1182 2881 Numonium
1215 2842 1375 2881 Valam.
1413 2866 1457 2870 —
1490 2843 1529 2884 4.
1557 2854 1651 2882 cum
1671 2853 1897 2894 superscr.
1921 2844 2031 2893 quod

219 2930 261 2938 -
295 2910 334 2949 7.
369 2910 582 2961 Sulphura
614 2933 660 2939 —
697 2912 761 2950 45.
790 2913 988 2961 perennis
1020 2935 1064 2940 -—
1097 2913 1164 2951 29.
1198 2913 1424 2952 dinosceret
1447 2935 1491 2940 —
1525 2912 1591 2953 30.
1621 2914 1779 2965 finqere
1808 2914 1925 2954 dirus
1942 2924 2030 2954 sae-

212 2990 288 3018 vus
318 3001 365 3008 —
399 2980 465 3020 32.
498 2981 681 3020 donarat
713 3003 757 3009 ——
792 2982 856 3022 37.
893 2986 1102 3022 correctus
1134 3005 1178 3010 —
1211 2981 1278 3022 4-4.
1311 2983 1538 3034 contingat.

328 3050 436 3101 Epp.
474 3051 512 3099 4,
546 3051 611 3090 46.
657 3052 794 3091 lnscr.
838 3052 901 3091 Ad
931 3053 1159 3102 Quintium.
1196 3075 1238 3080 —
1275 3053 1312 3091 4.
1340 3053 1624 3102 percuncteris
1656 3075 1700 3083 —-
1735 3054 1876 3103 Quinti
1909 3076 1952 3081 -—
1986 3055 2025 3093 2.

215 3131 334 3160 erum
365 3142 409 3146 —
445 3119 484 3159 8.
517 3119 688 3171 benigne
717 3123 979 3172 superstant*
1012 3145 1054 3149 —
1092 3123 1157 3162 45.
1191 3122 1320 3162 dulcis
1353 3145 1396 3150 —-
1431 3122 1496 3162 30.
1530 3124 1674 3174 cupias
1703 3133 2029 3174 superSC1·.pa-

215 3190 314 3230 teris
344 3211 391 3218 —
436 3190 568 3229 videri
612 3200 835 3241 superscr.
868 3192 1012 3231 vocari
1046 3214 1089 3218 —
1137 3191 1204 3231 33.
1236 3196 1283 3232 ut
1310 3203 1534 3244 superscr.
1567 3204 1596 3232 a
1638 3214 1680 3220 —-
1725 3191 1790 3232 37.
1817 3192 2027 3244 pressisse]

214 3260 348 3300 lesisse
380 3281 423 3287 —-
457 3257 523 3299 40.
555 3261 846 3299 medicandum
875 3270 1098 3312 superscr.
1131 3262 1371 3302 mendacem
1404 3282 1448 3290 —
1488 3261 1554 3302 43.
1589 3262 1677 3311 Quo
1704 3271 1947 3312 responsore
1979 3284 2020 3293 —

216 3329 282 3370 49.
314 3333 438 3380 neqat
467 3333 591 3379 atque
624 3350 667 3357 —
702 3331 770 3370 54.
801 3330 968 3370 milvius
997 3341 1220 3383 superscr.
1251 3343 1332 3372 uus
1360 3355 1404 3361 -
1439 3331 1505 3371 64.
1528 3332 1657 3371 iustos
1675 3342 1898 3383 superscr.
1919 3343 1945 3371 v
1966 3332 2030 3382 (ut

217 3400 273 3440 sit
299 3398 446 3450 iustu-s)
479 3421 523 3427 —-
570 3403 793 3449 sanctoque
837 3410 1060 3452 superscr.
1091 3413 1138 3442 vs
1182 3400 1242 3452 (ut
1277 3402 1332 3442 sit
1361 3401 1618 3451 sanetusque)
1654 3423 1697 3429 —-
1739 3401 1805 3441 62.
1838 3400 1950 3442 obice
1981 3424 2024 3429 —

218 3469 284 3509 63.
319 3469 407 3519 Quo
442 3491 484 3497 -
519 3467 585 3510 64.
620 3469 798 3509 dimittit.
