2231 3787
925 238 1021 277 LlB.
1057 238 1106 276 11.

316 368 536 439 Accipe,
581 385 686 439 qua
728 368 930 420 ratione
971 384 1141 438 queas
1181 366 1466 421 ditescere.

1170 238 1283 276 SAT.
1318 239 1366 275 V.

1962 236 2063 287 <295

1546 370 1616 420 Tu
1627 368 1683 420 rd
1694 387 1752 420 us
1996 369 2013 420 sl
2029 372 2060 418 Ο

315 471 436 524 Sive
477 469 620 522 aliud
663 470 872 540 privum
911 468 1125 522 dabitur
1163 468 1282 528 tibi,
1328 468 1543 522 devolet
1582 468 1727 529 illuc,

316 575 417 625 Res
459 571 546 624 ubi
588 589 778 642 inagna
819 572 947 624 nitet
986 571 1206 624 domino
1247 587 1403 634 sene,
1445 569 1621 623 dulcia
1662 588 1820 641 poma

315 675 375 726 Et
419 690 778 744 quoscunque
819 673 950 726 l'eret
989 671 1162 726 cultus
1202 671 1294 725 tibi
1338 671 1535 724 fundus
1575 671 1809 725 honores

314 778 445 828 Ante
487 776 674 829 Larem
714 783 890 845 gustet
927 773 1288 828 venerabilior
1326 774 1459 826 Lare
1501 773 1679 836 ‹lives3

315 877 416 941 Qui
457 877 703 947 quamvis
742 877 992 948 periurus
1032 877 1154 936 erit,
1198 875 1313 928 sine
1355 883 1538 947 gente,
1580 866 1835 928 cruentus

2002 876 2065 928 l5

316 979 584 1050 Sanguine
625 978 880 1040 fraterno,
924 978 1198 1050 fugitivus,
1241 995 1307 1031 ne
1352 985 1529 1030 tamen
1572 976 1638 1029 illi

317 1082 389 1133 Tu
432 1098 615 1134 coines
656 1080 914 1140 exterior,
958 1080 1000 1133 si
1041 1080 1296 1150 postulet,
1351 1081 1428 1133 ire
1470 1097 1708 1134 recuses,

355 1225 419 1263 Μ.
454 1224 616 1272 aliquid
645 1224 691 1263 E.
730 1245 772 1251 —
803 1223 989 1273 primum
1019 1234 1062 1274 p.
1101 1244 1144 1250 —-
1181 1224 1244 1262 45.
1279 1223 1364 1262 sine
1392 1227 1525 1262 mente
1555 1221 1815 1262 Wakefield.
1857 1245 1898 1250 -
1944 1224 2006 1262 46.

300 1287 361 1339 ne]
395 1298 466 1327 nec
496 1287 550 1334 E,
585 1298 667 1327 non
700 1296 923 1338 superscr.
959 1297 1008 1325 ne
1037 1286 1078 1324 S.

245 1423 346 1452 cum
376 1410 629 1452 Scholiastis
667 1410 888 1462 iungenda
918 1412 1021 1452 sunt
1050 1421 1119 1450 vv.

241 1475 375 1515 missis
404 1473 648 1525 ambagibus
676 1474 823 1524 Accipe
852 1475 936 1514 cet.
991 1473 1125 1513 «Weil

243 1539 299 1578 du
327 1539 433 1577 denn
461 1548 538 1576 vor
567 1537 640 1576 der
669 1537 838 1576 armuth
867 1537 955 1576 eine
983 1548 1027 1576 so
1055 1547 1124 1588 93-

240 1602 410 1652 walliae
437 1600 576 1651 furcht
613 1600 725 1649 hast,
767 1611 811 1639 so
839 1599 928 1639 will
963 1600 1028 1639 ich
1057 1600 1124 1638 dir

243 1664 345 1704 ohne
373 1662 634 1713 umscliweife
670 1673 819 1713 sa9eii‚
867 1662 949 1713 auf
973 1662 1124 1702 welche

245 1732 313 1767 art
335 1728 390 1766 du
408 1726 520 1765 reich
538 1725 704 1765 werden
724 1725 918 1764 ltannst.»
943 1725 1118 1764 I-IEnBsT.

248 1792 309 1830 Ne
353 1792 504 1829 autem
548 1790 590 1828 te
637 1787 832 1828 offendat
881 1787 1122 1828 verborum

243 1851 492 1900 collocatio,
533 1851 649 1890 conf.
715 1850 794 1890 Od.
829 1849 874 1899 4,
924 1850 997 1899 «1¹2,
1044 1850 1118 1892 26:

241 1917 552 1967 Niyrorumque
606 1924 786 1961 memor,
847 1913 946 1952 dum
1001 1913 1123 1962 licet,

242 1979 401 2029 iyniurn
427 1977 554 2017 Misce
573 1975 793 2015 stultitiam
821 1975 1001 2015 consiliis
1029 1975 1125 2016 bre-

242 2051 353 2088 vem,
392 2038 470 2079 ubi
498 2049 569 2078 w.
603 2036 825 2089 prioribus
864 2038 1122 2089 interposita

243 2103 341 2142 dum
386 2101 478 2140 licet
525 2099 580 2139 ab
630 2098 836 2140 omnibus
884 2100 1125 2150 iunguntur

244 2175 347 2205 cum
378 2162 637 2214 imperativo
667 2162 808 2201 Misce.
868 2160 949 2201 Alii
980 2160 1123 2213 expli-

244 2228 365 2267 cant:
400 2225 642 2273 «Quoniam
675 2223 835 2274 (missis
857 2223 1122 2274 ambagibus

245 2290 328 2329 hoe
349 2287 517 2328 dictum
539 2285 607 2336 sit)
633 2286 896 2337 pauperiem
919 2287 1120 2333 horres;»

244 2352 291 2391 ut
320 2348 598 2402 parenthesis
629 2347 685 2386 ad
720 2348 974 2388 universam
1005 2347 1123 2387 refe-

243 2415 365 2453 ratur
401 2410 768 2464 propositionem.
831 2410 894 2449 Cf.
929 2411 1040 2461 Epp.
1075 2410 1118 2458 11,

244 2478 290 2523 7,
323 2476 397 2515 82:
437 2475 499 2513 Ne
520 2477 557 2512 te
577 2473 709 2524 lonyis
728 2471 973 2523 ambagibus
992 2472 1121 2520 ultra,

246 2541 381 2589 Quam
409 2537 510 2577 satis
539 2539 617 2585 est,
663 2545 818 2574 morer.
855 2557 899 2562 —
934 2546 1018 2584 qua
1047 2545 1124 2573 ra—

244 2603 352 2642 tione
381 2599 485 2651 cet.]
518 2597 889 2649 Heredipetarum
920 2599 1038 2638 artes
1071 2608 1124 2637 ae

245 2667 372 2716 turpe
417 2662 646 2703 servitium
691 2672 779 2700 non
826 2660 920 2700 sine
971 2671 1122 2701 amara

245 2727 381 2766 ironia
402 2724 616 2765 describit
636 2724 934 2773 Hieronymus
957 2724 1033 2775 Ep.
1053 2724 1120 2765 52.

244 2801 286 2841 p.
319 2788 413 2828 26⁴.
436 2786 545 2826 Vall.
573 2808 617 2815 —-
644 2785 817 2837 Turdus]
850 2786 973 2826 Ovid.
996 2788 1045 2826 A.
1070 2788 1121 2827 A.

244 2851 294 2898 2,
326 2850 434 2890 2269:
482 2850 591 2899 Quin
626 2849 754 2888 etiam
791 2849 994 2898 turdoque
1033 2848 1125 2888 licet

247 2912 452 2960 missaque
479 2910 669 2950 columba
710 2911 760 2950 Te
794 2922 1018 2951 memorem
1048 2912 1123 2950 do-

249 2974 386 3013 minae
427 2974 637 3024 testificere
679 2976 789 3013 tuae.
840 2994 884 3001 —
929 2973 1120 3025 privum]

249 3035 546 3088 «proprium,»
569 3035 672 3074 hinc
686 3035 970 3087 privileyium.
1015 3034 1120 3076 Gell.

251 3100 323 3147 40,
355 3099 440 3138 20:
493 3098 652 3137 Veteres
686 3098 851 3147 priva
895 3099 1121 3148 dicerunt,

247 3172 354 3211 quae
400 3170 475 3200 nos
519 3159 725 3211 sinyula
771 3161 958 3200 die-imus.
1036 3163 1124 3212 Quo

245 3223 368 3264 verbo
411 3221 592 3262 Lucilius
630 3222 673 3260 in
711 3222 850 3272 primo
880 3223 1124 3262 Satirarum

250 3284 376 3336 (Gerl.
408 3296 451 3336 p.
489 3284 545 3333 3.)
577 3294 676 3323 usus
717 3288 799 3323 est:
844 3284 1124 3325 abdomina

249 3347 434 3396 thynni
489 3345 905 3386 Advenientibus
952 3346 1125 3396 priva

249 3409 376 3449 dabo
411 3408 810 3459 cephalaeaque
839 3407 1120 3449 acharnae.

252 3471 317 3509 «Si
348 3470 453 3522 quid
483 3470 539 3511 ab
571 3471 713 3510 amico
745 3469 821 3510 tibi
852 3470 1041 3510 donatur
1071 3481 1122 3511 ea

1187 1410 1311 1461 quasi
1361 1409 1620 1449 condicione
1673 1420 1816 1460 eoque
1866 1407 2062 1457 consili0,

1186 1475 1234 1512 ut
1275 1475 1320 1512 tu
1357 1471 1477 1513 solus
1509 1484 1561 1512 eo
1606 1471 1778 1519 fruare,
1826 1483 1913 1511 non
1959 1471 2067 1511 alius

1186 1535 1366 1587 aliquis,
1403 1535 1685 1575 nihilominus
1724 1536 1770 1574 tu
1809 1534 1970 1574 donato
2002 1534 2069 1574 cli—

1187 1599 1313 1638 viti.»
1381 1597 1461 1638 Alii
1511 1599 1657 1638 minus
1707 1600 1808 1649 apte
1860 1598 2063 1648 iungunt:

1186 1662 1304 1701 aliud
1316 1662 1510 1712 privum,
1544 1661 1587 1700 id
1609 1662 1697 1709 est,
1720 1662 1769 1699 ut
1790 1661 1929 1708 aiunt,
1955 1660 2071 1699 «exi-

1187 1724 1371 1764 mium.»
1394 1745 1438 1751 —
1465 1723 1633 1774 devolet]
1659 1723 1771 1762 «cito
1796 1722 2066 1771 deferatur-3»

1186 1786 1449 1837 metaphora
1480 1787 1653 1836 sumpta
1677 1797 1700 1824 a
1731 1786 1867 1824 turdo.
1903 1807 1947 1812 —
1982 1783 2070 1823 dul-

1185 1849 1253 1888 cia
1277 1859 1406 1898 poma
1436 1848 1540 1900 cet.]
1575 1848 1681 1899 Epp.
1708 1848 1745 1895 11,
1782 1848 1819 1895 l,
1853 1847 1927 1886 77:
1962 1846 2068 1886 Sunt

1187 1911 1258 1962 qui
1288 1911 1446 1951 Crustis
1474 1914 1513 1950 et
1535 1911 1674 1960 pomis
1701 1910 1852 1949 viduas
1870 1913 2069 1949 venentur

1186 1985 1346 2013 avaras
1374 1973 1685 2022 Excipiamque
1713 1982 1838 2011 senes.

1243 2036 1389 2076 43-119.
1422 2035 1609 2088 honores]
1642 2037 1688 2074 ut
1710 2034 1788 2074 Od.
1815 2035 1859 2083 Ἰ,
1885 2033 1954 2083 47,
1991 2032 2062 2072 46;

1185 2099 1308 2139 Ruris
1336 2099 1562 2148 honorum,
1597 2098 1792 2138 «fructus
1814 2095 1996 2136 laetos.»
2020 2115 2063 2123 —

1184 2160 1287 2200 Ante
1325 2160 1491 2212 Larem]
1527 2158 1839 2201 «Consuetudo
1876 2158 1975 2207 suit,
2022 2159 2070 2197 ut

1186 2234 1339 2263 rerum
1367 2224 1587 2275 primitiae
1619 2223 1686 2263 dis
1718 2221 1903 2261 Laribus
1934 2230 2069 2272 pone-

1186 2287 1383 2325 rentur.»
1433 2287 1588 2325 Ponrii.
1642 2282 1795 2324 Tibull.
1822 2284 1869 2331 11,
1904 2283 1951 2331 i,
1991 2281 2064 2321 43:

1185 2349 1239 2387 Et
1273 2348 1545 2397 quoacunque
1588 2347 1688 2385 mihi
1724 2356 1899 2396 pomum
1939 2355 2070 2383 novus

1187 2411 1334 2450 educat
1363 2420 1520 2458 annus,
1554 2409 1746 2447 Libatum
1766 2407 1979 2459 agricolae
1994 2418 2068 2457 po-

1188 2472 1302 2511 nitur
1331 2475 1427 2511 ante
1457 2472 1543 2510 deo.
1573 2493 1616 2498 —
1641 2471 1728 2510 sine
1757 2469 1888 2521 flente]
1923 2469 2068 2519 «igno-

1188 2534 1308 2583 bilis,
1365 2535 1458 2575 sine
1506 2532 1758 2582 nobilitate,
1809 2531 2063 2575 libertinus;

1188 2609 1292 2638 nam
1331 2598 1425 2638 siue
1466 2599 1595 2648 gente
1636 2594 1872 2635 libertini.»
1923 2594 2062 2634 Comi.

1189 2662 1319 2707 Caco.
1379 2660 1469 2699 Cio.
1507 2659 1612 2710 Top.
1651 2658 1700 2706 6,
1754 2658 1831 2697 29:
1893 2656 2068 2697 Gentiles

1187 2727 1281 2763 sunt
1310 2723 1419 2762 inter
1447 2733 1508 2772 se,
1542 2722 1612 2771 qui
1633 2722 1772 2761 eodem
1791 2720 1955 2760 nomine
1975 2723 2067 2758 sunt

1190 2785 1351 2837 (Titius,
1376 2783 1687 2835 Sempronius,
1713 2781 1975 2832 Cornelius);
1997 2781 2068 2830 qui

1188 2848 1239 2887 ab
1282 2847 1472 2898 ingenuis
1515 2846 1682 2886 oriundi
1723 2849 1839 2892 sunt‚·
1889 2853 2067 2894 quorum

1185 2911 1397 2950 maiorum
1440 2920 1557 2948 nemo
1599 2909 1836 2948 servitutem
1874 2905 2064 2951 servivit;

1187 2974 1257 3023 qui
1287 2972 1422 3022 capite
1452 2983 1533 3011 non
1563 2975 1657 3011 sunt
1687 2970 1899 3011 deminuti.
1936 2991 1980 2996 —-
2002 2968 2067 3018 fu-

1185 3034 1350 3087 gitivus]
1384 3033 1536 3082 «olim,
1570 3043 1673 3072 cum
1695 3032 1958 3073 servitutem
1977 3041 2068 3071 ser-

1186 3098 1343 3137 viret.»
1381 3119 1424 3124 —
1458 3095 1656 3146 exterior]
1691 3094 1981 3141 «sinisterior,
2024 3092 2066 3130 in

1186 3161 1361 3200 sinistra
1392 3160 1519 3211 parte
1550 3159 1763 3209 positus.»
1814 3159 1915 3196 Aen.
1953 3178 1996 3182 —
2035 3154 2069 3193 si

1182 3222 1379 3273 postulet]
1423 3221 1484 3261 «si
1525 3220 1645 3260 domi
1686 3229 1793 3259 suae
1835 3219 1877 3257 te
1917 3215 2068 3255 iubeat

1187 3295 1343 3326 secum
1384 3285 1424 3323 in
1469 3281 1700 3335 publicum
1742 3279 1942 3332 prodire,
1990 3276 2067 3316 ubi

1187 3346 1313 3387 aliter
1342 3357 1482 3398 prope
1513 3345 1607 3385 fieri
1639 3343 1813 3394 nequit,
1855 3350 1990 3391 quam
2019 3340 2068 3379 ut

1188 3407 1319 3450 simul
1350 3406 1586 3458 intelligas,
1626 3407 1669 3445 te
1700 3404 1911 3444 comitem
1943 3401 2066 3441 exte-

1188 3471 1354 3512 riorem
1381 3479 1480 3510 esse
1503 3467 1691 3514 debere3
1726 3463 1916 3516 alioquin
1947 3463 2068 3504 enim
