2231 3787
956 223 1055 262 ARS
1087 223 1329 264 POETICA.

308 354 384 405 An
425 353 491 405 sit
529 353 759 407 amicitia
799 352 1022 424 dignus:
1065 354 1108 407 si
1150 355 1389 407 carmina
1429 356 1659 415 condes,

308 457 592 527 Nunquam
631 465 682 509 te
723 455 900 509 fallant
937 455 1096 508 animi
1138 455 1239 509 sub
1279 455 1437 527 volpe
1478 456 1717 511 latentes.

307 557 564 621 Quintilio
605 557 647 610 si
690 557 820 628 quid
861 557 1144 619 recitareS‚

1190 558 1412 629 Corrige
1454 558 1617 613 sodes

307 659 445 718 Hoc,
488 658 685 718 aiebat,
728 668 780 712 et
818 659 942 724 hoc,
992 659 1184 713 melius
1222 668 1274 714 te
1315 677 1478 731 posse
1517 678 1771 732 negareS‚

305 760 396 812 Bis
436 768 627 831 terque
668 769 950 832 expertum
990 760 1210 823 frustra,
1254 761 1438 816 delere
1482 763 1701 818 iubebat

1960 767 2062 819 440

307 862 368 914 Et
405 861 545 915 male
585 870 824 916 tornatos
866 863 1044 917 incudi
1087 863 1320 917 reddere
1360 882 1569 919 versus.

289 1013 410 1064 prior
440 1023 542 1064 pars
573 1012 730 1064 deest.)

767 1037 811 1041 —
845 1014 1009 1053 latentis
1038 1014 1084 1053 B.
1113 1036 1157 1041 —
1183 1013 1276 1054 438.
1313 1015 1534 1064 Quinctilio
1567 1028 1668 1056 cum
1701 1020 1895 1058 nummis
1929 1021 2010 1059 Ηο-

287 1075 483 1115 ratianae
515 1076 671 1116 aetatis
703 1077 770 1116 FJ.
809 1099 852 1103 —
886 1075 979 1116 439.
1014 1074 1163 1127 agebat
1192 1077 1238 1115 B.
1277 1099 1319 1104 —
1355 1076 1450 1117 440.
1484 1078 1661 1119 iubebat.
1698 1096 1715 1116 «
1734 1081 1832 1120 finis
1863 1083 2009 1133 poeti-

290 1148 412 1177 cae.»
444 1139 497 1188 B,
531 1150 555 1178 a
587 1149 674 1190 quo
705 1138 868 1179 absunt
897 1137 1090 1189 reliqua;
1125 1139 1333 1178 continuo
1364 1142 1514 1180 autem
1545 1143 1747 1192 sequitur
1779 1144 1866 1183 Sat.
1902 1145 1939 1193 4,
1967 1145 2004 1184 4.

292 1221 336 1228 -
372 1199 444 1241 444
459 1233 466 1240 .
499 1200 709 1253 tornatos]
740 1202 945 1253 formatos
974 1202 1198 1251 Guyetus,
1231 1206 1294 1241 ter
1314 1206 1434 1242 natos
1454 1203 1676 1246 Bentleius
1699 1207 1812 1246 coni.
1835 1206 1890 1247 ab
1913 1208 2008 1260 ipso

288 1265 485 1315 recepta.

236 1394 309 1451 Τῷ
343 1394 569 1452 (πιθήκω)
600 1395 638 1436 ὃ
669 1389 742 1455 ἇο
774 1393 973 1470 ἆλώτηξ
1010 1409 1117 1455 κερ-

232 1459 378 1514 ὄαλέη
409 1458 672 1514 συνήντετο
701 1435 942 1502 Πυκνὸνῖ
935 1455 1118 1509 ’χουσα

234 1520 364 1563 νόον.
401 1523 464 1564 Cf.
499 1525 619 1564 Pers.
645 1525 684 1572 5,
711 1524 812 1563 446τ
851 1525 988 1575 fronte
1013 1524 1120 1574 poli-

233 1590 320 1636 tus,
365 1585 556 1625 Astutam
584 1587 737 1636 vapido
770 1598 912 1626 servas
940 1587 1013 1626 sub
1039 1597 1118 1637 pe·-

231 1653 344 1689 ctore
370 1649 547 1698 volpem.
603 1649 832 1689 Ruhnken.
867 1649 922 1690 ad
951 1650 1117 1690 Timaei

233 1713 337 1751 Lex.
361 1709 468 1751 Plat.
491 1710 650 1763 1).⁶M4.
675 1712 791 1763 Lips.
819 1712 875 1764 (p.
897 1712 1017 1753 4004.
1043 1711 1113 1752 ed.

233 1774 341 1814 Bait
349 1774 385 1825 ):
425 1790 443 1810 α
458 1769 556 1826 Τὴν
586 1767 870 1827 ἀλωπεκην·
904 1771 1038 1828 τὴν
1024 1788 1117 1815 πα-

231 1837 473 1894 νουογίαν.
503 1837 790 1877 Notissimum
813 1840 881 1878 est
901 1838 1119 1889 Lysandri

233 1900 431 1940 dictum:
481 1892 606 1940 ὅπου
647 1895 677 1953 ἡ
710 1898 758 1939 λι·
739 1899 880 1954 εοντῆ
910 1915 1030 1953 ιιη
1011 1901 1118 1951 ἐφι-

232 1975 314 2003 mse
319 1967 445 2010 ΐται,
504 1974 779 2019 προσοαπτε
759 1964 840 2002 c'ov
889 1962 992 2009 ἐκεῖ
1028 1959 1118 2017 τὴν

232 1993 504 2077 άλωπεκῖγν.
541 2021 753 2078 Ἀλώπηξ
784 2027 935 2066 autem
957 2026 1119 2066 dicitur

231 2100 314 2140 pro
359 2087 473 2140 pelle
524 2086 731 2140 volpina,
782 2091 829 2128 ut.
872 2086 990 2128 λέων
1033 2099 1116 2140 pro

232 2150 348 2203 pelle
380 2150 581 2190 leonina»
616 2153 701 2190 cet.

288 2213 518 2255 438—444.
575 2214 797 2267 Quintilio]
841 2215 1117 2254 Assentatori

233 2289 351 2318 nunc
382 2277 565 2328 opponit
594 2277 832 2328 imaginem
853 2278 1015 2317 sinceri
1037 2278 1119 2317 cri-

231 2341 306 2381 tici
338 2340 422 2391 (VV.
447 2338 666 2390 438-452.)
707 2341 750 2379 et
779 2341 827 2379 ut
856 2339 992 2380 talem
1022 2339 1118 2380 lau—

234 2403 310 2443 dat
349 2401 605 2450 Quintilium
634 2402 802 2442 Varum
840 2403 1118 2443 Cremonen-

234 2477 356 2513 sem,
382 2465 508 2505 cuius
530 2466 722 2504 mortem
745 2463 864 2515 luget
885 2465 963 2505 Od.
990 2466 1028 2514 4,
1047 2464 1114 2505 24.

235 2532 288 2581 (a.
325 2541 367 2569 u.
408 2541 445 2568 c.
483 2529 622 2579 730.);
670 2529 740 2568 hic
778 2532 949 2579 gratam
987 2530 1119 2569 amici

234 2593 502 2632 memoriam
533 2593 731 2630 renovat.
782 2594 959 2631 poetam
988 2595 1119 2633 vocat

233 2658 369 2695 Acro:
406 2664 491 2704 qua
523 2653 579 2692 de
610 2665 658 2693 re
690 2655 839 2693 tamen
872 2665 975 2694 cum
1007 2655 1118 2693 Cor-

234 2717 359 2756 desio
402 2715 575 2756 dubitat
603 2716 834 2756 VVeichert
863 2716 917 2755 de
951 2718 995 2756 L.
1030 2717 1118 2755 Va—

234 2780 298 2819 rio
329 2790 372 2830 p.
398 2778 492 2818 432.
526 2800 572 2806 ——
605 2778 794 2831 περανῶ]
830 2779 905 2818 Hic
937 2789 1116 2830 quoque

234 2841 541 2881 coniunctivus
571 2840 739 2892 pendet
760 2852 783 2880 e
816 2841 1116 2893 praecedente

233 2905 292 2953 si,
338 2913 614 2954 quamquam
653 2906 696 2944 et
736 2915 818 2955 per
855 2915 903 2943 se
944 2905 1116 2955 positus

234 2966 496 3017 saepissime
541 2965 677 3005 habet
720 2967 810 3005 vim
841 2966 1118 3005 conditiona-

234 3027 338 3069 lem.
373 3027 437 3068 Cf.
461 3028 571 3079 Epp.
599 3029 646 3075 4,
681 3029 727 3076 4,
760 3028 826 3068 Ξ8.
856 3052 900 3056 —
937 3030 1004 3068 Bis
1033 3033 1119 3068 ter-

235 3090 326 3142 que]
377 3089 440 3130 Cf.
474 3100 516 3129 v.
546 3089 640 3129 358.
678 3113 723 3118 —
760 3090 938 3140 frustra]
984 3093 1117 3142 lunge

235 3163 340 3192 cum
369 3163 411 3191 v.
434 3156 677 3202 apertum,
710 3151 826 3192 male
858 3152 926 3192 alii
949 3163 1050 3193 cum
1072 3165 1115 3193 v.

235 3225 431 3266 περανῶ,
477 3216 525 3253 ut
569 3214 738 3254 dictum
775 3215 830 3254 sit
870 3226 923 3254 ex
953 3216 1118 3256 Horatii

235 3288 449 3329 persona:
486 3278 688 3317 «Frustra
719 3276 836 3329 apud
862 3277 1118 3326 Quintilium

236 3350 424 3390 negares
455 3338 613 3379 melius
644 3338 875 3379 elaborare
907 3342 949 3380 te
985 3352 1117 3391 posse

1181 1397 1269 1437 Sed
1313 1398 1398 1438 hoc
1438 1400 1482 1439 et
1510 1410 1591 1451 per
1622 1411 1670 1441 se
1703 1412 1968 1453 perversum
1999 1406 2065 1444 est

1181 1470 1264 1499 nec
1308 1460 1515 1501 concedit
1556 1462 1802 1504 verborum
1847 1465 1971 1505 ordo.
2018 1489 2061 1493 —-

1181 1523 1326 1575 delere]
1361 1535 1545 1565 «versus
1575 1524 1670 1566 illos
1700 1527 1926 1577 vitiosos‚»
1959 1539 2062 1576 non,

1180 1586 1229 1625 ut
1245 1584 1314 1624 alii
1335 1585 1504 1636 volunt,
1525 1589 1693 1629 «totum
1716 1590 1839 1629 tuum
1858 1594 2063 1641 poema.»

1185 1671 1229 1676 ——
1254 1649 1365 1689 male
1384 1651 1586 1700 tornatos]
1619 1652 1736 1691 Duas
1760 1652 1973 1703 imagines
1993 1654 2064 1693 hic

1180 1721 1477 1761 agnoscamus
1521 1725 1709 1754 necesse
1754 1717 1821 1755 est
1865 1716 2064 1757 diversas

1181 1784 1288 1814 sane
1306 1806 1313 1824 ‚
1342 1775 1424 1815 sed
1445 1776 1602 1816 callida
1621 1778 1821 1817 iunclura
1841 1779 2063 1819 artissime

1182 1838 1482 1887 consociatas,
1516 1850 1603 1879 non
1636 1841 1807 1879 temere
1840 1841 2061 1890 confusas,

1182 1899 1298 1938 torni
1317 1898 1519 1946 alteram,
1540 1901 1724 1942 alteram
1744 1902 1929 1951 incudis,
1953 1904 2065 1943 haec

1182 1961 1237 2001 ad
1268 1963 1463 2014 primum
1490 1975 1704 2005 versuum
1737 1966 2067 2017 componendo-

1180 2035 1282 2064 rum
1314 2028 1524 2066 conatum
1555 2028 1770 2079 pertinet,
1806 2027 1875 2067 illa
1907 2028 1962 2068 ad
1993 2039 2065 2067 ar-

1182 2089 1273 2127 tem
1304 2088 1489 2128 eosdem
1522 2089 1801 2139 elaborandi,
1837 2102 1950 2142 quae
1973 2092 2067 2142 qui-

1182 2148 1284 2189 dem
1331 2160 1438 2189 cura
1496 2151 1771 2203 frequentius
1816 2164 1917 2193 cum
1962 2152 2065 2193 lima

1182 2214 1482 2263 comparatur.
1517 2215 1608 2253 Iam
1641 2215 1674 2254 si
1702 2225 1860 2254 versus
1891 2217 2062 2264 tornati,

1181 2273 1225 2313 id
1250 2277 1339 2323 est,
1371 2285 1459 2314 non
1482 2276 1576 2315 sine
1603 2275 1740 2316 multa
1765 2287 1900 2328 opera
1923 2288 1975 2317 ac
1997 2278 2066 2317 di-

1180 2336 1357 2387 ligentia
1375 2337 1604 2388 elaborati,
1638 2339 1783 2379 iudice
1802 2340 1945 2392 perito
1967 2351 2067 2380 sua-

1182 2399 1315 2439 dente
1354 2400 1639 2441 nihilominus
1680 2402 1911 2442 reiiciendi
1945 2406 2062 2452 sunt,

1183 2462 1287 2503 nihil
1319 2466 1478 2513 restat,
1513 2465 1596 2505 nisi
1618 2468 1665 2505 ut
1687 2466 1824 2505 deletis
1844 2466 2065 2517 prioribus

1185 2527 1239 2576 (v.
1264 2526 1375 2575 44.0)
1408 2538 1565 2568 versus
1595 2539 1780 2580 prorsus
1807 2530 1909 2568 novi
1940 2541 2067 2569 com-

1184 2592 1428 2641 ponantur,
1473 2601 1585 2642 quos
1623 2592 1776 2643 utique
1813 2594 1968 2632 toruus
1995 2591 2065 2632 vel

1182 2653 1284 2693 lima
1325 2665 1504 2694 rursum
1544 2656 1719 2702 manet;
1766 2656 1926 2706 quain
1960 2666 2066 2696 sen—

1183 2717 1317 2755 tentia
1362 2727 1470 2757 usus
1515 2720 1583 2757 est
1626 2718 1816 2768 imagine
1866 2718 2062 2776 incudis,

1184 2779 1254 2818 cui
1285 2779 1396 2818 alia
1425 2779 1591 2819 metalli
1616 2791 1764 2820 massa
1786 2781 2063 2833 imponatur2

1182 2840 1373 2881 verbum
1422 2843 1594 2882 reddere
1644 2844 1792 2882 autem
1842 2854 1923 2884 suo
1971 2844 2065 2883 iure

1184 2914 1404 2955 usurpare
1425 2906 1621 2956 poterat,
1656 2917 1758 2946 cum
1782 2907 1883 2946 novi
1904 2906 1948 2945 hi
1968 2918 2067 2946 ver-

1184 2976 1259 3005 sus
1277 2965 1501 3017 prioribus
1517 2967 1856 3008 substituantur.
1884 2970 1966 3019 (Sic
1981 2971 2067 3008 ter-

1184 3028 1240 3067 tia
1273 3029 1399 3078 quasi
1430 3029 1542 3069 haec
1574 3033 1642 3071 est
1665 3031 1807 3082 imago
1829 3042 1931 3071 cum
1953 3032 2068 3082 prio—

1183 3090 1307 3131 ribus
1325 3090 1502 3132 duabus
1524 3093 1702 3143 iuncta.)
1722 3094 1931 3133 Ceterum
1949 3095 2067 3132 utra-

1184 3164 1271 3204 que
1316 3152 1382 3193 illa
1424 3155 1685 3206 metaphora
1731 3155 1941 3206 frequens
1981 3158 2062 3195 est.
2102 3192 2105 3195 .

1182 3217 1374 3256 Versum
1387 3227 1679 3257 numerosum
1692 3218 1922 3268 Antipater
1932 3217 2066 3257 Thes—

1183 3277 1260 3319 sal.
1284 3278 1459 3318 Anthol.
1485 3278 1617 3318 Palat.
1645 3281 1674 3317 Ι.
1700 3290 1741 3330 p.
1767 3278 1860 3318 4⁶27.
1895 3279 2065 3326 στίχον

1182 3339 1415 3398 Πιερίδων
1445 3337 1710 3388 χαλκευτὸν
1751 3340 1821 3381 ἐπ’
1853 3335 2065 3393 ἄκμοσιν

235 3402 316 3442 hos
347 3400 417 3441 vel
446 3401 542 3442 illos
571 3401 840 3449 versiculos;
887 3403 975 3442 iam
998 3403 1114 3443 enim
1185 3404 1305 3451 dixit,
1323 3403 1583 3443 recordatus
1597 3403 1782 3443 fortasse
1794 3403 1916 3443 Pind.
1934 3404 2061 3454 Pyth.

235 3463 306 3503 bis
350 3466 506 3515 terque
550 3466 593 3503 te
630 3463 673 3504 id
705 3465 938 3516 expertum
971 3474 1116 3505 esse.»
1187 3466 1230 3514 4,
1257 3465 1330 3505 86:
1384 3459 1593 3517 ἀψευδεῖ
1633 3463 1684 3505 δὲ
1728 3462 1846 3523 πρὸς
1884 3459 2067 3519 ἄκμονι
