2231 3787
860 256 955 294 LlB.
991 255 1038 293 11.
1101 255 1212 293 ΞΑΤ.
1249 255 1353 293 Vlll.

1911 250 2012 302 3537

264 386 492 439 Affertur
532 385 751 457 squillas
793 386 927 438 inter
967 401 1222 437 muraena
1261 392 1502 436 natantes

265 489 319 539 ln
349 488 527 558 patina
555 495 816 558 porrecta.
895 485 1005 539 Sul)
1032 485 1132 539 1100
1160 485 1340 538 herus:
1389 486 1535 537 Haec
1562 482 1794 554 gravida,
1828 483 2008 554 inquit.

268 590 431 660 Capta
473 599 580 644 051,
624 589 861 642 deterior
900 595 1021 658 post
1058 595 1270 658 partum
1309 603 1470 640 carne
1512 585 1699 637 sutura.

266 692 359 743 His
399 691 619 742 mixtum
661 691 741 742 ius
783 698 888 743 cst:
931 689 1076 750 ole0,
1120 688 1264 759 quod
1306 688 1477 759 prima
1520 686 1729 740 Venafri
1948 686 2013 737 45

267 792 467 845 Pressit
506 790 666 855 cella,
709 808 836 861 garo
877 791 944 844 de
987 790 1130 844 sucis
1170 790 1334 861 piscis
1375 788 1583 852 Hiberi,

269 893 399 947 Vino
442 893 802 964 quinquenni,
845 909 1032 945 verum
1072 892 1202 946 citra
1239 908 1387 945 mare
1427 899 1572 953 11310,

269 996 408 1047 Dum
449 995 699 1066 coquitur
737 1026 805 1032 —
846 1004 998 1048 cocto
1039 992 1227 1047 Chium
1269 993 1347 1046 sic
1387 992 1662 1054 convenit,
1710 1000 1766 1044 01
1807 1008 1907 1044 11011

308 1161 373 1201 44.
405 1161 570 1212 sectura]
600 1161 735 1200 soluta
765 1170 879 1200 unus
910 1159 1138 1199 Torrentii.

195 1310 293 1350 hius
329 1310 498 1349 Saturn.
532 1309 576 1357 ⁶2,
612 1309 681 1347 ll:
725 1309 768 1347 L.
805 1307 982 1348 Crassus
1008 1309 1075 1347 vir

193 1438 256 1473 tus
286 1434 530 1482 haberetur,
573 1437 753 1483 essetque
782 1434 891 1474 inter
920 1433 1072 1472 claris-

192 1497 314 1535 simos
342 1496 449 1534 cives
471 1495 693 1545 princeps,
734 1499 871 1535 tamen
899 1506 1072 1534 murae—

192 1569 292 1598 ·nam
323 1559 363 1597 in
386 1558 552 1608 piscina
578 1559 722 1598 domus
741 1568 840 1597 suae
860 1561 1073 1597 mortuam

194 1624 358 1660 atratus
402 1624 619 1670 tamquam
659 1620 794 1672 filiam
833 1619 956 1659 tuxtt.
999 1642 1021 1648 -
1050 1642 1072 1648 -

192 1683 514 1723 Arcessebantur
563 1687 703 1723 autem
743 1693 976 1722 muraenae
1018 1683 1073 1721 ad

187 1746 374 1796 piscinas
401 1750 568 1786 nostrae
595 1746 710 1784 urbis
739 1745 791 1784 ab
819 1756 948 1795 usque
966 1745 1073 1796 freto

193 1810 345 1849 Siculo.
379 1832 402 1838 -
423 1831 445 1837 -
473 1809 561 1848 Illic
590 1809 699 1848 enim
727 1809 909 1858 optimae
930 1819 955 1846 a
972 1818 1074 1857 pro-

193 1872 299 1923 di9is
327 1883 409 1912 esse
436 1872 678 1910 creduntur.
706 1893 750 1898 -
767 1870 981 1921 porrecta]
1005 1869 1068 1910 Cf.

193 1934 280 1973 Sat.
305 1934 350 1982 2,
383 1934 433 1982 2,
466 1932 533 1972 39.
571 1956 616 1960 —
649 1932 784 1984 herus]
818 1933 912 1972 Iam
947 1932 1069 1983 ipse,

194 1997 242 2034 ut
277 1995 332 2035 de
371 1993 559 2035 Calvisio
599 1994 761 2034 Sabino
803 1996 863 2034 ait
901 1994 1071 2033 Seneca

193 2056 330 2108 Epist.
353 2057 434 2096 ⁶27:
481 2055 626 2105 incipit
659 2056 854 2096 convivas
882 2066 977 2095 suos
1005 2055 1073 2094 in—

193 2119 399 2168 quietare,
445 2116 600 2158 laudes
628 2116 835 2158 videlicet
872 2119 1068 2169 captans.

198 2203 242 2208 ——
276 2181 455 2220 deterior
493 2179 595 2230 001.]
635 2181 787 2221 Utrum
825 2180 937 2220 haec
976 2178 1072 2219 vol-

194 2242 310 2293 garis
348 2242 402 2282 sit
442 2241 661 2290 doctrina,
709 2253 765 2281 an
802 2253 935 2292 nova,
983 2252 1070 2280 non

194 2305 299 2345 satis
328 2303 485 2355 liquet3
528 2303 793 2343 inventionis
824 2305 945 2343 certe
977 2302 1072 2353 glo-

195 2365 303 2406 riola
334 2366 529 2405 cernitur
558 2367 602 2404 in
632 2364 712 2405 illis
739 2377 778 2404 v.
803 2367 869 2405 51.
894 2365 1074 2417 0901111·-

192 2440 299 2468 mus.
339 2451 382 2456 ——
417 2431 513 2478 post
548 2427 738 2478 partum]
785 2428 932 2467 nach
974 2429 1073 2468 der

194 2490 510 2531 Laichzeit.
562 2512 603 2519 -
650 2491 794 2540 carne]
833 2490 978 2541 «quod
1015 2490 1071 2530 ad

126 2594 130 2596 .
195 2564 377 2594 carnem
408 2553 606 2592 attinet.»
633 2575 676 2580 ——
709 2554 781 2592 His
808 2554 988 2593 mtoetum
1010 2555 1073 2593 ius

194 2616 264 2668 est]
312 2616 412 2655 «His
456 2615 613 2665 rebus,
662 2626 774 2666 quae
813 2628 883 2656 vv.
920 2615 1067 2657 45-53.

196 2679 538 2726 enumerantur,
587 2677 814 2717 conditum
854 2680 921 2719 est
958 2679 1069 2719 ius.»

196 2740 260 2781 Cf.
283 2741 370 2780 Sat.
395 2740 441 2789 2,
474 2739 520 2789 4,
555 2739 606 2779 63
638 2750 737 2790 sqq.
772 2738 881 2781 Male
911 2741 1072 2780 Dae-ie-

195 2803 286 2843 rius
316 2801 523 2854 explicat:
559 2802 652 2842 «his
683 2801 849 2854 squillis
879 2802 1071 2843 affusum

197 2866 265 2904 est
293 2865 360 2904 ius
379 2876 416 2912 ;»
463 2864 583 2915 quod
611 2865 791 2905 mixtum
820 2865 1070 2917 significare

198 2935 285 2964 non
326 2928 487 2976 potest.
531 2948 577 2955 —
621 2927 733 2977 oleo,
780 2929 890 2978 quod
925 2929 1072 2978 prima

201 2987 369 3037 Venafri
406 2987 508 3039 cet.]
556 2999 645 3028 «eo
683 2988 780 3030 oleo
823 2990 1071 3031 Venafrano

198 3060 252 3089 ex
287 3049 548 3100 Campania,
582 3051 702 3101 quod
731 3053 774 3091 in
810 3051 954 3102 cellis,
995 3052 1070 3092 ubi

197 3110 432 3151 torcularia
463 3113 608 3161 erant,
654 3124 708 3152 ex
746 3113 869 3156 olivis
898 3116 1071 3167 trapeto

197 3172 437 3225 (Oetpresse)
467 3175 705 3225 suppositis
742 3177 935 3227 primum
974 3189 1072 3217 ma-

197 3236 315 3276 navit
351 3238 394 3275 et
431 3238 669 3287 propterea
708 3238 876 3287 primae
912 3241 1067 3289 notae,

198 3298 397 3338 omnium
435 3296 741 3338 dulcissimum
786 3310 838 3338 ac
883 3301 1072 3351 purissi-

199 3370 323 3400 mum
360 3361 440 3400 est.
503 3357 743 3399 Columella
774 3361 848 3408 12,
881 3362 957 3410 52,
992 3363 1067 3401 ⁴⁴:

198 3421 289 3461 Sint
324 3423 369 3462 in
405 3422 509 3462 cella
547 3422 706 3461 olearia
743 3427 824 3462 tres
857 3423 1072 3464 labrorum

192 1372 422 1420 censorius,
471 1382 564 1410 cum
597 1381 728 1420 supra
757 1374 911 1410 ceteros
940 1370 1073 1410 diser-

1137 1312 1209 1356 est,
1227 1307 1394 1356 primae
1408 1316 1649 1356 pressurae,
1667 1305 1801 1345 oleum
1822 1306 2012 1355 recipiat,

1139 1371 1245 1410 alter
1269 1370 1493 1417 secundae,
1527 1369 1671 1408 tertius
1692 1369 1853 1408 tertiae.
1889 1367 2011 1408 Conf.

1138 1432 1216 1471 Od.
1250 1433 1295 1479 Ξ,
1343 1432 1389 1479 6,
1434 1431 1499 1470 16.
1541 1453 1586 1458 —-
1628 1429 1756 1482 9aro]
1796 1430 2014 1470 Caviar.

1137 1492 1243 1533 Plin.
1268 1493 1318 1533 H.
1351 1494 1398 1531 N.
1432 1492 1498 1541 3⁴,
1536 1493 1575 1541 7,
1609 1492 1682 1532 43:
1724 1492 1847 1531 Aliud
1876 1492 2020 1531 etiam-

1137 1567 1237 1595 num
1268 1555 1442 1605 liquoris
1478 1554 1675 1604 exquisiti
1708 1565 1861 1605 9011113,
1909 1554 2019 1603 quod

1138 1629 1275 1669 garon
1322 1628 1550 1666 vocavere,
1595 1617 1797 1656 intestinis
1837 1616 2019 1666 piscium

1137 1682 1385 1731 ceterisque,
1433 1691 1540 1730 quae
1583 1680 1817 1719 abiicienda
1859 1683 2014 1728 essent,

1136 1745 1222 1784 sate
1248 1744 1498 1792 maceratis,
1529 1747 1576 1782 ut
1604 1743 1655 1782 sit
1684 1742 1759 1781 illa
1783 1746 2020 1792 putrescen-

1136 1807 1240 1846 tium
1260 1807 1407 1846 sanies.
1431 1806 1517 1845 Hoc
1536 1804 1634 1844 olim
1653 1804 1947 1856 conficiebatur
1966 1815 2019 1842 ew

1130 1869 1268 1919 pisce,
1301 1878 1422 1917 quem
1452 1867 1603 1907 Graeci
1633 1876 1769 1917 garon
1789 1865 2018 1914 vocabant,·

1137 1953 1160 1959 -
1179 1953 1202 1959 —
1222 1941 1332 1969 nunc
1362 1940 1382 1969 0
1400 1928 1585 1969 scombro
1608 1928 1722 1978 pisce
1754 1927 2018 1979 (Makrele)

1137 1993 1474 2033 laudatissimum
1501 1991 1545 2030 in
1573 1990 1848 2041 Karthaginis
1877 1991 2018 2041 Spar-

1137 2058 1275 2097 tariae
1293 2056 1487 2097 cetariis:
1523 2055 1732 2094 sociorum
1761 2055 1804 2094 id
1833 2055 2018 2105 appella-

1136 2125 1228 2169 tur,
1274 2118 1448 2170 singulis
1475 2117 1639 2156 milibus
1665 2128 1883 2156 nummum
1911 2129 2016 2167 per-

1136 2181 1392 2222 mutantibus
1419 2181 1587 2231 00119103
1623 2180 1709 2231 fere
1743 2180 1870 2219 binos.
1931 2182 2017 2220 Lo-

1138 2256 1216 2285 cus
1263 2243 1444 2294 insignis
1498 2242 1553 2282 de
1601 2243 1776 2283 cetariis
1827 2244 1871 2282 et
1925 2243 2018 2292 gari

1136 2306 1476 2358 praeparatione
1519 2305 1587 2344 est
1629 2304 1749 2355 apud
1792 2303 2015 2345 Manilium

1136 2370 1186 2418 5,
1221 2367 1300 2407 664
1323 2377 1450 2417 seqq.
1484 2366 1703 2416 Oenoyaro
1734 2367 1914 2417 praeter
1933 2365 2015 2406 alia

1137 2428 1431 2470 immiscenda
1463 2427 1594 2468 docet
1633 2428 1762 2479 piper
1793 2430 1835 2467 et
1866 2427 2015 2468 oleum

1136 2493 1314 2544 Apicius
1346 2492 1388 2540 1,
1422 2490 1489 2530 31.
1551 2488 1724 2530 Caelius
1754 2489 2014 2532 Aurelianus

1138 2556 1186 2603 2,
1221 2556 1258 2594 4.
1292 2553 1493 2593 meminit
1527 2553 1925 2592 medicamentorum
1962 2565 2017 2593 ex

1136 2628 1261 2668 ,qaro
1298 2616 1602 2668 confectorum,
1649 2616 1758 2665 quod
1791 2616 1911 2667 00190
1955 2616 2016 2656 ti-

1139 2689 1352 2729 quamen
1383 2678 1609 2728 appellant.
1671 2679 1813 2730 Saepe
1835 2678 1878 2718 h.
1902 2689 1943 2717 v.
1967 2678 2016 2717 ti-

1138 2753 1316 2792 quamen
1344 2741 1480 2781 utitur
1508 2741 1707 2792 Apicius,
1740 2741 1789 2779 ut
1811 2741 1825 2779 1
1850 2772 1857 2789 ,
1880 2741 1904 2779 7
1927 2742 2011 2780 001.

1138 2806 1301 2844 Garum
1339 2813 1495 2844 rursus
1534 2803 1701 2843 invenit
1739 2803 1893 2842 Franc.
1927 2804 2013 2843 Ra-

1137 2866 1375 2907 belaesius.
1449 2864 1559 2905 Vide
1605 2865 1700 2905 eius
1740 2865 2013 2916 epigramma

1137 2930 1180 2969 in
1220 2929 1300 2969 Ed.
1338 2930 1474 2970 Paris.
1509 2927 1628 2968 4840.
1667 2938 1710 2979 p.
1747 2927 1845 2966 XV:
1899 2927 2017 2976 Quod

1135 2992 1283 3032 medici
1304 2992 1515 3041 quondam
1543 2990 1650 3030 tanti
1677 2989 1810 3040 fecere
1831 2989 2009 3039 priores,

1136 3056 1328 3106 [9110111111
1356 3054 1507 3094 nostris
1536 3064 1586 3093 en
1614 3052 1687 3091 tibi
1714 3052 1831 3091 mitto
1859 3062 2015 3102 ¹aarum

1138 3119 1223 3157 cet.
1263 3138 1310 3145 -
1346 3117 1475 3166 piscis
1516 3115 1670 3164 Hiberi]
1717 3112 1915 3153 scombri
1957 3113 2013 3153 ad

1138 3179 1473 3230 Karthaginem,
1535 3176 1769 3228 Hispaniae
1828 3174 2011 3221 urbem,

1137 3241 1268 3292 capti.
1297 3264 1341 3268 —
1364 3241 1473 3280 citra
1500 3249 1619 3279 mare
1646 3237 1760 3289 nato]
1794 3235 2010 3276 «Italico.»

1141 3326 1184 3333 -—
1218 3307 1331 3343 00010
1368 3302 1513 3343 Chium
1543 3301 1645 3352 001.]
1686 3301 1871 3339 Coctum
1909 3307 2013 3337 cum

1137 3366 1206 3403 051
1226 3365 1308 3413 105,
1332 3364 1496 3404 affundi
1518 3363 1653 3403 debet
1669 3362 1816 3400 vinum
1836 3358 2008 3407 Chium,

1137 3426 1280 3478 quod,
1315 3426 1500 3466 mixtum
1532 3435 1634 3464 cum
1664 3423 1810 3473 priore
1832 3419 1902 3459 illo
1923 3421 2013 3459 113-

199 3484 387 3535 ordines,
421 3488 467 3526 ut
505 3495 612 3524 unus
643 3485 810 3535 primae
840 3489 989 3535 notae,
1031 3487 1072 3526 id
1103 3514 1105 3516 -
1136 3487 1242 3537 lico,
1275 3486 1468 3537 insolito,
1503 3486 1583 3527 sed
1614 3485 1735 3535 grato
1758 3492 1918 3535 sapore
1941 3493 2015 3522 ex-
