2231 3787
832 616 896 699 Q.
945 613 1255 689 HORATII
1302 610 1561 686 FLACCI

493 799 1904 949 EPISTOLARUM

908 1059 1103 1111 LIBER
1141 1056 1501 1111 SECUNDUS.

931 1287 1373 1336 1:1’1STOLA
1412 1287 1471 1335 1.

369 1407 502 1459 Cum
540 1411 617 1455 tot
655 1399 921 1454 sustineas
960 1406 1012 1451 et
1048 1405 1191 1449 tanta
1229 1397 1443 1467 negotia
1482 1395 1648 1457 solus,

369 1508 471 1559 Res
511 1502 667 1555 Italas
709 1500 871 1553 armis
913 1498 1126 1559 tuteriS‚
1168 1496 1409 1550 moribus
1452 1514 1637 1550 ornes.

407 1653 488 1692 ΕΡ.
522 1653 552 1691 Ι.
598 1652 646 1690 In
690 1650 773 1689 hac
817 1646 1009 1700 Epistola
1052 1646 1224 1698 inspexi
1266 1647 1528 1686 varietatem
1558 1645 1658 1686 lect.
1693 1647 1888 1697 quinque
1921 1647 2061 1688 Codd.

355 1714 586 1760 Schmidii3
626 1712 706 1752 sed
737 1722 841 1750 cum
869 1708 1122 1760 volgaribus
1153 1709 1239 1748 sint
1268 1708 1612 1757 adnumerandi,
1658 1708 1762 1748 nihil
1792 1709 1918 1758 boni,
1960 1709 2066 1749 nihil

354 1777 446 1817 fere
478 1787 532 1816 ne
564 1776 665 1815 novi
697 1774 879 1824 quidem
909 1772 963 1811 ab
996 1772 1046 1812 iis
1077 1770 1246 1819 offerri,
1281 1771 1428 1811 statim
1456 1770 1558 1809 vidi.
1597 1793 1640 1798 -
1674 1771 1902 1822 Inscriptio
1934 1770 2068 1811 Codi—

356 1839 418 1877 cis
448 1838 506 1876 E:
550 1838 611 1876 Ad
650 1837 841 1876 Cesaram
878 1835 1121 1885 Augustum.
1160 1856 1203 1862 ——
1249 1834 1287 1872 4.
1322 1837 1516 1872 sustentes
1546 1834 1907 1884 Cuninghamius.
1943 1857 1988 1862 —
2024 1835 2064 1874 2.

356 1900 515 1939 tuearis
544 1899 682 1939 Codd.
717 1897 816 1948 aliq.
850 1896 1049 1936 Lambini
1079 1896 1123 1934 et
1153 1896 1263 1934 Feae
1287 1906 1338 1934 ac
1359 1895 1446 1934 duo
1467 1895 1691 1935 Schmidii.
1727 1896 1792 1945 (Ut
1811 1907 1907 1943 nos,
1931 1897 2067 1936 nostri

360 1963 404 2001 et
432 1960 656 2010 Pottierii.)
693 1982 733 1988 —
770 1957 980 1998 moenibus
1010 1955 1195 1996 Bentleii
1225 1957 1434 2008 suspicio,

358 2095 388 2132 I.
422 2094 485 2132 De
515 2092 777 2142 argumento
798 2089 899 2128 vide
934 2090 1117 2128 Excurs.
1149 2089 1181 2127 I.
1249 2089 1364 2127 iussa
1376 2088 1583 2137 principis
1602 2088 1858 2137 adspectare.
1900 2088 1994 2136 Quo
2016 2089 2126 2128 tem-

365 2157 402 2194 4.
427 2156 467 2194 2.
514 2154 728 2202 sustineas]
773 2151 1079 2191 «administres
1109 2151 1182 2199 ita,

306 2220 355 2257 ut
379 2219 500 2256 tanto
522 2217 645 2256 oneri
668 2226 747 2266 par
768 2214 827 2254 sis
848 2212 1059 2253 viribus.»
1092 2212 1188 2252 Sus-

305 2280 436 2319 tineie
464 2279 615 2317 autem
644 2276 834 2328 negotia,
867 2277 916 2314 ut
944 2285 1058 2314 onus.
1095 2275 1183 2314 Cic.

306 2340 364 2380 ad
384 2341 502 2380 Fam.
527 2341 573 2387 5,
608 2339 654 2387 9,
680 2340 695 2377 4
718 2350 725 2376 :
759 2338 854 2386 hoe,
902 2337 1104 2386 quidquid
1132 2340 1190 2375 est

309 2403 445 2442 oneris
473 2405 510 2441 et
537 2400 742 2448 muneris,
771 2411 850 2449 pro
876 2410 970 2439 mea
990 2399 1189 2450 diynitate

309 2465 381 2505 tibi
421 2464 617 2503 tuendum
661 2472 710 2500 ae
749 2461 1031 2501 sustinendum
1064 2465 1186 2510 puta.

310 2526 420 2566 Ibid.
461 2525 535 2573 40,
573 2524 649 2571 42,
687 2522 733 2562 3:
774 2528 951 2573 praetor
983 2523 1188 2571 urbanus,

311 2589 422 2637 quod
450 2586 632 2626 eonsules
652 2585 841 2634 aberant,
865 2585 1084 2624 consulare
1100 2595 1192 2623 mu-

312 2661 390 2689 nus
423 2648 644 2687 sustinebat
682 2658 798 2686 more
834 2647 1058 2686 matorum.
1105 2644 1187 2684 Sal.

315 2710 438 2752 Catil.
473 2721 510 2750 c.
545 2710 620 2749 53:
665 2709 771 2759 forte
808 2708 938 2747 lubuit
967 2708 1190 2756 attendere,

315 2784 421 2823 quae
460 2783 525 2811 res
561 2771 749 2809 mascime
777 2774 897 2809 tanta
925 2770 1093 2820 negotia
1120 2779 1193 2807 su—

315 2835 532 2874 stinuisset.
568 2832 873 2882 Cuninghamii
894 2830 1024 2871 lectio
1040 2834 1194 2870 susten-

316 2901 373 2936 tes
402 2897 504 2935 huic
531 2894 628 2933 loco
658 2904 815 2945 parum
836 2894 1034 2945 apposite
1057 2893 1192 2943 signi-

318 2958 493 2997 ficaret:
541 2957 644 2994 «xix
677 2966 898 3005 aegreque
929 2956 1190 2995 sustineas.»

319 3020 406 3059 Csr.
427 3016 691 3058 Doederlein
711 3018 811 3065 Syn.
832 3018 899 3056 VI.
925 3028 966 3068 p.
986 3017 1078 3056 360.
1112 3017 1194 3055 Ae-

319 3092 405 3133 que
427 3078 542 3119 male
563 3083 757 3118 sustentes
782 3079 899 3117 idem
922 3077 989 3117 ille
1009 3078 1193 3118 Criticus

320 3142 610 3183 substituerat
628 3139 767 3178 verbo
798 3140 1000 3178 sustineas
1019 3140 1129 3191 Epp.
1153 3140 1190 3186 4,

323 3205 387 3251 48,
412 3203 496 3250 54,
531 3202 614 3242 etsi
641 3200 701 3240 ibi
730 3205 924 3240 sustentes
950 3201 993 3239 in
1022 3201 1196 3250 Episto-

321 3265 464 3305 larum
485 3264 563 3305 Ed.
590 3262 855 3303 cadomensi
878 3260 996 3302 4480.
1022 3263 1194 3302 exstare

324 3328 471 3366 narrat
500 3324 774 3365 Sanadonus.
813 3344 860 3351 —
899 3322 1022 3374 solus]
1060 3323 1192 3362 Tacit.

326 3392 436 3427 Ann.
461 3389 499 3435 4,
528 3387 573 3427 3·.
606 3387 750 3426 eadem
777 3385 1101 3436 mayistratuum
1128 3396 1198 3423 vo—

325 3449 497 3487 eabula:
528 3471 550 3477 —
571 3471 593 3478 -
627 3458 764 3488 omnes
791 3450 919 3487 eoeuta
948 3446 1199 3494 aequalitate

1250 2160 1358 2201 pore
1404 2151 1554 2189 autem
1597 2150 1710 2189 haee
1739 2148 1930 2201 Epistola
1963 2150 2125 2201 scripta

1253 2213 1340 2260 est,
1374 2212 1554 2251 iamiam
1574 2222 1730 2252 omnes
1752 2212 2000 2263 dignitates,
2027 2211 2127 2263 qui-

1250 2273 1335 2314 bus
1365 2274 1429 2313 uti
1457 2273 1655 2323 volebat,
1699 2275 1921 2325 Augustus
1951 2283 2128 2314 assum-

1251 2337 1416 2387 pserat.
1457 2359 1501 2364 —
1534 2337 1608 2375 Res
1635 2336 1765 2375 Italas
1793 2336 1897 2387 cet]
1947 2337 2127 2387 «Impe—

1252 2399 1368 2436 rium
1397 2398 1646 2437 Romanum
1676 2400 1766 2437 tam
1792 2399 1954 2448 potens
1983 2396 2130 2436 reddi-

1254 2459 1374 2507 disti,
1421 2460 1466 2497 ut
1496 2457 1639 2499 nullus
1674 2459 1763 2497 iam
1791 2458 1930 2498 hostis
1962 2458 2002 2497 ei
2030 2467 2129 2497 me-

1254 2519 1446 2561 tuendus
1478 2521 1574 2559 sit.»
1608 2520 1671 2560 Cf.
1697 2519 1774 2559 Od.
1800 2519 1840 2568 4,
1865 2520 1930 2568 45,
1956 2519 2006 2559 43
2027 2529 2124 2570 sqq.

1258 2606 1302 2610 —
1342 2583 1499 2634 tuteris]
1545 2582 1623 2621 Od.
1654 2582 1702 2631 4,
1737 2582 1810 2630 ⁴4,
1837 2581 1909 2623 43:
1950 2593 1973 2621 o
2003 2582 2131 2621 tutela

1251 2655 1448 2695 praesens
1475 2645 1624 2683 Italiae
1656 2645 1926 2693 dominaeque
1957 2646 2126 2683 Romae.

1260 2730 1303 2734 ——
1336 2706 1519 2745 moribus
1547 2705 1677 2756 ornes]
1712 2716 1919 2756 «operam
1943 2716 2125 2753 navans,

1256 2768 1304 2806 ut
1325 2777 1473 2806 mores
1502 2777 1583 2817 per
1610 2765 1725 2805 bella
1750 2767 1968 2817 imprimis
1990 2765 2127 2805 civilia

1256 2828 1385 2868 foede
1408 2828 1602 2879 corrupti
1627 2827 1681 2867 ad
1706 2829 1901 2879 priorem
1918 2828 2131 2869 decorem

1256 2890 1640 2940 integritatemque
1672 2893 1956 2940 revocentur,
1997 2891 2129 2942 idque

1256 2952 1418 3002 partim
1438 2952 1615 3002 proprio
1633 2951 1856 3003 exemplo,
1878 2954 2038 3003 partim
2058 2963 2132 2993 se-

1259 3024 1361 3052 vere
1393 3014 1553 3064 punitis
1584 3012 1794 3053 adulteris
1823 3016 1955 3065 atque
1985 3015 2133 3065 impu-

1260 3074 1392 3123 dicis,
1428 3076 1588 3126 partim
1608 3074 1704 3126 lege
1727 3075 1781 3115 de
1802 3075 2026 3116 adulteriis
2046 3075 2132 3116 lata

1260 3139 1303 3176 et
1346 3135 1481 3176 altera
1526 3136 1580 3176 de
1618 3137 1874 3177 maritandis
1904 3137 2132 3177 ordinibus

1260 3199 1415 3240 saltem
1445 3202 1752 3251 praeparata.»
1783 3200 1865 3240 vCf.
1896 3199 1974 3239 Od.
2003 3199 2052 3248 4,
2082 3201 2129 3248 5,

1259 3263 1303 3301 2¹
1332 3273 1430 3312 sqq.
1464 3261 1503 3309 4,
1530 3263 1594 3310 45,
1621 3263 1759 3312 9sqq.
1793 3260 1914 3300 oud.
1939 3261 2064 3300 Trist.
2089 3261 2130 3309 2,

1261 3322 1338 3362 ‘2233
1362 3334 1426 3373 sq.
1461 3323 1561 3363 Met.
1591 3323 1666 3371 45,
1698 3322 1791 3363 832.
1825 3322 1881 3361 de
1911 3323 2128 3372 Augusto:

1259 3386 1365 3424 Pace
1404 3385 1506 3424 data
1546 3385 1668 3423 terris
1697 3384 1882 3422 animum
1911 3384 1966 3422 ad
1994 3384 2132 3423 civilia

1259 3450 1387 3486 vertet
1439 3447 1541 3484 Iura
1582 3457 1700 3485 suum
1752 3446 1990 3495 leqesque
2032 3445 2133 3495 feret
