<?xml version="1.0" encoding="UTF-8"?>
<!DOCTYPE html PUBLIC "-//W3C//DTD XHTML 1.0 Transitional//EN"
    "http://www.w3.org/TR/xhtml1/DTD/xhtml1-transitional.dtd">
<html xmlns="http://www.w3.org/1999/xhtml" xml:lang="en" lang="en">
 <head>
  <title>
</title>
<meta http-equiv="Content-Type" content="text/html;charset=utf-8" />
  <meta name='ocr-system' content='tesseract 3.04.00' />
  <meta name='ocr-capabilities' content='ocr_page ocr_carea ocr_par ocr_line ocrx_word'/>
</head>
<body>
  <div class='ocr_page' id='page_1' title='image "./qhoratiusflaccus02horauoft_0185.png"; bbox 0 0 2231 3787; ppageno 0'>
   <div class='ocr_carea' id='block_1_1' title="bbox 844 227 1255 267">
    <p class='ocr_par' dir='ltr' id='par_1_1' title="bbox 844 227 1255 267">
     <span class='ocr_line' id='line_1_1' title="bbox 844 227 1255 267; baseline -0.002 -1"><span class='ocrx_word' id='word_1_1' title='bbox 844 229 938 267; x_wconf 75' lang='grc' dir='ltr'>ΜΒ.</span> <span class='ocrx_word' id='word_1_2' title='bbox 975 228 1002 265; x_wconf 94' lang='lat' dir='ltr'>l.</span> <span class='ocrx_word' id='word_1_3' title='bbox 1065 228 1174 266; x_wconf 66' lang='lat' dir='ltr'>SAT.</span> <span class='ocrx_word' id='word_1_4' title='bbox 1209 227 1255 265; x_wconf 83' lang='lat' dir='ltr'>X.</span> 
     </span>
    </p>
   </div>
   <div class='ocr_carea' id='block_1_2' title="bbox 1866 223 1957 273">
    <p class='ocr_par' dir='ltr' id='par_1_2' title="bbox 1866 223 1957 273">
     <span class='ocr_line' id='line_1_2' title="bbox 1866 223 1957 273; baseline -0.077 0"><span class='ocrx_word' id='word_1_5' title='bbox 1866 223 1875 273; x_wconf 89' lang='grc' dir='ltr'>Ι</span> <span class='ocrx_word' id='word_1_6' title='bbox 1891 224 1957 272; x_wconf 71' lang='grc' dir='ltr'>(ῑο</span> 
     </span>
    </p>
   </div>
   <div class='ocr_carea' id='block_1_3' title="bbox 216 355 1495 428">
    <p class='ocr_par' dir='ltr' id='par_1_3' title="bbox 216 355 1495 428">
     <span class='ocr_line' id='line_1_3' title="bbox 216 355 1495 428; baseline -0.003 -17"><span class='ocrx_word' id='word_1_7' title='bbox 216 358 485 412; x_wconf 78' lang='lat' dir='ltr'>Interdum</span> <span class='ocrx_word' id='word_1_8' title='bbox 524 357 741 416; x_wconf 86' lang='lat' dir='ltr'>urbani,</span> <span class='ocrx_word' id='word_1_9' title='bbox 785 357 1052 428; x_wconf 83' lang='lat' dir='ltr'>parcentis</span> <span class='ocrx_word' id='word_1_10' title='bbox 1092 355 1295 408; x_wconf 87' lang='lat' dir='ltr'>viribus</span> <span class='ocrx_word' id='word_1_11' title='bbox 1336 363 1495 426; x_wconf 80' lang='lat' dir='ltr'>atquc</span> 
     </span>
    </p>
   </div>
   <div class='ocr_carea' id='block_1_4' title="bbox 214 457 993 513">
    <p class='ocr_par' dir='ltr' id='par_1_4' title="bbox 214 457 993 513">
     <span class='ocr_line' id='line_1_4' title="bbox 214 457 993 513; baseline -0.004 -1"><span class='ocrx_word' id='word_1_12' title='bbox 214 460 560 513; x_wconf 81' lang='lat' dir='ltr'>Extenuantis</span> <span class='ocrx_word' id='word_1_13' title='bbox 600 477 692 512; x_wconf 90' lang='lat' dir='ltr'>eas</span> <span class='ocrx_word' id='word_1_14' title='bbox 733 457 993 512; x_wconf 90' lang='lat' dir='ltr'>consulto.</span> 
     </span>
    </p>
   </div>
   <div class='ocr_carea' id='block_1_5' title="bbox 216 558 1694 630">
    <p class='ocr_par' dir='ltr' id='par_1_5' title="bbox 216 558 1694 630">
     <span class='ocr_line' id='line_1_5' title="bbox 216 558 1694 630; baseline -0.005 -16"><span class='ocrx_word' id='word_1_15' title='bbox 216 561 425 614; x_wconf 85' lang='lat' dir='ltr'>Fortius</span> <span class='ocrx_word' id='word_1_16' title='bbox 465 570 517 615; x_wconf 89' lang='lat' dir='ltr'>ct</span> <span class='ocrx_word' id='word_1_17' title='bbox 555 560 745 614; x_wconf 89' lang='lat' dir='ltr'>melius</span> <span class='ocrx_word' id='word_1_18' title='bbox 785 577 1005 630; x_wconf 76' lang='lat' dir='ltr'>magnas</span> <span class='ocrx_word' id='word_1_19' title='bbox 1044 558 1366 629; x_wconf 86' lang='lat' dir='ltr'>plerumque</span> <span class='ocrx_word' id='word_1_20' title='bbox 1406 565 1553 611; x_wconf 84' lang='lat' dir='ltr'>secat</span> <span class='ocrx_word' id='word_1_21' title='bbox 1593 574 1694 610; x_wconf 71' lang='lat' dir='ltr'>res</span> 
     </span>
    </p>
   </div>
   <div class='ocr_carea' id='block_1_6' title="bbox 1071 456 1519 510">
    <p class='ocr_par' dir='ltr' id='par_1_6' title="bbox 1071 456 1519 510">
     <span class='ocr_line' id='line_1_6' title="bbox 1071 456 1519 510; baseline -0.007 0"><span class='ocrx_word' id='word_1_22' title='bbox 1071 456 1374 510; x_wconf 83' lang='lat' dir='ltr'>Ridiculum</span> <span class='ocrx_word' id='word_1_23' title='bbox 1412 456 1519 509; x_wconf 85' lang='lat' dir='ltr'>acri</span> 
     </span>
    </p>
   </div>
   <div class='ocr_carea' id='block_1_7' title="bbox 216 659 1647 733">
    <p class='ocr_par' dir='ltr' id='par_1_7' title="bbox 216 659 1647 733">
     <span class='ocr_line' id='line_1_7' title="bbox 216 659 1647 733; baseline -0.002 -18"><span class='ocrx_word' id='word_1_24' title='bbox 216 663 316 721; x_wconf 85' lang='lat' dir='ltr'>lili,</span> <span class='ocrx_word' id='word_1_25' title='bbox 360 663 557 733; x_wconf 84' lang='lat' dir='ltr'>scripta</span> <span class='ocrx_word' id='word_1_26' title='bbox 595 661 792 733; x_wconf 84' lang='lat' dir='ltr'>quibus</span> <span class='ocrx_word' id='word_1_27' title='bbox 832 660 1116 715; x_wconf 88' lang='lat' dir='ltr'>comoedia</span> <span class='ocrx_word' id='word_1_28' title='bbox 1155 660 1332 730; x_wconf 87' lang='lat' dir='ltr'>prisca</span> <span class='ocrx_word' id='word_1_29' title='bbox 1372 659 1501 711; x_wconf 67' lang='lat' dir='ltr'>viris</span> <span class='ocrx_word' id='word_1_30' title='bbox 1542 668 1647 718; x_wconf 87' lang='lat' dir='ltr'>est,</span> 
     </span>
    </p>
   </div>
   <div class='ocr_carea' id='block_1_8' title="bbox 219 759 1873 832">
    <p class='ocr_par' dir='ltr' id='par_1_8' title="bbox 219 759 1873 832">
     <span class='ocr_line' id='line_1_8' title="bbox 219 759 1873 832; baseline -0.002 -16"><span class='ocrx_word' id='word_1_31' title='bbox 219 766 329 818; x_wconf 85' lang='lat' dir='ltr'>Hoc</span> <span class='ocrx_word' id='word_1_32' title='bbox 368 764 602 825; x_wconf 82' lang='lat' dir='ltr'>stabant,</span> <span class='ocrx_word' id='word_1_33' title='bbox 644 763 745 817; x_wconf 90' lang='lat' dir='ltr'>hoc</span> <span class='ocrx_word' id='word_1_34' title='bbox 785 771 907 816; x_wconf 83' lang='lat' dir='ltr'>sunt</span> <span class='ocrx_word' id='word_1_35' title='bbox 946 760 1213 824; x_wconf 70' lang='lat' dir='ltr'>imitandi,</span> <span class='ocrx_word' id='word_1_36' title='bbox 1254 778 1393 832; x_wconf 81' lang='lat' dir='ltr'>quos</span> <span class='ocrx_word' id='word_1_37' title='bbox 1433 777 1610 831; x_wconf 82' lang='lat' dir='ltr'>neque</span> <span class='ocrx_word' id='word_1_38' title='bbox 1650 759 1873 831; x_wconf 86' lang='lat' dir='ltr'>pulcher</span> 
     </span>
    </p>
   </div>
   <div class='ocr_carea' id='block_1_9' title="bbox 219 862 1642 936">
    <p class='ocr_par' dir='ltr' id='par_1_9' title="bbox 219 862 1642 936">
     <span class='ocr_line' id='line_1_9' title="bbox 219 862 1642 936; baseline -0.002 -18"><span class='ocrx_word' id='word_1_39' title='bbox 219 866 587 936; x_wconf 70' lang='lat' dir='ltr'><strong>Hermogenes</strong></span> <span class='ocrx_word' id='word_1_40' title='bbox 626 883 865 935; x_wconf 82' lang='lat' dir='ltr'>unquam</span> <span class='ocrx_word' id='word_1_41' title='bbox 904 863 1029 934; x_wconf 74' lang='lat' dir='ltr'>legit</span> <span class='ocrx_word' id='word_1_42' title='bbox 1067 880 1245 933; x_wconf 82' lang='lat' dir='ltr'>neque</span> <span class='ocrx_word' id='word_1_43' title='bbox 1286 862 1471 915; x_wconf 89' lang='lat' dir='ltr'>simius</span> <span class='ocrx_word' id='word_1_44' title='bbox 1512 862 1642 921; x_wconf 84' lang='lat' dir='ltr'>iste,</span> 
     </span>
    </p>
   </div>
   <div class='ocr_carea' id='block_1_10' title="bbox 145 1155 1042 3510">
    <p class='ocr_par' dir='ltr' id='par_1_10' title="bbox 145 1155 1042 3510">
     <span class='ocr_line' id='line_1_10' title="bbox 149 1155 1021 1205; baseline -0.003 -9"><span class='ocrx_word' id='word_1_45' title='bbox 149 1155 205 1196; x_wconf 85' lang='lat' dir='ltr'>til.</span> <span class='ocrx_word' id='word_1_46' title='bbox 231 1157 277 1205; x_wconf 83' lang='lat'>6,</span> <span class='ocrx_word' id='word_1_47' title='bbox 311 1157 356 1205; x_wconf 90' lang='lat'>3,</span> <span class='ocrx_word' id='word_1_48' title='bbox 391 1157 436 1195; x_wconf 76' lang='lat'>9:</span> <span class='ocrx_word' id='word_1_49' title='bbox 479 1157 629 1196; x_wconf 80' lang='lat' dir='ltr'>Rerum</span> <span class='ocrx_word' id='word_1_50' title='bbox 657 1165 777 1205; x_wconf 80' lang='lat' dir='ltr'>saepe</span> <span class='ocrx_word' id='word_1_51' title='bbox 807 1155 1021 1195; x_wconf 52' lang='lat' dir='ltr'>mamimu-</span> 
     </span>
     <span class='ocr_line' id='line_1_11' title="bbox 145 1216 1021 1267; baseline -0.005 -10"><span class='ocrx_word' id='word_1_52' title='bbox 145 1231 242 1258; x_wconf 78' lang='lat' dir='ltr'>rum</span> <span class='ocrx_word' id='word_1_53' title='bbox 272 1222 478 1258; x_wconf 76' lang='lat' dir='ltr'>momenta-</span> <span class='ocrx_word' id='word_1_54' title='bbox 505 1218 628 1256; x_wconf 74' lang='lat' dir='ltr'>vertit</span> <span class='ocrx_word' id='word_1_55' title='bbox 659 1216 815 1267; x_wconf 80' lang='lat' dir='ltr'>(risus),</span> <span class='ocrx_word' id='word_1_56' title='bbox 853 1220 899 1255; x_wconf 79' lang='lat' dir='ltr'>ut</span> <span class='ocrx_word' id='word_1_57' title='bbox 928 1227 1021 1254; x_wconf 78' lang='lat' dir='ltr'>eum</span> 
     </span>
     <span class='ocr_line' id='line_1_12' title="bbox 147 1278 1022 1329; baseline -0.005 -9"><span class='ocrx_word' id='word_1_58' title='bbox 147 1282 285 1320; x_wconf 79' lang='lat' dir='ltr'>odiu-m</span> <span class='ocrx_word' id='word_1_59' title='bbox 317 1281 505 1329; x_wconf 73' lang='lat' dir='ltr'>iramque</span> <span class='ocrx_word' id='word_1_60' title='bbox 537 1279 862 1329; x_wconf 72' lang='lat' dir='ltr'><strong><em>frequentissime</em></strong></span> <span class='ocrx_word' id='word_1_61' title='bbox 898 1278 1022 1328; x_wconf 78' lang='lat' dir='ltr'>sran—</span> 
     </span>
     <span class='ocr_line' id='line_1_13' title="bbox 146 1340 1022 1395; baseline -0.003 -13"><span class='ocrx_word' id='word_1_62' title='bbox 146 1348 232 1395; x_wconf 78' lang='lat' dir='ltr'>9at.</span> <span class='ocrx_word' id='word_1_63' title='bbox 275 1365 318 1370; x_wconf 94' lang='lat'><em>-</em></span> <span class='ocrx_word' id='word_1_64' title='bbox 356 1341 614 1393; x_wconf 76' lang='lat' dir='ltr'>plerum-que]</span> <span class='ocrx_word' id='word_1_65' title='bbox 659 1341 728 1380; x_wconf 87' lang='lat' dir='ltr'>«in</span> <span class='ocrx_word' id='word_1_66' title='bbox 766 1341 858 1389; x_wconf 62' lang='lat' dir='ltr'>sely·</span> <span class='ocrx_word' id='word_1_67' title='bbox 892 1340 1022 1379; x_wconf 65' lang='lat' dir='ltr'>cielen</span> 
     </span>
     <span class='ocr_line' id='line_1_14' title="bbox 149 1402 1018 1454; baseline -0.005 -9"><span class='ocrx_word' id='word_1_68' title='bbox 149 1405 332 1445; x_wconf 77' lang='lat' dir='ltr'>Fc‘illen.»</span> <span class='ocrx_word' id='word_1_69' title='bbox 397 1404 522 1444; x_wconf 87' lang='lat' dir='ltr'>Hand</span> <span class='ocrx_word' id='word_1_70' title='bbox 565 1405 690 1443; x_wconf 88' lang='lat' dir='ltr'>Turs.</span> <span class='ocrx_word' id='word_1_71' title='bbox 731 1404 800 1442; x_wconf 89' lang='lat' dir='ltr'>IV.</span> <span class='ocrx_word' id='word_1_72' title='bbox 843 1414 885 1454; x_wconf 88' lang='lat' dir='ltr'>p.</span> <span class='ocrx_word' id='word_1_73' title='bbox 925 1402 1018 1442; x_wconf 58' lang='lat'>4711.</span> 
     </span>
     <span class='ocr_line' id='line_1_15' title="bbox 148 1465 1022 1518; baseline -0.003 -12"><span class='ocrx_word' id='word_1_74' title='bbox 148 1466 241 1507; x_wconf 60' lang='lat'>4702.</span> <span class='ocrx_word' id='word_1_75' title='bbox 266 1490 309 1494; x_wconf 86' lang='lat'>—</span> <span class='ocrx_word' id='word_1_76' title='bbox 333 1467 454 1518; x_wconf 83' lang='lat' dir='ltr'>secat]</span> <span class='ocrx_word' id='word_1_77' title='bbox 479 1466 690 1514; x_wconf 81' lang='lat' dir='ltr'>«dirimit,</span> <span class='ocrx_word' id='word_1_78' title='bbox 715 1465 923 1505; x_wconf 80' lang='lat' dir='ltr'>decidit.»</span> <span class='ocrx_word' id='word_1_79' title='bbox 954 1465 1022 1504; x_wconf 89' lang='lat' dir='ltr'>Sic</span> 
     </span>
     <span class='ocr_line' id='line_1_16' title="bbox 147 1528 1024 1581; baseline -0.002 -13"><span class='ocrx_word' id='word_1_80' title='bbox 147 1530 254 1581; x_wconf 85' lang='lat' dir='ltr'>Epp.</span> <span class='ocrx_word' id='word_1_81' title='bbox 291 1530 335 1576; x_wconf 97' lang='grc'>4,</span> <span class='ocrx_word' id='word_1_82' title='bbox 384 1529 454 1577; x_wconf 87' lang='grc'>46,</span> <span class='ocrx_word' id='word_1_83' title='bbox 503 1528 578 1568; x_wconf 69' lang='grc'>4’2;</span> <span class='ocrx_word' id='word_1_84' title='bbox 628 1530 716 1578; x_wconf 72' lang='lat' dir='ltr'>(hio</span> <span class='ocrx_word' id='word_1_85' title='bbox 747 1528 900 1567; x_wconf 81' lang='lat' dir='ltr'>multae</span> <span class='ocrx_word' id='word_1_86' title='bbox 928 1538 1024 1566; x_wconf 85' lang='lat' dir='ltr'>ma—</span> 
     </span>
     <span class='ocr_line' id='line_1_17' title="bbox 146 1591 855 1642; baseline 0 -13"><span class='ocrx_word' id='word_1_87' title='bbox 146 1603 336 1642; x_wconf 79' lang='lat' dir='ltr'>9naeque</span> <span class='ocrx_word' id='word_1_88' title='bbox 363 1595 560 1630; x_wconf 76' lang='lat' dir='ltr'>secantur</span> <span class='ocrx_word' id='word_1_89' title='bbox 590 1592 721 1630; x_wconf 79' lang='lat' dir='ltr'>iudice</span> <span class='ocrx_word' id='word_1_90' title='bbox 754 1591 855 1630; x_wconf 86' lang='lat' dir='ltr'>liles.</span> 
     </span>
     <span class='ocr_line' id='line_1_18' title="bbox 203 1652 1021 1704; baseline -0.004 -11"><span class='ocrx_word' id='word_1_91' title='bbox 203 1654 348 1694; x_wconf 84' lang='grc'>46-49.</span> <span class='ocrx_word' id='word_1_92' title='bbox 398 1654 462 1692; x_wconf 82' lang='lat' dir='ltr'>Illi</span> <span class='ocrx_word' id='word_1_93' title='bbox 503 1653 605 1704; x_wconf 70' lang='lat' dir='ltr'>cet]</span> <span class='ocrx_word' id='word_1_94' title='bbox 648 1654 734 1692; x_wconf 87' lang='lat' dir='ltr'>Sat.</span> <span class='ocrx_word' id='word_1_95' title='bbox 784 1654 828 1701; x_wconf 89' lang='grc'>4,</span> <span class='ocrx_word' id='word_1_96' title='bbox 873 1652 922 1700; x_wconf 74' lang='lat'>4,</span> <span class='ocrx_word' id='word_1_97' title='bbox 969 1652 1021 1691; x_wconf 87' lang='grc'>4;</span> 
     </span>
     <span class='ocr_line' id='line_1_19' title="bbox 148 1715 1025 1765; baseline -0.002 -10"><span class='ocrx_word' id='word_1_98' title='bbox 148 1716 318 1765; x_wconf 77' lang='lat' dir='ltr'>Eupolis</span> <span class='ocrx_word' id='word_1_99' title='bbox 354 1720 477 1765; x_wconf 75' lang='lat' dir='ltr'>atque</span> <span class='ocrx_word' id='word_1_100' title='bbox 514 1716 732 1763; x_wconf 74' lang='lat' dir='ltr'><em>Cratinus,</em></span> <span class='ocrx_word' id='word_1_101' title='bbox 779 1715 1025 1764; x_wconf 75' lang='lat' dir='ltr'>Aristopha—</span> 
     </span>
     <span class='ocr_line' id='line_1_20' title="bbox 146 1777 1025 1828; baseline -0.003 -10"><span class='ocrx_word' id='word_1_102' title='bbox 146 1789 296 1827; x_wconf 77' lang='lat' dir='ltr'>nesque</span> <span class='ocrx_word' id='word_1_103' title='bbox 328 1781 478 1828; x_wconf 75' lang='lat' dir='ltr'>poetae</span> <span class='ocrx_word' id='word_1_104' title='bbox 525 1777 657 1828; x_wconf 75' lang='lat' dir='ltr'>Atque</span> <span class='ocrx_word' id='word_1_105' title='bbox 696 1778 791 1826; x_wconf 82' lang='lat' dir='ltr'>alii,</span> <span class='ocrx_word' id='word_1_106' title='bbox 848 1788 1025 1827; x_wconf 77' lang='lat' dir='ltr'>quorum</span> 
     </span>
     <span class='ocr_line' id='line_1_21' title="bbox 148 1841 1023 1890; baseline -0.003 -9"><span class='ocrx_word' id='word_1_107' title='bbox 148 1841 361 1881; x_wconf 73' lang='lat' dir='ltr'>comoedia</span> <span class='ocrx_word' id='word_1_108' title='bbox 398 1841 543 1890; x_wconf 82' lang='lat' dir='ltr'>prisea</span> <span class='ocrx_word' id='word_1_109' title='bbox 581 1841 771 1880; x_wconf 77' lang='lat' dir='ltr'>virorum</span> <span class='ocrx_word' id='word_1_110' title='bbox 815 1844 884 1879; x_wconf 76' lang='lat' dir='ltr'>esc.</span> <span class='ocrx_word' id='word_1_111' title='bbox 962 1841 1023 1879; x_wconf 92' lang='lat' dir='ltr'>De</span> 
     </span>
     <span class='ocr_line' id='line_1_22' title="bbox 149 1902 1022 1955; baseline -0.003 -11"><span class='ocrx_word' id='word_1_112' title='bbox 149 1905 477 1945; x_wconf 86' lang='lat' dir='ltr'>constructione</span> <span class='ocrx_word' id='word_1_113' title='bbox 502 1903 614 1944; x_wconf 81' lang='lat' dir='ltr'>conf.</span> <span class='ocrx_word' id='word_1_114' title='bbox 649 1904 786 1955; x_wconf 88' lang='lat' dir='ltr'>Epod.</span> <span class='ocrx_word' id='word_1_115' title='bbox 812 1904 856 1951; x_wconf 68' lang='lat'>⁶2,</span> <span class='ocrx_word' id='word_1_116' title='bbox 891 1902 957 1942; x_wconf 86' lang='lat'>37.</span> <span class='ocrx_word' id='word_1_117' title='bbox 978 1925 1022 1929; x_wconf 89' lang='lat'>—</span> 
     </span>
     <span class='ocr_line' id='line_1_23' title="bbox 148 1965 1027 2017; baseline -0.003 -11"><span class='ocrx_word' id='word_1_118' title='bbox 148 1968 233 2006; x_wconf 86' lang='lat' dir='ltr'>Hoc</span> <span class='ocrx_word' id='word_1_119' title='bbox 260 1967 426 2006; x_wconf 75' lang='lat' dir='ltr'>stabant</span> <span class='ocrx_word' id='word_1_120' title='bbox 455 1966 558 2017; x_wconf 89' lang='lat' dir='ltr'>cet.]</span> <span class='ocrx_word' id='word_1_121' title='bbox 590 1967 691 2006; x_wconf 83' lang='lat' dir='ltr'>«His</span> <span class='ocrx_word' id='word_1_122' title='bbox 721 1966 827 2017; x_wconf 86' lang='lat' dir='ltr'>ipsis</span> <span class='ocrx_word' id='word_1_123' title='bbox 855 1965 1027 2004; x_wconf 75' lang='lat' dir='ltr'>virtuti-</span> 
     </span>
     <span class='ocr_line' id='line_1_24' title="bbox 151 2028 1023 2080; baseline -0.005 -11"><span class='ocrx_word' id='word_1_124' title='bbox 151 2030 254 2078; x_wconf 86' lang='lat' dir='ltr'>bus,</span> <span class='ocrx_word' id='word_1_125' title='bbox 288 2039 398 2079; x_wconf 89' lang='lat' dir='ltr'>quas</span> <span class='ocrx_word' id='word_1_126' title='bbox 431 2030 515 2080; x_wconf 81' lang='lat' dir='ltr'>(vv.</span> <span class='ocrx_word' id='word_1_127' title='bbox 550 2028 715 2078; x_wconf 82' lang='grc'>9-45.)</span> <span class='ocrx_word' id='word_1_128' title='bbox 748 2028 1023 2075; x_wconf 78' lang='lat' dir='ltr'>enumeravi,</span> 
     </span>
     <span class='ocr_line' id='line_1_25' title="bbox 151 2090 1028 2140; baseline -0.003 -9"><span class='ocrx_word' id='word_1_129' title='bbox 151 2093 258 2132; x_wconf 86' lang='lat' dir='ltr'>scite</span> <span class='ocrx_word' id='word_1_130' title='bbox 296 2092 410 2131; x_wconf 87' lang='lat' dir='ltr'>inter</span> <span class='ocrx_word' id='word_1_131' title='bbox 440 2102 487 2131; x_wconf 89' lang='lat' dir='ltr'>se</span> <span class='ocrx_word' id='word_1_132' title='bbox 518 2091 765 2131; x_wconf 89' lang='lat' dir='ltr'>coniunctis</span> <span class='ocrx_word' id='word_1_133' title='bbox 795 2090 907 2129; x_wconf 91' lang='lat' dir='ltr'>adeo</span> <span class='ocrx_word' id='word_1_134' title='bbox 944 2100 1028 2140; x_wconf 91' lang='lat' dir='ltr'>po—</span> 
     </span>
     <span class='ocr_line' id='line_1_26' title="bbox 150 2152 1026 2207; baseline -0.005 -13"><span class='ocrx_word' id='word_1_135' title='bbox 150 2154 253 2207; x_wconf 92' lang='lat' dir='ltr'>pulo</span> <span class='ocrx_word' id='word_1_136' title='bbox 283 2152 540 2204; x_wconf 80' lang='lat' dir='ltr'>placebant,</span> <span class='ocrx_word' id='word_1_137' title='bbox 573 2154 622 2192; x_wconf 92' lang='lat' dir='ltr'>ut</span> <span class='ocrx_word' id='word_1_138' title='bbox 651 2152 705 2192; x_wconf 84' lang='lat' dir='ltr'>ab</span> <span class='ocrx_word' id='word_1_139' title='bbox 737 2153 857 2192; x_wconf 78' lang='lat' dir='ltr'>inItio</span> <span class='ocrx_word' id='word_1_140' title='bbox 883 2163 1026 2202; x_wconf 85' lang='lat' dir='ltr'>usque</span> 
     </span>
     <span class='ocr_line' id='line_1_27' title="bbox 152 2214 1026 2267; baseline -0.003 -11"><span class='ocrx_word' id='word_1_141' title='bbox 152 2216 207 2256; x_wconf 91' lang='lat' dir='ltr'>ad</span> <span class='ocrx_word' id='word_1_142' title='bbox 249 2216 383 2256; x_wconf 86' lang='lat' dir='ltr'>finem</span> <span class='ocrx_word' id='word_1_143' title='bbox 422 2214 628 2267; x_wconf 86' lang='lat' dir='ltr'>plausum</span> <span class='ocrx_word' id='word_1_144' title='bbox 658 2215 846 2262; x_wconf 85' lang='lat' dir='ltr'>ferrent;</span> <span class='ocrx_word' id='word_1_145' title='bbox 893 2215 1026 2265; x_wconf 87' lang='lat' dir='ltr'>atque</span> 
     </span>
     <span class='ocr_line' id='line_1_28' title="bbox 154 2276 1025 2323; baseline -0.005 -5"><span class='ocrx_word' id='word_1_146' title='bbox 154 2280 408 2319; x_wconf 87' lang='lat' dir='ltr'>etiamnunc</span> <span class='ocrx_word' id='word_1_147' title='bbox 461 2288 538 2317; x_wconf 89' lang='lat' dir='ltr'>eos</span> <span class='ocrx_word' id='word_1_148' title='bbox 594 2288 674 2317; x_wconf 88' lang='lat' dir='ltr'>nos</span> <span class='ocrx_word' id='word_1_149' title='bbox 732 2276 1025 2323; x_wconf 79' lang='lat' dir='ltr'>admiramur,</span> 
     </span>
     <span class='ocr_line' id='line_1_29' title="bbox 155 2337 1029 2390; baseline -0.006 -10"><span class='ocrx_word' id='word_1_150' title='bbox 155 2341 236 2380; x_wconf 85' lang='lat' dir='ltr'>etsi</span> <span class='ocrx_word' id='word_1_151' title='bbox 291 2337 536 2390; x_wconf 88' lang='lat' dir='ltr'>pulchellus</span> <span class='ocrx_word' id='word_1_152' title='bbox 594 2338 662 2377; x_wconf 90' lang='lat' dir='ltr'>ille</span> <span class='ocrx_word' id='word_1_153' title='bbox 716 2340 759 2378; x_wconf 88' lang='lat' dir='ltr'>et</span> <span class='ocrx_word' id='word_1_154' title='bbox 816 2337 1029 2377; x_wconf 87' lang='lat' dir='ltr'>delicatus</span> 
     </span>
     <span class='ocr_line' id='line_1_30' title="bbox 154 2397 1030 2455; baseline -0.006 -13"><span class='ocrx_word' id='word_1_155' title='bbox 154 2400 532 2455; x_wconf 77' lang='lat' dir='ltr'>(stutzerhafte)</span> <span class='ocrx_word' id='word_1_156' title='bbox 563 2401 866 2450; x_wconf 82' lang='lat' dir='ltr'>Hermogenes</span> <span class='ocrx_word' id='word_1_157' title='bbox 887 2397 1030 2449; x_wconf 88' lang='lat' dir='ltr'>Tigel—</span> 
     </span>
     <span class='ocr_line' id='line_1_31' title="bbox 155 2460 1032 2514; baseline -0.006 -10"><span class='ocrx_word' id='word_1_158' title='bbox 155 2464 237 2505; x_wconf 88' lang='lat' dir='ltr'>lius</span> <span class='ocrx_word' id='word_1_159' title='bbox 271 2463 372 2514; x_wconf 89' lang='lat' dir='ltr'>(Sat.</span> <span class='ocrx_word' id='word_1_160' title='bbox 398 2463 446 2511; x_wconf 94' lang='grc'>4,</span> <span class='ocrx_word' id='word_1_161' title='bbox 480 2462 528 2511; x_wconf 74' lang='lat'>4,</span> <span class='ocrx_word' id='word_1_162' title='bbox 551 2463 617 2501; x_wconf 78' lang='lat'>72.</span> <span class='ocrx_word' id='word_1_163' title='bbox 653 2463 668 2501; x_wconf 99' lang='grc'>4</span> <span class='ocrx_word' id='word_1_164' title='bbox 693 2494 700 2510; x_wconf 90' lang='grc'>,</span> <span class='ocrx_word' id='word_1_165' title='bbox 735 2462 781 2510; x_wconf 87' lang='grc'>9,</span> <span class='ocrx_word' id='word_1_166' title='bbox 814 2460 897 2511; x_wconf 71' lang='grc'>25.)</span> <span class='ocrx_word' id='word_1_167' title='bbox 922 2472 1032 2500; x_wconf 91' lang='lat' dir='ltr'>nun-</span> 
     </span>
     <span class='ocr_line' id='line_1_32' title="bbox 157 2523 1030 2578; baseline -0.005 -12"><span class='ocrx_word' id='word_1_168' title='bbox 157 2537 291 2578; x_wconf 83' lang='lat' dir='ltr'>quam</span> <span class='ocrx_word' id='word_1_169' title='bbox 321 2526 403 2564; x_wconf 87' lang='lat' dir='ltr'>hos</span> <span class='ocrx_word' id='word_1_170' title='bbox 433 2523 560 2575; x_wconf 84' lang='lat' dir='ltr'>legit,</span> <span class='ocrx_word' id='word_1_171' title='bbox 600 2525 764 2575; x_wconf 87' lang='lat' dir='ltr'>quippe</span> <span class='ocrx_word' id='word_1_172' title='bbox 795 2524 870 2574; x_wconf 86' lang='lat' dir='ltr'>qui</span> <span class='ocrx_word' id='word_1_173' title='bbox 900 2523 1030 2562; x_wconf 89' lang='lat' dir='ltr'>nimis</span> 
     </span>
     <span class='ocr_line' id='line_1_33' title="bbox 156 2585 1035 2637; baseline -0.005 -9"><span class='ocrx_word' id='word_1_174' title='bbox 156 2586 356 2628; x_wconf 82' lang='lat' dir='ltr'>difficiles</span> <span class='ocrx_word' id='word_1_175' title='bbox 396 2585 619 2626; x_wconf 90' lang='lat' dir='ltr'>intellectu</span> <span class='ocrx_word' id='word_1_176' title='bbox 641 2587 722 2637; x_wconf 87' lang='lat' dir='ltr'>ipsi</span> <span class='ocrx_word' id='word_1_177' title='bbox 753 2585 1035 2625; x_wconf 70' lang='lat' dir='ltr'>videantur.›r</span> 
     </span>
     <span class='ocr_line' id='line_1_34' title="bbox 158 2646 1030 2701; baseline -0.005 -11"><span class='ocrx_word' id='word_1_178' title='bbox 158 2653 196 2690; x_wconf 88' lang='lat' dir='ltr'>ls</span> <span class='ocrx_word' id='word_1_179' title='bbox 219 2650 367 2701; x_wconf 88' lang='lat' dir='ltr'>igitur,</span> <span class='ocrx_word' id='word_1_180' title='bbox 392 2649 473 2689; x_wconf 87' lang='lat' dir='ltr'>etsi</span> <span class='ocrx_word' id='word_1_181' title='bbox 494 2647 664 2688; x_wconf 82' lang='lat' dir='ltr'>facetus</span> <span class='ocrx_word' id='word_1_182' title='bbox 686 2659 785 2688; x_wconf 88' lang='lat' dir='ltr'>esse</span> <span class='ocrx_word' id='word_1_183' title='bbox 807 2646 1030 2696; x_wconf 84' lang='lat' dir='ltr'>studebat,</span> 
     </span>
     <span class='ocr_line' id='line_1_35' title="bbox 156 2708 1034 2762; baseline -0.005 -10"><span class='ocrx_word' id='word_1_184' title='bbox 156 2723 260 2752; x_wconf 66' lang='lat' dir='ltr'>vera</span> <span class='ocrx_word' id='word_1_185' title='bbox 299 2711 558 2750; x_wconf 85' lang='lat' dir='ltr'>facetiarum</span> <span class='ocrx_word' id='word_1_186' title='bbox 595 2709 864 2762; x_wconf 87' lang='lat' dir='ltr'>exemplaria</span> <span class='ocrx_word' id='word_1_187' title='bbox 893 2708 1034 2760; x_wconf 87' lang='lat' dir='ltr'>negli-</span> 
     </span>
     <span class='ocr_line' id='line_1_36' title="bbox 158 2771 1035 2825; baseline -0.002 -12"><span class='ocrx_word' id='word_1_188' title='bbox 158 2774 303 2825; x_wconf 82' lang='lat' dir='ltr'>gebat.</span> <span class='ocrx_word' id='word_1_189' title='bbox 376 2773 587 2824; x_wconf 88' lang='lat' dir='ltr'>(Verbum</span> <span class='ocrx_word' id='word_1_190' title='bbox 615 2777 728 2812; x_wconf 81' lang='lat' dir='ltr'>stare</span> <span class='ocrx_word' id='word_1_191' title='bbox 757 2773 934 2824; x_wconf 90' lang='lat' dir='ltr'>proprie</span> <span class='ocrx_word' id='word_1_192' title='bbox 966 2771 1035 2811; x_wconf 90' lang='lat' dir='ltr'>di-</span> 
     </span>
     <span class='ocr_line' id='line_1_37' title="bbox 159 2832 1036 2886; baseline -0.002 -11"><span class='ocrx_word' id='word_1_193' title='bbox 159 2837 272 2876; x_wconf 84' lang='lat' dir='ltr'>citur</span> <span class='ocrx_word' id='word_1_194' title='bbox 304 2835 358 2875; x_wconf 87' lang='lat' dir='ltr'>de</span> <span class='ocrx_word' id='word_1_195' title='bbox 389 2834 566 2884; x_wconf 83' lang='lat' dir='ltr'>fabulis,</span> <span class='ocrx_word' id='word_1_196' title='bbox 608 2846 722 2886; x_wconf 87' lang='lat' dir='ltr'>quae</span> <span class='ocrx_word' id='word_1_197' title='bbox 753 2833 916 2886; x_wconf 90' lang='lat' dir='ltr'>populo</span> <span class='ocrx_word' id='word_1_198' title='bbox 944 2832 1036 2885; x_wconf 87' lang='lat' dir='ltr'>pla-</span> 
     </span>
     <span class='ocr_line' id='line_1_38' title="bbox 161 2897 1031 2948; baseline -0.003 -11"><span class='ocrx_word' id='word_1_199' title='bbox 161 2897 337 2937; x_wconf 87' lang='lat' dir='ltr'>cebant.</span> <span class='ocrx_word' id='word_1_200' title='bbox 389 2899 498 2948; x_wconf 87' lang='lat' dir='ltr'>Epp.</span> <span class='ocrx_word' id='word_1_201' title='bbox 530 2898 577 2946; x_wconf 68' lang='grc'>2,</span> <span class='ocrx_word' id='word_1_202' title='bbox 622 2898 668 2946; x_wconf 90' lang='grc'>4,</span> <span class='ocrx_word' id='word_1_203' title='bbox 712 2897 805 2936; x_wconf 81' lang='grc'>476.</span> <span class='ocrx_word' id='word_1_204' title='bbox 856 2897 1031 2936; x_wconf 87' lang='lat' dir='ltr'>Terent.</span> 
     </span>
     <span class='ocr_line' id='line_1_39' title="bbox 164 2959 1034 3010; baseline -0.001 -12"><span class='ocrx_word' id='word_1_205' title='bbox 164 2960 336 2999; x_wconf 87' lang='lat' dir='ltr'>Phorm.</span> <span class='ocrx_word' id='word_1_206' title='bbox 367 2959 479 2998; x_wconf 88' lang='lat' dir='ltr'>Prol.</span> <span class='ocrx_word' id='word_1_207' title='bbox 502 2959 550 2998; x_wconf 77' lang='lat'>9:</span> <span class='ocrx_word' id='word_1_208' title='bbox 595 2960 747 3009; x_wconf 77' lang='lat' dir='ltr'>Quodsi</span> <span class='ocrx_word' id='word_1_209' title='bbox 777 2959 1034 3010; x_wconf 71' lang='lat' dir='ltr'>intelliqerec,</span> 
     </span>
     <span class='ocr_line' id='line_1_40' title="bbox 161 3020 1040 3072; baseline -0.001 -12"><span class='ocrx_word' id='word_1_210' title='bbox 161 3032 256 3060; x_wconf 81' lang='lat' dir='ltr'>cum</span> <span class='ocrx_word' id='word_1_211' title='bbox 283 3021 389 3060; x_wconf 81' lang='lat' dir='ltr'>stetit</span> <span class='ocrx_word' id='word_1_212' title='bbox 408 3021 506 3060; x_wconf 87' lang='lat' dir='ltr'>olim</span> <span class='ocrx_word' id='word_1_213' title='bbox 525 3033 635 3060; x_wconf 80' lang='lat' dir='ltr'>nova</span> <span class='ocrx_word' id='word_1_214' title='bbox 656 3020 847 3072; x_wconf 83' lang='lat' dir='ltr'>(fabula),</span> <span class='ocrx_word' id='word_1_215' title='bbox 877 3020 1040 3060; x_wconf 78' lang='lat' dir='ltr'>Actoris</span> 
     </span>
     <span class='ocr_line' id='line_1_41' title="bbox 162 3083 1034 3134; baseline 0 -13"><span class='ocrx_word' id='word_1_216' title='bbox 162 3094 289 3133; x_wconf 79' lang='lat' dir='ltr'>opera</span> <span class='ocrx_word' id='word_1_217' title='bbox 328 3083 461 3134; x_wconf 68' lang='lat' dir='ltr'>maqis</span> <span class='ocrx_word' id='word_1_218' title='bbox 499 3083 650 3122; x_wconf 77' lang='lat' dir='ltr'>stetisse</span> <span class='ocrx_word' id='word_1_219' title='bbox 686 3094 813 3132; x_wconf 76' lang='lat' dir='ltr'>quam</span> <span class='ocrx_word' id='word_1_220' title='bbox 841 3093 919 3121; x_wconf 77' lang='lat' dir='ltr'>sua</span> <span class='ocrx_word' id='word_1_221' title='bbox 949 3083 1034 3122; x_wconf 89' lang='lat' dir='ltr'>cet.</span> 
     </span>
     <span class='ocr_line' id='line_1_42' title="bbox 165 3143 1040 3185; baseline -0.001 0"><span class='ocrx_word' id='word_1_222' title='bbox 165 3145 228 3185; x_wconf 71' lang='lat' dir='ltr'>Ab</span> <span class='ocrx_word' id='word_1_223' title='bbox 261 3144 422 3184; x_wconf 88' lang='lat' dir='ltr'>codem</span> <span class='ocrx_word' id='word_1_224' title='bbox 452 3145 655 3184; x_wconf 86' lang='lat' dir='ltr'>Terentio</span> <span class='ocrx_word' id='word_1_225' title='bbox 685 3143 945 3184; x_wconf 86' lang='lat' dir='ltr'>translatum</span> <span class='ocrx_word' id='word_1_226' title='bbox 972 3145 1040 3184; x_wconf 88' lang='lat' dir='ltr'>est</span> 
     </span>
     <span class='ocr_line' id='line_1_43' title="bbox 164 3204 1035 3257; baseline -0.001 -12"><span class='ocrx_word' id='word_1_227' title='bbox 164 3206 218 3245; x_wconf 85' lang='lat' dir='ltr'>ad</span> <span class='ocrx_word' id='word_1_228' title='bbox 249 3208 455 3247; x_wconf 82' lang='lat' dir='ltr'>Aetorem</span> <span class='ocrx_word' id='word_1_229' title='bbox 486 3204 653 3257; x_wconf 82' lang='lat' dir='ltr'>prologi</span> <span class='ocrx_word' id='word_1_230' title='bbox 675 3205 746 3245; x_wconf 83' lang='lat' dir='ltr'>alt.</span> <span class='ocrx_word' id='word_1_231' title='bbox 772 3207 973 3256; x_wconf 85' lang='lat' dir='ltr'>Hecyrae</span> <span class='ocrx_word' id='word_1_232' title='bbox 994 3217 1035 3245; x_wconf 82' lang='lat' dir='ltr'>v.</span> 
     </span>
     <span class='ocr_line' id='line_1_44' title="bbox 166 3266 1040 3319; baseline -0.001 -11"><span class='ocrx_word' id='word_1_233' title='bbox 166 3269 223 3315; x_wconf 73' lang='lat'>7.;</span> <span class='ocrx_word' id='word_1_234' title='bbox 263 3268 319 3308; x_wconf 87' lang='lat' dir='ltr'>ab</span> <span class='ocrx_word' id='word_1_235' title='bbox 351 3269 528 3308; x_wconf 83' lang='lat' dir='ltr'>Horatio</span> <span class='ocrx_word' id='word_1_236' title='bbox 558 3267 599 3306; x_wconf 90' lang='lat' dir='ltr'>h.</span> <span class='ocrx_word' id='word_1_237' title='bbox 634 3266 661 3307; x_wconf 91' lang='lat' dir='ltr'>l.</span> <span class='ocrx_word' id='word_1_238' title='bbox 695 3267 751 3307; x_wconf 87' lang='lat' dir='ltr'>ad</span> <span class='ocrx_word' id='word_1_239' title='bbox 782 3269 900 3319; x_wconf 89' lang='lat' dir='ltr'>ipsos</span> <span class='ocrx_word' id='word_1_240' title='bbox 931 3271 1040 3319; x_wconf 78' lang='lat' dir='ltr'>poe-</span> 
     </span>
     <span class='ocr_line' id='line_1_45' title="bbox 166 3327 1040 3380; baseline 0 -11"><span class='ocrx_word' id='word_1_241' title='bbox 166 3331 264 3380; x_wconf 85' lang='lat' dir='ltr'>tas.)</span> <span class='ocrx_word' id='word_1_242' title='bbox 292 3354 335 3358; x_wconf 97' lang='lat'><strong>—</strong></span> <span class='ocrx_word' id='word_1_243' title='bbox 359 3330 504 3369; x_wconf 70' lang='lat' dir='ltr'>simius</span> <span class='ocrx_word' id='word_1_244' title='bbox 524 3330 597 3369; x_wconf 82' lang='lat' dir='ltr'>iste</span> <span class='ocrx_word' id='word_1_245' title='bbox 617 3328 720 3379; x_wconf 69' lang='lat' dir='ltr'>cet]</span> <span class='ocrx_word' id='word_1_246' title='bbox 747 3327 816 3368; x_wconf 64' lang='lat' dir='ltr'>vel</span> <span class='ocrx_word' id='word_1_247' title='bbox 839 3329 1040 3380; x_wconf 89' lang='lat' dir='ltr'>«ineptus</span> 
     </span>
     <span class='ocr_line' id='line_1_46' title="bbox 167 3390 1038 3442; baseline 0 -12"><span class='ocrx_word' id='word_1_248' title='bbox 167 3390 326 3442; x_wconf 84' lang='lat' dir='ltr'>Tigellii</span> <span class='ocrx_word' id='word_1_249' title='bbox 366 3393 581 3432; x_wconf 82' lang='lat' dir='ltr'>imitator»</span> <span class='ocrx_word' id='word_1_250' title='bbox 617 3391 678 3441; x_wconf 90' lang='lat' dir='ltr'>(ut</span> <span class='ocrx_word' id='word_1_251' title='bbox 710 3391 885 3431; x_wconf 86' lang='lat' dir='ltr'>Aristot.</span> <span class='ocrx_word' id='word_1_252' title='bbox 918 3392 1038 3430; x_wconf 80' lang='lat' dir='ltr'>Poet.</span> 
     </span>
     <span class='ocr_line' id='line_1_47' title="bbox 168 3447 1042 3510; baseline 0 -18"><span class='ocrx_word' id='word_1_253' title='bbox 168 3454 220 3493; x_wconf 72' lang='lat'>26</span> <span class='ocrx_word' id='word_1_254' title='bbox 243 3454 338 3503; x_wconf 71' lang='lat'>(27),</span> <span class='ocrx_word' id='word_1_255' title='bbox 372 3453 418 3495; x_wconf 74' lang='lat'>4:</span> <span class='ocrx_word' id='word_1_256' title='bbox 453 3448 517 3504; x_wconf 72' lang='grc' dir='ltr'>(ὃς</span> <span class='ocrx_word' id='word_1_257' title='bbox 549 3451 653 3494; x_wconf 78' lang='grc' dir='ltr'><em>λίαν</em></span> <span class='ocrx_word' id='word_1_258' title='bbox 683 3448 772 3509; x_wconf 77' lang='grc' dir='ltr'>γὰρ</span> <span class='ocrx_word' id='word_1_259' title='bbox 803 3447 1042 3510; x_wconf 72' lang='grc' dir='ltr'>ὑπερβάλ-</span> 
     </span>
    </p>
   </div>
   <div class='ocr_carea' id='block_1_11' title="bbox 1084 1146 1983 3503">
    <p class='ocr_par' dir='ltr' id='par_1_11' title="bbox 1084 1146 1983 3503">
     <span class='ocr_line' id='line_1_48' title="bbox 1084 1146 1963 1205; baseline -0.003 -13"><span class='ocrx_word' id='word_1_260' title='bbox 1084 1152 1252 1203; x_wconf 79' lang='grc' dir='ltr'>λοντα,</span> <span class='ocrx_word' id='word_1_261' title='bbox 1286 1152 1536 1205; x_wconf 73' lang='grc' dir='ltr'><em>πίθηκον</em></span> <span class='ocrx_word' id='word_1_262' title='bbox 1566 1148 1592 1191; x_wconf 91' lang='grc' dir='ltr'><em>ὁ</em></span> <span class='ocrx_word' id='word_1_263' title='bbox 1614 1152 1858 1201; x_wconf 78' lang='grc' dir='ltr'><strong><em>Μυνίσκος</em></strong></span> <span class='ocrx_word' id='word_1_264' title='bbox 1880 1146 1963 1190; x_wconf 68' lang='grc' dir='ltr'>τόν</span> 
     </span>
     <span class='ocr_line' id='line_1_49' title="bbox 1084 1212 1965 1268; baseline -0.003 -12"><span class='ocrx_word' id='word_1_265' title='bbox 1084 1214 1412 1268; x_wconf 72' lang='grc' dir='ltr'><em>Καλλιππίδην</em></span> <span class='ocrx_word' id='word_1_266' title='bbox 1441 1212 1636 1266; x_wconf 75' lang='grc' dir='ltr'><em>ἐκάλει.)</em></span> <span class='ocrx_word' id='word_1_267' title='bbox 1667 1214 1757 1261; x_wconf 88' lang='lat' dir='ltr'>vel,</span> <span class='ocrx_word' id='word_1_268' title='bbox 1792 1217 1838 1254; x_wconf 90' lang='lat' dir='ltr'>ut</span> <span class='ocrx_word' id='word_1_269' title='bbox 1868 1226 1965 1254; x_wconf 90' lang='lat' dir='ltr'>nar-</span> 
     </span>
     <span class='ocr_line' id='line_1_50' title="bbox 1086 1277 1965 1328; baseline -0.002 -10"><span class='ocrx_word' id='word_1_270' title='bbox 1086 1281 1184 1319; x_wconf 87' lang='lat' dir='ltr'>rant</span> <span class='ocrx_word' id='word_1_271' title='bbox 1225 1277 1516 1325; x_wconf 84' lang='lat' dir='ltr'>Sclioliastae,</span> <span class='ocrx_word' id='word_1_272' title='bbox 1566 1279 1775 1328; x_wconf 87' lang='lat' dir='ltr'>«propter</span> <span class='ocrx_word' id='word_1_273' title='bbox 1815 1277 1965 1316; x_wconf 86' lang='lat' dir='ltr'>desor-</span> 
     </span>
     <span class='ocr_line' id='line_1_51' title="bbox 1086 1340 1966 1381; baseline -0.005 0"><span class='ocrx_word' id='word_1_274' title='bbox 1086 1352 1206 1381; x_wconf 87' lang='lat' dir='ltr'>mem</span> <span class='ocrx_word' id='word_1_275' title='bbox 1244 1352 1295 1380; x_wconf 89' lang='lat' dir='ltr'>ac</span> <span class='ocrx_word' id='word_1_276' title='bbox 1333 1340 1520 1380; x_wconf 70' lang='lat' dir='ltr'>brevem</span> <span class='ocrx_word' id='word_1_277' title='bbox 1557 1342 1816 1379; x_wconf 87' lang='lat' dir='ltr'>staturam.»</span> <span class='ocrx_word' id='word_1_278' title='bbox 1866 1340 1966 1378; x_wconf 85' lang='lat' dir='ltr'>Ari-</span> 
     </span>
     <span class='ocr_line' id='line_1_52' title="bbox 1086 1391 1969 1455; baseline -0.005 -12"><span class='ocrx_word' id='word_1_279' title='bbox 1086 1404 1230 1455; x_wconf 91' lang='lat' dir='ltr'>stoph.</span> <span class='ocrx_word' id='word_1_280' title='bbox 1265 1405 1369 1443; x_wconf 82' lang='lat' dir='ltr'>Ran.</span> <span class='ocrx_word' id='word_1_281' title='bbox 1404 1402 1508 1442; x_wconf 80' lang='lat'>708:</span> <span class='ocrx_word' id='word_1_282' title='bbox 1543 1397 1570 1440; x_wconf 87' lang='grc' dir='ltr'><em>ὁ</em></span> <span class='ocrx_word' id='word_1_283' title='bbox 1603 1401 1858 1453; x_wconf 78' lang='grc' dir='ltr'><em>πίθηκος</em></span> <span class='ocrx_word' id='word_1_284' title='bbox 1889 1391 1969 1440; x_wconf 79' lang='grc' dir='ltr'>οὖ-</span> 
     </span>
     <span class='ocr_line' id='line_1_53' title="bbox 1086 1459 1960 1520; baseline -0.003 -16"><span class='ocrx_word' id='word_1_285' title='bbox 1086 1478 1168 1515; x_wconf 79' lang='grc' dir='ltr'>τος</span> <span class='ocrx_word' id='word_1_286' title='bbox 1201 1487 1245 1494; x_wconf 85' lang='grc'>-·</span> <span class='ocrx_word' id='word_1_287' title='bbox 1278 1463 1534 1518; x_wconf 77' lang='grc' dir='ltr'><em>Κλειγένης</em></span> <span class='ocrx_word' id='word_1_288' title='bbox 1565 1459 1592 1502; x_wconf 83' lang='grc' dir='ltr'>ὁ</span> <span class='ocrx_word' id='word_1_289' title='bbox 1621 1460 1810 1520; x_wconf 77' lang='grc' dir='ltr'><strong><em>μικρός.</em></strong></span> <span class='ocrx_word' id='word_1_290' title='bbox 1873 1462 1960 1502; x_wconf 87' lang='lat' dir='ltr'>Csr.</span> 
     </span>
     <span class='ocr_line' id='line_1_54' title="bbox 1088 1526 1965 1578; baseline -0.006 -11"><span class='ocrx_word' id='word_1_291' title='bbox 1088 1527 1365 1578; x_wconf 86' lang='lat' dir='ltr'>Phrynichus</span> <span class='ocrx_word' id='word_1_292' title='bbox 1425 1528 1467 1566; x_wconf 91' lang='lat' dir='ltr'>in</span> <span class='ocrx_word' id='word_1_293' title='bbox 1525 1526 1727 1566; x_wconf 84' lang='lat' dir='ltr'>Meinekii</span> <span class='ocrx_word' id='word_1_294' title='bbox 1796 1526 1965 1575; x_wconf 88' lang='lat' dir='ltr'>Fragm.</span> 
     </span>
     <span class='ocr_line' id='line_1_55' title="bbox 1088 1586 1964 1640; baseline -0.007 -10"><span class='ocrx_word' id='word_1_295' title='bbox 1088 1592 1212 1631; x_wconf 91' lang='lat' dir='ltr'>Com.</span> <span class='ocrx_word' id='word_1_296' title='bbox 1260 1591 1299 1629; x_wconf 65' lang='grc' dir='ltr'>Ξ.</span> <span class='ocrx_word' id='word_1_297' title='bbox 1347 1600 1390 1640; x_wconf 93' lang='lat' dir='ltr'>p.</span> <span class='ocrx_word' id='word_1_298' title='bbox 1434 1588 1528 1629; x_wconf 81' lang='lat'>588.</span> <span class='ocrx_word' id='word_1_299' title='bbox 1576 1590 1751 1639; x_wconf 89' lang='lat' dir='ltr'>Longus</span> <span class='ocrx_word' id='word_1_300' title='bbox 1791 1587 1837 1636; x_wconf 87' lang='lat'>3,</span> <span class='ocrx_word' id='word_1_301' title='bbox 1885 1586 1964 1625; x_wconf 65' lang='lat'>26:</span> 
     </span>
     <span class='ocr_line' id='line_1_56' title="bbox 1086 1647 1971 1704; baseline -0.003 -14"><span class='ocrx_word' id='word_1_302' title='bbox 1086 1649 1313 1700; x_wconf 71' lang='grc' dir='ltr'><em>βούλεται</em></span> <span class='ocrx_word' id='word_1_303' title='bbox 1335 1647 1681 1704; x_wconf 74' lang='grc' dir='ltr'><em>συγκαθεύδειν</em></span> <span class='ocrx_word' id='word_1_304' title='bbox 1704 1650 1870 1701; x_wconf 74' lang='grc' dir='ltr'><em>πένητι</em></span> <span class='ocrx_word' id='word_1_305' title='bbox 1890 1661 1971 1687; x_wconf 82' lang='grc' dir='ltr'>κα-</span> 
     </span>
     <span class='ocr_line' id='line_1_57' title="bbox 1087 1707 1967 1768; baseline -0.005 -15"><span class='ocrx_word' id='word_1_306' title='bbox 1087 1713 1152 1768; x_wconf 73' lang='grc' dir='ltr'>λῷ</span> <span class='ocrx_word' id='word_1_307' title='bbox 1195 1711 1381 1766; x_wconf 76' lang='grc' dir='ltr'><em>μᾶλλον</em></span> <span class='ocrx_word' id='word_1_308' title='bbox 1424 1707 1459 1765; x_wconf 71' lang='grc' dir='ltr'><em>ἢ</em></span> <span class='ocrx_word' id='word_1_309' title='bbox 1498 1709 1688 1766; x_wconf 75' lang='grc' dir='ltr'><em>πιθήκῳ</em></span> <span class='ocrx_word' id='word_1_310' title='bbox 1735 1710 1967 1764; x_wconf 75' lang='grc' dir='ltr'><em>πλουσίῳ.</em></span> 
     </span>
     <span class='ocr_line' id='line_1_58' title="bbox 1091 1774 1971 1825; baseline -0.007 -7"><span class='ocrx_word' id='word_1_311' title='bbox 1091 1779 1170 1818; x_wconf 80' lang='lat' dir='ltr'>«M.</span> <span class='ocrx_word' id='word_1_312' title='bbox 1196 1777 1475 1817; x_wconf 87' lang='lat' dir='ltr'>Demetrium</span> <span class='ocrx_word' id='word_1_313' title='bbox 1505 1774 1831 1815; x_wconf 83' lang='lat' dir='ltr'>modulatorem</span> <span class='ocrx_word' id='word_1_314' title='bbox 1864 1785 1971 1825; x_wconf 85' lang='lat' dir='ltr'>pro—</span> 
     </span>
     <span class='ocr_line' id='line_1_59' title="bbox 1088 1838 1972 1891; baseline -0.006 -12"><span class='ocrx_word' id='word_1_315' title='bbox 1088 1841 1189 1891; x_wconf 90' lang='lat' dir='ltr'>pter</span> <span class='ocrx_word' id='word_1_316' title='bbox 1219 1839 1410 1878; x_wconf 90' lang='lat' dir='ltr'>maciem</span> <span class='ocrx_word' id='word_1_317' title='bbox 1441 1849 1492 1877; x_wconf 85' lang='lat' dir='ltr'>ac</span> <span class='ocrx_word' id='word_1_318' title='bbox 1522 1838 1788 1889; x_wconf 85' lang='lat' dir='ltr'>parvitatem</span> <span class='ocrx_word' id='word_1_319' title='bbox 1809 1845 1972 1886; x_wconf 88' lang='lat' dir='ltr'>corpo—</span> 
     </span>
     <span class='ocr_line' id='line_1_60' title="bbox 1089 1898 1968 1951; baseline -0.008 -10"><span class='ocrx_word' id='word_1_320' title='bbox 1089 1903 1149 1941; x_wconf 88' lang='lat' dir='ltr'>ris</span> <span class='ocrx_word' id='word_1_321' title='bbox 1188 1902 1274 1941; x_wconf 92' lang='lat' dir='ltr'>hoc</span> <span class='ocrx_word' id='word_1_322' title='bbox 1314 1900 1493 1940; x_wconf 91' lang='lat' dir='ltr'>nomine</span> <span class='ocrx_word' id='word_1_323' title='bbox 1533 1898 1766 1951; x_wconf 87' lang='lat' dir='ltr'>appellat.»</span> <span class='ocrx_word' id='word_1_324' title='bbox 1813 1900 1968 1937; x_wconf 72' lang='lat' dir='ltr'>Pomm.</span> 
     </span>
     <span class='ocr_line' id='line_1_61' title="bbox 1092 1957 1972 2014; baseline -0.008 -11"><span class='ocrx_word' id='word_1_325' title='bbox 1092 1964 1196 2003; x_wconf 87' lang='lat' dir='ltr'>«Hic</span> <span class='ocrx_word' id='word_1_326' title='bbox 1226 1963 1407 2014; x_wconf 89' lang='lat' dir='ltr'>praeter</span> <span class='ocrx_word' id='word_1_327' title='bbox 1447 1960 1632 2002; x_wconf 81' lang='lat' dir='ltr'>Calvum</span> <span class='ocrx_word' id='word_1_328' title='bbox 1676 1963 1720 2001; x_wconf 90' lang='lat' dir='ltr'>et</span> <span class='ocrx_word' id='word_1_329' title='bbox 1751 1957 1972 2000; x_wconf 86' lang='lat' dir='ltr'>Catullum</span> 
     </span>
     <span class='ocr_line' id='line_1_62' title="bbox 1090 2019 1973 2077; baseline -0.006 -13"><span class='ocrx_word' id='word_1_330' title='bbox 1090 2026 1244 2077; x_wconf 80' lang='lat' dir='ltr'>poetas</span> <span class='ocrx_word' id='word_1_331' title='bbox 1266 2023 1373 2064; x_wconf 90' lang='lat' dir='ltr'>alios</span> <span class='ocrx_word' id='word_1_332' title='bbox 1396 2035 1481 2063; x_wconf 87' lang='lat' dir='ltr'>uon</span> <span class='ocrx_word' id='word_1_333' title='bbox 1504 2022 1695 2074; x_wconf 87' lang='lat' dir='ltr'>legerat,</span> <span class='ocrx_word' id='word_1_334' title='bbox 1730 2022 1786 2062; x_wconf 89' lang='lat' dir='ltr'>ad</span> <span class='ocrx_word' id='word_1_335' title='bbox 1808 2019 1973 2061; x_wconf 90' lang='lat' dir='ltr'>nullam</span> 
     </span>
     <span class='ocr_line' id='line_1_63' title="bbox 1091 2081 1974 2127; baseline -0.008 0"><span class='ocrx_word' id='word_1_336' title='bbox 1091 2098 1189 2127; x_wconf 90' lang='lat' dir='ltr'>rem</span> <span class='ocrx_word' id='word_1_337' title='bbox 1232 2086 1388 2126; x_wconf 85' lang='lat' dir='ltr'>doctus</span> <span class='ocrx_word' id='word_1_338' title='bbox 1433 2086 1515 2126; x_wconf 89' lang='lat' dir='ltr'>nisi</span> <span class='ocrx_word' id='word_1_339' title='bbox 1562 2083 1717 2124; x_wconf 87' lang='lat' dir='ltr'>Catulli</span> <span class='ocrx_word' id='word_1_340' title='bbox 1763 2086 1806 2124; x_wconf 92' lang='lat' dir='ltr'>et</span> <span class='ocrx_word' id='word_1_341' title='bbox 1851 2081 1974 2123; x_wconf 88' lang='lat' dir='ltr'>Calvi</span> 
     </span>
     <span class='ocr_line' id='line_1_64' title="bbox 1090 2143 1974 2202; baseline -0.007 -13"><span class='ocrx_word' id='word_1_342' title='bbox 1090 2160 1249 2189; x_wconf 76' lang='lat' dir='ltr'>versus</span> <span class='ocrx_word' id='word_1_343' title='bbox 1281 2151 1460 2189; x_wconf 87' lang='lat' dir='ltr'>cantare</span> <span class='ocrx_word' id='word_1_344' title='bbox 1483 2151 1526 2188; x_wconf 90' lang='lat' dir='ltr'>et</span> <span class='ocrx_word' id='word_1_345' title='bbox 1545 2149 1729 2196; x_wconf 90' lang='lat' dir='ltr'>imitari,</span> <span class='ocrx_word' id='word_1_346' title='bbox 1764 2147 1838 2198; x_wconf 90' lang='lat' dir='ltr'>qui</span> <span class='ocrx_word' id='word_1_347' title='bbox 1858 2143 1974 2202; x_wconf 78' lang='grc' dir='ltr'><em>δρα-</em></span> 
     </span>
     <span class='ocr_line' id='line_1_65' title="bbox 1090 2207 1975 2264; baseline -0.006 -13"><span class='ocrx_word' id='word_1_348' title='bbox 1090 2207 1362 2264; x_wconf 76' lang='grc' dir='ltr'><em>ματοποιὸς</em></span> <span class='ocrx_word' id='word_1_349' title='bbox 1393 2212 1507 2261; x_wconf 87' lang='lat' dir='ltr'>erat,</span> <span class='ocrx_word' id='word_1_350' title='bbox 1547 2211 1632 2250; x_wconf 93' lang='lat' dir='ltr'>hoc</span> <span class='ocrx_word' id='word_1_351' title='bbox 1671 2211 1758 2258; x_wconf 89' lang='lat' dir='ltr'>est,</span> <span class='ocrx_word' id='word_1_352' title='bbox 1802 2210 1975 2248; x_wconf 86' lang='lat' dir='ltr'>amato-</span> 
     </span>
     <span class='ocr_line' id='line_1_66' title="bbox 1092 2270 1972 2324; baseline -0.005 -12"><span class='ocrx_word' id='word_1_353' title='bbox 1092 2274 1179 2313; x_wconf 87' lang='lat' dir='ltr'>rias</span> <span class='ocrx_word' id='word_1_354' title='bbox 1229 2274 1459 2313; x_wconf 88' lang='lat' dir='ltr'>cantiones</span> <span class='ocrx_word' id='word_1_355' title='bbox 1506 2273 1800 2324; x_wconf 86' lang='lat' dir='ltr'>scripserat.»</span> <span class='ocrx_word' id='word_1_356' title='bbox 1869 2270 1972 2309; x_wconf 77' lang='lat' dir='ltr'>Aen.</span> 
     </span>
     <span class='ocr_line' id='line_1_67' title="bbox 1093 2332 1976 2385; baseline -0.006 -11"><span class='ocrx_word' id='word_1_357' title='bbox 1093 2336 1204 2375; x_wconf 87' lang='lat' dir='ltr'>Satis</span> <span class='ocrx_word' id='word_1_358' title='bbox 1235 2334 1418 2385; x_wconf 88' lang='lat' dir='ltr'>quidem</span> <span class='ocrx_word' id='word_1_359' title='bbox 1448 2334 1666 2379; x_wconf 82' lang='lat' dir='ltr'>absurde;</span> <span class='ocrx_word' id='word_1_360' title='bbox 1698 2332 1875 2372; x_wconf 78' lang='lat' dir='ltr'>videtur</span> <span class='ocrx_word' id='word_1_361' title='bbox 1894 2342 1976 2370; x_wconf 89' lang='lat' dir='ltr'>au—</span> 
     </span>
     <span class='ocr_line' id='line_1_68' title="bbox 1094 2389 1976 2449; baseline -0.006 -12"><span class='ocrx_word' id='word_1_362' title='bbox 1094 2399 1185 2436; x_wconf 88' lang='lat' dir='ltr'>tem</span> <span class='ocrx_word' id='word_1_363' title='bbox 1225 2396 1489 2447; x_wconf 86' lang='lat' dir='ltr'>legendum:</span> <span class='ocrx_word' id='word_1_364' title='bbox 1537 2396 1608 2445; x_wconf 76' lang='lat' dir='ltr'>qui</span> <span class='ocrx_word' id='word_1_365' title='bbox 1645 2389 1976 2449; x_wconf 75' lang='grc' dir='ltr'><em>ᾆσματοποιοὶ</em></span> 
     </span>
     <span class='ocr_line' id='line_1_69' title="bbox 1094 2456 1978 2507; baseline -0.006 -8"><span class='ocrx_word' id='word_1_366' title='bbox 1094 2462 1239 2507; x_wconf 80' lang='lat' dir='ltr'>erant,</span> <span class='ocrx_word' id='word_1_367' title='bbox 1289 2459 1327 2497; x_wconf 83' lang='lat' dir='ltr'>h.</span> <span class='ocrx_word' id='word_1_368' title='bbox 1375 2470 1436 2507; x_wconf 83' lang='lat' dir='ltr'>e.,</span> <span class='ocrx_word' id='word_1_369' title='bbox 1488 2457 1722 2497; x_wconf 81' lang='lat' dir='ltr'>amatorias</span> <span class='ocrx_word' id='word_1_370' title='bbox 1766 2456 1978 2496; x_wconf 81' lang='lat' dir='ltr'>cantiones</span> 
     </span>
     <span class='ocr_line' id='line_1_70' title="bbox 1093 2518 1976 2571; baseline -0.005 -10"><span class='ocrx_word' id='word_1_371' title='bbox 1093 2522 1360 2571; x_wconf 76' lang='lat' dir='ltr'>scripserant.</span> <span class='ocrx_word' id='word_1_372' title='bbox 1422 2520 1508 2561; x_wconf 89' lang='lat' dir='ltr'>Csr.</span> <span class='ocrx_word' id='word_1_373' title='bbox 1533 2519 1697 2561; x_wconf 87' lang='lat' dir='ltr'>Merkel</span> <span class='ocrx_word' id='word_1_374' title='bbox 1726 2518 1895 2559; x_wconf 89' lang='lat' dir='ltr'>Prolus.</span> <span class='ocrx_word' id='word_1_375' title='bbox 1920 2518 1976 2557; x_wconf 86' lang='lat' dir='ltr'>ad</span> 
     </span>
     <span class='ocr_line' id='line_1_71' title="bbox 1096 2581 1976 2635; baseline -0.003 -13"><span class='ocrx_word' id='word_1_376' title='bbox 1096 2583 1189 2623; x_wconf 90' lang='lat' dir='ltr'>Ibin</span> <span class='ocrx_word' id='word_1_377' title='bbox 1236 2594 1336 2635; x_wconf 90' lang='lat' dir='ltr'>pag.</span> <span class='ocrx_word' id='word_1_378' title='bbox 1371 2582 1464 2623; x_wconf 77' lang='lat'>356.</span> <span class='ocrx_word' id='word_1_379' title='bbox 1520 2605 1565 2612; x_wconf 92' lang='lat'>—-</span> <span class='ocrx_word' id='word_1_380' title='bbox 1618 2583 1681 2622; x_wconf 90' lang='lat' dir='ltr'>De</span> <span class='ocrx_word' id='word_1_381' title='bbox 1732 2583 1779 2621; x_wconf 87' lang='lat' dir='ltr'>C.</span> <span class='ocrx_word' id='word_1_382' title='bbox 1814 2581 1976 2621; x_wconf 91' lang='lat' dir='ltr'>Licinio</span> 
     </span>
     <span class='ocr_line' id='line_1_72' title="bbox 1098 2640 1978 2695; baseline -0.005 -11"><span class='ocrx_word' id='word_1_383' title='bbox 1098 2644 1231 2686; x_wconf 84' lang='lat' dir='ltr'>Calvo</span> <span class='ocrx_word' id='word_1_384' title='bbox 1281 2646 1457 2684; x_wconf 87' lang='lat' dir='ltr'>oratore</span> <span class='ocrx_word' id='word_1_385' title='bbox 1510 2645 1554 2683; x_wconf 89' lang='lat' dir='ltr'>et</span> <span class='ocrx_word' id='word_1_386' title='bbox 1604 2645 1760 2695; x_wconf 81' lang='lat' dir='ltr'>poeta,</span> <span class='ocrx_word' id='word_1_387' title='bbox 1822 2640 1978 2682; x_wconf 89' lang='lat' dir='ltr'>Catulli</span> 
     </span>
     <span class='ocr_line' id='line_1_73' title="bbox 1098 2705 1980 2759; baseline -0.006 -12"><span class='ocrx_word' id='word_1_388' title='bbox 1098 2708 1263 2756; x_wconf 89' lang='lat' dir='ltr'>amico,</span> <span class='ocrx_word' id='word_1_389' title='bbox 1303 2707 1587 2759; x_wconf 86' lang='lat' dir='ltr'>praematura</span> <span class='ocrx_word' id='word_1_390' title='bbox 1626 2706 1769 2745; x_wconf 89' lang='lat' dir='ltr'>morte</span> <span class='ocrx_word' id='word_1_391' title='bbox 1802 2705 1980 2744; x_wconf 87' lang='lat' dir='ltr'>circiter</span> 
     </span>
     <span class='ocr_line' id='line_1_74' title="bbox 1098 2766 1980 2809; baseline -0.005 0"><span class='ocrx_word' id='word_1_392' title='bbox 1098 2781 1137 2809; x_wconf 87' lang='lat' dir='ltr'>a.</span> <span class='ocrx_word' id='word_1_393' title='bbox 1170 2781 1213 2809; x_wconf 96' lang='lat' dir='ltr'>u.</span> <span class='ocrx_word' id='word_1_394' title='bbox 1255 2780 1294 2809; x_wconf 91' lang='lat' dir='ltr'>c.</span> <span class='ocrx_word' id='word_1_395' title='bbox 1335 2768 1431 2808; x_wconf 88' lang='lat'>706.</span> <span class='ocrx_word' id='word_1_396' title='bbox 1473 2768 1687 2808; x_wconf 79' lang='lat' dir='ltr'>exstincto</span> <span class='ocrx_word' id='word_1_397' title='bbox 1733 2766 1811 2806; x_wconf 87' lang='lat' dir='ltr'>cfr.</span> <span class='ocrx_word' id='word_1_398' title='bbox 1855 2766 1980 2806; x_wconf 90' lang='lat' dir='ltr'>Wei-</span> 
     </span>
     <span class='ocr_line' id='line_1_75' title="bbox 1100 2828 1979 2881; baseline -0.006 -10"><span class='ocrx_word' id='word_1_399' title='bbox 1100 2832 1226 2871; x_wconf 87' lang='lat' dir='ltr'>chert</span> <span class='ocrx_word' id='word_1_400' title='bbox 1267 2832 1388 2871; x_wconf 82' lang='lat' dir='ltr'>Po&#39;et.</span> <span class='ocrx_word' id='word_1_401' title='bbox 1430 2831 1519 2870; x_wconf 92' lang='lat' dir='ltr'>Lat.</span> <span class='ocrx_word' id='word_1_402' title='bbox 1557 2840 1602 2881; x_wconf 89' lang='lat' dir='ltr'>p.</span> <span class='ocrx_word' id='word_1_403' title='bbox 1641 2829 1693 2870; x_wconf 87' lang='lat'>89</span> <span class='ocrx_word' id='word_1_404' title='bbox 1724 2839 1823 2879; x_wconf 89' lang='lat' dir='ltr'>sqq.</span> <span class='ocrx_word' id='word_1_405' title='bbox 1886 2828 1979 2867; x_wconf 90' lang='lat' dir='ltr'>Hoc</span> 
     </span>
     <span class='ocr_line' id='line_1_76' title="bbox 1100 2890 1979 2943; baseline -0.005 -10"><span class='ocrx_word' id='word_1_406' title='bbox 1100 2894 1250 2933; x_wconf 90' lang='lat' dir='ltr'>autem</span> <span class='ocrx_word' id='word_1_407' title='bbox 1280 2893 1323 2933; x_wconf 90' lang='lat' dir='ltr'>in</span> <span class='ocrx_word' id='word_1_408' title='bbox 1343 2892 1462 2932; x_wconf 84' lang='lat' dir='ltr'>simio</span> <span class='ocrx_word' id='word_1_409' title='bbox 1493 2891 1563 2931; x_wconf 92' lang='lat' dir='ltr'>illo</span> <span class='ocrx_word' id='word_1_410' title='bbox 1584 2890 1875 2943; x_wconf 84' lang='lat' dir='ltr'>reprehendit</span> <span class='ocrx_word' id='word_1_411' title='bbox 1895 2890 1979 2929; x_wconf 92' lang='lat' dir='ltr'>Ho-</span> 
     </span>
     <span class='ocr_line' id='line_1_77' title="bbox 1100 2951 1980 3005; baseline -0.005 -11"><span class='ocrx_word' id='word_1_412' title='bbox 1100 2956 1260 3004; x_wconf 85' lang='lat' dir='ltr'>ratius,</span> <span class='ocrx_word' id='word_1_413' title='bbox 1294 2954 1414 3005; x_wconf 85' lang='lat' dir='ltr'>quod</span> <span class='ocrx_word' id='word_1_414' title='bbox 1436 2953 1646 3005; x_wconf 84' lang='lat' dir='ltr'>neglectis</span> <span class='ocrx_word' id='word_1_415' title='bbox 1666 2954 1850 3005; x_wconf 91' lang='lat' dir='ltr'>propter</span> <span class='ocrx_word' id='word_1_416' title='bbox 1870 2951 1980 2991; x_wconf 84' lang='lat' dir='ltr'>disfi-</span> 
     </span>
     <span class='ocr_line' id='line_1_78' title="bbox 1102 3015 1979 3068; baseline -0.006 -11"><span class='ocrx_word' id='word_1_417' title='bbox 1102 3016 1288 3057; x_wconf 85' lang='lat' dir='ltr'>cultates</span> <span class='ocrx_word' id='word_1_418' title='bbox 1305 3015 1634 3068; x_wconf 78' lang='lat' dir='ltr'>exemplaribus</span> <span class='ocrx_word' id='word_1_419' title='bbox 1651 3015 1829 3056; x_wconf 88' lang='lat' dir='ltr'>Graecis</span> <span class='ocrx_word' id='word_1_420' title='bbox 1850 3015 1979 3053; x_wconf 87' lang='lat' dir='ltr'>unice</span> 
     </span>
     <span class='ocr_line' id='line_1_79' title="bbox 1102 3074 1980 3128; baseline -0.007 -9"><span class='ocrx_word' id='word_1_421' title='bbox 1102 3078 1284 3119; x_wconf 86' lang='lat' dir='ltr'>laudare</span> <span class='ocrx_word' id='word_1_422' title='bbox 1335 3080 1379 3118; x_wconf 90' lang='lat' dir='ltr'>et</span> <span class='ocrx_word' id='word_1_423' title='bbox 1425 3082 1602 3118; x_wconf 78' lang='lat' dir='ltr'>cantare</span> <span class='ocrx_word' id='word_1_424' title='bbox 1657 3074 1980 3128; x_wconf 76' lang='lat' dir='ltr'>(abtrillern)</span> 
     </span>
     <span class='ocr_line' id='line_1_80' title="bbox 1103 3138 1980 3189; baseline -0.006 -8"><span class='ocrx_word' id='word_1_425' title='bbox 1103 3141 1330 3182; x_wconf 88' lang='lat' dir='ltr'>consuerit</span> <span class='ocrx_word' id='word_1_426' title='bbox 1357 3139 1547 3181; x_wconf 87' lang='lat' dir='ltr'>leviores</span> <span class='ocrx_word' id='word_1_427' title='bbox 1570 3138 1662 3179; x_wconf 88' lang='lat' dir='ltr'>illas</span> <span class='ocrx_word' id='word_1_428' title='bbox 1684 3149 1844 3189; x_wconf 84' lang='lat' dir='ltr'>nugas,</span> <span class='ocrx_word' id='word_1_429' title='bbox 1869 3147 1980 3188; x_wconf 87' lang='lat' dir='ltr'>quas</span> 
     </span>
     <span class='ocr_line' id='line_1_81' title="bbox 1104 3199 1982 3256; baseline -0.009 -12"><span class='ocrx_word' id='word_1_430' title='bbox 1104 3204 1339 3253; x_wconf 83' lang='lat' dir='ltr'>dicebant,</span> <span class='ocrx_word' id='word_1_431' title='bbox 1399 3202 1682 3256; x_wconf 60' lang='lat' dir='ltr'>(bagatelles)</span> <span class='ocrx_word' id='word_1_432' title='bbox 1734 3199 1890 3241; x_wconf 87' lang='lat' dir='ltr'>Catulli</span> <span class='ocrx_word' id='word_1_433' title='bbox 1938 3200 1982 3237; x_wconf 87' lang='lat' dir='ltr'>et</span> 
     </span>
     <span class='ocr_line' id='line_1_82' title="bbox 1106 3264 1980 3316; baseline -0.008 -10"><span class='ocrx_word' id='word_1_434' title='bbox 1106 3266 1239 3307; x_wconf 82' lang='lat' dir='ltr'>Calvi.</span> <span class='ocrx_word' id='word_1_435' title='bbox 1269 3290 1312 3294; x_wconf 97' lang='lat'><strong>—</strong></span> <span class='ocrx_word' id='word_1_436' title='bbox 1338 3265 1403 3306; x_wconf 89' lang='lat' dir='ltr'>Ad</span> <span class='ocrx_word' id='word_1_437' title='bbox 1427 3276 1470 3305; x_wconf 88' lang='lat' dir='ltr'>v.</span> <span class='ocrx_word' id='word_1_438' title='bbox 1495 3269 1670 3305; x_wconf 78' lang='lat' dir='ltr'>cantare</span> <span class='ocrx_word' id='word_1_439' title='bbox 1688 3264 1832 3316; x_wconf 88' lang='lat' dir='ltr'>possis</span> <span class='ocrx_word' id='word_1_440' title='bbox 1855 3271 1980 3300; x_wconf 89' lang='lat' dir='ltr'>com—</span> 
     </span>
     <span class='ocr_line' id='line_1_83' title="bbox 1106 3322 1982 3381; baseline -0.007 -13"><span class='ocrx_word' id='word_1_441' title='bbox 1106 3339 1263 3381; x_wconf 83' lang='lat' dir='ltr'>parare</span> <span class='ocrx_word' id='word_1_442' title='bbox 1296 3329 1384 3368; x_wconf 87' lang='lat' dir='ltr'>Cic.</span> <span class='ocrx_word' id='word_1_443' title='bbox 1419 3326 1594 3368; x_wconf 88' lang='lat' dir='ltr'>Tuscul.</span> <span class='ocrx_word' id='word_1_444' title='bbox 1627 3326 1672 3375; x_wconf 88' lang='lat'>3,</span> <span class='ocrx_word' id='word_1_445' title='bbox 1715 3326 1786 3372; x_wconf 86' lang='grc'>49,</span> <span class='ocrx_word' id='word_1_446' title='bbox 1828 3323 1900 3363; x_wconf 74' lang='lat'>45:</span> <span class='ocrx_word' id='word_1_447' title='bbox 1950 3322 1982 3360; x_wconf 86' lang='grc' dir='ltr'><strong><em>Ο</em></strong></span> 
     </span>
     <span class='ocr_line' id='line_1_84' title="bbox 1100 3386 1982 3442; baseline -0.01 -11"><span class='ocrx_word' id='word_1_448' title='bbox 1100 3393 1273 3441; x_wconf 68' lang='lat' dir='ltr'>poetam</span> <span class='ocrx_word' id='word_1_449' title='bbox 1302 3390 1515 3442; x_wconf 79' lang='lat' dir='ltr'>e9r09ium</span> <span class='ocrx_word' id='word_1_450' title='bbox 1546 3386 1790 3438; x_wconf 83' lang='lat' dir='ltr'>(Ennium).‘</span> <span class='ocrx_word' id='word_1_451' title='bbox 1831 3395 1982 3434; x_wconf 79' lang='lat' dir='ltr'>quam-</span> 
     </span>
     <span class='ocr_line' id='line_1_85' title="bbox 1107 3446 1983 3503; baseline -0.007 -10"><span class='ocrx_word' id='word_1_452' title='bbox 1107 3464 1234 3503; x_wconf 78' lang='lat' dir='ltr'>quam</span> <span class='ocrx_word' id='word_1_453' title='bbox 1266 3452 1317 3492; x_wconf 87' lang='lat' dir='ltr'>ab</span> <span class='ocrx_word' id='word_1_454' title='bbox 1347 3452 1408 3492; x_wconf 80' lang='lat' dir='ltr'>his</span> <span class='ocrx_word' id='word_1_455' title='bbox 1435 3449 1678 3491; x_wconf 77' lang='lat' dir='ltr'>cantoribus</span> <span class='ocrx_word' id='word_1_456' title='bbox 1706 3446 1983 3498; x_wconf 76' lang='lat' dir='ltr'>Euphorionis</span> 
     </span>
    </p>
   </div>
  </div>
 </body>
</html>
