2231 3787
855 260 950 299 LlB.
984 261 1013 298 1.

1082 260 1193 299 sAT.
1229 260 1296 299 ix.
1894 255 1984 307 155

235 391 296 443 Et
324 407 558 461 propero
588 407 695 461 quo
726 389 846 443 scis.
899 387 1106 442 Dubius
1135 407 1268 451 sum,
1299 387 1430 460 quid
1457 388 1661 450 faciam,
1692 389 1875 459 inquit,
1918 390 1984 440 40

234 494 374 546 Tene
415 491 715 563 relinquam
754 507 819 544 an
859 507 988 544 rem.
1041 491 1138 553 Me,
1182 490 1361 544 sodes.
1411 491 1526 544 Non
1566 490 1769 553 faciam,
1812 490 1912 552 illc,

234 594 296 646 Et
335 593 670 665 praecedere
712 592 902 664 coepit.

234 696 367 750 Cum
407 695 639 758 victore,
683 712 899 766 sequor.

979 592 1116 663 Ego,
1159 600 1216 644 ut
1251 591 1581 646 contendero
1609 592 1806 645 durum
1833 600 1915 645 est

977 694 1261 748 Maecenas
1302 692 1575 764 quomodo
1615 693 1835 747 tecum?

234 797 368 851 Hinc
391 797 604 868 repetit,
644 813 943 867 paucorum
964 795 1242 850 hominum
1269 804 1321 850 et
1346 796 1538 850 mentis
1564 794 1705 849 bene
1735 813 1926 859 sanae,

275 939 341 981 411.
377 952 434 979 an
462 938 589 979 rem?
620 940 736 990 (cum
767 940 1121 990 interrogationis
1153 939 1289 990 signo)
1321 938 1372 988 b,
1407 943 1481 979 aut
1508 950 1596 979 rem
1624 949 1667 990 p.
1697 960 1742 966 —
1766 936 1833 978 42.
1859 938 1934 977 duf-

219 1003 449 1043 rum'Cum
480 1013 534 1054 cp
567 1004 609 1042 et
638 1013 704 1053 pr.
738 1003 785 1050 S,

820 1013 873 1041 ex
905 1001 998 1042 aliis
1031 1002 1171 1041 Codd.
1209 1001 1292 1055 (77.)
1325 1001 1568 1050 Bentleius,
1605 1002 1701 1040 Fea.
1753 1002 1816 1052 (Ut
1836 1011 1932 1049 nos,

217 1065 245 1105 b
278 1068 322 1106 et
351 1077 467 1106 corr.
502 1066 559 1115 S.)
597 1088 642 1093 —-
685 1063 751 1105 44..
793 1064 1031 1111 hominum;
1067 1065 1214 1104 mentis
1254 1076 1307 1104 cx
1338 1075 1426 1104 uno
1457 1065 1569 1104 Feae
1600 1064 1761 1111 Bothe,
1801 1064 1936 1103 homi-

216 1140 318 1168 num
345 1132 391 1168 ut
418 1128 565 1168 mentis
596 1127 702 1167 (jod.
737 1126 925 1177 Gotting.
960 1125 1088 1177 prob.
1124 1128 1337 1166 Gesnero.

161 1246 226 1285 rio
256 1243 516 1296 ponendum
546 1242 699 1283 fuisset
719 1245 861 1281 utrum
882 1264 905 1270 -
924 1263 947 1270 —
969 1252 1039 1282 an.
1102 1241 1355 1294 paucorum]
1387 1244 1562 1283 Terent.
1596 1243 1706 1283 Eun.
1740 1241 1786 1291 3,
1821 1243 1866 1291 4,
1910 1242 1986 1282 118:

163 1307 249 1347 Sed
293 1306 497 1346 Horatius
545 1305 740 1344 imitatur
783 1314 1042 1344 sermonem

162 1368 423 1410 familiarem
454 1368 719 1418 cogitatione
751 1378 804 1407 ex
839 1367 1044 1418 superio-

161 1432 285 1473 ribus
315 1429 547 1483 suppleto:
599 1430 762 1470 Dubius
791 1441 904 1478 sum,
955 1433 1044 1469 tene

163 1496 249 1536 cet.
308 1495 399 1534 Nec
428 1503 536 1532 vero
568 1492 716 1532 differt
745 1492 835 1532 Cic.
869 1491 925 1530 ad
955 1492 1042 1531 Att.

163 1557 235 1606 42,
269 1556 342 1605 ⁶24,
376 1557 429 1596 2:
470 1556 593 1595 velim
620 1566 685 1595 me
717 1551 1042 1606 (dubitantem)

162 1620 379 1661 certiorem
406 1619 563 1669 facias,
595 1619 638 1658 P.
675 1617 847 1657 Crassus
876 1638 898 1644 —
927 1638 951 1645 -
978 1616 1046 1655 vi-

160 1694 264 1723 vone
292 1704 316 1710 -
344 1703 368 1710 -
390 1685 518 1732 patre
557 1691 631 1720 suo
671 1684 863 1720 mortuus
890 1679 943 1719 sit
971 1701 994 1707 -
1023 1700 1046 1708 -

163 1758 219 1786 an
242 1749 350 1796 post.
411 1745 527 1784 Orat.
562 1744 606 1784 61
635 1755 643 1782 ;
684 1743 917 1793 quaesitum
949 1741 1046 1792 (ita-

164 1820 251 1861 que
283 1805 546 1857 dubitatum)
586 1810 665 1856 est,
705 1806 749 1845 in
788 1810 924 1845 totone
960 1805 1047 1844 cir—

163 1871 277 1911 cuitu
305 1870 375 1909 illo
396 1869 601 1909 orationis
629 1890 652 1897 —
681 1891 705 1898 -
735 1880 791 1908 αη
820 1869 864 1908 sin
887 1869 1049 1919 princi-

157 1933 242 1984 piis
269 1933 402 1972 solum
430 1954 454 1960 —
481 1953 507 1961 -
534 1943 734 1972 numerus
763 1933 960 1972 tenendus
980 1932 1045 1971 sic.

165 1997 400 2037 Praeterea
429 1995 473 2034 in
504 1995 847 2046 interrogatione
879 1995 1048 2035 directa

166 2058 389 2099 efficacius
421 2059 542 2098 certe
574 2057 757 2097 dixisset
788 2057 890 2097 Tene
918 2056 1050 2096 relin-

166 2132 246 2171 quo
275 2132 332 2160 an
358 2131 470 2169 rem,
502 2121 551 2159 ut
582 2121 671 2160 Cic.
696 2119 753 2159 ad
775 2122 860 2160 Att.
888 2120 964 2169 46,
999 2120 1046 2168 8,

166 2184 220 2224 2:
262 2185 487 2223 Romamne
514 2184 655 2232 venio,
689 2194 746 2223 an
774 2183 839 2222 hic
867 2182 1051 2222 maneo?

172 2270 215 2274 —
239 2245 340 2297 rem]
375 2246 498 2285 «Rem
526 2256 606 2296 pro
637 2244 709 2285 lite
733 2246 854 2286 dixit.
915 2246 985 2285 Sic
1007 2247 1051 2285 et

170 2310 212 2348 in
242 2308 413 2359 legibus
444 2309 660 2360 scriptum
690 2309 875 2348 inveniri
908 2307 1046 2348 solet:

168 2383 255 2412 rem
285 2373 370 2411 sive
398 2371 553 2410 litem.»
586 2373 741 2410 Pomm.
773 2371 914 2410 Varro
936 2372 980 2410 L.
1002 2373 1048 2411 L.

94 2436 97 2439 ’
170 2437 216 2483 7,
250 2435 327 2474 93:
377 2434 530 2484 Quibus
568 2444 635 2473 res
673 2437 766 2472 erat
804 2434 847 2471 in
883 2436 1052 2472 contro-

169 2498 330 2547 versia,
377 2508 427 2536 ea
461 2496 694 2536 vocabatur
737 2497 841 2543 lis;
886 2496 975 2535 ideo
1008 2496 1052 2534 in

171 2560 401 2600 actionibus
420 2560 605 2598 videmus
625 2559 706 2597 dici
720 2570 732 2597 .·
768 2558 920 2608 QVAM
936 2559 1056 2597 REM

172 2624 294 2664 SIVE
336 2623 404 2662 Ml
443 2622 614 2661 LITEM
652 2621 854 2661 DICERE
896 2621 1054 2660 OPOR-

175 2686 285 2726 TET.
321 2707 367 2713 —-
399 2685 553 2724 durum
582 2683 651 2735 est]
695 2683 866 2723 Excidit
909 2686 966 2722 est
1010 2681 1053 2721 in

173 2747 321 2788 multis
363 2747 504 2788 Codd.
545 2748 731 2798 propter
769 2746 1054 2786 Horatianam

174 2812 439 2862 scripturam
461 2812 665 2850 durumst.
693 2833 737 2838 —
760 2808 930 2860 victore]
953 2809 1053 2860 «qui

175 2874 378 2915 instando
408 2873 638 2925 pervicit.»

232 2935 379 2976 43-48.
423 2937 645 2975 Maecenas
681 2935 783 2985 cet.]
819 2936 944 2974 Nunc
975 2934 1057 2974 de-

177 3008 300 3038 mum
331 2997 478 3036 missis
509 2996 771 3048 ambagibus
803 2996 859 3036 ad
889 2997 933 3037 id
957 3008 1059 3049 per-

177 3060 298 3100 venit
339 3060 643 3110 importunus,
690 3059 810 3110 quod
849 3071 928 3099 sua
960 3070 1058 3099 ma-

178 3123 295 3162 xime
327 3122 558 3169 intererat,
590 3123 662 3171 ut,
695 3122 731 3161 si
761 3121 856 3161 fieri
877 3122 1054 3173 posset,

180 3184 486 3225 intercedente
551 3184 728 3224 Horatio
790 3185 1058 3225 Maecenatis

181 3248 428 3288 amicorum
483 3245 604 3286 velut
662 3246 833 3285 cohorti
898 3246 1059 3285 eodem

182 3310 316 3350 modo
361 3310 696 3360 aggregaretur,
749 3318 837 3358 quo
882 3308 1060 3347 Horatio

183 3372 385 3423 Virgilius
422 3371 534 3411 illius
573 3370 812 3410 amicitiam
853 3369 1062 3410 concilia-

184 3436 266 3474 rat.
310 3457 354 3463 —-
394 3433 554 3485 repetit]
600 3442 882 3473 «sermonem
922 3433 1062 3473 inter-

1109 1307 1210 1346 THR.
1270 1306 1401 1345 Immo
1426 1306 1484 1345 sic
1512 1306 1631 1345 homo
1666 1309 1723 1344 est
1754 1306 1993 1354 Perpauco-

1109 1379 1205 1407 rum
1223 1368 1448 1408 hominum.
1491 1369 1566 1407 Gx.
1605 1368 1736 1406 Immo
1755 1367 1990 1416 nullorum,

1110 1430 1318 1479 arbitror,
1349 1430 1383 1469 si
1414 1434 1547 1469 tecum
1574 1430 1690 1468 vivit.
1753 1429 1908 1468 Cicero
1936 1427 1993 1468 dc

1111 1494 1214 1533 Fato
1246 1492 1367 1544 apud
1397 1491 1593 1533 Macrob.
1628 1492 1801 1531 Saturn.
1835 1492 1881 1538 2,
1916 1491 1989 1530 42:

1106 1556 1329 1605 Acipenser
1343 1556 1417 1595 iste
1430 1565 1670 1605 paucorum
1689 1554 1902 1593 hominum
1919 1558 1992 1604 est,

1110 1617 1154 1657 id
1185 1619 1275 1667 est,
1311 1618 1469 1669 «piscis
1499 1619 1591 1656 tarn
1620 1627 1770 1665 rarus,
1803 1618 1851 1655 ut
1879 1626 1996 1668 pau—

1111 1681 1173 1720 cis
1204 1679 1434 1720 dumtaxat
1474 1679 1668 1720 convivis
1709 1678 1873 1730 apponi
1913 1677 1997 1717 de-

1111 1742 1258 1783 beat.»
1324 1743 1489 1783 Sensus
1529 1742 1573 1782 h.
1613 1741 1640 1781 l.
1676 1743 1764 1782 est:
1815 1741 1995 1793 «paucis

1112 1805 1319 1856 quidem,
1367 1804 1448 1844 sed
1478 1804 1667 1855 egregiis
1703 1802 1996 1843 familiaribus

1112 1867 1202 1917 ille,
1237 1878 1324 1919 qua
1355 1869 1423 1908 est
1451 1866 1712 1920 prudentia,
1744 1867 1807 1906 uti
1838 1865 1993 1906 solet.»

1112 1932 1254 1972 Minus
1304 1932 1425 1970 recte
1474 1930 1722 1981 Diintzerus
1783 1927 1901 1979 (coll.
1950 1939 1992 1967 v.

1113 1994 1158 2034 71
1181 2006 1189 2033 ;
1219 2004 1327 2033 unus
1353 1991 1620 2044 Multorum.)
1650 1992 1993 2043 interpretatur:

1116 2057 1373 2097 «Maecenas
1421 2055 1558 2094 homo
1609 2055 1677 2094 est
1726 2054 1995 2104 egregius‚»

1114 2119 1277 2171 einziq,
1305 2118 1584 2169 vortrefflich,
1617 2128 1698 2156 von
1717 2117 1888 2156 seltener
1905 2115 1996 2155 Art.

1114 2183 1193 2222 Vv.
1230 2192 1471 2231 paucorum
1492 2203 1515 2208 —
1535 2203 1559 2209 -
1579 2180 1804 2219 submosses
1848 2178 1999 2218 diver-

1116 2245 1290 2285 sissime
1322 2243 1596 2295 interpretati
1635 2243 1737 2282 sunt
1773 2239 1996 2293 philologi.

1117 2308 1153 2357 4)
1205 2306 1358 2345 Omnia
1409 2306 1661 2357 importuno
1715 2303 1995 2343 tribuuntur:

1118 2367 1376 2416 «Quomodo
1397 2368 1548 2407 tecum
1569 2366 1675 2405 vivit
1704 2366 1940 2405 Maecenas
1950 2365 1998 2403 Ὺ»

1119 2431 1412 2482 (Responsum
1460 2439 1549 2468 non
1603 2428 1860 2479 exspectat,
1919 2425 2001 2467 sed

1119 2494 1325 2532 continuo
1361 2502 1442 2543 pro
1473 2502 1554 2533 suo
1586 2493 1718 2542 captu
1758 2492 1890 2540 atque
1933 2489 2001 2528 in-

1119 2556 1247 2607 genio
1269 2554 1474 2594 laudibus
1497 2553 1618 2594 illum
1637 2552 1845 2602 extollitz)
1870 2563 2003 2603 «pau-

1120 2629 1195 2657 cos
1235 2618 1386 2668 utique
1433 2617 1549 2655 inter
1589 2617 1758 2655 amicos
1797 2615 1999 2665 recipere

1119 2678 1253 2728 solet,
1295 2678 1377 2718 sed
1416 2678 1642 2730 egregios,
1676 2679 1724 2717 ut
1755 2679 1824 2726 te,
1857 2676 2003 2727 Virgi-

1119 2742 1247 2791 lium,
1279 2742 1483 2791 Varium‚
1520 2744 1653 2793 atque
1685 2742 1769 2780 hoc
1800 2741 1897 2792 ipso
1921 2739 2004 2779 de-

1120 2804 1238 2845 lectu
1269 2804 1568 2854 demonstrat,
1613 2805 1777 2855 quanta
1809 2803 1864 2842 sit
1893 2813 2004 2854 pru-

1122 2868 1271 2908 dentia
1314 2867 1558 2920 praeditus.
1638 2866 1825 2907 Omnino
1869 2875 2003 2904 nemo

1122 2931 1297 2971 fortuna
1337 2931 1563 2971 dexterius
1602 2941 1654 2970 ac
1692 2928 1912 2970 sollertius
1950 2938 2004 2967 eo

1125 2996 1194 3034 est
1222 3004 1351 3043 usus,
1394 3004 1484 3044 qua
1513 2994 1557 3032 in
1588 2994 1680 3032 arte
1713 3003 1819 3032 sane
1850 3001 2005 3031 rerum

1124 3057 1421 3095 humanarum
1452 3055 1588 3095 cardo
1613 3056 1814 3094 vertitur.
1843 3076 1887 3082 —
1912 3055 2005 3093 lam

1125 3117 1250 3159 facile
1272 3117 1350 3157 tibi
1373 3119 1456 3158 erit
1475 3118 1603 3167 mihi,
1637 3117 1804 3156 homini
1826 3118 2006 3156 centum

1126 3182 1312 3231 artium,
1356 3180 1511 3232 quales
1543 3179 1612 3220 ille
1651 3178 1763 3220 solet
1793 3177 2002 3229 deligere,

1126 3245 1295 3284 aditum
1340 3244 1397 3283 ad
1448 3254 1553 3284 eum
1595 3254 1780 3295 parare3
1841 3253 1892 3281 ac
1939 3241 2004 3280 sa-

1129 3309 1220 3348 cies
1250 3307 1335 3347 hoc
1366 3306 1552 3347 fortasse
1585 3316 1672 3345 non
1703 3305 1796 3344 sine
1826 3302 2005 3354 proprio

1129 3371 1203 3409 tuo
1245 3369 1511 3416 commodo,
1560 3379 1641 3418 ego
1683 3366 1801 3406 enim
1840 3366 1884 3403 te
1923 3374 2005 3415 pro

1126 3431 1237 3471 virili
1268 3433 1393 3483 parte
1424 3432 1624 3470 iuvarem
1655 3428 1869 3468 adversus
1898 3427 2008 3466 invi-

188 3498 373 3538 missum
403 3498 504 3537 hinc
534 3507 688 3537 rursus
719 3494 987 3535 exorditur.»
1015 3518 1057 3523 --
1129 3494 1209 3534 dos
1255 3495 1387 3544 atque
1425 3493 1597 3543 iniquos
1636 3492 1761 3537 tuOS,
1813 3489 1911 3540 qui,
1959 3491 2005 3528 ut
