2231 3787
333 276 429 327 734
1133 274 1343 314 noaArn

403 407 491 460 llle
531 407 684 458 lionis
724 407 1004 475 faveatque
1045 414 1097 457 et
1135 402 1442 456 consilietur
1483 401 1678 461 amice,

405 509 464 560 Et
503 517 650 578 regat
690 507 850 560 iratos
890 515 941 558 et
979 514 1119 557 amet
1157 520 1353 573 pacare
1393 510 1682 564 tumentes3

405 609 494 662 lllc
535 609 703 679 dapes
747 607 927 660 laudet
967 621 1184 658 mensae
1226 603 1430 664 brevis,
1475 601 1560 655 ille
1600 600 1869 655 salubrem

445 759 532 797 wo.
566 757 804 796 cmzcilietur
834 755 883 801 d,
918 757 946 793 t.
984 777 1027 781 -—
1062 754 1206 792 amicis
1237 754 1301 792 Ct.
1345 773 1387 779 —
1433 751 1524 790 497.
1559 755 1672 801 roget
1703 760 1926 800 superscr.
1969 754 2089 801 '‘eqat

386 823 425 860 S.
464 841 507 847 -
546 829 704 868 pacare
733 820 928 856 temnentes
962 827 1013 855 ex
1051 826 1138 854 uno
1172 813 1333 853 Codice
1366 813 1550 851 Victoris
1582 810 1756 851 Giselini
1788 822 1856 862 ap.
1892 810 2093 851 Pulman—

388 893 495 921 num
520 888 689 930 (pacare
720 880 852 918 ctiam
884 878 1165 928 Manuscripti
1195 875 1360 926 aliquot·
1389 875 1507 913 Statii
1541 885 1745 924 unusque
1777 874 1957 923 Cruquii
1988 874 2094 913 Bus—

392 943 489 988 lid..
516 953 665 991 pecare
693 940 759 990 β),
794 939 1034 985 Bentleius,
1071 941 1129 978 M:
1159 948 1332 988 peccare
1361 937 1544 975 timentes
1574 935 1711 975 Codd.
1747 936 1833 974 mei
1865 937 1909 975 et
1939 946 2094 975 omnes

336 1085 407 1113 mo
439 1074 493 1113 ad
521 1072 784 1113 solutionem
809 1070 1006 1116 fabulae,
1041 1073 1087 1109 ut
1108 1080 1211 1109 cum

335 1136 496 1175 chorus
527 1136 743 1187 praesagit
776 1134 942 1174 sensim
972 1133 1212 1183 appropin-

335 1202 545 1249 quantem
590 1197 827 1236 vindictam
874 1195 1112 1234 divinam.»
1165 1216 1207 1222 -

335 1261 506 1300 haereat
535 1259 650 1311 apte]
693 1258 945 1298 «artissime
977 1257 1214 1297 cohaereat

336 1333 436 1362 cum
465 1319 608 1375 μύθῳ
639 1323 778 1373 ipso.»

396 1385 483 1423 196.
517 1385 607 1424 497.
655 1384 769 1422 bonis
795 1383 949 1433 faceat]
997 1391 1215 1431 «semper

337 1457 437 1485 cum
463 1447 665 1497 personis
692 1444 843 1497 probis
866 1447 996 1495 atque
1018 1442 1214 1482 honestis

337 1509 523 1555 faciat3»
573 1509 652 1548 etsi
693 1507 916 1547 interdum
947 1505 1079 1546 veluti
1111 1516 1215 1544 coa—

336 1573 433 1610 ctus
465 1572 596 1621 atque
630 1570 794 1609 cedens
827 1572 1116 1619 tyrannorum
1139 1568 1216 1606 im-

337 1633 584 1684 potentiae,
619 1643 774 1671 eorum
805 1631 934 1671 minis
966 1629 1216 1669 atrocibus-

338 1706 425 1745 que
458 1695 586 1734 iussis
617 1705 664 1734 se
697 1693 893 1740 subiicit,
928 1695 974 1731 ut
995 1693 1042 1731 fit
1063 1693 1105 1731 in
1126 1695 1216 1731 An-

339 1758 496 1807 tigona.
526 1778 569 1783 —
593 1760 631 1795 et
650 1755 911 1805 consilietur]
947 1753 1210 1794 «consilium

339 1818 454 1857 det.»
489 1817 552 1857 Cf.
577 1817 654 1856 Od.
679 1817 717 1864 3,
743 1817 781 1863 3,
808 1817 872 1855 47.
906 1839 950 1844 —
984 1820 1102 1867 regat
1131 1817 1218 1855 ira-

339 1878 412 1930 tos]
446 1881 490 1917 ut
523 1878 623 1917 facit
654 1879 695 1916 in
718 1878 884 1928 Oedipo
911 1888 1038 1927 rege,
1073 1878 1112 1916 in
1133 1879 1218 1916 An-

341 1942 485 1991 tigona
517 1942 602 1979 cet.
631 1963 675 1966 —
701 1943 809 1978 amet
826 1950 985 1989 pacare
1006 1939 1215 1988 tumentes]

342 2004 464 2042 l-{anc
508 2000 766 2046 lectionem,
815 2012 837 2039 a
879 2011 1054 2040 summo
1084 2001 1218 2039 Bent—

340 2065 422 2104 leio
474 2064 648 2114 egregie
695 2063 946 2111 defensam,
994 2066 1215 2102 servatam

341 2127 473 2166 etiam
498 2127 539 2165 in
567 2125 703 2165 altero
725 2124 1059 2176 Regelsbergeri
1084 2124 1218 2164 Codi-

341 2199 391 2228 ce
428 2188 616 2227 affirmat
648 2186 834 2226 Schelle.
883 2187 1029 2226 Lectio
1069 2188 1218 2225 autem

334 2261 498 2300 pacare
528 2251 739 2298 timentes,
774 2259 910 2300 quam
939 2249 1107 2299 recepit
1126 2248 1219 2287 Ma-

342 2313 585 2361 chacekus,
629 2322 811 2364 prorsus
851 2305 1032 2368 ἅκυρος
1071 2312 1137 2351 est
1177 2311 1221 2350 et

342 2377 426 2415 hoc
465 2385 602 2413 unum
639 2374 742 2413 boni
782 2373 938 2422 habet,
987 2373 1108 2425 quod
1138 2372 1220 2412 de-

344 2440 559 2478 monstrat
600 2448 653 2476 ex
682 2436 856 2476 fortuita
887 2434 1137 2487 corruptela
1166 2436 1221 2474 ti-

344 2505 495 2540 mentes
534 2502 675 2539 ortam
707 2509 805 2539 esse
837 2498 1220 2550 interpolationem

339 2574 535 2613 peccare,
568 2573 653 2613 qua
677 2561 948 2612 simpliciter,
973 2563 1017 2601 et
1036 2560 1221 2601 moleste

346 2625 548 2676 quidem,
595 2626 904 2663 verumtamen
937 2634 1039 2663 cum
1070 2623 1220 2663 nescio

347 2698 434 2738 quo
479 2685 626 2726 colore
678 2686 948 2733 Christiano,
1007 2686 1223 2737 repetitur

349 2749 449 2788 illud
482 2749 595 2788 bonis
618 2748 774 2797 faveat.
823 2749 902 2796 Qui
928 2747 1223 2787 defenderunt

343 2822 516 2860 peccare
558 2811 760 2857 timentes,
820 2811 1117 2860 provocarunt
1166 2809 1222 2847 ad

349 2873 454 2923 Epp.
484 2874 515 2919 i,
546 2872 609 2920 46,
633 2873 704 2911 52:
736 2872 918 2910 Oderunt
931 2882 1108 2921 peccare
1127 2871 1221 2910 bom·

346 2934 511 2972 virtutis
539 2945 694 2972 amore.
742 2935 947 2973 Nostram
981 2932 1036 2972 ad
1067 2931 1222 2972 lectio-

349 3007 451 3035 nem
483 2995 535 3034 cf.
560 2996 646 3034 Sat.
670 2996 715 3043 Ξ,
750 2995 796 3042 3,
828 2995 936 3034 213:
981 2996 1138 3034 Purum
1167 2997 1223 3033 est

348 3059 446 3097 vitio
477 3058 572 3106 tibi,
604 3068 698 3096 cum
735 3057 982 3096 tumidum
1012 3061 1083 3105 est,
1115 3054 1224 3095 cor?

351 3119 576 3160 Claudian.
602 3119 669 3157 IV.
705 3119 835 3158 Cons.
862 3119 1024 3157 llonor.
1049 3119 1142 3157 225.
1167 3116 1221 3156 de

351 3183 530 3221 virtute:
554 3181 671 3220 Hanc
700 3184 836 3219 tamen
856 3181 967 3219 haud
987 3180 1221 3229 quisquam,

353 3245 422 3293 qui
452 3255 534 3282 non
565 3242 781 3294 aqnozerit
810 3246 906 3280 unte
932 3242 1063 3280 Semet
1092 3245 1129 3281 et
1158 3242 1225 3281 in-

352 3310 483 3345 certos
498 3306 627 3344 animi
637 3305 855 3355 pacaverit
870 3307 1019 3352 aestus,
1035 3304 1222 3342 inveniet.

355 3368 527 3408 Chorus
550 3369 653 3418 regit
672 3368 851 3414 iratum,
878 3366 950 3417 qui
973 3365 1226 3406 adversario

356 3428 538 3469 absente
571 3440 754 3469 saevum
779 3428 955 3479 aliquod
986 3428 1153 3468 lacinus
1184 3429 1226 3467 in

357 3502 458 3531 cum
479 3490 677 3541 molitur,
705 3495 836 3541 pacat
856 3493 1073 3539 tumentes,
1108 3500 1228 3530 acer-

1275 1069 1385 1108 rime
1413 1068 1525 1106 inter
1546 1078 1592 1107 se
1615 1065 1879 1107 altercantes
1901 1077 1953 1106 ao
1974 1068 2150 1106 mutuas

1276 1131 1418 1169 minas
1441 1128 1628 1168 alterum
1649 1129 1692 1167 in
1714 1127 1901 1168 alterum
1923 1129 2148 1168 iacientes.

1276 1192 1484 1242 Exempla
1528 1190 1760 1230 manifesta
1805 1189 2004 1241 reperies
2041 1188 2148 1229 Oed.

1276 1255 1376 1304 Tyr.
1398 1252 1477 1293 404
1495 1263 1593 1304 sqq.
1613 1253 1732 1292 Aiac.
1753 1252 1851 1291 4094
1872 1262 1939 1302 sq.
1961 1251 2065 1291 4448
2082 1261 2149 1302 sq.

1277 1318 1322 1355 et
1350 1314 1426 1355 ubi
1458 1315 1581 1354 non‘?
1625 1314 1807 1365 Egregie
1839 1315 1987 1353 autem
2014 1313 2057 1352 in
2077 1323 2154 1352 no-

1277 1379 1365 1417 stra
1395 1376 1583 1417 lectione
1606 1376 1693 1416 duo
1715 1375 1919 1416 membra
1941 1374 2154 1427 copulan-

1277 1441 1348 1478 tur
1377 1449 1458 1490 per
1477 1437 1714 1490 particulas
1737 1442 1812 1478 et-
1828 1442 1889 1487 et,
1923 1436 2155 1488 (quemad-

1278 1500 1462 1540 modum
1502 1502 1544 1540 in
1576 1511 1709 1540 versu
1746 1499 2044 1552 praecedente
2073 1510 2156 1551 per

1277 1562 1514 1614 particulas
1537 1574 1652 1612 que—
1667 1567 1704 1602 et
1732 1561 1898 1602 similes
1919 1561 2094 1601 favendi
2113 1563 2156 1601 et

1279 1624 1535 1665 consiliandi
1566 1625 1763 1664 actiones
1797 1623 2154 1676 componuntur,)

1278 1698 1434 1739 parum
1466 1687 1681 1726 concinne
1708 1687 1750 1725 in
1770 1685 1966 1736 volgata:
2000 1687 2070 1725 «et
2090 1695 2158 1725 re-

1280 1750 1421 1789 frenet
1460 1750 1593 1788 iratos
1638 1750 1682 1788 et
1727 1747 1871 1788 faveat
1909 1747 2158 1788 innocenti-

1279 1811 1421 1858 bus;»
1468 1812 1510 1850 in
1551 1810 1801 1861 eademque
1831 1821 1874 1849 v.
1907 1814 2016 1850 amet
2050 1820 2157 1861 pro-

1282 1873 1421 1924 priam
1465 1883 1591 1912 suam
1622 1873 1712 1911 vim
1743 1871 1936 1912 obtinet:
1984 1871 2159 1913 «soleat

1282 1946 1442 1986 pacare
1485 1936 1706 1974 tumentes
1737 1934 2043 1985 gaudeatque,
2081 1933 2157 1974 ubi

1283 1997 1324 2036 id
1355 1998 1585 2036 assecutus
1615 1998 1740 2044 est3»
1774 1999 1926 2036 contra
1947 1995 2051 2036 nihil
2071 1995 2160 2036 lan-

1282 2058 1455 2109 guidius
1499 2057 1694 2109 volgata:
1745 2060 1898 2098 «amet
1936 2069 2039 2108 eos,
2084 2058 2159 2109 qui

1282 2120 1514 2160 formidine
1555 2119 1749 2171 quadam
1787 2131 1960 2172 poenae
1991 2131 2016 2160 a
2050 2129 2160 2172 pec-

1283 2183 1390 2222 catis
1421 2181 1657 2221 abstinent.
1676 2197 1695 2217 n
1739 2183 1892 2234 Neque
1923 2193 2031 2222 vero
2062 2192 2160 2222 ma-

1282 2246 1345 2296 gis
1376 2245 1419 2284 in
1450 2246 1599 2284 nostra
1628 2243 1816 2284 lectione
1838 2247 1906 2285 est
1924 2242 2159 2296 tautologia

1283 2318 1419 2358 quam
1449 2306 1566 2358 apud
1596 2307 1713 2358 Virg.
1747 2308 1855 2346 Aen.
1879 2307 1926 2356 8,
1961 2306 2035 2347 40:
2072 2307 2160 2346 Tu—

1281 2382 1388 2410 mor
1417 2370 1548 2409 omnis
1568 2373 1605 2408 et
1630 2369 1744 2408 irae
1765 2369 2002 2409 Concessere
2022 2369 2155 2409 deum.

1283 2434 1358 2473 Est
1378 2434 1528 2472 antem
1550 2432 1620 2471 hic
1641 2430 1764 2472 locus
1787 2443 1840 2471 ex
1861 2432 1927 2479 iis,
1953 2430 2026 2470 ubi
2045 2441 2159 2471 unus

1285 2496 1512 2535 dumtaxat
1533 2493 1684 2534 Codex
1711 2504 1866 2533 veram
1889 2496 2047 2545 poetae
2068 2503 2161 2533 ma-

1285 2568 1391 2597 num
1422 2557 1633 2605 servavit,
1666 2557 1714 2595 ut
1734 2556 1820 2595 Sat.
1846 2556 1884 2604 4,
1910 2555 1949 2604 6,
1973 2555 2072 2595 ⁴26:
2095 2555 2161 2606 fu-

1283 2620 1351 2671 92'0
1380 2629 1576 2668 campum
1605 2618 1819 2668 lusumque
1849 2618 2065 2669 triqonem.
2196 2639 2231 2667 ς,

1341 2681 1543 2721 498-ἳο4.
1566 2691 1732 2720 mensae
1746 2679 1891 2729 brevis]
1912 2679 2129 2720 «sobriae.

1286 2745 1433 2783 GLoss.
1455 2743 1620 2783 Mosae.
1644 2743 1752 2793 Epp.
1774 2743 1812 2791 4,
1834 2741 1899 2790 44,
1918 2741 1990 2781 35:
2025 2740 2079 2782 Co

1285 2806 1429 2846 brevis
1477 2804 1660 2844 Omnino
1698 2804 1860 2844 chorus
1895 2802 2059 2855 ubique

1285 2867 1429 2908 culcat
1458 2865 1573 2905 illam
1605 2867 1875 2905 Graecorum
1903 2866 2043 2917 prima

1285 2930 1549 2970 sententiam
1566 2940 1574 2966 :
1600 2925 1664 2968 Τὸ
1680 2930 1855 2985 μέτρον
1875 2921 2074 2986 ἄριστοι)

1283 2991 1502 3042 Iustitiam]
1530 2989 1931 3030 Innumerabilibus
1952 2990 2070 3030 enim
2144 2990 2150 2996 ’

1286 3055 1348 3094 cis
1380 3053 1631 3093 celebratur
1659 3054 1701 3093 in
1724 3052 1961 3104 tragoediis
1982 3052 2160 3092 Graecis

1286 3115 1404 3168 Δίκη
1427 3113 1651 3173 ξύνεόρος
1671 3111 1826 3168 Ζηνὸς
1844 3110 2066 3172 ἀρχαίοις
2083 3110 2161 3153 νό-

1286 3190 1412 3230 μοις.
1448 3178 1566 3228 (Oed.
1598 3176 1687 3218 Col.
1714 3176 1850 3227 4382.)
1884 3197 1927 3204 —
1961 3175 2159 3228 legesque]

1289 3240 1553 3291 praesertim
1573 3238 1648 3278 ubi
1669 3250 1692 3278 a
1716 3239 1913 3289 tyrannis
1928 3237 2158 3278 violantur.

1290 3302 1352 3341 Cf.
1391 3302 1497 3341 Oed.
1533 3302 1635 3351 Tyr.
1671 3300 1750 3340 863
1777 3311 1875 3351 sqq.
1918 3322 1960 3328 —
2007 3299 2163 3348 apertis

1290 3365 1375 3404 otia
1398 3363 1545 3414 portis]
1579 3363 1641 3403 Cf.
1665 3362 1743 3402 Od.
1769 3361 1808 3411 3,
1831 3363 1871 3410 5,
1890 3361 1966 3400 23:
1997 3362 2163 3400 Portas-

1291 3437 1368 3476 que
1396 3437 1478 3465 non
1507 3426 1674 3465 clausas
1704 3426 1788 3464 cet.
1837 3423 1906 3462 Sic
1928 3422 2160 3474 Euripides

1292 3488 1476 3540 Cresph.
1502 3489 1566 3527 Fr.
1593 3488 1667 3528 45:
1691 3482 1872 3543 Εἰρήνα
1885 3481 2161 3534 βαθύπλου-
