2231 3787
855 249 950 288 LIB.
985 250 1015 288 I.

1077 249 1187 288 SAT.
1222 251 1327 288 VIII.

1911 248 1994 300 tit

256 380 407 432 Hunc
446 395 642 431 vexare
682 378 858 432 locum
898 396 1060 432 curae
1101 387 1225 431 sunt
1263 387 1423 449 atquc
1463 378 1657 435 labori.

255 481 523 544 Quantum
563 479 890 534 carminibus
929 498 1070 551 quae
1109 489 1325 533 versant
1363 488 1524 550 atquc
1569 482 1789 533 venenis

259 583 530 634 Ilun‘ianos
571 583 803 642 animos;
847 581 940 634 lias
980 581 1123 634 nullo
1164 581 1395 652 perdere
1436 598 1657 651 possum

1938 585 2001 633 20

251 684 361 736 Nec
401 683 688 754 prohibere
728 683 915 742 modo,
959 682 1113 735 simul
1155 701 1217 736 ac
1256 702 1390 755 vaga
1431 684 1553 737 luna
1594 684 1850 738 (locorum

253 783 474 836 Protulit
512 802 602 845 OS,
645 785 773 855 quin
801 802 925 837 ossa
954 784 1130 853 legant
1165 784 1473 856 herbasque
1515 795 1786 840 nocentes.

249 884 363 937 Vidi
407 895 619 955 egomet
658 886 806 956 nigra
846 886 1174 939 succinctam
1212 886 1412 940 vadere
1454 886 1592 958 palla

254 985 528 1040 Canidiam
569 986 799 1057 pedibus
841 986 998 1040 nudis
1037 1004 1312 1058 passoque
1352 988 1573 1059 capillo,

295 1121 358 1161 18.
393 1122 471 1160 sint
502 1122 543 1160 S.
582 1143 624 1148 —
662 1120 725 1161 24.
758 1132 983 1171 sparsoque
1014 1121 1087 1172 dp.

176 1229 281 1269 742:
315 1233 525 1268 errantem
554 1229 711 1268 lunam.
757 1230 879 1279 Sagis
901 1231 1050 1269 autem

175 1291 275 1331 luna
306 1293 558 1331 necessaria
591 1294 685 1331 erat
716 1291 771 1330 ad
803 1294 920 1331 artes
947 1303 1050 1331 suas

175 1354 462 1394 exercendas.
524 1355 709 1394 Theocr.
734 1355 779 1403 ⁶2,
806 1354 877 1393 110:
911 1349 1048 1403 ἀλλά,

174 1413 383 1464 Σελάνα,
430 1415 573 1455 Φαΐνε
617 1413 794 1455 καλὸν·
845 1417 918 1456 τὶν
962 1414 1051 1474 γὰρ

173 1480 493 1530 ποταείσομαι
534 1473 720 1526 ἅσυχα,
765 1476 955 1530 δαῖμον.
1004 1503 1047 1508 -

172 1552 265 1580 ossa
294 1541 451 1592 leqant]
487 1542 774 1581 «Etiamnunc
811 1542 881 1581 hic
913 1553 1046 1593 quae-

172 1606 274 1643 runt
303 1615 403 1644 ossa
435 1605 476 1643 tn
510 1604 643 1644 humo
675 1603 847 1652 relicta,
889 1604 1051 1655 quibus

172 1677 282 1717 opus
299 1666 485 1705 habent:
512 1678 592 1705 nec
611 1668 727 1706 enim
751 1666 874 1706 faciIe
893 1666 984 1706 aliis
999 1678 1051 1706 ex

170 1728 386 1780 sepulcris
417 1731 549 1779 atque
582 1729 865 1769 columbariis
901 1732 1053 1769 custo-

172 1791 270 1831 ditis
293 1791 426 1831 furari
449 1803 500 1831 ea
519 1803 650 1842 sagae
673 1794 901 1843 possunt.»
926 1791 1048 1832 Ovid.

172 1854 273 1893 Her.
290 1855 328 1902 6,
345 1855 419 1893 90:
444 1854 646 1903 Certaque
667 1856 714 1894 cle
733 1855 879 1904 tepidis
899 1854 1054 1901 colliyit

171 1927 262 1956 ossa
291 1917 403 1968 rogis
427 1917 624 1967 (Medea).
656 1940 701 1945 —
735 1917 965 1965 herbasque
982 1928 1056 1956 no-

169 1979 313 2031 centes]
336 1978 528 2019 Macrob.
553 1980 725 2019 Saturn.
751 1981 790 2028 5,
807 1980 873 2020 49.
890 1991 931 2030 p.
947 1980 1020 2019 54⁴
1043 1990 1051 2018 :

170 2041 380 2091 Sophoclis
397 2064 420 2070 -
441 2043 661 2092 t1·a90edia
681 2065 703 2070 —
729 2064 753 2070 —
771 2042 1012 2081 inscribitur
1030 2064 1054 2070 -

164 2098 451 2156 Ῥιζοτόμοι,
485 2105 533 2144 in
565 2116 650 2154 qua
679 2105 867 2143 Medeam
897 2105 1052 2143 descri—

170 2166 226 2206 bit
268 2167 478 2218 ‘maleficas
519 2167 667 2206 herbas
709 2172 934 2218 secantem,
984 2168 1053 2206 sed

173 2240 390 2278 aversam,
422 2240 473 2269 ne
491 2230 532 2268 vi
560 2230 679 2269 *noxii
711 2230 849 2269 odoris
877 2231 969 2280 ipsa
990 2230 1053 2268 in-

171 2293 445 2342 terficeretur,
478 2295 516 2330 et
544 2302 687 2330 sucum
709 2293 871 2341 quidem
899 2292 1052 2331 herba-

174 2365 269 2393 rum
313 2354 354 2392 in
391 2355 516 2392 cados
554 2364 701 2392 aeneos
738 2354 1050 2404 refundentem,

171 2417 287 2465 ipsas
329 2420 468 2454 autem
509 2415 656 2454 herbas
698 2416 834 2454 aeneis
875 2416 1052 2466 falcibus

172 2482 446 2518 exsecantem.
488 2478 697 2528 Sophoclis
718 2489 858 2517 versus
875 2478 915 2516 hi
935 2482 1051 2517 sant:

167 2535 226 2580 ‘H
263 2538 299 2578 δ’
328 2538 537 2591 ἐξοπίσω
581 2536 723 2597 χερὸς
767 2535 905 2592 ὄμμα
946 2541 1052 2598 τρέ-

173 2604 312 2643 πουσ’
352 2598 493 2642 'Oxou
537 2597 771 2659 ἀργινεφῆ
817 2599 1052 2654 στάζοντα

175 2663 331 2718 τομῆς
358 2664 626 2705 Χαλκέοισι
647 2663 815 2715 κάδοις
845 2663 1048 2713 δέχεται.

171 2729 224 2767 Et
250 2729 378 2778 paulo
403 2732 523 2778 post:
555 2728 608 2767 αἱ
636 2725 687 2768 δὲ
717 2726 952 2768 καλυπταὶ
975 2729 1053 2769 Κί-

172 2803 280 2831 σται
313 2787 452 2846 ῥιζῶν
482 2788 747 2847 κρύπτουσι
776 2788 954 2843 τομάς,
975 2786 1052 2841 “Ag

172 2847 256 2906 ἥδε
285 2852 448 2902 βοῶσ’,
489 2848 845 2906 ἀλαλαζομένη,
886 2850 1050 2905 Γυμνὴ

173 2915 395 2966 χαλκέοις
443 2910 547 2968 ἧμα
593 2914 861 2974 δρεπάνοις.
938 2917 1050 2956 Haec

172 2979 388 3028 Sophocles
429 2979 593 3029 (Frgm.
628 2978 721 3019 479.
754 2979 930 3029 Dind.)‚
972 2990 1051 3029 quo

173 3045 343 3080 auctore
371 3041 455 3079 sine
485 3040 606 3080 dubio
640 3041 841 3092 Verqilius
863 3042 982 3091 (Aen.
1008 3040 1047 3089 4,

172 3103 274 3143 543:
319 3101 509 3142 Falcibus
537 3106 574 3141 et
601 3113 758 3142 messae
795 3104 851 3142 acl
888 3103 1052 3142 Lunam

174 3169 435 3215 quaeruntur
454 3164 572 3203 aenis
598 3164 793 3204 Pubentes
820 3164 969 3204 herbae
988 3165 1052 3204 ni-

173 3229 241 3280 gri
259 3239 354 3267 cum
372 3228 477 3267 laete
494 3226 673 3277 veneni.)
704 3227 882 3275 protulit
901 3238 1052 3266 aeneas

173 3292 312 3343 falces
374 3288 539 3330 Theod.
575 3288 682 3328 Cod.
707 3289 753 3336 9,
787 3288 860 3337 38,
895 3290 940 3328 6:
972 3301 1051 3329 no-

174 3355 261 3394 (ciis
295 3353 483 3403 quaesita
517 3350 778 3403 graminibus
804 3373 828 3379 -
855 3373 878 3379 -
907 3352 1054 3391 mentis

178 3420 215 3455 et
243 3416 430 3466 corporis
455 3425 614 3454 venena
642 3423 896 3462 componere.

234 3476 380 3516 23-29.
431 3477 521 3516 Vidi
555 3478 712 3526 eqomet
750 3473 853 3525 cet.]
894 3474 1053 3522 «Quasi

1119 1230 1259 1270 dicat:
1311 1232 1359 1270 Et
1399 1235 1446 1271 ut
1486 1231 1642 1271 meIIus
1679 1232 1782 1271 milii
1815 1234 1995 1280 credas,

1117 1303 1223 1332 ecce
1265 1295 1525 1333 nominatim
1566 1294 1640 1333 tibi
1681 1295 1790 1335 duas
1832 1297 1995 1339 recito,

1117 1366 1227 1406 quas
1249 1358 1427 1406 egomet
1456 1357 1558 1395 vidi.
1621 1357 1794 1397 Habent
1823 1358 1866 1396 hi
1897 1369 1999 1397 ver-

1117 1429 1191 1457 sus
1229 1417 1391 1469 aliquid
1430 1420 1621 1469 tragicae
1662 1419 1995 1470 descriptionis,

1116 1483 1163 1519 ut
1194 1479 1247 1519 illi
1279 1480 1439 1531 Virgilii
1485 1483 1604 1531 (Aen.
1638 1481 1684 1529 3,
1724 1481 1863 1531 623.):
1914 1483 1999 1520 I'idi

1117 1546 1290 1593 eqomet,
1325 1544 1405 1582 duo
1436 1544 1484 1583 cle
1514 1555 1685 1583 numero
1706 1555 1800 1583 cuin
1819 1556 2000 1594 corpora

1116 1609 1257 1643 nostro
1289 1607 1402 1644 cet.»
1460 1606 1598 1644 Comi.
1635 1608 1764 1651 CurQ.
1826 1606 1891 1645 Ad
1931 1609 1972 1645 to

1116 1669 1207 1706 tam
1237 1668 1351 1706 lianc
1382 1668 1683 1707 narrationem
1715 1667 1870 1707 lacobs
1893 1679 1996 1707 con-

1118 1730 1219 1769 ferri
1252 1729 1375 1768 iubet
1397 1728 1617 1769 Ileliodor.
1645 1730 1690 1778 6,
1726 1729 1791 1769 14.
1821 1740 1864 1780 p.
1898 1729 1992 1769 248.

1119 1792 1218 1831 Cor.
1253 1792 1313 1831 Ex
1335 1791 1542 1832 omnibus
1566 1794 1715 1831 autem
1736 1803 1998 1848 νεκρομαν-

1117 1854 1264 1903 τεὶαις
1294 1865 1474 1905 semper
1514 1855 1705 1894 maxime
1752 1855 1856 1893 mihi
1900 1853 1997 1907 pla-

1118 1918 1206 1957 cuit
1236 1919 1453 1957 Homerus
1477 1916 1603 1958 Ulixis
1630 1917 1825 1956 animam
1847 1917 1902 1957 de
1923 1928 1997 1957 re—

1117 1979 1201 2020 bus
1238 1981 1404 2019 Troicis
1443 1980 1700 2020 consultans
1739 1980 1857 2031 apud
1895 1981 1996 2020 Phi-

1117 2041 1238 2081 lostr.
1264 2043 1366 2082 Her.
1391 2053 1433 2093 p.
1460 2043 1551 2081 1¹96.
1576 2043 1716 2082 Boiss.
1743 2045 1785 2081 ct
1812 2043 1853 2081 in
1875 2054 1998 2093 gem-

1117 2115 1188 2143 ma
1220 2103 1338 2155 apud
1367 2104 1604 2154 Ingliirami
1636 2104 1743 2143 Gall.
1769 2104 1856 2143 Om.
1887 2105 1992 2144 Tah.

1116 2166 1222 2215 VIL,
1256 2165 1331 2205 ubi
1363 2165 1568 2206 manibus
1600 2168 1721 2206 tenet
1750 2166 1899 2207 velum
1935 2169 1998 2207 in-

1116 2230 1184 2267 ter
1229 2238 1356 2267 suam
1402 2230 1445 2268 et
1489 2228 1676 2268 umbrae
1721 2229 1901 2278 faciem,
1950 2234 1997 2270 ut

1115 2290 1230 2338 hanc
1261 2290 1410 2329 audiat
1441 2290 1690 2339 dumtaxat,
1735 2302 1820 2330 non
1858 2291 1995 2331 oculis

1117 2354 1282 2391 cernat.
1307 2376 1350 2380 —
1371 2352 1509 2404 niqra]
1534 2355 1580 2391 ut
1601 2353 1769 2401 omnia,
1803 2364 1917 2403 quae
1939 2354 1995 2392 ad

1115 2425 1189 2454 res
1221 2414 1378 2453 ferales
1418 2415 1663 2465 pertinent,
1712 2415 1856 2463 furva,
1901 2419 1995 2455 atra

1117 2477 1230 2515 sunt.
1269 2477 1375 2515 IIInc
1397 2477 1529 2515 etiam
1551 2488 1666 2527 agna
1686 2477 1806 2526 pulla
1826 2476 1994 2517 dilace-

1116 2542 1238 2578 ratur
1262 2540 1315 2589 (V.
1342 2539 1441 2588 Ξῖ).
1466 2538 1527 2578 Cf.
1553 2538 1704 2578 Tibull.
1729 2540 1766 2588 4,
1786 2541 1825 2588 ⁶2,
1851 2539 1915 2580 64.
1945 2561 1989 2568 —

1111 2601 1245 2652 palla]
1275 2600 1484 2641 Consulto
1508 2601 1630 2650 palla
1650 2600 1836 2651 largiore
1859 2613 1993 2652 quani

1118 2663 1265 2702 tunica
1307 2663 1464 2702 vestita
1507 2665 1594 2711 est,
1646 2663 1687 2702 in
1729 2664 1854 2703 cuius
1895 2665 1992 2703 sinu

1116 2724 1282 2765 herhas
1313 2736 1505 2776 ossaque
1528 2727 1691 2765 servet.
1717 2726 1802 2765 Cfr.
1827 2726 1995 2765 Becker

1118 2788 1265 2828 Gallus
1295 2787 1378 2838 (ed.
1412 2786 1500 2837 alt.)
1531 2788 1600 2826 111.
1633 2798 1677 2838 p.
1708 2787 1784 2827 447
1816 2798 1917 2839 sqq.
1945 2811 1986 2817 —

1118 2849 1351 2901 Canidiam]
1385 2849 1624 2889 Gratidiam
1645 2848 1990 2901 Neapolitanam,

1117 2912 1172 2952 de
1213 2923 1300 2963 qua
1339 2911 1476 2963 Epod.
1502 2913 1540 2951 5.
1576 2914 1620 2951 et
1650 2912 1715 2951 47.
1752 2934 1797 2939 —
1823 2912 1996 2961 pedibus

1114 2975 1248 3026 nudis]
1295 2974 1361 3014 Ad
1404 2985 1531 3014 sacra
1574 2974 1686 3013 haec
1729 2975 1901 3024 magica
1941 2986 1995 3014 ex

1116 3036 1317 3078 sollemni
1347 3037 1433 3076 ritu
1473 3036 1640 3088 pedum
1671 3036 1845 3076 nuditas
1875 3037 1994 3076 rese-

1114 3099 1318 3146 rebatur,
1352 3100 1401 3137 ut
1421 3097 1576 3138 Medea
1596 3098 1715 3150 apud
1742 3097 1864 3138 Ovid.
1890 3100 1990 3138 Met.

1116 3163 1156 3211 7,
1183 3161 1282 3201 482:
1314 3165 1441 3200 vestes
1460 3161 1609 3200 induta
1627 3161 1846 3209 recinctas,
1867 3161 1994 3199 Nuda

1110 3226 1275 3275 pedem,
1320 3225 1452 3263 nudos
1479 3224 1661 3263 humeris
1688 3224 1829 3274 infusa
1857 3223 1992 3272 capil—

1113 3288 1186 3326 los.
1238 3285 1443 3326 Similiter
1464 3287 1506 3325 in
1528 3286 1754 3326 nocturnis
1775 3285 1990 3325 Lemuriis

1113 3349 1262 3389 habent
1301 3349 1454 3400 gemini
1490 3348 1658 3387 vincula
1697 3347 1814 3386 nulla
1853 3347 1988 3394 pedes.

1115 3411 1238 3451 Ovid.
1263 3412 1375 3450 Fast.
1400 3412 1445 3459 5,
1479 3409 1572 3450 432.
1609 3430 1654 3436 -
1680 3419 1806 3457 passo
1825 3407 1991 3457 capillo]

1117 3473 1262 3513 «Passi
1301 3473 1446 3513 crines
1477 3473 1596 3511 certe
1632 3468 1749 3522 apud
1789 3469 1991 3510 Ovidium
