2231 3787
843 258 941 298 Ans
973 259 1212 299 POETMJA.

201 389 257 442 ld
298 388 386 442 tibi
430 389 684 443 iudiciuin
724 398 831 446 est,
876 406 939 442 ca
980 406 1148 442 mens.

1850 260 1940 312 771

1225 390 1278 442 Si
1319 390 1449 459 quid
1493 399 1666 444 tamen
1706 391 1830 444 olim

200 491 518 562 Scripseris‚
563 491 612 542 in
653 491 819 544 Maeci
860 490 1156 544 descendat
1195 490 1386 544 iudicis
1427 509 1586 544 aures

200 593 261 645 Et
298 592 463 662 patris
503 601 555 645 et
595 600 830 651 nostraS,
874 608 1184 661 nonumque
1225 601 1500 662 prematur
1541 593 1590 643 in
1631 610 1853 655 annum,

199 692 522 747 Membranis
563 693 702 745 intus
742 693 956 763 positis:
998 692 1182 747 delere
1224 693 1426 750 licebit.

202 794 356 858 Quod
398 812 502 847 non
543 794 811 857 edideris;
853 795 1022 848 nescit
1061 812 1162 848 vox
1203 796 1366 848 missa
1404 797 1615 849 reverti.

1849 798 1952 849 390

203 895 486 950 Silvestres
526 895 769 949 homines
809 913 964 950 sacer
1003 897 1378 968 interpresque
1418 898 1645 951 deorum

187 1022 280 1062 387.
314 1023 448 1061 Maeci
478 1021 722 1062 Bentleius:
754 1023 883 1062 Maeli
912 1023 964 1069 B,
1000 1023 1149 1061 Jlaecii
1178 1022 1224 1071 fi,
1257 1024 1378 1062 Mecii
1408 1025 1480 1071 Tc,
1514 1038 1556 1077 y,
1589 1026 1696 1065 Meci
1715 1036 1830 1065 corr.
1856 1040 1898 1073 κ,

191 1086 290 1133 LCt,
313 1086 411 1124 Meti
431 1084 505 1132 bS,
531 1085 585 1130 M,
610 1084 724 1123 Metti
746 1084 789 1132 d,
816 1085 857 1123 F.
888 1107 930 1114 --
965 1084 1084 1122 auris
1105 1085 1148 1123 B.
1198 1108 1230 1112 —
1267 1085 1359 1125 388.
1386 1085 1480 1125 389.
1507 1088 1544 1125 in
1569 1099 1741 1127 annum.
1774 1090 1902 1128 Mem-

188 1147 332 1186 branis
359 1148 470 1186 intus
498 1147 643 1196 positis
671 1147 805 1186 delere
834 1146 1030 1194 Aldinae,
1066 1149 1163 1186 LCt.
1195 1170 1235 1174 —
1261 1147 1405 1198 licebit]
1442 1149 1592 1187 decebit
1623 1149 1651 1188 d
1673 1161 1725 1189 ex
1757 1162 1897 1197 mero,

189 1209 270 1250 sed
300 1220 404 1249 vere
435 1208 619 1250 ridiculo
651 1208 813 1248 librarii
845 1212 1040 1261 stupore.

136 1310 385 1351 felicissima
404 1324 411 1353 ;
446 1311 543 1361 quis
566 1311 685 1350 enim
707 1322 904 1362 unquam
927 1313 1017 1350 tam

137 1373 383 1425 praefracte
415 1374 608 1413 amicum
640 1373 725 1413 hoc
756 1373 825 1413 vel
858 1372 927 1412 illo
950 1374 1018 1412 iu-

137 1436 274 1484 dicio,
308 1437 392 1475 hac
423 1434 491 1475 vel
525 1435 591 1475 illa
623 1438 771 1475 mente
802 1436 864 1474 uti
895 1435 1020 1474 iube-

136 1499 231 1539 bit‘l
256 1523 299 1527 —
333 1498 444 1548 olim]
477 1498 697 1548 Significat
718 1499 1018 1539 festinandum

136 1573 223 1601 non
256 1572 371 1601 esse.
408 1583 452 1588 —-
492 1560 650 1612 Maeci]
691 1562 872 1600 Rectam
907 1561 1019 1600 scri-

136 1626 314 1675 pturam
345 1624 539 1663 servavit
570 1623 814 1674 Porphyrio
847 1624 1015 1663 Monac.

137 1688 182 1725 et
212 1696 262 1725 ex
296 1688 420 1737 parte
456 1685 564 1726 Cod.
598 1686 644 1725 B.
687 1686 761 1726 Est
793 1686 910 1725 enim
943 1686 1015 1736 Sp.

137 1749 330 1789 Maecius
369 1749 533 1800 Tarpa;
582 1748 636 1788 de
678 1759 766 1799 quo
797 1748 896 1787 vide
929 1750 1015 1787 Sat.

139 1812 154 1850 4
179 1842 187 1859 ,
223 1811 297 1859 40,
321 1811 388 1852 38.
415 1835 459 1840 —
494 1816 531 1851 et
559 1811 737 1863 nostras]
771 1811 881 1862 «qui
913 1822 1018 1850 sere

138 1872 216 1913 tibi
259 1884 357 1913 sum
403 1875 634 1921 amicus;»
680 1874 724 1914 id
765 1874 884 1925 quod
926 1874 1020 1913 sine

138 1933 223 1975 ulla
261 1937 510 1987 arrogantia
548 1936 715 1976 dictum
749 1938 829 1976 est.
867 1959 911 1964 —-
943 1947 1023 1975 uo-

136 2010 317 2048 numque
361 1998 473 2050 cet]
521 1997 653 2039 «Noli
696 1999 929 2051 poematis·
962 1999 1022 2038 tui

139 2060 379 2101 editIOnem
407 2062 700 2113 praecipitare
726 2059 915 2111 (Quintil.
940 2061 1018 2112 Ep.

139 2123 196 2163 ad
227 2124 388 2176 Tryph.
414 2125 495 2176 2.);
529 2125 609 2165 sed
641 2136 722 2177 per
748 2135 910 2164 novem
942 2135 1023 2164 an-

140 2198 243 2234 nos,
290 2187 334 2226 id
365 2190 433 2228 est
462 2189 557 2229 sine
590 2189 805 2239 imagine,
853 2187 1022 2227 tamdiu

140 2250 384 2290 retineatur
405 2251 446 2290 in
465 2251 646 2299 scrinio,
667 2250 810 2290 donec
827 2248 1024 2301 aliquan-

141 2314 235 2352 tum
265 2313 453 2353 remisso
483 2314 628 2364 primo
660 2312 730 2352 illo
751 2314 935 2363 impetu,
962 2312 1025 2351 ni-

142 2375 226 2414 mis
249 2374 435 2415 sortasse
459 2374 644 2422 fervido,
680 2373 914 2425 tranquillo
936 2375 1021 2414 iam

142 2437 290 2476 animo
335 2435 517 2476 elimare
553 2441 713 2488 poema
755 2439 881 2476 tuum
919 2446 1024 2487 pos-

143 2498 247 2538 sis.»
291 2497 590 2549 Philargyrius
620 2498 676 2538 ad
707 2499 824 2549 Virg.
862 2497 947 2538 Ecl.
982 2498 1022 2547 9,

143 2560 219 2600 35:
269 2560 350 2600 «C.
395 2559 574 2601 Helvius
611 2561 749 2601 Cinna
783 2561 1024 2612 Zmyrnam

143 2622 340 2674 scripsit,
375 2633 510 2673 quam
532 2633 700 2663 nonum
720 2624 820 2674 post
840 2633 1023 2671 annum,

144 2686 193 2724 ut
223 2683 418 2725 Catullus
456 2686 603 2725 Carm.
634 2685 701 2725 95.
735 2686 823 2733 ait,
871 2684 1023 2724 edidit.

145 2748 193 2787 Id
224 2746 345 2798 quod
376 2749 420 2786 et
451 2746 740 2795 Quintilianus
771 2748 843 2787 ait.
904 2746 1025 2789 Unde

145 2811 279 2851 etiam
306 2811 535 2850 Horatium
567 2811 720 2850 dieunt
749 2810 805 2850 ad
837 2821 942 2850 eum
963 2808 1028 2850 al-

145 2872 350 2913 lusisse.»
397 2873 488 2912 Hoc
525 2874 632 2912 satis
671 2873 891 2912 incertum
927 2883 1027 2913 esse

148 2934 471 2974 demonstravit
490 2934 721 2974 Weichert
740 2936 785 2974 P.
811 2935 856 2974 L.
882 2945 922 2985 p.
951 2933 1028 2973 473

148 3008 216 3048 sq.
251 2996 315 3037 Cf.
349 2997 483 3036 etiam
504 2994 679 3044 Quintil.
706 2997 771 3044 40,
801 2995 841 3045 4,
864 2997 914 3035 2;
946 2997 1031 3035 Nec

148 3059 318 3099 dubium
349 3062 430 3107 est,
462 3058 663 3108 optimum
683 3069 766 3098 esse
785 3059 1032 3098 emendandi

148 3133 302 3175 9enus,
343 3123 378 3161 si
417 3122 575 3172 scripta
602 3122 645 3160 in
675 3121 848 3170 aliquod
875 3125 1034 3171 tempus

150 3188 438 3235 reponuntur,
468 3188 515 3223 ut
545 3184 601 3223 ad
629 3194 679 3223 ea
709 3186 802 3232 post
828 3182 1033 3222 interval—

151 3247 238 3287 lum
274 3247 385 3286 velut
422 3257 533 3286 nova
562 3250 687 3295 atque
717 3245 857 3284 aliena
884 3245 1034 3284 redea-

152 3320 269 3358 mus,
313 3320 364 3348 ne
403 3308 519 3348 nobis
554 3308 712 3357 scripta
749 3310 894 3345 nostra
923 3310 1033 3346 tam-

154 3382 282 3420 quam
319 3374 498 3411 recentes
532 3371 638 3421 fetus
673 3369 957 3409 blandiantur.
983 3390 1028 3398 --

157 3432 235 3474 Alii
255 3434 402 3474 minus
421 3435 543 3473 recte
568 3432 863 3482 distinguunt:
897 3431 940 3470 in
961 3442 1036 3470 an-

157 3506 270 3535 num.
303 3495 560 3536 membranis
587 3494 697 3533 intus
721 3493 880 3544 positis„
905 3493 1037 3533 delere

1079 1231 1123 1237 -
1159 1209 1252 1248 394.
1288 1210 1495 1249 silvestris
1524 1211 1568 1249 T.

1081 1310 1226 1350 licebit.
1267 1312 1335 1350 Sic
1367 1312 1484 1350 enim
1509 1311 1716 1350 inutiliter
1738 1324 1959 1364 occupan—

1082 1376 1153 1411 tur
1196 1384 1268 1412 VV.
1306 1374 1422 1422 Quod
1461 1385 1541 1412 non
1571 1374 1774 1414 edideris:
1823 1374 1956 1414 altera

1083 1435 1366 1474 distinctione
1398 1437 1499 1486 apte
1531 1436 1820 1485 significatur,
1855 1448 1963 1487 quo-

1083 1498 1216 1537 modo
1237 1499 1436 1547 seriptum
1466 1497 1571 1537 illud
1595 1500 1869 1547 premendum
1891 1500 1960 1549 (cf.

1082 1560 1221 1611 Epod.
1263 1561 1307 1607 4,
1345 1560 1427 1609 33.)
1474 1562 1543 1599 sit.
1600 1561 1810 1601 Ceterum
1851 1562 1959 1601 (jod.

1083 1623 1341 1661 Sauroniani
1390 1622 1507 1673 apud
1558 1623 1783 1662 Luisinum
1833 1622 1963 1664 lectio

1084 1686 1368 1734 decimamque
1411 1695 1532 1724 mera
1571 1686 1637 1725 est
1668 1684 1960 1736 interpolatio,

1090 1771 1131 1776 ——
1166 1749 1291 1787 nescit
1318 1759 1404 1787 voae
1431 1748 1560 1786 missa
1591 1748 1756 1802 reverti]
1787 1749 1897 1799 Epp.
1924 1750 1961 1797 4,

1087 1810 1162 1857 48,
1196 1811 1240 1849 74
1263 1821 1270 1847 :
1310 1811 1362 1849 Et
1389 1810 1511 1849 semel
1540 1813 1732 1849 emissum
1759 1810 1872 1850 volat
1902 1811 1965 1849 ir-

1083 1871 1314 1912 revocabile
1332 1872 1517 1912 verbum.
1541 1873 1837 1922 Symmachus
1853 1873 1962 1924 Epp.
2006 1872 2008 1875 ’

1088 1935 1126 1983 4,
1151 1934 1224 1973 34ῑ
1260 1934 1362 1974 Cum
1390 1935 1512 1974 semel
1541 1946 1568 1974 a
1597 1939 1634 1974 te
1663 1946 1833 1975 carmen
1859 1946 1966 1985 pro-

1083 1996 1236 2046 fectum
1264 2000 1342 2045 est,
1375 1997 1440 2035 ius
1460 2008 1579 2036 omne
1595 1998 1781 2047 posuisti.
1821 1998 1967 2037 Oratio

1080 2059 1300 2109 publicata
1328 2070 1394 2098 res
1422 2059 1554 2098 libera
1583 2063 1654 2099 est.

1141 2121 1343 2160 394-396.
1377 2122 1584 2172 Exposito
1615 2123 1762 2172 poesis
1794 2121 1880 2161 fine
1908 2125 1970 2161 at-

1087 2195 1174 2234 que
1215 2183 1399 2223 artificio
1438 2185 1579 2232 omni,
1627 2183 1846 2224 occultam
1884 2176 1969 2222 ἆν-

1085 2245 1268 2285 τίθεσιν
1308 2246 1471 2285 faciens
1510 2245 1727 2285 adversus
1772 2245 1968 2285 infelices

1087 2307 1182 2347 illos
1227 2308 1406 2358 poetas,
1447 2317 1599 2345 veram
1642 2307 1737 2346 eius
1780 2306 1969 2357 dignita-

1088 2371 1178 2409 tem
1209 2368 1438 2420 praedicat
1467 2380 1491 2407 a
1522 2367 1807 2419 religionibus
1838 2380 1889 2408 ac
1911 2368 1970 2408 le-

1088 2431 1215 2483 gibus
1236 2442 1317 2482 per
1336 2441 1488 2471 sacros
1505 2433 1629 2471 vates
1651 2432 1845 2482 primum
1867 2442 1970 2470 con·

1089 2494 1278 2542 stitutis,
1326 2504 1440 2544 quae
1478 2491 1609 2533 simul
1645 2496 1713 2532 est
1742 2494 1968 2544 mythic-ae

1090 2556 1237 2609 poesis
1268 2556 1449 2596 historia
1481 2557 1666 2596 fortasse
1698 2566 1751 2595 ex
1781 2557 1971 2607 Neopto-

1089 2618 1207 2659 lemo
1237 2619 1410 2658 hausta.
1453 2619 1543 2668 (vv,
1574 2617 1646 2657 394
1676 2643 1700 2649 -
1720 2617 1831 2667 404.)
1879 2618 1967 2657 Cfr.

1089 2682 1198 2733 Epp.
1223 2681 1263 2729 2,
1289 2681 1328 2727 4,
1353 2680 1431 2719 426
1451 2690 1551 2731 sqq.
1579 2700 1624 2707 —
1657 2679 1870 2719 Silvestres
1896 2679 1971 2719 ho—

1088 2742 1232 2794 mines]
1264 2741 1555 2794 «plerumque
1586 2742 1630 2782 in
1659 2741 1780 2783 silvis
1801 2742 1971 2793 degen-

1091 2808 1158 2847 tes
1189 2805 1246 2845 ad
1275 2804 1458 2856 glandes
1479 2805 1760 2856 quaerendas
1792 2807 1971 2846 etseras

1092 2867 1437 2909 conficiendas.»
1471 2867 1560 2907 Cic.
1585 2867 1640 2906 de
1662 2869 1831 2907 Invent.
1859 2869 1897 2916 4,
1922 2869 1968 2907 2:

1091 2931 1186 2970 Fuit
1216 2931 1424 2980 quoddam
1454 2934 1637 2980 tempus,
1669 2942 1765 2969 cum
1793 2931 1837 2969 in
1857 2932 1974 2981 aqi-is

1091 2993 1274 3033 homines
1303 2993 1462 3042 passim
1498 2993 1723 3033 bestiarum
1751 3004 1866 3032 more
1894 3004 1973 3032 va-

1092 3055 1305 3107 gabantm·
1335 3059 1371 3095 el
1390 3055 1464 3094 sibi
1482 3056 1596 3095 victu
1613 3056 1702 3106 fero
1722 3056 1854 3095 vitam
1868 3066 1974 3104 pro-

1089 3118 1322 3170 pagabant.
1372 3117 1436 3158 Cf.
1471 3119 1559 3158 Sat.
1586 3119 1601 3157 4
1624 3149 1632 3166 ,
1662 3117 1702 3167 3,
1726 3118 1777 3157 99
1799 3128 1897 3167 sqq.
1927 3139 1970 3144 —-

1093 3180 1231 3232 sacer]
1277 3183 1386 3220 Puto
1432 3192 1519 3220 non
1562 3183 1653 3220 tam
1695 3190 1795 3219 esse
1840 3178 1973 3217 θεῖον

1095 3240 1263 3283 ἀοιδὸν
1288 3243 1466 3282 Homeri
1488 3253 1623 3293 quam
1645 3241 1869 3292 Orpheum
1891 3236 1975 3278 τὸν

1096 3302 1331 3358 θεολόγον
1351 3335 1361 3351 ,
1394 3308 1442 3344 ut
1471 3304 1525 3343 ab
1557 3300 1790 3343 Aristotele
1822 3300 1977 3352 appel-

1096 3367 1234 3415 latur,
1268 3370 1312 3407 et
1340 3365 1516 3417 Virgilio
1547 3367 1656 3405 Aen.
1681 3365 1729 3413 6,
1764 3362 1858 3403 645.
1893 3364 1974 3402 Or-

1090 3430 1221 3480 pheus
1251 3431 1320 3469 est
1354 3429 1558 3469 Threicius
1587 3427 1792 3466 sacerdos
1828 3447 1875 3454 —
1908 3426 1976 3464 in-

1096 3496 1333 3542 terpresque
1362 3490 1546 3539 deorum]
1579 3489 1742 3540 quippe
1774 3488 1843 3527 cui
1865 3487 1976 3527 haec
