2231 3787
886 167 985 206 ARS
1017 166 1258 206 POETICA.

243 297 451 352 Gaudet
488 297 642 368 equis
684 296 1018 367 canibusque
1059 305 1111 349 et
1150 296 1313 366 aprici
1357 297 1594 367 gramine
1644 298 1844 367 campi,

241 400 444 454 Cereus
487 400 536 452 in
576 399 760 451 vitium
799 397 964 459 ssecti,
1011 398 1366 451 monitoribus
1407 416 1588 469 asper,

239 501 453 555 Utilium
494 500 677 554 tardus
718 500 988 571 provisor,
1032 499 1290 571 prodigus
1330 501 1497 555 aeris.

238 602 491 655 Sublimis
532 602 872 673 cupidusque
914 610 966 655 et
1005 611 1179 654 amata
1219 601 1527 673 relinquere
1568 603 1770 673 pernix.

1898 602 1990 654 165

239 704 526 757 Conversis
568 703 758 756 studiis
799 711 946 756 aetas
987 704 1307 774 animusque
1350 703 1514 756 virilis

235 805 457 870 Quaerit
498 822 631 876 opes
672 814 724 858 et
763 805 1044 865 amicitias,
1088 806 1309 859 inservit
1348 805 1559 859 honori.

237 907 583 961 Commisisse
624 915 777 960 cavet
815 906 963 977 quod
1003 924 1126 959 mox
1166 916 1373 960 mutare
1416 907 1636 960 laboret.

218 1043 432 1083 remansit
460 1041 676 1090 Imberbis;
720 1040 904 1081 alteram
935 1040 1125 1081 formam
1156 1041 1337 1082 firmant
1365 1043 1478 1081 Acro
1510 1043 1555 1081 et
1589 1043 1760 1082 Comm.
1798 1044 1931 1094 Cruq.

214 1103 509 1157 praetulitque
532 1103 777 1145 Bentleius:
810 1103 1005 1144 Imberbis
1025 1105 1114 1143 mei
1141 1104 1304 1153 Codd.,
1339 1105 1501 1144 LtFMJ.
1529 1125 1572 1132 —
1601 1104 1693 1144 468.
1718 1107 1827 1154 quod
1843 1118 1938 1156 per-

215 1172 380 1207 mutare
410 1168 518 1219 STp‚
551 1168 661 1217 quod
684 1171 779 1217 post
807 1171 974 1206 mutare
1005 1166 1113 1207 Cod.
1147 1167 1251 1217 Reg.
1286 1167 1335 1205 N.
1361 1166 1427 1205 Ξ8.
1464 1166 1662 1215 Gonodii,
1697 1169 1805 1217 quod
1834 1180 1935 1208 moa.-

213 1230 377 1270 munire
406 1241 429 1269 e
453 1230 561 1270 Cod.
588 1228 830 1270 Helmstad.
856 1227 1178 1280 Regelsberger
1208 1229 1251 1266 et
1273 1226 1458 1267 Schelle.
1494 1229 1559 1277 (Ut
1588 1240 1689 1278 nos,
1723 1229 1847 1279 Bbc.)

159 1357 332 1387 mens.»
364 1347 481 1397 Virg.
508 1348 664 1397 Georg.
690 1346 729 1396 3,
756 1347 826 1386 474
850 1358 856 1384 ;
881 1357 1041 1386 summo
1106 1340 1270 1394 κικάς,
1303 1344 1356 1384 αἳ
1384 1345 1465 1384 καὶ
1494 1342 1588 1384 τῶν
1615 1343 1803 1398 σεμνῶν
1824 1346 1988 1399 οἰομέ-

156 1410 332 1461 vestiyia
354 1410 526 1460 pulvere
554 1410 715 1461 siqnent
747 1409 963 1460 (iuvenci).
992 1430 1036 1436 —

1106 1420 1200 1446 νων
1231 1404 1352 1447 εἶναι
1372 1403 1485 1457 τοὺς
1506 1405 1697 1460 θυμοὺς
1715 1406 1989 1461 μαλάττου-

158 1471 322 1523 Colliqit
357 1483 408 1511 ac
446 1472 569 1522 ponit
612 1472 785 1521 temere]
833 1471 929 1510 «uti
974 1473 1042 1510 te-
1106 1482 1189 1510 σαι
1219 1471 1449 1526 κηρίνους
1479 1468 1720 1511 ποιοῦσιν.
1754 1470 1879 1512 Tales
1911 1466 1989 1512 εὗ-

156 1544 281 1574 mere
302 1534 528 1583 irascitur,
552 1535 609 1573 ita
633 1533 757 1573 facile
779 1544 934 1574 rursus
956 1534 1041 1573 mi-
1105 1530 1350 1584 πλάστους
1393 1536 1525 1573 vocat
1566 1533 1826 1574 Aristoteles
1866 1537 1987 1575 Poet.

156 1597 361 1648 tigatur.»
396 1596 484 1637 Cfr.
509 1595 635 1636 Hand
666 1596 790 1635 Turs.
815 1597 846 1635 l.
871 1607 915 1647 p.
941 1595 1035 1636 462.

154 1659 270 1699 Iram
298 1659 512 1711 colliqere,
560 1660 610 1699 ut
643 1669 724 1699 nos
762 1659 899 1698 Zorn
927 1659 981 1710 fa
995 1670 1037 1697 s-

154 1732 254 1762 sen.
283 1744 328 1750 -
360 1726 551 1761 mutatur
580 1722 624 1760 in
644 1721 783 1772 horas]
815 1720 1038 1772 significa—

153 1785 271 1824 tione
298 1784 468 1825 formae
503 1784 699 1834 mediae,
735 1784 812 1824 «in
844 1783 1038 1835 singulas

153 1847 286 1887 horas
318 1846 427 1888 alius
458 1846 556 1896 fit,»
604 1848 652 1886 ut
687 1848 774 1887 Sat.
797 1848 844 1896 2,
875 1847 920 1897 7,
958 1847 1032 1886 4οε

152 1910 320 1950 clavum
353 1914 400 1949 ut
437 1913 622 1950 mutaret
650 1910 694 1950 in
721 1911 861 1950 horas.

153 1974 278 2013 Turs.
303 1973 373 2012 III.
405 1984 450 2024 p.
474 1971 569 2013 343.

208 2035 418 2075 464-465.
442 2034 664 2087 Imberbus]
691 2036 809 2075 Haec
832 2034 974 2075 forma
992 2034 1034 2074 h.

152 2097 179 2138 l.
198 2099 396 2150 praestat
412 2110 420 2146 ;
454 2108 558 2137 nam
581 2097 777 2137 Imber-bis
796 2098 956 2138 iuvenis
975 2098 1039 2137 in-

152 2161 327 2211 gratum
350 2159 540 2211 praebet
568 2170 730 2199 sonum
759 2162 944 2212 propter
969 2171 1039 2200 re-

152 2223 413 2274 petitionem
440 2220 638 2273 syllabae
679 2222 728 2262 is.
763 2223 924 2263 Contra
958 2234 1036 2262 ae·-

153 2295 241 2336 que
264 2285 485 2335 ingratum
505 2284 660 2325 fuisset
680 2287 865 2337 propter
894 2284 1034 2337 tripli-

152 2345 667 2399 cemvocalemiEpp.2‚
683 2348 721 2397 4,
737 2348 804 2388 85.
827 2349 1030 2400 Cruquii:

149 2409 326 2449 Imberbi
354 2410 534 2449 didicere
561 2421 644 2462 pro
678 2410 880 2451 Imberbes
909 2412 948 2451 d.
987 2435 1031 2439 —

151 2473 332 2523 tandem]
363 2473 686 2525 impatientiam
707 2474 924 2525 designat,
948 2486 1035 2526 qua

150 2534 461 2576 adolescentes
480 2534 733 2576 libertatem
751 2539 1031 2589 expetunt.—

149 2598 316 2638 custode
341 2598 513 2650 remoto]
549 2598 831 2650 «paedagogo
859 2601 1032 2640 remoto

150 2661 252 2712 post
281 2662 507 2712 sumptam
538 2662 685 2712 togam
715 2660 931 2702 virilem.»
967 2662 1029 2702 Cf.

151 2723 238 2762 Sat.
264 2723 309 2772 4,
345 2723 391 2772 6,
415 2724 482 2764 84.
512 2747 556 2752 -
593 2725 756 2765 Gaudet
783 2725 899 2775 equis
928 2725 1030 2778 cet.]

149 2785 325 2825 Terent.
349 2785 486 2826 Andr.
513 2787 552 2836 4,
579 2788 616 2836 4,
640 2786 716 2827 28:
758 2787 875 2837 Quod
899 2789 1033 2838 pleri-

150 2860 228 2899 que
256 2860 395 2889 omnes
427 2850 590 2900 faciunt
619 2850 935 2900 adolescentuli,
986 2852 1035 2890 Ut

149 2913 338 2951 animum
376 2913 432 2951 ad
461 2913 632 2963 aliquod
664 2914 847 2953 studium
876 2914 1032 2952 adiun-

148 2979 273 3026 ραηι,
316 2978 391 3014 aut
419 2986 546 3024 equos
574 2975 693 3015 Alere
722 2980 796 3014 aut
825 2986 948 3015 canes
977 2978 1033 3016 ad

147 3038 384 3077 venandum
413 3041 488 3077 aut
516 3038 572 3077 ad
596 3038 856 3088 philosophos
877 3041 962 3078 cet.
982 3061 1026 3066 —

147 3099 340 3150 ²qramine
358 3100 512 3151 campi]
544 3101 704 3148 Martii,
737 3100 813 3140 ubi
844 3111 1029 3152 corpora

910 1909 1038 1950 Hand

1106 1596 1171 1644 47,
1196 1595 1235 1636 4.
1266 1619 1308 1624 —
1336 1597 1475 1649 asper]
1509 1607 1789 1647 «repugnans
1811 1607 1862 1636 ac
1882 1608 1989 1649 per—

1103 1659 1273 1698 vicax.»
1310 1680 1353 1686 —
1393 1659 1562 1698 Uillium
1599 1660 1746 1698 tardus
1775 1661 1986 1713 provisor]

1103 1721 1283 1760 Aristot.
1307 1721 1433 1761 Rhet.
1459 1721 1498 1770 2,
1526 1721 1591 1769 4⁶3,
1612 1722 1659 1762 6:
1685 1720 1988 1779 φιλοχρήμα-

1102 1794 1181 1823 τοι
1210 1777 1391 1836 ἥκιστα
1421 1783 1489 1834 (οἱ
1516 1783 1634 1835 νέοι)
1665 1780 1744 1824 διὰ
1765 1781 1821 1826 τὸ
1841 1782 1987 1837 μήπω

1102 1844 1285 1896 ἐνδείας
1316 1843 1649 1903 πεπειρᾶσθαι.
1692 1870 1737 1876 -—
1776 1848 1984 1901 Sublimis]

1100 1907 1477 1964 μεγαλόψυχος,
1526 1908 1694 1958 elatus,
1741 1907 1985 1957 hochfalz—

1100 1974 1238 2014 rend.
1284 1973 1462 2012 Aristot.
1501 1971 1527 2011 l.
1559 1971 1586 2011 l.
1617 1968 1868 2025 φιλότιμοι
1895 1975 1986 2027 μέν

1102 2036 1193 2075 εἰσι
1211 2066 1221 2083 ,
1244 2032 1432 2086 μᾶλλον
1449 2032 1499 2074 δὲ
1515 2031 1760 2084 φιλόνικοι
1779 2048 1787 2057 ·
1813 2031 1987 2093 ὑπερο-

1100 2094 1195 2150 χῆς
1224 2093 1316 2154 γὰρ
1346 2095 1577 2148 ἐπιθυμεῖ
1602 2092 1632 2150 ἡ
1657 2094 1848 2151 νεότης,
1882 2094 1912 2152 ἡ
1934 2098 1985 2140 δὲ

1099 2162 1208 2212 νίκη
1240 2156 1455 2216 ὑπεροχή
1478 2171 1562 2209 τις.
1601 2160 1640 2211 g.
1669 2162 1743 2202 44;
1776 2161 1868 2201 Καὶ
1898 2174 1984 2214 με-

1098 2219 1409 2278 γαλόψυχοι·
1464 2216 1576 2262 οὔτε
1618 2219 1709 2280 γὰρ
1753 2220 1848 2264 ὑπὸ
1898 2223 1982 2265 τοῦ

1097 2285 1210 2336 βίου
1233 2298 1304 2325 πω
1323 2286 1687 2326 τεταπείνωνται
1704 2317 1714 2335 ,
1747 2281 1869 2327 ἀλλὰ
1889 2285 1983 2327 τῶν

1098 2345 1374 2403 ἀναγκαίων
1417 2342 1610 2406 ἄπειροί
1650 2349 1768 2399 εἰσι,
1813 2350 1895 2390 καὶ
1926 2347 1982 2390 τὸ

1097 2408 1268 2464 ἀξιοῦν
1289 2407 1440 2452 αὑτὸν
1464 2409 1685 2465 μεγάλων
1704 2411 1984 2467 μεγαλοψυ-

1098 2478 1196 2525 χία.
1234 2499 1278 2504 ——
1311 2476 1545 2525 relinquere
1576 2475 1758 2527 pernioe]
1801 2476 1978 2517 Aristot.

1097 2541 1223 2580 Rhet.
1248 2540 1288 2588 2,
1315 2540 1379 2588 42,
1404 2538 1452 2579 4:
1488 2533 1807 2590 εὐμετάβολοι
1828 2537 1879 2579 δὲ
1900 2540 1982 2579 καὶ

1097 2599 1340 2659 ἁψίκοροι
1362 2598 1481 2659 πρὸς
1501 2597 1586 2652 τὰς
1602 2600 1876 2655 ἐπιθυμίας,
1899 2604 1980 2642 καὶ

1101 2663 1297 2723 σφόδρα
1325 2663 1416 2717 μὲν
1446 2662 1761 2716 ἐπιθυμοῦσι,
1796 2667 1981 2716 ταχέως

1096 2727 1147 2769 δὲ
1177 2723 1433 2768 παύονται.

1152 2790 1354 2830 466-468.
1389 2790 1617 2842 Conversis]
1654 2792 1748 2831 Non
1782 2794 1874 2832 est:
1909 2794 1977 2832 «in

1094 2864 1233 2892 unum
1263 2853 1404 2893 versis
1425 2868 1460 2899 ,υ
1495 2852 1600 2892 sed:
1637 2864 1846 2905 «prorsus
1876 2865 1979 2894 mu-

1094 2916 1236 2955 tatis.»
1271 2937 1317 2944 -
1361 2915 1533 2954 inservit
1573 2915 1734 2967 honori]
1785 2916 1976 2967 «cupide

1092 2979 1202 3028 petit
1230 2977 1468 3018 honores.»
1509 2979 1598 3019 Cic.
1624 2978 1679 3019 de
1702 2978 1823 3019 Offic.
1849 2980 1897 3027 2,
1924 2980 1940 3018 4
1965 3011 1972 3027 ,

1093 3039 1117 3080 4
1140 3052 1146 3078 :
1187 3040 1422 3080 Honoribus
1458 3041 1660 3081 inservire
1688 3042 1803 3091 coepi
1831 3052 1975 3090 meque

1092 3105 1223 3142 lotum
1252 3104 1315 3143 rei
1338 3103 1533 3153 publicae
1563 3104 1734 3143 tradidi.
1773 3127 1816 3131 —
1851 3103 1974 3143 Com-

149 3161 420 3202 exercebant
467 3161 774 3204 adolescentes
827 3163 1025 3203 Romani.
1089 3164 1260 3216 misisse]
1300 3160 1561 3222 ἀορίστως,
1607 3166 1666 3205 ita
1707 3166 1877 3214 tamen,
1924 3167 1972 3205 ut

148 3224 256 3264 ovid
286 3225 399 3265 Fast.
434 3225 481 3275 3,
515 3225 618 3265 5119:
658 3226 803 3267 Altera
830 3227 1028 3278 qrami-
1091 3226 1309 3277 significet
1327 3228 1540 3268 infectum
1557 3226 1677 3278 quod
1699 3227 1973 3267 commiserit

147 3297 242 3326 neo
283 3286 484 3337 spectabis
522 3289 704 3338 Equiria
746 3299 939 3339 campo.
979 3309 1022 3316 —
1090 3289 1186 3329 fieri
1217 3301 1304 3330 non
1334 3301 1484 3342 posse.
1520 3289 1584 3330 Cf.
1615 3301 1657 3329 v,
1682 3289 1748 3329 98.
1784 3311 1828 3317 —
1862 3290 1972 3339 quod

149 3349 310 3401 Cereus]
334 3349 562 3391 «flexibilis
579 3362 710 3391 cerae
732 3352 913 3391 instar.»
936 3350 1030 3391 Pla·
1087 3363 1190 3392 mox
1202 3357 1369 3393 mutare
1384 3353 1555 3402 laboret]
1575 3351 1743 3403 «quod,
1766 3350 1842 3391 ubi
1864 3362 1970 3391 eum

148 3412 191 3449 to
222 3413 351 3464 Legg.
378 3413 415 3452 4.
439 3423 482 3464 p.
507 3412 605 3453 633:
639 3412 851 3464 θωπείας
881 3411 1027 3453 κολα-
1087 3414 1219 3467 paulo
1263 3418 1363 3468 post
1405 3415 1695 3467 poenituerit,
1745 3414 1965 3465 corrigere
