2231 3787
170 272 271 323 270

800 271 1013 312 HORATlI
1043 271 1341 312 SATIRARUM

240 406 472 474 Aegrum
511 418 576 456 ex
613 401 917 473 praecipiti,
960 410 1129 454 mater
1167 400 1336 454 delira
1373 400 1585 453 necabit

242 507 299 557 ln
337 503 514 575 gelida
552 503 716 556 fixum
755 503 872 573 ripa
909 502 1210 572 febrimque
1249 501 1502 562 reducet,

239 607 428 670 Quone
468 603 606 658 malo
646 612 880 657 mentem
919 603 1221 656 concussa?
1260 602 1468 656 Timore
1508 602 1748 655 deorum.

1876 603 1979 655 '295

242 708 387 761 Haec
425 706 551 759 mihi
591 705 896 766 Stertinius,
938 704 1242 774 sapientum
1279 711 1525 766 octavuS,
1567 703 1738 756 amico

238 813 397 861 Arma
435 806 605 868 dedit,
648 803 870 876 posthac
911 821 978 857 ne
1019 804 1375 875 compellarer
1413 803 1625 856 inultus

238 910 440 962 Dixerit
475 910 721 962 insanum
759 907 851 978 qui
890 924 1003 969 me,
1054 905 1275 959 totidem
1318 904 1500 959 audiet
1538 913 1698 976 atque

240 1011 527 1081 Respicere
566 1010 745 1080 ignoto
785 1008 958 1062 discet
994 1007 1284 1079 pendentia
1322 1015 1488 1077 tergo.

241 1111 442 1173 Stoice,
484 1119 605 1182 post
644 1111 898 1164 damnum
937 1108 1015 1163 sic
1051 1107 1256 1162 vendas
1295 1107 1475 1161 omnia
1512 1106 1709 1178 pluris,

1877 1108 1981 1160 300

277 1292 371 1333 ⁶294.
403 1292 636 1343 febremque
664 1290 708 1330 b.
747 1311 791 1318 —
826 1291 919 1330 295.
948 1300 1149 1340 percussa
1177 1298 1401 1340 superscr.
1435 1299 1512 1327 con
1532 1288 1579 1336 S,
1606 1299 1807 1338 percussa
1834 1287 1862 1328 b
1886 1290 1930 1328 et

223 1355 406 1405 Franeq.
461 1354 527 1404 (Ut
555 1363 656 1402 nos,
692 1353 746 1402 c.)
782 1375 826 1381 —
858 1352 954 1391 297.
981 1355 1075 1401 post
1102 1352 1203 1391 haec
1233 1361 1346 1390 corr.
1380 1350 1424 1390 b.
1474 1349 1611 1401 (Conf.
1646 1350 1772 1390 Hand
1801 1351 1926 1391 Turs.

221 1418 289 1457 lv.
321 1427 365 1468 p.
399 1416 475 1456 507
507 1416 590 1467 sq.)
626 1437 671 1442 —
705 1414 765 1466 ne]
798 1424 871 1454 nec
900 1413 944 1453 b.
982 1437 1026 1442 —
1060 1413 1154 1454 300.
1188 1413 1260 1465 sic]
1293 1414 1326 1452 si
1358 1413 1406 1453 C.

167 1574 298 1613 ducet.
349 1572 517 1611 Verum
547 1569 697 1609 levarit
726 1580 778 1608 ex
800 1569 1039 1619 praecipiti,

167 1633 369 1676 facillima
399 1633 566 1672 dictum
597 1634 665 1672 est
693 1631 832 1682 figura
861 1642 941 1682 pro
962 1641 1044 1682 pe-

167 1698 302 1738 destri
331 1695 512 1735 servarit
540 1706 594 1734 eJs·
619 1694 863 1744 praecipiti,
908 1695 951 1732 et
978 1692 1044 1743 fe-

166 1761 354 1809 brimque
378 1759 545 1798 reducet
579 1759 753 1807 gratum
795 1758 862 1795 est
905 1749 1044 1794 ὓστε-

167 1835 252 1880 ρον
283 1817 513 1878 πρότερον
544 1829 647 1870 pro:
692 1818 828 1858 «febri
858 1817 1041 1857 reducta

168 1895 272 1925 eum
302 1881 522 1922 necabit.»
557 1903 602 1909 —-
636 1891 689 1920 ea:
712 1879 949 1931 praecipiti]
976 1880 1045 1919 Sic

167 1945 294 1996 volgo
315 1945 447 1984 etiam
466 1941 783 1993 loquebantur,
817 1953 899 1981 nec
922 1941 1048 1992 quid—

168 2018 303 2059 quam
333 2007 447 2045 inest
474 2005 635 2056 poetici
657 2004 889 2043 sermonis.
926 2001 1041 2042 Cels.

167 2071 213 2117 2,
239 2069 283 2107 6:
315 2069 362 2106 In
376 2067 601 2117 praecipiti
620 2066 708 2104 iam
729 2076 810 2104 esse
833 2064 1041 2114 (aegrum)

168 2130 385 2170 denuntiat
414 2127 585 2178 (alvus),
627 2138 733 2177 quae
769 2127 929 2176 liquida
972 2137 1046 2165 ea-

168 2195 339 2241 demque
358 2191 420 2231 vel
450 2191 573 2241 niqra
591 2190 656 2230 vel
680 2190 846 2239 pallida
873 2189 1048 2237 velpin-

167 2255 260 2306 quis
287 2257 358 2292 est.
394 2275 437 2281 —
472 2251 624 2302 Quone]
659 2249 821 2302 duplex
854 2251 1046 2289 interro-

168 2317 303 2367 gatio,
349 2317 397 2353 ut
434 2315 520 2353 Sat.
558 2314 604 2361 Ξ,
648 2313 694 2361 ’2,
740 2313 839 2352 407:
885 2316 1043 2352 uterne.

170 2377 293 2418 Conf.
326 2375 466 2416 Hand.
499 2376 622 2414 Turs.
652 2374 785 2425 IV.p.
808 2374 860 2413 78
891 2384 958 2424 sq.
996 2394 1040 2401 —

167 2439 378 2490 concussa]
410 2438 520 2477 Huic
550 2435 740 2475 verbum
778 2435 863 2475 sibi
899 2436 1046 2475 notius

162 2511 363 2552 percussa
380 2499 702 2539 substituerunt
721 2497 887 2536 librarii
905 2496 1042 2537 multi.

169 2563 256 2603 Sed
285 2561 533 2602 accuratius
562 2559 667 2599 illud
688 2558 904 2610 significat
924 2570 1047 2599 men-

170 2628 223 2666 tis
267 2623 649 2664 conturbationem
693 2633 746 2661 ac
788 2623 1044 2669 vesaniam,

170 2697 305 2738 quam
327 2695 550 2735 percussa,
585 2683 705 2734 quod
726 2685 801 2722 aut
822 2684 876 2723 de
894 2682 1044 2722 dolore

171 2747 316 2799 aliquo
347 2748 420 2786 aut
449 2746 504 2785 de
536 2746 627 2784 acri
657 2744 860 2796 cupidine
882 2744 1046 2783 rectius

170 2819 375 2860 usurpes.
420 2830 466 2835 ——
506 2807 667 2846 Timore
707 2806 891 2855 deorum]
938 2803 1048 2857 (δει-

171 2869 464 2922 σιδαιμονίᾳ)
483 2870 636 2919 utique
658 2867 917 2916 reficiendo,
943 2877 1046 2906 cum

171 2933 376 2974 laudetur
404 2935 535 2971 metus
573 2931 763 2978 deorum,
810 2931 858 2968 ut
901 2929 1046 2969 Livius

171 2995 248 3042 2¹,
289 2994 327 3034 4.
368 2993 423 3033 de
454 2991 717 3033 Hannibale:
762 2992 900 3031 nullas
928 2992 1048 3031 deum

171 3062 325 3105 metus,
368 3056 527 3094 nullum
554 3055 618 3092 ius
648 3055 895 3102 iurandum,
931 3054 1049 3092 nulla

170 3119 331 3168 religio.
380 3117 672 3167 (Quamquam
702 3116 877 3155 Persius
898 3115 944 3164 2,
977 3114 1043 3154 34:

170 3183 352 3219 metuens
380 3179 520 3217 divum
539 3180 768 3216 matertera
791 3187 871 3228 pro
895 3186 1048 3227 super-

173 3241 339 3281 stitiosa
370 3238 509 3288 dixit.)

227 3301 429 3340 296-299.
463 3298 646 3349 octa-vus]
678 3299 869 3346 comice,
904 3299 952 3337 ut
979 3299 1046 3336 Iu-

174 3374 273 3402 ven.
296 3363 346 3409 2,
379 3361 459 3402 40:
514 3361 670 3400 Tertius
699 3371 719 3399 e
747 3359 860 3399 caelo
900 3359 1047 3398 decidit

174 3424 294 3470 Cato;
328 3426 450 3474 grata
480 3424 633 3462 contra
663 3420 909 3472 hyperbola
941 3421 1045 3472 Sap-

173 3486 261 3536 pho
291 3486 467 3525 Graecis
509 3486 576 3524 est
613 3483 784 3524 decima
821 3483 957 3523 Musa.
996 3506 1038 3510 -

1108 1579 1157 1607 ne
1185 1567 1470 1618 compellaret-J
1505 1577 1584 1607 «ne
1625 1566 1845 1608 iniurIOSis
1883 1578 1986 1607 ver-

1107 1630 1175 1669 bis
1207 1640 1279 1670 me
1309 1629 1590 1669 adorirentur
1617 1629 1755 1680 iniqui
1784 1629 1917 1669 mei.»
1938 1651 1984 1658 -

1108 1692 1296 1744 totidem]
1331 1691 1545 1741 «verba‚»
1591 1702 1680 1731 non
1708 1693 1757 1730 ut
1794 1689 1987 1730 nonnulli

1108 1754 1283 1794 volunt:
1321 1756 1455 1805 «quot
1484 1756 1530 1794 tu
1558 1764 1677 1793 nunc
1698 1764 1751 1793 ex
1772 1763 1845 1792 me
1867 1752 1989 1793 audi-

1109 1818 1212 1863 sti;»
1245 1817 1348 1866 sed,
1374 1818 1506 1868 «quot
1531 1815 1601 1856 ille
1622 1816 1729 1856 mihi
1756 1816 1989 1866 ingesserit

1107 1878 1247 1919 verba
1285 1880 1504 1919 insaniam
1549 1878 1859 1929 significantia:
1919 1878 1988 1917 in-

1110 1951 1242 1989 sane,
1276 1940 1438 1989 delire‚
1473 1941 1633 1980 cerrite
1665 1941 1767 1988 cet.,
1799 1938 1987 1979 totidem

1108 2013 1263 2042 rursus
1293 2013 1512 2053 regeram.
1564 2003 1633 2041 Sic
1672 2012 1776 2041 eum
1812 2000 1987 2041 docebo

1109 2076 1188 2104 sua
1236 2065 1373 2115 ipsius
1419 2064 1522 2103 vitia
1569 2064 1795 2114 respicere
1852 2064 1986 2113 atque

1109 2137 1397 2177 agnoscere.»
1457 2128 1567 2166 Nota
1607 2128 1675 2166 est
1713 2123 1872 2165 fabella
1900 2126 1988 2164 Ae-

1110 2190 1233 2240 sopia
1266 2188 1476 2239 (Phaedr.
1507 2187 1556 2236 4,
1592 2188 1683 2236 40„
1721 2186 1851 2227 Babr.
1885 2186 1985 2235 66.),

1110 2250 1220 2290 duas
1251 2261 1383 2301 peras
1414 2261 1449 2290 s.
1480 2249 1696 2289 manticas
1727 2247 1856 2288 nobis
1887 2257 1987 2287 esse

1111 2312 1257 2360 datas,
1290 2322 1426 2351 unam
1458 2322 1481 2350 e
1512 2312 1719 2362 pectore,
1752 2309 1935 2349 alteram
1963 2319 1986 2348 e

1110 2376 1234 2424 tergo
1251 2384 1532 2425 suspensam;
1556 2373 1599 2412 in
1620 2371 1691 2411 illa
1706 2371 1845 2411 aliena
1866 2370 1985 2418 vitia,

1110 2437 1152 2475 in
1183 2436 1266 2474 hac
1295 2435 1474 2486 propria
1504 2434 1736 2474 asservari.
1787 2431 1868 2472 Alii
1895 2429 1987 2471 col-

1110 2496 1206 2537 latis
1248 2495 1453 2536 versibus
1493 2496 1543 2534 52
1580 2506 1648 2546 sq.
1683 2494 1738 2534 de
1776 2492 1920 2534 cauda
1961 2503 1986 2532 a

1110 2561 1234 2609 tergo
1264 2568 1479 2609 suspensa
1510 2557 1770 2607 cogitarunt.
1796 2576 1841 2584 —
1864 2556 1987 2606 iyno-

1109 2621 1162 2672 to]
1199 2619 1343 2670 «quod
1373 2629 1601 2669 nunquam
1619 2618 1867 2658 videmus„
1907 2617 1987 2657 Ca-

1110 2681 1201 2722 tull.
1226 2683 1298 2730 22,
1332 2681 1408 2720 20:
1459 2682 1569 2720 Saus
1598 2681 1774 2729 quoique
1804 2679 1987 2718 attribu-

1110 2749 1174 2784 tus
1192 2748 1250 2783 est
1278 2754 1423 2782 error:
1456 2742 1536 2781 Sed
1563 2753 1647 2780 non
1665 2742 1850 2781 videmus
1865 2751 1987 2780 mait-

1109 2807 1216 2846 ticae
1255 2806 1364 2854 quod
1404 2806 1448 2844 in
1487 2809 1602 2856 terqo
1642 2809 1712 2843 est.
1779 2805 1898 2844 Pers.
1933 2802 1981 2850 4,

1109 2868 1188 2908 24:
1237 2867 1498 2918 praecedenti
1542 2870 1752 2916 spectatur
1796 2866 1986 2905 mantica

1108 2934 1238 2980 terqo.

1163 2989 1364 3030 300-302.
1410 2989 1545 3029 Stoice
1582 2988 1684 3041 cet.]
1722 2989 1797 3029 His
1833 2987 1983 3028 verbis

1111 3053 1240 3102 poeta
1287 3052 1607 3103 Damasippum
1653 3049 1870 3102 appellat,
1927 3048 1983 3088 de

1110 3123 1190 3152 sua
1229 3113 1395 3153 insania
1434 3115 1798 3164 interrogaturus.
1834 3133 1878 3139 —-
1910 3109 1981 3162 sic]

1110 3175 1201 3214 Hac
1231 3173 1443 3224 particula
1473 3177 1679 3223 utuntur,
1720 3172 1798 3213 ubi
1831 3173 1985 3222 optant

1110 3234 1273 3286 aliquid
1310 3247 1334 3275 a
1372 3236 1438 3276 dis
1482 3236 1732 3287 precantes.
1796 3232 1893 3272 Vid.
1926 3231 1983 3272 ad

1109 3298 1187 3337 Od.
1220 3298 1264 3346 4,
1311 3297 1357 3346 3,
1406 3298 1443 3336 4.
1497 3297 1633 3348 «Opto
1674 3304 1830 3334 verum
1876 3294 1982 3333 mihi

1109 3358 1251 3405 dicas3
1296 3359 1382 3406 sic,
1427 3357 1502 3397 ubi
1533 3358 1618 3396 hoc
1649 3356 1828 3404 feceriS,
1872 3365 1982 3394 con-

1107 3420 1242 3470 tingat
1282 3419 1381 3468 tibi,
1426 3422 1474 3458 ut
1519 3420 1618 3470 post
1655 3418 1719 3456 rei
1759 3415 1981 3456 familiaris

1109 3481 1381 3532 naufragium
1402 3491 1557 3520 rursus
1581 3479 1754 3520 lucrum
1785 3478 1917 3519 facias
1937 3479 1981 3517 in
