2231 3787
907 199 1002 237 Llss.
1038 199 1066 236 Ι.

1134 199 1245 237 snt
1281 199 1346 236 iv.
1976 195 2031 246 71

293 328 586 391 Custodes,
628 327 908 381 videamus
948 334 1067 379 uter
1106 325 1225 397 plus
1266 326 1504 380 scribere
1547 328 1730 397 possit.

295 430 358 482 Di
399 429 538 483 bene
579 430 841 490 fecerunt,
885 428 1057 498 inopis
1098 445 1184 480 mc
1225 426 1484 498 quodque
1525 427 1701 498 pusilli

294 532 582 584 Finxerunt
622 530 810 592 animi,
854 546 976 582 raro
1016 537 1067 582 et
1105 546 1378 599 perpauca
1420 528 1703 599 loquentis.

294 636 356 685 At
394 642 448 684 tu
487 631 769 685 conclusas
809 630 1028 684 hircinis
1068 630 1282 683 follibus
1323 647 1508 692 auraS,

288 735 470 804 [sque
510 732 843 794 laboranteS,
886 732 1014 785 dum
1053 731 1254 785 serrum
1293 730 1492 784 molliat
1534 731 1690 802 ignis.
1981 733 2043 783 20

288 835 351 889 L't
390 835 590 895 mavis,
634 835 856 888 imitare.
933 836 1130 887 Beatus
1170 832 1402 887 Fannius
1441 831 1578 885 ultro

330 970 394 1009 118.
430 970 659 1019 loquentem
690 968 844 1008 Lamb.
879 968 992 1008 coni.
1029 978 1172 1018 eoque
1195 969 1376 1006 auctore
1399 964 1635 1006 Bentleius.
1666 990 1709 994 m
1743 967 1809 1005 ⁶20.
1829 967 1991 1016 ferrum

271 1033 366 1071 (lum
398 1046 438 1085 y.
467 1054 511 1059 —
538 1033 718 1071 ernolliczt
749 1030 973 1071 Bentleius
1006 1031 1275 1070 coniectura.

208 1144 351 1182 pauca
375 1132 590 1182 quztentis]
616 1132 866 1180 «taciturni,
892 1142 980 1170 non
1002 1141 1100 1181 gar-
1162 1128 1303 1170 Sicilia
1335 1140 1373 1168 a.
1408 1140 1450 1168 u.
1486 1140 1521 1168 c.
1558 1130 1670 1175 Tio,
1713 1130 1785 1180 qui
1825 1132 1924 1180 post
1960 1141 2044 1181 pu-

215 1195 339 1235 ruli,»
400 1196 551 1234 Senot.
604 1193 787 1233 Animus
825 1195 976 1232 autem
1016 1204 1097 1231 au-

214 1260 308 1297 ctor
339 1259 406 1297 est
435 1257 654 1297 sermonis
675 1255 745 1295 xel
775 1256 899 1307 parci
929 1254 999 1295 vel
1026 1266 1097 1294 co-

215 1320 339 1372 piosi.
391 1321 438 1359 C.
466 1321 638 1359 Passow
659 1317 843 1358 contulit
871 1318 1092 1369 Aristoph.

213 1382 402 1422 Acharn.
437 1381 541 1421 485:
575 1375 661 1434 ἄγε
684 1379 792 1429 νῦν,
826 1374 865 1419 (5
896 1377 1096 1419 τάλαινα

215 1441 445 1500 καρδία,
494 1438 677 1482 Uzali?
725 1442 909 1491 ἐκεῖσε,
970 1435 1096 1497 κᾷτα

214 1503 316 1558 τὴν
359 1503 626 1558 κεφαλὴν
664 1505 766 1546 ἐκεῖ
805 1502 1093 1562 Παράσχες,

215 1567 442 1609 εἷποῦσ’
476 1562 575 1608 ἅττ’
597 1563 660 1607 ἄν
690 1563 812 1624 αὐτῇ
845 1569 926 1608 σοὶ
955 1566 1091 1625 δοκῇ.

217 1655 261 1660 -
285 1631 499 1671 conclusas
520 1632 625 1680 cet]
647 1630 901 1670 Verbosum
934 1641 985 1670 ac
1008 1632 1097 1669 tur—

213 1695 364 1745 gidum
405 1705 544 1745 genus
584 1693 810 1734 scribendi
851 1693 1091 1744 significat,

215 1757 310 1808 ipso
340 1767 498 1796 versus
529 1767 637 1796 sono
669 1755 778 1796 sollis
800 1754 979 1795 sibilum
1002 1767 1098 1795 cre-

212 1820 444 1871 pitumque
483 1820 692 1859 imitatus.
729 1843 774 1848 —-
806 1818 983 1870 follibus]
1022 1820 1096 1858 lu-

212 1894 312 1922 ven.
351 1883 396 1930 7,
445 1883 552 1922 41¹4:
605 1883 714 1921 Tunc
760 1882 961 1922 immensa
1004 1882 1097 1921 cavi

215 1945 379 1995 spirant
409 1945 627 1984 mendacia
650 1945 784 1995 folles.

266 2006 413 2047 (ΕΙ-24.
459 2008 627 2057 Beatus]
673 2006 828 2047 «stulte
871 2007 955 2047 sibi
1000 2008 1094 2058 ipse

212 2068 394 2122 placens
425 2071 558 2121 atque
589 2069 970 2110 immortalitatem
999 2071 1095 2109 ani—

214 2143 288 2171 mo
316 2133 442 2182 quasi
473 2132 797 2183 praecipiens.»
825 2155 869 2159 —
893 2133 1094 2182 Fannius]

214 2194 377 2233 Horatii
419 2193 693 2234 obtrectator
741 2194 895 2244 (poeta
937 2193 1096 2245 loqua-

215 2257 419 2296 cissimus
464 2259 507 2295 et
551 2257 898 2307 ineptissimus.»
950 2258 1089 2297 Comi.

216 2319 380 2366 Caro),
414 2321 543 2358 notus
563 2321 799 2370 praeterea
821 2321 867 2358 ut
888 2315 1095 2374 παράσι-

215 2392 295 2430 τος
324 2379 485 2431 Tigellii
518 2381 809 2431 Hermogenis
842 2391 895 2419 ex
926 2381 1014 2420 Sat.
1052 2382 1090 2429 st,

217 2444 288 2491 40,
322 2442 387 2482 80.
422 2444 521 2494 post
561 2443 676 2482 hanc
708 2443 886 2493 scripta.
940 2443 1094 2493 Utique

215 2504 499 2545 manifestum
540 2507 609 2544 est
648 2515 752 2544 eum
790 2505 904 2543 inter
937 2505 1096 2544 etiam—

215 2569 319 2606 tunc
345 2567 467 2606 xix-os
499 2568 753 2607 memorari.
817 2566 939 2606 Falsa
969 2568 1097 2617 igitur

215 2631 337 2677 sunt,
373 2640 486 2680 quae
518 2628 788 2669 scholiastae
821 2628 1001 2668 tradunt
1024 2628 1094 2668 vel

213 2692 564 2732 versificatorem
606 2693 752 2743 ipsum
794 2692 944 2742 (quem
984 2693 1095 2731 Fan-

214 2755 337 2794 nium
395 2754 669 2802 Quadratum
718 2755 900 2804 vocant)
957 2755 1095 2794 testa-

216 2818 365 2856 mento
404 2817 489 2856 hoc
534 2816 792 2865 mandasse,
839 2819 888 2856 ut
932 2826 1094 2867 capsae

216 2877 431 2918 librorum
461 2889 565 2919 cum
595 2879 783 2929 imagine
815 2877 1016 2930 publicas
1055 2879 1096 2917 in

214 2939 510 2981 bibliothecas
535 2940 836 2990 deferrentur,
869 2940 940 2981 vel
969 2941 1098 2980 here-

218 3002 413 3054 dipetas,
446 3013 558 3052 quos
587 3003 721 3044 homo
743 3004 907 3052 tenuis,
942 3013 1094 3043 scurra

218 3065 537 3115 Hermogenis,
595 3066 666 3104 vix
714 3065 939 3114 habebat,
1001 3066 1095 3105 eius

216 3128 422 3178 poemata
453 3125 523 3165 illo
554 3127 722 3167 honore
754 3128 981 3176 affecisse,
1025 3128 1095 3167 cui

217 3189 570 3240 interpretationi
618 3189 834 3240 imprimis
878 3192 1097 3242 repugnat

216 3263 257 3291 v.
280 3251 404 3291 ultro.
436 3249 624 3301 (Falsum
646 3251 754 3291 item
775 3253 953 3303 Spohnii
976 3263 1098 3292 com-

218 3315 421 3353 mentum
449 3313 567 3364 apud
597 3313 823 3362 Iahnium‚
867 3315 1095 3354 Horatium

217 3375 337 3427 loqui
375 3376 429 3415 de
462 3376 507 3416 C.
543 3376 703 3415 Fannio
734 3375 956 3424 Quadrato
991 3376 1092 3416 trib.

220 3436 277 3490 pl.
312 3450 350 3478 a.
382 3450 426 3478 u.
461 3449 498 3478 e.
534 3438 646 3487 695,
688 3449 768 3490 pro
805 3440 1010 3490 praet-ore
1052 3439 1095 3478 in

1161 1203 1293 1242 gnam
1324 1190 1653 1242 Philippensem
1684 1193 1959 1244 proscriptus
1988 1193 2042 1232 ad

1161 1256 1259 1294 Sex.
1303 1253 1565 1304 Pompeium
1606 1252 1712 1303 fugit
1754 1256 1797 1293 et
1837 1266 1876 1293 a.
1917 1266 1958 1294 u.
2001 1267 2038 1295 c.

1160 1316 1252 1355 719.
1279 1315 1335 1355 ad
1355 1316 1410 1355 M.
1434 1316 1674 1354 Antonium
1705 1315 1898 1365 defecit.)
1934 1317 2044 1356 Fieri

1160 1378 1343 1429 quidem
1372 1378 1535 1429 potuit,
1580 1379 1628 1416 ut
1659 1378 1823 1417 Horatii
1858 1379 2042 1419 Fannius

1159 1442 1269 1480 mira
1306 1440 1500 1479 vanitate
1540 1439 1718 1479 inssatus
1761 1439 1895 1480 libros
1939 1452 2043 1481 suos

1160 1505 1203 1542 et
1239 1503 1478 1553 imaginem
1520 1499 1634 1541 ultro
1674 1501 1870 1541 deferret
1900 1503 1942 1542 in
1973 1503 2043 1543 bi-

1158 1564 1430 1605 bliothecam
1464 1564 1519 1604 ab
1552 1565 1698 1604 Asinio
1730 1563 1947 1613 Pollione,
1995 1569 2044 1606 ut

1159 1629 1218 1667 ait
1250 1627 1410 1668 Plinius
1438 1628 1489 1666 H.
1515 1629 1563 1667 N.
1591 1628 1637 1676 7,
1673 1627 1757 1676 30.,
1784 1628 2043 1677 publicatam

1159 1702 1197 1729 a.
1232 1702 1275 1729 u.
1311 1702 1348 1729 c.
1384 1690 1478 1728 7116.
1530 1690 1585 1738 (in
1631 1700 1718 1739 qua
1764 1692 1889 1738 tunc,
1939 1701 2042 1730 cum

1160 1752 1450 1799 conderetur,
1502 1753 1560 1791 Μ.
1616 1751 1791 1791 Terentii
1844 1752 2044 1791 Varronis

1160 1816 1282 1854 unius
1324 1814 1498 1854 virentis
1536 1814 1675 1864 posita
1719 1814 1857 1865 imagyo
1896 1815 2038 1866 erat),

1160 1879 1194 1919 si
1233 1878 1365 1918 satira
1406 1877 1517 1916 haec
1559 1877 1721 1927 scripta
1753 1879 1817 1916 est
1850 1888 1888 1916 a.
1924 1888 1965 1916 υ.
2001 1889 2038 1917 c.

1160 1942 1253 1981 7222.
1287 1939 1356 1980 vel
1389 1939 1566 1979 duobus
1598 1938 1795 1978 tribusve
1828 1942 1929 1979 ante
1961 1951 2042 1979 an-

1159 2006 1240 2044 nis.
1306 2002 1392 2042 Cfr.
1435 2001 1664 2042 Weiehert
1704 2003 1825 2041 Poet.
1867 2003 1958 2041 Lat.
1995 2014 2036 2053 p.

1160 2065 1253 2104 290.
1321 2064 1408 2104 Sed
1446 2075 1548 2103 cum
1590 2075 1671 2114 per
1710 2065 1852 2103 totum
1892 2062 2039 2103 locum

1159 2140 1213 2169 ne
1236 2128 1373 2168 ullum
1395 2126 1577 2178 quidem
1594 2126 1785 2166 verbum
1807 2127 1882 2175 sit,
1918 2126 2038 2177 quod

1158 2192 1215 2231 ad
1258 2190 1576 2231 bibliothecam
1622 2188 1847 2240 publicam
1884 2189 2039 2228 referri

1158 2255 1319 2305 possit,
1368 2251 1582 2292 Lambino
1624 2251 1737 2290 duce
1776 2251 1944 2290 Franke
1976 2249 2040 2290 al-

1158 2318 1301 2355 teram
1337 2316 1453 2355 hanc
1487 2314 1740 2365 proposuit,
1787 2324 1893 2353 sane
1935 2323 2040 2363 pro-

1158 2376 1424 2416 habiliorem
1440 2409 1447 2425 ,
1482 2375 1915 2426 interpretationem:
1964 2375 2041 2413 «Si

1159 2440 1406 2491 spreveris,
1459 2448 1574 2489 quae
1621 2435 1892 2476 scholiastae
1937 2447 2041 2475 nar-

1160 2504 1302 2550 rant,»
1338 2502 1395 2551 (et
1426 2500 1586 2539 merito
1610 2498 1813 2550 quidem;
1847 2497 2042 2537 incredi-

1160 2563 1297 2603 bilem
1328 2563 1446 2602 enim
1477 2563 1519 2601 in
1550 2560 1734 2600 modum
1769 2560 1839 2599 hic
1870 2571 2041 2611 nugan-

1161 2627 1277 2676 tur3)
1314 2627 1381 2665 «et
1412 2625 1518 2676 ipsis
1550 2623 1713 2663 Horatii
1743 2621 1893 2662 verbis
1924 2623 2043 2663 insti-

1161 2689 1288 2737 teris,
1314 2698 1501 2728 necesse
1525 2688 1592 2726 est
1613 2684 1853 2725 confiteare
1877 2684 2040 2725 dixisse

1160 2751 1361 2802 poetam,
1401 2761 1424 2788 a
1461 2747 1593 2800 plebe
1635 2748 1693 2798 (ἢ)
1734 2745 1804 2786 vel
1843 2758 1865 2786 a
1898 2746 2040 2787 doctis

1161 2812 1441 2852 hominibus»
1477 2809 1640 2861 (malim
1668 2808 1926 2861 simpliciter
1958 2808 2039 2848 «ab

1161 2875 1271 2925 iis»)‚
1322 2874 1422 2925 «qui
1462 2874 1609 2925 inepta
1650 2872 1796 2912 Fannii
1833 2873 2039 2922 poemata

1160 2938 1335 2990 plurimi
1378 2937 1576 2977 facerent
1617 2938 1661 2975 et·
1695 2935 2038 2982 admirarentur,

1162 3001 1200 3040 ei
1241 2998 1560 3039 loculamenta»
1596 2997 1783 3048 (scrinia)
1824 2997 2039 3048 «pretiosa

1162 3065 1206 3103 et
1242 3063 1480 3113 imaginem
1521 3061 1636 3101 dono
1676 3060 1776 3100 data
1817 3062 1861 3099 et
1897 3057 2038 3098 delata

1162 3137 1277 3166 esse.
1337 3125 1444 3165 Inde
1486 3124 1715 3171 Horatius,
1763 3124 1810 3161 ut
1849 3121 1923 3172 qui
1962 3131 2039 3160 sua

1161 3189 1323 3239 scripta
1380 3198 1435 3227 ne
1488 3185 1601 3227 lecta
1646 3184 1828 3236 quidem
1875 3182 2041 3222 nedum

1159 3249 1336 3290 laudata
1358 3250 1524 3296 nosset,
1548 3249 1759 3288 Fannium
1778 3245 1893 3287 salse
1914 3254 2043 3295 prae-

1161 3313 1323 3353 dicavit
1344 3312 1550 3352 beatum.»
1600 3308 1946 3350 Scholiastarum
1967 3316 2042 3344 au-

1161 3377 1252 3415 tem
1290 3377 1542 3415 commenta
1584 3374 1679 3412 orta
1711 3382 1809 3410 esse
1843 3380 1894 3409 ex
1925 3367 2040 3407 male

1160 3436 1382 3478 intellecto
1428 3448 1468 3475 v.
1507 3437 1679 3482 Beatus,
1732 3443 1820 3483 quo
1866 3430 1934 3471 alii
1966 3430 2043 3470 de-
