2231 3787
208 242 308 292 374

816 242 1028 281 lrlossATll
1060 243 1427 284 EPlSToLARUM

280 376 482 430 Restat,
524 381 581 425 ut
618 372 699 425 his
740 390 840 443 ego
880 390 966 426 me
1006 374 1121 444 ipse
1161 389 1344 443 rogam
1372 371 1625 442 solerque
1653 371 1946 425 elementis,

277 477 392 527 Non
432 474 608 545 possis
647 473 803 528 oculo
843 482 1100 545 quantum
1139 472 1467 527 contendere
1506 474 1780 544 Lynceus,

279 578 392 629 Non
431 584 610 629 tamen
651 575 851 630 idcirco
892 583 1201 628 contemnas
1242 574 1418 645 lippus
1458 574 1664 646 inungi,

278 679 410 737 Nec,
453 678 579 748 quia
617 676 877 747 desperes
919 676 1094 728 invicti
1134 675 1377 728 membra
1416 675 1696 748 GlyconiS‚

1955 679 2022 729 30

278 778 494 831 Nodosa
534 796 730 849 corpus
771 777 906 830 nolis
946 775 1236 848 prohibere
1281 776 1556 848 cheragra.

316 922 380 960 028.
406 920 543 959 ocutos
564 919 756 958 Pottierii
779 918 882 967 duo,
902 919 968 958 LO
991 919 1035 957 et
1054 917 1297 967 Bentleius,
1325 919 1489 958 oculum
1510 918 1578 959 alii
1598 921 1814 970 Pottierii,
1842 923 1969 962 ocutis

261 993 374 1021 unus
407 983 499 1033 (Vp.
536 981 600 1030 C.)
633 982 760 1020 Feae.
798 1002 842 1008 —
876 981 943 1020 29.
975 981 1152 1031 inunyui
1182 979 1256 1019 hs,
1284 1005 1328 1009 —
1354 981 1420 1020 30.
1447 981 1550 1021 «Alii
1579 983 1746 1022 Milonis
1775 983 1966 1034 legunt.»

263 1046 400 1084 Comi.
437 1045 566 1090 Caco.
619 1044 670 1083 Et
699 1044 762 1084 sic
793 1045 904 1083 Feae
934 1044 983 1083 V.
1020 1045 1068 1083 K.
1103 1055 1127 1083 a
1159 1055 1250 1083 sec.
1285 1055 1342 1084 m.
1382 1068 1424 1072 —
1468 1045 1534 1084 31¹.
1567 1046 1770 1098 chiragra
1800 1046 1892 1099 bdp
1923 1050 1968 1087 et

207 1163 347 1213 Agric.
368 1173 405 1201 c.
427 1162 500 1200 115:
536 1172 667 1212 aeque
685 1162 936 1200 discordiam
956 1172 1086 1210 prae-

198 1226 456 1275 positorum,
494 1235 623 1273 aeque
652 1226 920 1264 concordiam
948 1224 1084 1263 subie-

205 1289 279 1327 ctis
309 1288 544 1327 exitiosam.

260 1351 325 1389 Ξῖ.
373 1351 510 1389 Restat
532 1349 634 1400 cet.]
669 1349 807 1389 «Cum
831 1350 1082 1389 etiamnunc

207 1413 442 1465 impediar,
485 1413 719 1463 quominus
761 1411 986 1463 adspirem
1027 1412 1083 1451 ad

205 1476 449 1527 perfectam
484 1475 769 1525 sapientiam,
816 1474 973 1515 saltem
1009 1486 1081 1514 me

207 1541 351 1591 ipsum
384 1538 440 1588 (id
480 1537 600 1589 quod
640 1538 838 1577 omnium
875 1539 1084 1589 gravissi-

207 1613 330 1641 mum
361 1603 439 1651 est>
462 1612 615 1651 regam
646 1601 728 1649 his,
762 1611 875 1651 quae
898 1612 951 1640 ex
972 1601 1083 1641 meis

206 1664 589 1715 qualibuscunque
636 1663 877 1714 sapientiae
927 1663 1082 1703 studiis

208 1728 431 1767 deducere
463 1730 595 1778 atque
627 1725 833 1777 colligere
864 1727 985 1777 potui
1006 1727 1084 1765 ini-

208 1794 274 1831 tiis
307 1790 565 1842 (elementis),
599 1789 706 1829 alios
738 1789 821 1829 sibi
858 1789 996 1840 ipsos,
1036 1791 1084 1827 ut

206 1853 386 1902 volunt,
448 1852 671 1892 moderari
735 1851 859 1891 facile
909 1851 1080 1902 patior,

209 1918 348 1956 atiena
379 1916 496 1955 enim
536 1915 703 1965 negotia
742 1925 831 1953 non
869 1925 990 1960 curo,
1036 1915 1084 1952 ut

210 1981 311 2019 facit
340 1979 678 2029 Damasippus.»
705 2000 748 2005 —
781 1977 901 2026 soler]
935 1978 1084 2015 «tran-

210 2041 433 2093 quillem,»
466 2051 553 2079 non
584 2042 673 2079 tam
704 2040 746 2078 in
767 2038 903 2079 rebus
925 2039 1086 2078 adver-

210 2106 288 2145 sis.
334 2114 523 2155 quarum
562 2114 643 2155 per
677 2104 814 2142 totam
845 2100 1085 2153 Epistolam

211 2166 374 2207 nullam
404 2167 678 2206 mentionem
718 2165 875 2213 inlicit,
923 2175 1082 2215 quam:

215 2230 314 2270 «ubi
358 2231 552 2269 minores
597 2240 732 2279 quam
776 2226 936 2267 vellem
979 2238 1087 2278 pro-

211 2304 390 2345 gressus
422 2293 532 2332 facio
564 2292 605 2331 in
636 2292 796 2330 virtute
827 2301 877 2330 ac
909 2291 1087 2341 sapien—

211 2358 311 2395 tia.»
355 2378 399 2384 -
439 2354 654 2405 elementis]
695 2352 921 2393 Elementa
965 2354 1088 2392 exte-

214 2430 351 2459 nuans
383 2418 487 2457 dicit
517 2420 642 2468 quasi
673 2417 894 2456 doctrinas
925 2414 1090 2467 simpli-

212 2482 411 2520 ‹sissimas
452 2491 503 2519 ac
534 2480 714 2519 minime
749 2479 1001 2527 abstrusas,
1042 2481 1089 2518 ut

213 2545 354 2595 quixis
405 2554 557 2582 earum
605 2543 837 2582 veritatem
882 2541 1090 2592 intelligat

215 2609 355 2657 iisque
386 2606 450 2645 uti
480 2607 628 2654 queat.

270 2669 414 2709 28-31.
448 2669 564 2707 oculo
583 2690 602 2696 -
621 2667 874 2719 contendere]
916 2667 1090 2718 Signifi-

216 2734 283 2770 cat
314 2732 456 2770 aciem
487 2729 717 2771 oculorum
740 2730 1002 2779 extendere,
1027 2730 1092 2769 di-

216 2796 356 2843 rigere
406 2804 546 2844 usque
597 2793 654 2832 ad
703 2795 875 2832 certum
923 2792 1086 2840 finem,

217 2853 425 2903 σκοπόν,
459 2855 569 2895 ultra
603 2867 739 2906 quem
769 2855 891 2894 cerni
920 2855 1008 2894 iam
1028 2855 1092 2894 ni-

217 2918 273 2957 liil
305 2921 470 2969 potest,
505 2917 754 2958 collineare.
817 2919 905 2957 Cic.
940 2917 994 2956 de
1024 2917 1092 2956 Of-

219 2981 287 3020 fic.
322 2980 369 3027 3,
404 2981 451 3028 Ξ,
486 2981 530 3019 6;
580 2984 783 3029 quantum
811 2979 966 3018 conniti
994 2979 1091 3018 ani-

218 3054 284 3081 mo
322 3046 458 3092 potes,
506 3047 708 3091 quantum
750 3041 892 3081 labore
923 3045 1092 3080 conten-

218 3107 325 3144 dere.
357 3114 437 3155 pro
468 3104 607 3153 Ligar.
632 3103 670 3151 3,
705 3104 749 3142 6;
785 3105 995 3153 Quantum
1016 3114 1094 3152 po-

219 3172 328 3215 tero,
361 3177 457 3205 ¹voce
486 3167 750 3213 contendam,
783 3171 828 3204 ut
856 3165 929 3204 hoc
954 3177 1092 3214 posm-

218 3231 280 3268 lus
310 3230 519 3267 Romanus
554 3229 768 3266 exaudiat.
831 3228 899 3266 Sic
939 3226 1091 3267 Celsus

226 3293 235 3330 l
261 3323 267 3337 ,
301 3290 339 3330 li.
373 3302 467 3329 rece
496 3290 737 3329 contendere
767 3300 846 3340 pro
875 3301 1013 3329 vocem
1031 3290 1093 3328 in-

219 3354 379 3392 tendere
411 3354 523 3392 inter
554 3353 749 3403 corporis
773 3353 980 3392 exercitia
1002 3363 1093 3391 me—

221 3418 377 3455 morat.
438 3416 628 3455 vitiosae
659 3414 870 3455 lectiones
902 3415 1033 3455 etiam
1068 3427 1092 3454 a

222 3478 332 3517 meis
365 3478 501 3518 Codd.
528 3478 761 3520 refutatae.
799 3477 959 3528 ocutos,
993 3489 1093 3518 ocu-

1146 1161 1252 1210 lum,
1287 1161 1512 1212 profect-ae
1535 1164 1637 1202 sunt
1666 1162 1721 1202 ab
1743 1163 1815 1213 iis,
1841 1165 1915 1215 qui
1936 1165 2023 1205 iam

1148 1224 1218 1263 hic
1258 1226 1561 1265 accusativum
1600 1237 1642 1264 v.
1674 1228 1916 1267 contendere
1951 1239 2024 1267 re·-

1148 1286 1398 1336 quirebant.
1434 1309 1478 1315 ——
1520 1288 1731 1340 Lynceus]
1774 1290 1861 1329 Sat.
1897 1291 1941 1338 l,
1974 1291 2021 1336 2,

1147 1350 1212 1388 90.
1241 1373 1285 1377 —-
1308 1352 1402 1389 Non
1431 1354 1568 1390 tamen
1595 1351 1697 1401 cet.]
1732 1353 1852 1391 «Non
1874 1354 2025 1392 tamen

1147 1411 1258 1451 adeo
1291 1412 1621 1464 desperandum
1653 1414 1708 1453 de
1735 1414 1832 1454 visu
1863 1416 1946 1463 est,
1978 1417 2026 1454 ut

1147 1475 1182 1513 si
1229 1473 1463 1525 aliquando
1504 1474 1762 1526 lippitudine
1807 1475 2026 1527 (Auqen-

1147 1537 1492 1588 entzitndnnq)
1523 1537 1721 1587 labores,
1747 1537 1929 1589 collyria
1950 1538 2027 1578 ad-

1148 1599 1301 1639 hibere
1334 1600 1569 1651 curarique
1592 1599 1746 1640 nolis.»
1781 1601 1881 1651 (Sat.
1908 1602 1923 1640 l
1948 1633 1957 1650 ,
1980 1602 2020 1649 5,

1148 1663 1198 1701 30
1230 1663 1312 1713 sq.)
1363 1663 1462 1702 Sine
1494 1663 1707 1713 imagine:
1751 1663 1819 1702 «Si
1849 1664 2027 1714 experi-

1147 1728 1297 1764 mento
1328 1726 1442 1765 facto
1464 1725 1521 1765 ad
1542 1737 1769 1766 summum
1798 1724 2025 1777 profectus

1147 1787 1333 1837 gradum
1354 1788 1589 1838 pervenire
1611 1789 1791 1839 nequis,
1818 1786 1904 1827 noli
1925 1787 2026 1827 ideo

1147 1849 1388 1900 desperare
1412 1861 1463 1889 ac
1484 1852 1525 1890 te
1553 1861 1736 1901 prorsus
1757 1849 2024 1900 negligere.»

1149 1913 1238 1951 Cic.
1273 1913 1430 1951 Orator
1460 1914 1507 1962 4,
1549 1912 1597 1953 4:
1646 1914 1790 1953 Prima
1826 1914 1935 1953 enim
1963 1923 2028 1951 se-

1149 1978 1336 2023 quentem
1364 1975 1575 2014 honestum
1595 1980 1653 2014 est
1680 1976 1725 2014 in
1743 1976 1930 2014 secundis
1949 1979 2029 2014 ter—

1148 2038 1294 2087 nisque
1323 2039 1555 2078 consistere.
1614 2039 1754 2078 Varro
1776 2039 1821 2078 L.
1847 2039 1893 2078 L.
1921 2039 1960 2086 5,
1985 2037 2025 2076 9:

1152 2100 1303 2150 Quodsi
1341 2111 1547 2139 snm-mum
1584 2101 1766 2151 gradum
1803 2111 1887 2139 non
1925 2098 2028 2138 atta·-

1149 2174 1269 2213 9ero,
1321 2167 1459 2202 tamen
1506 2163 1729 2202 secundnm
1771 2161 2024 2212 praeteribo.

1151 2226 1317 2265 Eadem
1348 2226 1564 2265 sententia
1595 2224 1732 2264 altera
1753 2225 1901 2265 statim
1921 2224 2030 2263 ima-

1152 2288 1250 2338 gine
1294 2286 1535 2327 illustratur
1575 2287 1694 2339 apud
1732 2288 1901 2327 Stoicos
1939 2285 2028 2325 usi-

1152 2352 1254 2389 tata.
1288 2350 1458 2389 Arrian.
1482 2350 1620 2401 Epict.
1646 2351 1661 2389 l
1685 2382 1692 2399 ,
1717 2350 1762 2398 2,
1796 2350 1873 2389 36:
1908 2343 2028 2388 Οὐδὲ

1151 2409 1240 2469 γὰρ
1262 2411 1422 2452 Μίλων
1443 2408 1622 2465 ἔσομαι
1636 2443 1645 2460 ,
1678 2412 1762 2451 καὶ
1783 2405 1916 2464 ὅμως
1937 2405 2027 2451 οὐκ

1152 2470 1313 2527 ἀμελῶ
1344 2471 1429 2515 τοῦ
1460 2474 1686 2528 σώματος
1706 2486 1715 2496 ·
1749 2470 1860 2515 οὐδὲ
1889 2474 2030 2532 Κροῖ-

1153 2550 1261 2588 σος,
1306 2539 1388 2578 καὶ
1431 2531 1564 2590 ὅμως
1608 2532 1698 2578 οὖν.
1739 2532 1900 2590 ἀμελῶ
1943 2534 2029 2590 τῆς

1152 2599 1390 2654 κτήσεως·
1439 2596 1537 2641 οὐδ’
1578 2596 1742 2651 ἁπλῶς
1778 2594 1927 2640 ἄλλου
1958 2611 2029 2639 τι-

1152 2661 1236 2715 νὸς
1266 2663 1351 2717 τῆς
1380 2662 1649 2716 ἐπιμελείας
1678 2659 1756 2702 διὰ
1785 2659 1872 2714 τὴν
1902 2656 2027 2701 ἀπό-

1152 2740 1328 2781 γνωσιν
1367 2723 1461 2765 τῶν
1496 2719 1656 2782 ἄκρων
1694 2720 2025 2776 ἀφιστάμεθα.

1156 2812 1200 2818 -
1236 2788 1441 2840 Glyconis]
1473 2787 1662 2828 athletae
1703 2787 2026 2836 robustissimi,

1153 2854 1309 2904 poetae
1341 2850 1551 2902 aequalis.
1612 2849 1784 2890 Anthol.
1814 2848 1901 2889 Pal.
1925 2850 1956 2888 I.
1981 2861 2024 2901 p.

1153 2916 1259 2955 516:
1319 2913 1358 2952 Γ
1360 2910 1538 2960 >ittam
1596 2909 1653 2952 τὸ
1709 2907 2028 2969 Περγαμηνὸν

1149 2972 1291 3016 Ἇσίόι
1311 2975 1471 3026 κλεος,
1499 2971 1545 3015 Ὁ
1567 2972 1843 3028 παιιιιάχων
1863 2986 2031 3032 κεραυ-

1153 3036 1256 3090 νός,
1303 3034 1330 3077 ὁ
1361 3035 1538 3089 πλατὺς
1575 3036 1745 3089 πόδας,
1784 3033 1832 3078 O
1861 3033 2028 3088 καινὸς

1145 3098 1329 3152 Ἄτλας,
1363 3100 1419 3142 αὶ
1444 3103 1479 3141 τ’
1511 3097 1731 3142 ἀνίκατοι
1759 3102 1866 3158 >sepe
1854 3113 1894 3171 ς
1915 3095 2028 3157 3Ἐξ)-

1154 3162 1306 3221 bova·
1356 3162 1440 3205 τὸν
1484 3163 1535 3206 δὲ
1578 3162 1790 3222 πρόσθεν
1834 3157 1933 3204 οὔτ’
1978 3162 2027 3203 ἐν

1151 3225 1370 3279 Ιταλοῖς,
1404 3223 1516 3268 Οὕθ’
1539 3223 1723 3268 Ελλάδι
1754 3223 1809 3266 τὸ
1834 3222 2028 3298 πρῶτον

1151 3290 1418 3361 (τροπωτόν
1434 3290 1682 3340 Baiterus.),
1703 3284 1802 3328 οὔτ’
1821 3287 1871 3328 ἐν
1887 3283 2030 3327 Ἄσίδι

1151 3349 1196 3393 O
1218 3351 1372 3393 τάντα
1401 3351 1543 3392 νικῶν
1568 3347 1716 3404 Α’ίὸης
1751 3346 2025 3408 ἀνέτραπεν.

1160 3440 1202 3444 —-
1250 3417 1417 3455 Nodosa
1438 3438 1460 3444 -
1481 3437 1503 3444 -
1533 3413 1761 3465 cherayra]
1810 3429 1827 3449 α
1845 3424 1896 3452 ex
1941 3423 2027 3463 qua

1157 3479 1357 3518 oriuntur
1388 3477 1488 3517 nodi
1527 3478 1566 3516 in
1599 3476 1834 3527 digitorum
1865 3475 2028 3515 articu-
