2231 3787
781 262 879 301 ΜΒ.
913 263 943 302 1.
1008 264 1167 303 EPlsT.
1204 266 1270 304 lx.
1851 265 1952 316 473

204 388 433 458 Dignum
474 399 649 445 mente
689 391 961 464 domoque
1000 392 1225 464 legentis
1265 393 1490 447 honesta
1528 396 1783 450 Neronis.

205 491 423 544 Munere
465 509 585 545 cum
627 494 769 564 fungi
811 494 1077 565 propioris
1117 505 1304 549 censet
1342 497 1524 560 amici,
1921 503 1951 550 ἔτ’)

204 593 344 657 Quid
388 595 590 665 possim
630 595 775 649 videt
814 614 876 650 ac
915 597 1061 650 novit
1097 615 1182 651 me
1223 597 1432 652 valdius
1473 600 1606 670 ipso.

202 694 362 749 Multa
403 696 625 767 quidem
665 697 797 758 dixi,
840 715 937 751 cur
975 708 1262 753 excusatus
1303 700 1533 766 abirem3

203 797 310 850 Sed
350 798 525 858 timui,
571 816 690 852 mea
731 818 797 852 ne
836 800 1054 854 linxisse
1095 803 1299 856 minora
1339 813 1583 874 putarer,

200 899 577 953 Dissimulator
617 901 734 970 opis
775 902 1051 971 propriae,
1094 903 1219 956 mihi
1261 907 1577 961 commodus
1617 910 1722 961 uni.

242 1096 280 1137 4.
316 1097 521 1147 domuque
551 1099 594 1137 F.

643 1099 706 1150 (Ut
737 1109 838 1147 nos,
874 1099 1013 1139 Codd.
1048 1102 1217 1152 nostri.)
1255 1126 1298 1130 -
1333 1104 1372 1142 5.
1410 1105 1584 1145 Munere
1613 1106 1700 1145 iam
1730 1107 1774 1156 b,
1821 1109 1899 1149 sed

185 1159 272 1198 iam
302 1160 345 1199 in
376 1170 546 1199 rasura.
585 1183 628 1189 ——
662 1161 701 1200 6.
734 1172 785 1200 ac
813 1161 940 1213 novit]
973 1164 1146 1214 aqnovit
1174 1164 1251 1216 Ep.

130 1316 211 1356 καὶ
239 1310 309 1357 ἑτι
338 1318 445 1368 νέος
475 1313 542 1357 ὠν
573 1313 600 1358 ὁ
623 1316 899 1388 πρεσβύτης
916 1317 1011 1360 ἕλε’-

130 1392 238 1434 γετο
267 1379 322 1421 δι’
351 1379 467 1420 aido)
498 1377 586 1434 τὴν
616 1383 721 1439 περὶ
755 1379 842 1435 τὴν
871 1376 1010 1436 ἀγχί-

129 1457 279 1484 νοιαν.
329 1444 619 1496 1bid.g.26.
662 1456 705 1497 p.
741 1446 841 1486 409ῑ
889 1442 1009 1503 πρὸς

128 1504 183 1548 τὸ
214 1504 507 1565 σεμνότερόν
528 1520 577 1547 τε
607 1508 690 1548 καὶ
720 1503 1010 1566 αὐστηρότε-

127 1584 212 1628 ρον
255 1567 430 1619 σχεδὸν
478 1570 531 1611 ἐκ
581 1568 770 1629 πρώτης
819 1568 1009 1625 ἡλικίας

127 1631 375 1684 ἐπικλινῶς
419 1630 560 1682 εἶχεν.
606 1660 650 1663 -
685 1637 900 1688 domoque]
946 1637 1008 1676 Ex

128 1697 413 1738 Claudiorum
442 1698 579 1750 stirpe
621 1697 894 1739 nobilissima
935 1710 1010 1738 or-

127 1763 221 1809 tus,
264 1760 382 1811 apud
413 1760 619 1800 vitricum
651 1760 865 1802 educatus
898 1764 1005 1802 erat.

127 1821 205 1862 Alii
235 1822 417 1874 quidem
439 1833 543 1862 cum
562 1823 759 1863 Landino
777 1836 817 1863 v.
843 1825 1010 1864 domum

127 1886 472 1936 interpretantur
494 1885 857 1926 «familiaritatem
875 1919 882 1933 ,
907 1898 1011 1927 con-

127 1947 466 1995 suetudinem3»
527 1959 685 1988 verum
734 1950 847 1988 mira
896 1950 1009 1989 haec

127 2011 247 2049 esset
277 2010 562 2059 compositio:
597 2020 752 2049 «mens
784 2009 1010 2050 familiari-

127 2073 328 2122 tasque.»
359 2072 500 2109 Immo
531 2072 574 2110 et
602 2071 773 2111 interna
797 2074 840 2112 et
860 2074 1010 2112 exter-

127 2144 183 2173 na
215 2133 309 2172 eius
338 2131 477 2181 bona,
519 2133 744 2183 ingenium
776 2137 820 2174 et
849 2135 1009 2175 nobili-

127 2198 286 2244 tatem,
325 2195 550 2245 ingeniose
582 2196 822 2246 praedicat.
860 2221 905 2225 -—
948 2199 1008 2237 le—

125 2258 258 2309 gentis
304 2257 494 2308 honesta]
549 2258 786 2299 «honestos
834 2261 1008 2300 tantum

126 2320 331 2360 homines
354 2318 578 2370 eligentis,
612 2331 724 2370 quos
755 2322 797 2360 in
828 2321 1011 2362 familia-

126 2385 242 2422 rium
281 2393 464 2422 suorum
509 2393 746 2423 numerum
791 2385 1006 2434 asciscat,

127 2448 261 2497 atque
304 2446 545 2496 propterea
582 2456 604 2484 a
644 2456 692 2485 se
736 2448 1009 2488 removentis

126 2508 330 2547 homines
369 2506 590 2547 bonarum
630 2508 791 2547 artium
830 2509 1008 2550 rudes.»

129 2571 336 2620 («Neutro
375 2580 539 2619 genere
577 2580 685 2610 usus
717 2570 890 2610 videtur
920 2583 1008 2623 quo

127 2632 267 2683 magis
308 2631 468 2671 evadat
507 2631 725 2682 generalis
763 2635 1005 2684 sententia,

127 2696 175 2733 ut
203 2695 311 2745 Epp.
335 2694 380 2742 2,
406 2694 452 2742 2,
478 2695 599 2734 479.»
646 2695 861 2746 Darasa.)
895 2697 1006 2736 Cum

126 2756 256 2807 primi
285 2756 415 2796 huius
445 2756 663 2807 Epistolae
686 2769 844 2798 versus
872 2759 1010 2811 pede·

127 2819 206 2858 stri
243 2819 439 2859 sermoni
478 2830 615 2870 quam
653 2821 841 2871 proximi
881 2824 1004 2872 sunt,

128 2881 223 2919 tum
251 2881 323 2920 hic
349 2883 556 2931 quattuor
585 2883 917 2935 amphibrachis
939 2887 1009 2924 do-

128 2953 299 2991 moque,
338 2943 525 2994 leyentis,
570 2946 760 2996 honesta,
805 2948 1004 2996 Neronis,

131 3004 174 3042 et
210 3003 483 3055 quadruplici
521 3017 705 3047 caesura
748 3010 838 3048 tam
869 3009 1008 3061 negli-

129 3067 285 3115 genter
321 3066 520 3107 tornatus
558 3070 644 3118 est,
690 3071 740 3109 ut
782 3083 1006 3112 nonnemo

130 3138 183 3166 ex
213 3126 287 3174 iis,
325 3127 399 3176 qui
431 3130 578 3167 omnia
608 3130 809 3172 subtilius
840 3134 1007 3173 riman-

129 3191 220 3237 tur,
268 3199 320 3228 eo
360 3201 500 3241 usque
538 3202 801 3242 progressus
839 3196 914 3245 sit,
960 3198 1009 3235 ut

129 3250 432 3299 contenderet,
457 3252 683 3292 Horatium
704 3255 902 3296 consulto
923 3258 1008 3297 hac

130 3313 297 3352 ratione
340 3313 604 3353 imminuere
649 3314 810 3355 Tiberii
852 3316 1006 3359 laudes

129 3373 321 3416 voluisse
366 3378 410 3415 et
458 3376 705 3427 significare
752 3389 827 3418 eas
875 3379 1006 3421 falsas

132 3446 230 3476 esse
261 3448 313 3477 ac
343 3438 479 3478 fictas.
541 3439 706 3478 Verum
737 3441 829 3480 tam
849 3440 1006 3483 stultus

132 3507 358 3550 nunquam
386 3499 465 3540 fuit
495 3499 586 3549 ille3
622 3501 758 3542 immo
790 3502 832 3542 id
868 3514 1006 3545 unum

1074 1321 1311 1373 spectavit,
1358 1325 1407 1362 ut
1450 1334 1586 1374 quam
1629 1326 1952 1378 simplicissima

1074 1383 1285 1423 evaderet
1314 1383 1409 1425 laus
1440 1385 1601 1426 Tiberii
1631 1386 1848 1440 longeque
1880 1403 1955 1431 re-

1072 1449 1191 1486 mota
1219 1449 1339 1487 esset
1369 1447 1424 1486 ab
1455 1451 1575 1488 omni
1605 1454 1955 1502 exaggerationis

1072 1510 1206 1560 atque
1238 1507 1500 1550 adulationis
1531 1513 1695 1563 specie.
1745 1515 1955 1555 Ceterum

1073 1570 1359 1623 cons.Epp.⁶2,
1378 1573 1419 1622 2,
1441 1574 1720 1615 4.——Munere
1736 1588 1830 1616 cum
1849 1579 1953 1630 cet.]
2017 1588 2026 1599 ⁸

1072 1634 1214 1673 Etiam
1234 1634 1320 1674 hoc
1342 1629 1605 1676 ἀσύνδετον
1624 1638 1761 1679 refert
1786 1651 1955 1680 sermo-

1072 1708 1177 1736 nem
1220 1697 1540 1747 quotidianum.
1587 1723 1631 1728 —
1670 1702 1816 1753 censet]
1861 1702 1955 1742 Noli

1073 1771 1176 1799 cum
1213 1761 1482 1800 nonnemine
1525 1761 1767 1813 explicare:
1816 1764 1951 1813 «volt,

1074 1833 1146 1861 me
1178 1821 1353 1869 iubet3»
1396 1824 1477 1863 sed
1519 1827 1610 1863 est:
1666 1837 1744 1865 «cx
1790 1827 1954 1867 intimis

1073 1885 1158 1923 tuis
1203 1885 1358 1924 amicis
1406 1896 1479 1925 me
1531 1897 1630 1926 esse
1681 1889 1953 1929 existimat.»

1076 1969 1120 1975 ——
1151 1947 1378 1998 propioris]
1411 1950 1672 1999 «carioris,»
1720 1963 1831 2002 quos
1871 1963 1956 2004 po-

1073 2011 1168 2049 stea
1200 2011 1320 2049 certe
1351 2011 1572 2052 vocabant
1593 2014 1762 2063 primae
1797 2016 1956 2054 admis-

1070 2072 1218 2121 sionis,
1253 2074 1423 2113 Seneca
1454 2075 1509 2114 de
1541 2077 1691 2116 Benef.
1717 2078 1762 2126 6,
1804 2078 1878 2127 33,
1912 2078 1951 2118 3.

1071 2137 1225 2186 Neque
1265 2137 1417 2176 tamen
1449 2139 1681 2178 statuerim
1728 2141 1955 2181 Horatium

1073 2197 1128 2237 de
1168 2200 1287 2237 certa
1327 2199 1575 2240 amicorum
1605 2201 1765 2241 Tiberii
1797 2203 1951 2253 classe,

1071 2260 1216 2311 prima
1246 2260 1427 2311 scilicet,
1461 2263 1532 2302 hic
1563 2265 1796 2315 cogitasse.

1129 2385 1219 2423 6-9.
1251 2386 1429 2437 valdius]
1463 2387 1699 2437 «melius,»
1739 2391 1786 2429 ut
1822 2392 1871 2430 A.
1906 2393 1951 2430 P.

1075 2446 1147 2485 324
1169 2458 1176 2484 :
1205 2447 1374 2487 Valdius
1391 2448 1578 2489 oblectat.
1607 2474 1651 2479 —
1680 2453 1770 2502 cur]
1796 2451 1954 2493 «Multa

1075 2508 1162 2548 dixi
1192 2509 1247 2549 de
1278 2510 1440 2560 rebus,
1483 2523 1672 2563 quarum
1713 2526 1846 2555 causa
1885 2515 1954 2556 vel

1075 2571 1236 2622 quibus
1254 2584 1537 2613 excusarer.»
1561 2575 1687 2615 Hand
1704 2577 1826 2617 Turs.
1842 2579 1891 2617 ΙΙ.
1907 2589 1950 2630 p.

1076 2635 1152 2674 477
1184 2645 1251 2686 sq.
1281 2658 1324 2664 —-
1350 2636 1531 2689 abirem]
1564 2640 1637 2677 «ut
1667 2639 1951 2680 evaderem.»

1073 2698 1224 2737 Senon.
1255 2719 1297 2726 -
1323 2699 1428 2749 mea]
1462 2698 1601 2739 «bona
1625 2702 1668 2740 et
1699 2703 1950 2752 commoda,

1071 2759 1114 2798 in
1146 2759 1308 2810 quibus
1337 2771 1455 2812 pono
1486 2762 1702 2813 imprimis
1724 2764 1856 2803 etiam
1889 2764 1955 2804 fa-

1070 2833 1249 2870 vorem,
1280 2834 1367 2873 quo
1389 2834 1460 2862 me
1482 2826 1694 2875 prosequi
1716 2825 1952 2877 dignaris.»

1076 2907 1119 2912 —-
1145 2885 1226 2924 Sed
1245 2886 1387 2935 timui,
1404 2908 1422 2914 -
1438 2898 1486 2926 ne
1507 2888 1611 2939 cet.]
1629 2888 1767 2929 «Talis
1790 2889 1955 2930 descri-

1071 2946 1191 2986 bitur
1212 2944 1350 3005 sl'9cov
1370 2948 1425 2988 ab
1447 2949 1679 2991 Aristotele
1702 2951 1757 2991 de
1789 2951 1948 2991 morib.

1072 3009 1128 3048 ad
1158 3010 1328 3050 Nicom.
1353 3010 1400 3059 4,
1434 3011 1480 3051 3:
1525 3007 1552 3052 ὁ
1583 3011 1621 3052 ὁ
1654 3011 1792 3070 εἴρων
1821 3012 1957 3054 δοκεῖ

1070 3067 1324 3129 ἀρνεῖσθαι
1345 3070 1405 3112 τὰ
1426 3068 1706 3132 ὑπάρχοντα
1729 3072 1758 3129 ἦ
1752 3071 1952 3117 ἐλάττω

1072 3137 1241 3174 τοιεῖν.
1251 3150 1270 3169 »
1302 3137 1430 3176 LAMB.
1454 3159 1498 3164 —
1523 3139 1836 3191 Dissimulator]
1860 3140 1949 3179 Cic.

1070 3197 1205 3237 Acad.
1238 3198 1287 3247 2,
1320 3200 1367 3247 5,
1403 3199 1477 3238 45:
1523 3201 1588 3238 Ita
1617 3211 1710 3240 cum
1740 3201 1856 3240 aliud
1887 3202 1952 3239 di-

1071 3263 1179 3299 ceret
1207 3264 1332 3310 atque
1351 3262 1537 3311 sentiret,
1570 3262 1740 3302 libenter
1768 3264 1830 3302 uti
1858 3263 1952 3302 soli-

1071 3325 1136 3360 tus
1155 3326 1212 3362 est
1240 3334 1289 3361 ea
1311 3324 1634 3364 dissimulatione
1655 3336 1782 3374 quam
1801 3325 1952 3363 Graeci

1072 3384 1314 3440 εἰρωνείαν
1352 3390 1516 3425 vocant.
1557 3408 1602 3413 —
1641 3386 1742 3436 opis]
1786 3384 1950 3425 «facul-

1071 3446 1196 3495 tatis,
1244 3447 1516 3486 auctoritatis
1552 3448 1595 3485 et
1633 3447 1820 3496 gratiae,
1863 3458 1949 3497 qua

1071 3505 1192 3547 fruor
1221 3508 1338 3559 apud
1369 3510 1436 3556 te,
1478 3507 1519 3546 id
1550 3519 1688 3547 unum
1717 3509 1947 3560 appetens,
