2231 3787
214 219 313 270 904
991 220 1225 260 Sl'ETONll

1672 303 1684 329 Ι

214 350 347 402 hanc
399 349 595 415 regiain
654 358 705 400 et
752 366 847 400 nos
896 349 944 399 in
995 347 1292 400 scribendis
1349 346 1585 416 epistolis
1628 347 1870 400 iuvabit.»
1939 350 2009 400 Ac

215 469 279 503 ne
331 449 593 502 recusanti
644 449 861 518 quidem
902 458 987 500 aul
1028 447 1333 500 succensuit
1368 447 1657 517 quicquam
1704 455 1794 500 aut
1831 447 2012 500 amici—

215 552 337 603 tiam
390 567 539 601 suam
591 550 825 617 ingerere
887 547 1057 599 desiit.
1120 546 1662 617 Exstant’epistolae,
1716 564 1781 599 ex
1819 547 2014 618 quibus

216 651 508 719 argumenti
568 651 732 719 gratia
784 665 952 718 pauca
992 647 1222 701 subieci:
1278 649 1479 701 «Sume
1516 647 1606 700 tibi
1647 647 1847 718 aliquid
1886 647 2016 701 iuris

217 751 358 822 apud
408 768 516 803 nie.
572 760 820 818 tanquam
873 749 914 800 si
974 748 1245 801 convictor
1283 747 1405 799 mihi
1451 748 1637 801 fueris:
1691 756 1836 801 recte
1876 748 2015 802 enim

217 863 265 905 et
306 870 408 903 non
449 860 648 903 temere
690 849 905 912 seceris;
966 849 1218 919 quoniam
1259 847 1310 901 id
1348 865 1479 901 usus
1518 847 1641 900 mihi
1682 857 1857 902 tecum
1895 865 2018 902 esse

217 953 381 1006 xolui.
436 953 477 1003 si
534 969 629 1021 per
676 949 1033 1004 valetudinem
1073 959 1215 1002 tuam
1254 949 1367 1002 lieri
1408 949 1622 1019 possit.»
1703 949 1764 1002 Et
1801 966 2015 1002 rursus:

223 1054 343 1105 u'l'ui
385 1052 599 1123 ‹pialem
638 1051 863 1104 habeam
903 1051 1238 1112 memoriam,
1280 1051 1480 1121 poteris
1508 1067 1573 1103 ex
1601 1049 1856 1120 Septimio
1885 1066 2020 1120 quo-

217 1172 322 1224 que
363 1162 542 1206 nostro
583 1152 794 1204 audire:
837 1169 957 1204 nam
998 1151 1201 1211 incidit,
1242 1158 1300 1203 ut
1335 1149 1424 1203 illo
1460 1167 1640 1203 coram
1678 1149 1831 1205 fieret
1867 1168 1897 1203 a
1935 1167 2021 1204 me

221 1255 291 1306 tui
350 1253 562 1306 mentio
642 1254 854 1322 Neque,
914 1252 957 1304 si
1014 1260 1068 1303 tu
1128 1251 1395 1322 superbus
1453 1251 1737 1304 amicitiam
1788 1259 2022 1304 nostram

220 1354 492 1425 sprevisti,
530 1353 651 1406 ideo
687 1370 785 1406 nos
821 1369 1039 1424 quoque
1066 1350 1683 1425 ἀνθυπερηφανοῦμεν.»
1740 1353 2023 1405 Praeterea

221 1473 384 1525 saepe
440 1455 572 1507 inter
620 1453 753 1507 alios
798 1453 947 1507 iocos
991 1453 1359 1524 «putissimum
1398 1469 1631 1523 penem»
1676 1460 1728 1505 et
1771 1451 2024 1505 «homun-

222 1558 429 1609 cionem
481 1554 913 1625 lepidissimum»
969 1553 1201 1625 appellat
1251 1555 1465 1624 unaque
1516 1561 1568 1606 et
1615 1551 1779 1606 altera
1833 1551 2025 1606 libera-

224 1658 365 1710 litate
415 1655 767 1726 locupletavit.
848 1655 1053 1725 Scripta
1097 1654 1315 1725 quidem
1360 1654 1477 1707 eius
1514 1671 1688 1724 usque
1727 1652 1864 1708 adeo
1903 1669 2025 1724 pro-

226 1759 367 1811 bavit
431 1773 791 1827 mansuraque
821 1764 1103 1826 ‚perpetuo
1155 1756 1400 1826 opinatus
1452 1763 1556 1816 est,
1615 1763 1671 1807 ut
1715 1771 1820 1807 non
1867 1753 2026 1807 modo

232 1883 252 1905 κ
274 1858 526 1911 Seculare
567 1858 829 1911 Carmen»
873 1855 1303 1927 componendum
1343 1855 1647 1917 iniunxerit,
1690 1855 1783 1908 sed
1824 1863 1876 1909 et
1908 1855 2027 1908 Vin—

228 1959 454 2013 delicam
493 1958 767 2011 victoriam
806 1957 998 2010 Tiberii
1037 1957 1306 2028 Drusique
1345 1956 1734 2026 privignorum,
1795 1972 2028 2032 eumque

228 2061 463 2129 coegerit
531 2068 748 2129 propter
800 2058 899 2111 hoc
964 2057 1132 2110 tribus
1191 2057 1495 2111 Carminum
1541 2056 1687 2110 libris
1744 2074 1809 2109 ex
1869 2055 2025 2126 longo

234 2160 505 2214 intervallo
545 2167 792 2230 quartum
844 2158 1072 2219 addere,
1121 2168 1240 2229 post
1281 2159 1567 2212 Sermones
1606 2174 1824 2228 quoque
1863 2155 2030 2211 lectos

232 2262 426 2313 nullam
467 2261 547 2313 sui
590 2260 911 2313 mentionem
949 2258 1181 2312 habitam
1220 2259 1289 2312 ita
1327 2259 1393 2312 Sit
1419 2267 1669 2329 questus:
1715 2257 1918 2311 «Irasci
1945 2274 2029 2311 me

234 2364 322 2416 tibi
364 2363 521 2422 seim,
563 2361 708 2431 quod
749 2379 851 2413 non
894 2361 940 2412 in
981 2360 1254 2431 plerisque
1282 2359 1544 2414 eiusmodi
1584 2359 1794 2430 scriptis
1819 2375 2031 2412 mecum

235 2463 565 2533 potissimum
620 2462 870 2532 loquaris.
953 2464 1027 2513 An
1079 2461 1304 2521 vereris,
1357 2473 1423 2514 ne
1476 2460 1618 2531 apud
1658 2467 1902 2531 posteros
1940 2458 2029 2513 tibi

238 2566 425 2617 insanie
465 2565 557 2626 sit,
599 2563 745 2634 quod
784 2562 1015 2616 videaris
1056 2561 1324 2614 familiaris
1363 2561 1516 2615 nobis
1554 2578 1675 2615 esse
1696 2562 1750 2613 ?»
1805 2561 2033 2631 Expres-

237 2667 409 2735 sitque
449 2664 713 2734 eclogam,
759 2664 910 2717 cuius
951 2663 1153 2716 initium
1192 2672 1291 2722 est.

510 2799 646 2838 “Cum
679 2800 741 2836 tot
770 2799 988 2837 sustineas
1020 2800 1063 2836 et
1093 2799 1208 2837 tanta
1242 2798 1410 2846 negotia
1443 2795 1581 2843 solus,

512 2879 593 2915 Res
624 2875 750 2915 Italas
779 2877 912 2915 armis
943 2877 1117 2923 tuteris,
1151 2874 1351 2914 moribus
1383 2885 1538 2921 ornes,

513 2953 700 3002 Legibus
732 2955 965 2999 emendes,
1001 2954 1040 2992 in
1073 2951 1245 3003 publica
1279 2951 1513 2991 commoda
1544 2962 1753 3002 peccem,

515 3032 554 3069 Si
586 3029 712 3080 longo
743 3041 949 3070 sermone
981 3041 1128 3070 morer
1159 3032 1228 3068 tua
1263 3031 1480 3079 tempora,
1515 3023 1729 3077 Caesar¹).

335 3145 579 3197 Horatius
618 3144 796 3197 habitu
827 3143 1066 3213 corporis
1096 3143 1271 3196 brevis
1299 3143 1414 3204 suit,
1457 3150 1615 3211 atque
1643 3141 1866 3195 obesus:
1906 3157 2039 3212 qua-

249 3248 308 3297 lis
343 3266 370 3298 a
410 3264 467 3299 se
508 3249 622 3316 ipso
663 3253 711 3297 et
752 3245 803 3296 in
831 3244 1033 3314 Satyris
1074 3244 1441 3311 (lescribitur2)
1483 3251 1533 3295 et
1570 3242 1636 3295 ab
1668 3245 1903 3312 Augusto
1941 3241 2038 3294 hac

359 3433 382 3480 ¹}
415 3433 522 3484 Epp.
559 3434 594 3479 Ξ,
630 3435 666 3473 4.
707 3435 715 3470 1
755 3444 849 3483 sqq.
905 3453 948 3459 -—
999 3435 1021 3479 ἢ
1056 3434 1140 3471 Sat.
1178 3433 1212 3475 2,
1247 3433 1284 3476 3,
1318 3431 1410 3471 309.
1454 3431 1515 3471 Cl.
1551 3430 1657 3481 Epp.
1694 3430 1731 3476 ⁴,
1764 3428 1830 3478 20,
1861 3427 1926 3469 24.
