2231 3787
320 274 421 326 594

925 271 1137 312 HORATII
1169 270 1534 312 EPISTOLARUM

389 402 757 472 Iurandasque
796 409 944 454 tuum
982 419 1079 472 per
1117 418 1310 454 nomen
1349 400 1598 470 ponimus
1636 416 1782 458 aras,

387 504 468 559 Nil
507 504 766 558 oriturum
805 503 959 565 alias,
1001 502 1070 554 nil
1111 510 1284 554 ortum
1322 500 1425 554 tale
1463 500 1703 554 fatentes.

390 594 497 660 Sed
536 614 658 659 tuus
697 605 783 658 hic
821 603 1077 674 populus,
1120 602 1337 673 sapiens
1378 610 1430 656 et
1469 602 1638 655 iustus
1677 602 1730 654 in
1768 619 1902 663 uno,

389 709 460 761 Te
501 706 693 760 nostris
733 704 986 766 ducibuS,
1028 712 1078 757 te
1120 702 1273 756 Grais
1315 702 1687 765 anteferend0‚

388 808 578 862 Cetera
615 822 962 876 nequaquam
1001 803 1158 857 simili
1197 805 1401 858 ratione
1439 804 1712 875 modoque

2062 804 2130 857 ΞΟ

425 949 489 987 46.
522 958 669 987 nomen
697 945 904 998 bSEcdp,
948 956 1104 986 omnes
1133 944 1337 995 Bentleii,
1375 946 1569 986 Pottierii
1600 947 1645 986 et
1674 945 1905 994 Schmidii,
1939 945 2070 986 LCts:

367 1021 517 1049 numen
560 1009 890 1060 antiquissimus
933 1007 1185 1048 Blandinius
1217 1009 1398 1060 Cruquii
1442 1020 1545 1049 cum
1582 1008 1758 1049 duobus
1787 1009 2072 1056 Bersmanni,

367 1072 508 1112 Editio
541 1070 829 1111 Cadomensis
861 1082 899 1111 a.
934 1070 1081 1119 4480„
1115 1069 1357 1119 Bentleius,
1392 1071 1478 1112 FM.
1524 1094 1567 1098 —
1602 1072 1667 1110 47.
1700 1070 1785 1122 nil]
1815 1070 1919 1110 nihil
1944 1071 1991 1110 E.
2031 1093 2073 1098 -

315 1196 606 1248 sapientiores
643 1196 730 1235 iam
761 1205 879 1234 nunc
908 1193 1022 1234 ultro
1053 1205 1193 1244 agno-

313 1259 480 1298 scimus
509 1256 762 1308 praeclaras
792 1259 891 1297 tuas
920 1257 1107 1296 virtutes
1129 1258 1194 1296 te-

312 1330 423 1370 que,
457 1318 564 1358 dum
594 1319 709 1358 inter
739 1329 820 1358 nos
849 1318 1065 1367 versaris,
1109 1317 1192 1357 ho-

311 1391 566 1421 noramus.»
586 1379 763 1431 Eupolis
781 1379 835 1418 de
855 1380 1045 1429 antiquis
1061 1379 1194 1419 Athe-

311 1445 534 1487 niensium
565 1442 753 1483 ducibus
775 1442 893 1493 apud
913 1442 1100 1482 Meinek.
1119 1443 1188 1481 Fr.

311 1506 437 1546 Com.
459 1506 510 1544 II.
534 1516 577 1556 p.
600 1504 705 1545 466:
740 1499 822 1554 Οἷς
843 1499 1047 1560 ὡσπερεὶ
1065 1503 1193 1543 θεοῖ-

312 1579 389 1606 σιν
427 1560 741 1618 ηὗχόμεσθα·
787 1565 870 1605 καὶ
911 1561 1003 1622 γὰρ
1043 1557 1187 1617 ἦσαν.

315 1652 360 1656 -
391 1628 594 1680 maturos]
629 1628 943 1679 «tempestivos
987 1628 1030 1666 in
1073 1628 1186 1675 vita,

309 1701 399 1730 non
429 1701 554 1731 seros
584 1692 685 1741 post
715 1692 948 1730 mortem.»
985 1713 1029 1718 -
1058 1690 1190 1729 hono-

308 1753 387 1804 res]
419 1754 686 1804 praesertim
715 1751 964 1792 libationes.
1017 1752 1080 1792 Cf.
1106 1752 1184 1792 Od.

309 1814 356 1863 4,
397 1815 446 1863 5,
487 1814 531 1853 34
570 1825 656 1864 sq..
690 1815 823 1864 atque
853 1815 897 1854 in
926 1815 1187 1854 universum

310 1875 366 1915 de
412 1875 637 1915 sacrificiis
676 1874 821 1925 Virgil.
859 1877 967 1914 Aen.
1004 1877 1049 1923 4,
1083 1875 1183 1915 632:

309 1938 446 1977 divom
486 1937 645 1987 templis
682 1937 826 1976 indicit
859 1937 1066 1976 honorem.
1121 1936 1183 1975 Ib.

309 1999 355 2047 3,
391 1999 491 2038 448:
539 1999 787 2046 meritosque
824 1999 969 2037 indicit
996 1998 1182 2037 honores.

310 2059 436 2100 Silius
475 2060 519 2108 3,
566 2061 670 2100 247:
721 2061 892 2109 Iamque
935 2061 1055 2099 deum
1098 2060 1188 2110 regi

308 2123 522 2170 Martique
540 2144 589 2150 --
606 2123 872 2161 Instauratus
891 2122 1031 2161 honos.
1056 2144 1100 2149 —
1122 2123 1189 2160 Iu-

306 2185 551 2233 randasque
570 2184 672 2233 cet]
709 2194 845 2234 «quas
875 2185 1081 2223 tenentes
1107 2194 1189 2234 per

310 2248 437 2285 tuum
475 2255 639 2285 nomen
679 2245 926 2285 iuremus.»
980 2246 1069 2285 Cic.
1106 2256 1187 2296 pro

311 2305 466 2347 Flacco
498 2306 571 2355 36,
605 2307 676 2346 90:
711 2308 769 2355 is,
802 2308 890 2356 cui,
923 2308 957 2345 si
987 2319 1111 2346 aram
1132 2311 1188 2347 te-

312 2380 410 2409 nens
437 2370 621 2417 iuraret,
654 2370 837 2408 crederet
865 2380 998 2408 nemo.
1052 2370 1183 2409 Corn.

312 2432 421 2482 Nep.
448 2430 634 2470 Hannib.
659 2432 697 2469 2.
733 2432 910 2470 Sueton.
936 2432 1084 2470 Octav.
1109 2433 1183 2471 52:

314 2492 476 2542 Templa
497 2515 519 2520 -
540 2515 563 2521 -
584 2493 628 2531 in
676 2493 792 2531 nulla
830 2493 1056 2542 provincia
1108 2493 1189 2532 nist

311 2555 519 2593 communi
547 2565 620 2593 suo
659 2556 893 2603 Romaeque
926 2556 1091 2594 nomine
1119 2566 1188 2594 re-

311 2616 430 2665 cepit.
482 2617 594 2655 Nam
623 2617 665 2654 in
690 2616 792 2656 L'rbe
814 2617 977 2666 quidem
998 2618 1189 2666 pertina-

311 2678 470 2717 cissime
520 2677 715 2717 abstinuit
761 2679 835 2717 hoc
881 2679 1046 2718 honore.
1118 2680 1186 2719 Sic

313 2740 432 2779 Grut.
476 2741 610 2780 Inscr.
652 2751 695 2790 p.
736 2740 840 2779 ⁶229:
873 2762 896 2769 -
923 2763 945 2768 —
972 2742 1184 2781 NVMINI.

310 2801 549 2840 AVGVSTI.
600 2802 782 2841 VOTVM
813 2801 828 2855 ΙΙ
860 2802 1092 2842 SVSCEPT
1098 2804 1184 2842 VM.

312 2862 360 2900 A.
384 2863 570 2902 PLEBE.
602 2864 781 2903 NARBO
796 2872 808 2910 ι,
830 2864 1002 2903 NENSI
1008 2865 1092 2905 VM.
1112 2866 1183 2903 IN.

312 2923 631 2964 PERPETI'OJI
651 2926 740 2975 (sic)
765 2927 848 2964 cet.
876 2925 928 2973 (a.
952 2937 995 2964 u.
1016 2938 1053 2965 c.
1075 2925 1184 2975 763.)

313 2986 450 3024 Inscr.
475 2997 532 3024 m.
559 2987 649 3025 Lat.
673 2987 720 3026 N.
748 2987 844 3026 606:
880 2987 1078 3027 ROMAE.
1101 2987 1183 3026 ET.

311 3046 567 3086 AVGVSTO.
589 3047 854 3087 CAESARIS.
875 3050 927 3088 D.
953 3049 997 3087 F.
1019 3049 1183 3088 PATRI.

311 3107 544 3147 PATRIAE.
582 3108 755 3158 (polae.)
780 3111 843 3149 De
866 3110 1046 3160 Augusti
1069 3109 1186 3149 cultu

315 3168 390 3208 cfr.
422 3171 600 3210 omnino
632 3171 782 3210 Hoeck
812 3172 926 3210 Rom.
958 3171 1187 3211 Geschz'chte

315 3232 344 3269 I.
388 3243 487 3283 pag.
524 3233 616 3272 275.
660 3256 703 3260 —
741 3232 900 3283 nomen]
934 3234 983 3274 Ut
1016 3233 1186 3285 simpli-

316 3293 429 3341 cius,
453 3295 663 3344 quoniam
684 3293 889 3333 iurabant
912 3305 991 3343 per
1012 3295 1187 3335 Genium

314 3354 566 3403 Caesaris,
601 3359 645 3396 et
668 3357 769 3406 quia
794 3354 972 3395 firmant
999 3357 1184 3398 Codices

314 3417 402 3455 mei
442 3418 753 3468 antiquissimi,
800 3417 886 3456 hoc
930 3429 970 3456 v.
1008 3420 1181 3458 retinui.

315 3478 430 3517 Lect.
454 3490 604 3519 numen
634 3478 917 3519 commendat
947 3479 1024 3518 cd.
1049 3479 1096 3528 4,
1131 3482 1180 3530 5,

1255 1193 1329 1233 33:
1371 1198 1409 1233 et
1436 1194 1614 1233 Laribus
1643 1198 1760 1234 tuum
1787 1194 1933 1234 Miscet
1960 1204 2126 1233 numen.

1258 1276 1302 1283 —
1336 1256 1407 1295 Nil
1436 1257 1645 1296 oriturum
1676 1256 1778 1308 cet.]
1810 1256 1874 1296 Cf.
1895 1255 1975 1299 Od.
1999 1255 2044 1304 4,
2079 1256 2127 1304 Ξ,

1255 1317 1327 1357 37;
1363 1319 1450 1368 Quo
1483 1319 1707 1370 (Augusto)
1738 1318 1841 1358 nihil
1868 1319 2006 1358 maius
2042 1329 2131 1358 me-

1253 1380 1381 1420 liusve
1417 1381 1540 1420 terris
1575 1381 1685 1421 Fata
1722 1382 1928 1422 donavere
1957 1380 2131 1430 bonique

1254 1443 1338 1481 divi
1366 1443 1450 1482 Nec
1480 1443 1649 1483 dabunt.

1309 1536 1454 1575 48-22.
1502 1537 1582 1575 Sed
1620 1535 1722 1587 cet.]
1757 1535 1869 1575 «Sed
1908 1536 1980 1575 hic
2008 1534 2129 1575 idem

1251 1596 1464 1648 populus,
1496 1597 1576 1637 tibi
1607 1609 1660 1638 ex
1689 1600 1780 1637 toto
1811 1597 1987 1638 deditus
2013 1599 2128 1637 cet.»

1255 1682 1300 1686 ——
1331 1659 1376 1698 in
1403 1660 1502 1711 uno]
1537 1661 1604 1698 «in
1644 1660 1728 1700 hac
1766 1670 1853 1699 una
1891 1670 1962 1708 re,
2009 1658 2130 1711 quod

1250 1722 1293 1759 te
1325 1720 1532 1761 omnibus
1569 1721 1800 1761 antefert.»
1849 1720 1992 1761 Nolim
2029 1722 2130 1761 iun-

1250 1793 1356 1832 gere
1387 1783 1431 1822 in
1459 1795 1543 1822 uno
1573 1784 1838 1834 antefer-endo
1868 1787 1918 1822 te.
1975 1783 2052 1823 Est
2079 1782 2130 1823 ἐν

1251 1842 1320 1883 ἑνὶ
1340 1841 1493 1897 μόνῳ,
1511 1843 1562 1884 ἐν
1577 1842 1641 1897 τῷ
1660 1846 1930 1901 προκρίνειν
1946 1843 2001 1884 σὲ
2017 1842 2131 1884 πάν-

1248 1917 1357 1944 των.
1411 1907 1492 1954 Qui
1526 1905 1656 1946 salsas
1686 1909 2017 1958 proposuerunt
2052 1918 2130 1947 ex-

1249 1965 1532 2017 plicationes,
1566 1967 1686 2006 haud
1717 1970 1822 2009 satis
1843 1969 2130 2009 attenderunt

1249 2028 1306 2067 ad
1343 2030 1669 2080 oppositionem
1708 2041 1749 2069 v.
1794 2035 1944 2070 cetera.
1995 2032 2129 2070 Bent-

1249 2091 1445 2131 leianum
1473 2091 1579 2131 illud
1607 2093 1682 2132 hoc
1701 2115 1724 2121 —
1745 2115 1768 2121 -
1788 2094 1832 2132 in
1859 2104 1944 2133 uno
1974 2095 2019 2133 et
2056 2094 2126 2133 in-

1251 2154 1550 2204 gratissimum
1571 2156 1640 2194 est
1667 2155 1763 2206 ipsa
1783 2154 2026 2196 verborum
2043 2155 2129 2196 dis-

1249 2217 1464 2255 tractione
1496 2218 1540 2255 et
1567 2227 1674 2255 vera
1705 2217 1963 2257 auctoritate
1988 2220 2123 2257 caret.

1254 2301 1298 2306 ——
1323 2278 1463 2329 Grais]
1495 2279 1558 2317 De
1581 2277 1825 2318 differentia
1856 2279 1970 2319 inter
1996 2290 2127 2320 usum

1250 2340 1493 2379 formarum
1526 2340 1647 2380 Graii
1678 2341 1721 2380 et
1751 2341 1901 2380 Graeci
1931 2340 1984 2380 cf.
2007 2342 2128 2381 Doe-

1251 2401 1420 2442 derlein
1451 2402 1606 2450 Synon.
1632 2402 1682 2441 V.
1706 2412 1749 2452 p.
1774 2401 1867 2442 304..
1897 2423 1940 2430 —
1966 2403 2124 2455 Cetera]

1250 2464 1376 2503 Prius
1408 2464 1653 2514 generatim
1686 2463 1791 2503 dicit
1821 2465 1970 2504 cetera
1991 2475 2127 2516 opera

1250 2525 1453 2575 factaque
1502 2525 1698 2564 humana
1741 2527 1874 2576 atque
1922 2526 2126 2567 homines

1249 2588 1392 2638 ipsos,
1426 2598 1447 2626 a
1472 2587 1633 2638 quibus
1662 2587 1859 2638 profecta
1881 2592 2003 2637 sunt,
2038 2589 2126 2628 iam

1249 2652 1398 2689 tamen
1420 2650 1659 2700 praecipue
1681 2649 1736 2688 de
1759 2649 2027 2690 carminibus
2048 2660 2126 2690 co-

1249 2712 1403 2762 gitans.
1431 2732 1475 2739 —
1505 2711 1670 2750 ratione
1696 2710 1913 2762 modoque]
1946 2711 2009 2751 Cf.
2033 2713 2121 2752 Sat.

1248 2774 1296 2821 2,
1337 2771 1382 2819 3,
1422 2772 1518 2811 266.
1551 2772 1645 2810 274.
1696 2794 1741 2799 ——
1787 2773 1911 2811 terris
1950 2773 2123 2825 semota]

1249 2845 1351 2882 non,
1374 2836 1422 2872 ut
1441 2832 1592 2872 volunt
1613 2832 1823 2881 nonnulli,
1850 2836 2121 2886 «peregrina,

1249 2896 1461 2942 Graecam
1491 2895 1569 2934 sed
1587 2906 1594 2933 :
1630 2897 1827 2935 «remota
1848 2896 1936 2935 iam
1953 2907 1976 2935 e
1993 2897 2123 2937 terris

1249 2955 1357 3007 (der
1395 2957 1524 2996 Erde
1564 2958 1837 3009 entruckt),
1885 2960 2123 3010 propterea

1248 3018 1365 3070 quod
1396 3019 1481 3057 suis
1509 3020 1759 3068 temporibus
1787 3020 1980 3071 defuncta
2001 3023 2119 3070 sunt,

1249 3080 1292 3119 id
1314 3082 1399 3129 est,
1430 3081 1549 3131 quod
1571 3092 1624 3120 ex
1645 3080 1719 3120 fati
1738 3080 1910 3132 legibus
1930 3083 2122 3121 mortem

1248 3142 1453 3182 obierunt
1504 3153 1692 3193 operum
1745 3142 1917 3184 illorum
1966 3145 2122 3183 aucto-

1247 3215 1334 3244 res.
1368 3203 1622 3244 Pseudotib.
1643 3205 1689 3253 3,
1714 3204 1760 3253 3,
1785 3204 1832 3243 9:
1867 3205 1998 3253 Tunc,
2027 3215 2121 3244 cwm

1243 3276 1458 3314 permenso
1479 3266 1691 3316 defunctus
1709 3269 1890 3315 tempore
1906 3265 2011 3304 lucis
2027 3266 2120 3304 Nu-

1247 3329 1322 3367 dus
1350 3328 1527 3367 Lethaea
1555 3338 1726 3378 cogerer
1753 3328 1815 3367 ire
1833 3329 1939 3366 rate.

1301 3419 1474 3460 23-25.
1532 3419 1738 3470 veterum]
1795 3429 1893 3469 gen.
1944 3421 2115 3467 neutr.,

1249 3482 1471 3521 «omnium
1502 3483 1705 3521 veterum
1735 3478 1907 3530 linguae
1939 3483 2117 3522 nostrae
