2231 3787
884 240 982 278 Alis
1014 239 1254 279 POETICA.

231 369 345 420 Non
386 368 585 421 fumum
628 386 692 422 cx
734 368 964 439 fulgore,
1008 369 1104 423 sed
1145 387 1211 423 ex
1250 370 1393 423 fumo
1434 370 1563 425 darc
1603 372 1779 426 lucem

232 470 460 540 Cogitat,
505 480 559 523 ut
599 471 849 541 speciosa
889 471 1084 525 dehinc
1123 471 1383 525 miracula
1421 482 1655 544 promat,

228 571 547 642 Antiphaten
587 572 933 645 Scyllamque
973 583 1025 627 et
1065 592 1187 628 curn
1228 574 1467 648 Cyclope
1509 575 1846 648 Charybdin,
1888 577 1988 630 «145

229 674 339 727 Nec
377 674 608 727 reditum
648 675 925 729 Diomedis
965 676 1032 729 ab
1076 677 1288 730 interitu
1329 676 1607 749 Meleagri,

269 838 361 879 445.
395 840 657 889 Anliphalem
688 840 768 879 LC.
821 863 864 868 —-
909 841 1155 892 Oti-eamque
1186 842 1367 883 Bentleii
1409 844 1679 884 coniectura.
1733 868 1773 874 —
1824 846 1933 886 Cha-

214 901 376 951 rybdim
406 903 521 951 BTE,
558 904 623 942 ct.

160 1054 213 1082 ex
244 1053 297 1082 eo
329 1044 530 1094 tempore
555 1043 705 1095 incipit
726 1054 907 1083 narrare
929 1044 1041 1083 facta

160 1107 274 1153 eius,
324 1116 412 1156 quo
443 1105 574 1145 rediit
602 1107 763 1153 victor,
809 1106 1041 1146 interfecto

159 1170 332 1220 gigante
377 1167 619 1219 Meleagro,
668 1169 749 1209 sed
792 1171 940 1221 potius
985 1169 1040 1208 ab

158 1230 362 1271 incendio
408 1232 606 1271 Troiae.»
652 1235 768 1272 Aeno
801 1232 857 1271 ad
887 1244 956 1272 vv.
991 1232 1043 1272 ab

158 1305 247 1334 ovo.
310 1292 397 1333 Sed
429 1292 687 1334 stultissima
718 1295 828 1334 haec
860 1306 948 1334 non
977 1294 1043 1335 le-

159 1358 321 1408 guntur
345 1357 387 1395 in
406 1355 477 1395 ed.
503 1357 611 1396 Ven.
638 1355 735 1396 4484
752 1389 758 1396 .
778 1357 877 1397 Bas.
904 1357 1042 1409 4527]

159 1420 474 1461 «Antimachus
520 1419 598 1460 fuit
642 1420 839 1471 cyclicus
884 1424 1041 1473 poeta3

157 1484 228 1523 hic
259 1494 496 1534 aggressus
527 1486 596 1523 est
622 1485 873 1534 materiam,
907 1495 1042 1536 quam

157 1547 220 1587 sic
242 1546 460 1595 extendit,
494 1547 542 1586 ut
562 1548 711 1597 viginti
733 1550 942 1598 quattuor
962 1560 1043 1587 vo—

156 1609 323 1649 lumina
362 1607 636 1661 impleverit,
684 1612 927 1661 antequam
968 1621 1043 1650 se-

155 1674 280 1724 ptem
311 1671 449 1712 duces
480 1683 623 1724 usque
651 1672 708 1712 ad
731 1672 907 1713 Thebas
937 1684 1043 1724 per-

157 1735 386 1776 duceret.»
420 1737 573 1775 ponpa.
629 1734 875 1786 «Meleager
897 1737 939 1774 et
961 1736 1043 1785 Ty-

157 1798 268 1839 deus
299 1798 457 1838 fratres
488 1798 627 1838 fuere.
675 1799 736 1838 Ex
758 1797 939 1849 obliquo
967 1809 1044 1837 au-

156 1864 247 1902 tem
291 1864 467 1902 taxatur
494 1863 784 1902 Antimachus
827 1862 1038 1912 cyclicus,

157 1927 232 1976 qui
274 1925 470 1965 reditum
512 1925 741 1965 Diomedis
780 1937 804 1964 a
840 1927 967 1965 Troia
996 1927 1041 1965 in

160 1989 394 2029 Graeciam
433 1998 618 2027 narrans
660 1999 764 2028 eum
802 1989 954 2040 incipit
983 1988 1039 2031 ab

158 2051 335 2091 interitu
384 2048 591 2100 Meleagri
639 2051 835 2101 patrui.»
896 2052 1036 2091 Coun.

157 2114 289 2159 Cat-Q.
353 2111 656 2163 «Meleagrum
697 2113 916 2152 interfecit
953 2114 1041 2164 Ty-

157 2176 293 2224 deus,
326 2174 462 2214 frater
483 2175 598 2223 eius,
623 2175 698 2225 qui
720 2187 772 2215 ex
792 2174 880 2214 filia
900 2175 1042 2215 Adra—

157 2240 232 2289 sti,
278 2237 488 2290 Deipyle,
535 2238 686 2288 genuit
730 2238 1040 2278 Diomedem.»

157 2303 310 2341 Senot..
337 2300 512 2341 Codicis
530 2301 701 2341 Monac.
720 2300 747 2340 f.
765 2300 883 2352 apud
901 2300 1043 2340 Hoch-

158 2363 279 2404 eder.
328 2362 490 2412 «Quod
528 2363 712 2413 quidem
742 2362 1040 2404 Callimachus

158 2426 250 2478 (sic)
282 2425 410 2466 fecit:
445 2427 666 2467 Homerus
688 2437 795 2466 vero
818 2426 1040 2466 reducens

158 2489 308 2532 Ulixen
339 2491 383 2529 et
401 2489 668 2529 Diomedem
699 2500 724 2528 a
746 2490 894 2539 Troia,
929 2501 1042 2541 qua-

158 2563 259 2592 rum
279 2551 426 2603 lingua
448 2552 584 2592 refert
596 2552 833 2592 Troianum
854 2551 1038 2602 bellum,

158 2616 222 2655 sic
252 2615 446 2654 reditum
466 2614 694 2655 Diomedis
726 2614 962 2665 describit,
995 2617 1044 2655 ut

159 2690 248 2719 non
290 2679 469 2730 incipiat
512 2677 568 2717 ab
610 2678 787 2718 interitu
817 2677 1038 2729 Meleagri.

159 2742 334 2781 Oeneus
358 2752 438 2780 rex
460 2739 701 2791 Calydonis
723 2740 822 2780 suit:
858 2742 954 2780 orta
975 2752 1044 2781 se-

159 2804 323 2844 ditione
355 2804 470 2843 inter
500 2814 605 2844 suos
627 2802 739 2843 tilios
761 2803 938 2854 Tydeus
960 2803 1044 2843 fra-

159 2870 275 2906 trem
295 2876 427 2906 suum
448 2864 693 2917 Melagrum
712 2865 946 2906 interfecit.
977 2868 1045 2906 In-

160 2928 216 2969 de
247 2939 272 2967 a
299 2929 442 2980 patria
474 2927 684 2981 expulsus
716 2928 772 2968 ad
801 2928 1042 2969 Adrastum

160 3002 316 3042 regem
345 2991 652 3031 Lacrissarum
683 2990 775 3043 (sic)
805 2992 947 3041 venit,
986 2991 1041 3031 de

161 3054 287 3094 cuius
324 3052 410 3093 filia
448 3052 634 3105 Deipyle
665 3054 931 3094 Diomedem
961 3055 1044 3093 ha—

159 3115 298 3155 buit.»
321 3117 473 3155 ScaoL.
491 3117 710 3156 RHENAUG.
745 3117 841 3156 Sec.
866 3117 955 3156 XII.
976 3117 1045 3156 in-

161 3177 321 3218 editus.
371 3178 526 3228 (Etiam
555 3178 600 3217 in
620 3177 745 3217 Bodii
765 3178 984 3229 Mythogr.
1008 3179 1039 3217 1.

162 3240 255 3280 498.
288 3238 510 3291 Meleager
549 3251 570 3279 a
593 3240 756 3291 Tydeo
787 3240 1043 3280 interfectus

162 3313 261 3343 esse
284 3302 458 3342 dicitur.
493 3303 655 3343 Contra
676 3302 934 3343 auctoribus
950 3303 1044 3353 Hy-

162 3365 262 3415 gino
292 3365 358 3405 69.
383 3367 427 3405 et
455 3364 600 3405 Schol.
625 3366 732 3405 Stat.
757 3366 796 3414 4,
820 3363 916 3405 402.
948 3365 1044 3405 Me-

162 3426 389 3479 nalippum
432 3428 638 3479 fratrem,
686 3428 793 3468 dum
836 3428 1040 3476 venatur,

164 3490 337 3531 occidit.
364 3489 544 3531 Solitam
560 3490 615 3532 de
637 3489 843 3542 Meleagri
864 3490 1041 3531 interitu

1106 1045 1406 1085 narrationem
1438 1057 1478 1084 v.
1513 1047 1630 1098 apud
1662 1048 1785 1088 ovid.
1820 1050 1921 1090 Met.
1946 1050 1986 1097 8,

1106 1105 1227 1152 444.,
1266 1105 1424 1146 collato
1454 1108 1689 1149 Welckero
1722 1112 1795 1150 Gr.
1830 1112 1990 1163 Traga·—

1106 1170 1198 1209 dz'en
1215 1171 1246 1208 Ι.
1272 1181 1313 1221 p.
1330 1170 1374 1208 624
1390 1171 1413 1220 .)
1434 1171 1519 1210 Sed
1538 1183 1695 1212 omnes
1713 1173 1795 1213 hos
1813 1185 1989 1215 errores

1104 1232 1176 1271 hic
1207 1233 1419 1283 persequi
1450 1232 1556 1272 nihil
1588 1235 1755 1275 attinet.
1794 1237 1887 1276 Hoc
1908 1247 1989 1276 au-

1105 1296 1198 1334 tem
1226 1295 1342 1334 inter
1372 1296 1578 1347 antiquos
1599 1297 1866 1349 interpretes
1888 1310 1970 1339 con

1106 1360 1224 1398 stare
1255 1357 1406 1406 vides,
1449 1361 1590 1398 notari
1621 1360 1692 1399 hic
1721 1362 1985 1409 Antimachi,

1106 1418 1296 1459 Platonis
1328 1419 1526 1471 aequalis
1571 1422 1685 1471 (ante
1719 1423 1822 1462 Chr.
1847 1423 1985 1474 405),

1105 1481 1401 1530 Thebaidem,
1426 1482 1606 1533 longum
1629 1484 1810 1534 quidem
1833 1496 1884 1525 30
1906 1485 1991 1526 dif-

1105 1544 1252 1584 fusum
1283 1549 1465 1595 poema,
1514 1546 1595 1585 sed
1637 1548 1788 1587 tamen
1820 1550 1989 1599 magnis

1105 1605 1344 1646 virtutibus
1366 1608 1549 1647 minime
1568 1619 1740 1649 carens.
1767 1610 1830 1650 Cf.
1853 1612 1990 1658 Quin-

1104 1668 1165 1708 til.
1192 1670 1266 1718 40,
1300 1669 1343 1717 4,
1379 1669 1445 1709 53.
1499 1672 1546 1710 In
1576 1672 1661 1711 hac
1692 1674 1843 1712 autem
1874 1674 1989 1713 The-

1105 1731 1235 1771 baide
1269 1742 1371 1770 cum
1403 1733 1570 1772 mentio
1592 1733 1687 1772 fieri
1718 1745 1806 1774 non
1837 1739 1991 1786 posset

1103 1793 1332 1834 Diomedis
1363 1795 1533 1834 reditus
1555 1806 1579 1834 a
1602 1797 1753 1846 Troia,
1787 1797 1992 1837 Welcke-

1104 1867 1180 1896 rus
1211 1868 1272 1906 ep.
1298 1856 1444 1905 Cyclas
1464 1868 1505 1908 p.
1532 1857 1623 1897 403.
1652 1857 1801 1898 locum
1824 1860 1988 1899 Horatii

1105 1918 1341 1970 explicavit
1371 1919 1426 1958 de
1448 1919 1676 1960 Diomedis
1708 1921 1751 1960 in
1772 1921 1989 1962 Aetoliam

1104 1980 1250 2020 reditu
1278 1982 1382 2032 post
1411 1981 1713 2032 Epigonorum
1738 1984 1985 2033 victoriam,

1105 2055 1242 2095 quem
1258 2044 1388 2084 nimis
1404 2042 1531 2095 longe
1550 2046 1778 2096 repetierit
1794 2048 1989 2087 Antima-

1106 2106 1216 2145 chus
1246 2105 1301 2145 ab
1330 2106 1510 2145 interitu
1537 2106 1745 2158 Meleagri
1774 2120 1855 2160 per
1885 2109 1992 2150 fata-

1104 2167 1194 2208 lem
1214 2167 1336 2208 illum
1352 2169 1551 2208 titionem
1569 2168 1624 2208 ab
1641 2169 1823 2210 Althaea
1845 2175 1989 2212 matre

1105 2232 1369 2270 crematum.
1416 2234 1471 2271 At
1507 2242 1610 2271 cum
1650 2233 1815 2273 Horatii
1851 2234 1990 2275 verba

1104 2294 1277 2333 nonnisi
1306 2293 1543 2335 artificiose
1575 2295 1631 2334 ad
1653 2294 1787 2336 alium
1809 2297 1992 2338 Diome-

1105 2357 1171 2397 dis
1201 2356 1395 2397 reditum
1427 2368 1562 2408 quam
1593 2358 1649 2397 ad
1672 2358 1793 2399 illum
1815 2371 1839 2400 a
1862 2361 1989 2401 Troia

1104 2421 1146 2459 in
1169 2420 1399 2459 Graeciam
1419 2418 1677 2471 detorqueri
1699 2423 1887 2472 possint,
1916 2434 1990 2463 re-

1105 2484 1176 2524 cte
1192 2484 1442 2523 Diintzerus
1459 2482 1807 2524 Scholiastarum
1825 2485 1880 2525 de
1897 2488 1989 2525 An-

1105 2545 1286 2585 timachi
1298 2545 1523 2585 Thebaide
1541 2547 1904 2598 interpretatione
1922 2559 1990 2588 re—

1104 2609 1218 2648 iecta
1239 2612 1401 2659 poema
1423 2608 1659 2659 significari
1682 2611 1828 2660 putat,
1863 2611 1989 2650 cuius

1104 2671 1399 2724 praecipuum
1438 2674 1753 2722 argumentum
1791 2673 1847 2713 sit
1882 2673 1990 2712 Dio-

1104 2734 1249 2774 medis
1280 2745 1305 2773 a
1326 2734 1454 2773 Troia
1482 2734 1677 2782 reditus;
1712 2746 1847 2787 quem
1867 2735 1990 2775 redi-

1106 2800 1199 2837 tum
1229 2798 1359 2849 poeta
1386 2808 1410 2836 a
1431 2796 1639 2848 Meleagri
1659 2798 1839 2838 interitu
1860 2808 1988 2838 orsus

1107 2870 1206 2900 esse
1238 2859 1421 2909 dicitur,
1456 2870 1543 2911 quo
1570 2861 1666 2912 ipso
1689 2862 1733 2899 et
1752 2861 1893 2900 matre
1913 2859 1990 2900 Al-

1106 2924 1237 2963 thaea
1274 2924 1462 2963 mortuis
1503 2925 1632 2975 pater
1661 2923 1836 2963 Oeneus
1866 2924 1991 2963 Peri-

1105 2985 1221 3025 boea
1250 2986 1294 3025 in
1324 2986 1656 3025 matrimonium
1683 2985 1814 3025 ducta
1837 2985 1986 3036 Tydea

1107 3048 1277 3099 genuit,
1303 3049 1378 3099 qui
1399 3047 1456 3088 ob
1479 3047 1666 3088 caedem
1692 3047 1886 3100 aliquam
1908 3049 1990 3088 Ca-

1106 3111 1271 3162 lydone
1301 3113 1604 3163 perpetratam
1625 3110 1726 3150 inde
1746 3112 1886 3161 Argos
1908 3121 1990 3149 au-

1106 3173 1213 3224 fugit
1242 3172 1299 3212 ad
1318 3172 1581 3222 Adrastum,
1615 3173 1738 3213 cuius
1769 3171 1855 3211 filia
1883 3172 1991 3211 Dei-

1104 3234 1209 3288 pyla
1253 3236 1292 3275 ei
1332 3237 1470 3286 nupta
1499 3234 1766 3275 Diomedem
1794 3234 1985 3286 peperit.

1105 3298 1237 3338 Addit
1264 3299 1543 3338 Diintzerus:
1579 3299 1758 3339 «Utrum
1787 3307 1894 3336 vero
1922 3308 1991 3336 re-

1104 3361 1355 3413 prehendat
1398 3356 1514 3410 ἔπος
1551 3358 1730 3410 aliquod
1770 3360 1989 3398 Graecum

1105 3424 1346 3464 etiamtunc
1365 3424 1594 3475 superstes
1627 3422 1696 3473 (de
1718 3423 1848 3474 poeta
1871 3422 1989 3461 enim

1103 3488 1276 3541 aequali
1292 3490 1445 3530 Latino
1465 3512 1509 3517 -
1529 3487 1822 3528 Diomedeam
1837 3488 1987 3528 tamen
