2912 4368
1068 807 1163 844 Lm.
1202 807 1226 844 1.

1284 806 1443 845 Erisr.
1479 808 1545 844 ιιι,
2126 804 2223 854 409

992 1229 1435 1278 EPISTOLA
1486 1231 1617 1279 111.

469 1341 561 1393 Iuli
604 1339 782 1397 Flore,
829 1339 1026 1411 quibus
1069 1350 1332 1393 terrarum
1373 1340 1558 1394 militet
1597 1340 1704 1393 oris

466 1442 719 1496 Claudius
762 1444 980 1513 Augusti
1023 1444 1323 1513 prixignus,
1368 1443 1505 1497 scire
1547 1443 1750 1496 laboro.

463 1545 734 1599 Thracane
776 1563 869 1598 vos
911 1545 1235 1617 Hebrusque
1276 1545 1433 1598 nixali
1474 1544 1738 1616 compede
1780 1544 2002 1598 tinctus,

448 1744 514 1782 Ill.
569 1741 727 1782 Iulium
770 1741 965 1782 Florum.
1012 1741 1272 1782 familiarem

390 1817 542 1848 suum,
570 1808 673 1845 tunc
697 1806 910 1856 temporis
943 1806 1055 1845 inter
1086 1806 1271 1845 comites

390 1868 547 1907 Tiberii
598 1868 782 1907 Neronis
832 1880 868 1907 a.
912 1880 953 1907 u.
1000 1880 1037 1907 c.
1082 1867 1175 1907 734..
1228 1868 1271 1906 in

388 1931 612 1970 Orientem
644 1930 698 1969 ab
736 1932 932 1981 Augusto
972 1931 1117 1977 missi,
1167 1941 1272 1981 per-

389 1995 610 2036 contatur,
637 1992 743 2042 quid
766 1992 989 2039 Tiberius,
1017 1992 1123 2043 quid
1146 2004 1271 2032 com-

390 2065 548 2094 munes
580 2055 732 2102 amici,
778 2055 883 2105 quid
926 2056 1020 2107 ipse
1053 2057 1152 2105 agat
1182 2056 1267 2107 (vv.

395 2118 549 2167 ¹525),
593 2117 649 2156 ad
680 2118 922 2168 sapientiae
955 2118 1151 2158 studium
1194 2130 1271 2158 ex-

388 2181 488 2219 citat
530 2180 611 2230 (vv.
648 2180 864 2230 ‘RS-302).
912 2182 1192 2232 postremum
1224 2184 1271 2221 ut

389 2256 492 2285 eum
524 2246 740 2292 Munatio⁷
776 2246 1001 2284 communi
1026 2246 1192 2295 amico,
1227 2247 1270 2285 in

388 2307 572 2357 gratiam
622 2306 803 2356 redeat,
857 2308 998 2347 amice
1050 2308 1265 2348 hortatur.

389 2371 469 2419 (vv.
496 2369 657 2419 30-35.)
705 2371 826 2409 ZELL.
873 2368 1030 2410 «Iulius
1061 2370 1213 2411 Florus
1247 2383 1268 2411 e

387 2432 614 2482 proxincia
635 2432 813 2472 ridetur
843 2431 1003 2481 fuisse,
1038 2444 1142 2472 nam
1164 2435 1272 2473 Cae-

387 2495 497 2533 saris
519 2494 745 2535 dictatoris
777 2494 997 2534 beneficio
1020 2494 1144 2534 multi
1165 2507 1271 2547 pro-

388 2556 636 2596 vincialium
669 2558 734 2597 ius
759 2557 944 2597 civitatis
968 2557 1138 2609 adepti,
1173 2569 1273 2609 pro-

385 2621 539 2669 pterea
571 2620 614 2658 in
645 2631 809 2658 nomen
842 2621 982 2670 gentis
1020 2619 1153 2659 Iuliae
1191 2631 1272 2659 ve·—

389 2692 540 2720 nere.»
592 2682 718 2720 Toiia.
756 2682 874 2721 «Fuit
896 2683 1137 2722 Satirarum
1160 2683 1271 2721 scri-

390 2746 508 2794 ptor.
545 2744 667 2782 cuius
700 2746 799 2783 sunt
833 2743 1000 2784 electae
1031 2757 1084 2783 ex
1117 2746 1267 2793 Ennio,

386 2805 577 2853 Lucilio,
628 2807 869 2845 Varrone.»
935 2810 1088 2846 Ρωιιιηιε
1157 2809 1268 2846 Sane

388 2868 493 2916 lioc⁷
529 2867 649 2918 quod
683 2868 813 2907 tradit
850 2869 1117 2919 Porphyrio,
1152 2870 1272 2907 veri—

389 2933 487 2971 tatis
519 2933 717 2982 speciem
739 2931 808 2970 vel
842 2931 940 2970 ideo
965 2931 1116 2979 habet,
1151 2931 1271 2982 quod

388 2995 458 3032 xix
502 3005 700 3045 unquam
747 3005 770 3032 a
817 3005 1043 3044 quoquam
1081 2994 1271 3043 contingi

387 3058 575 3105 poterat.
645 3055 769 3094 llaud
816 3056 1170 3107 improbabiliter
1215 3057 1269 3096 de

391 3117 512 3156 Floro
545 3118 781 3169 disputaxit
823 3120 1105 3159 Weicliertus
1147 3122 1267 3159 Po'et.

388 3183 475 3220 Lat.
502 3192 543 3231 p.
569 3181 647 3220 366
670 3192 782 3231 seq..
817 3181 933 3220 uude
958 3193 1084 3233 seqq.
1112 3194 1272 3221 excer-

388 3244 581 3293 psimus:
620 3244 706 3282 «lta
739 3243 1007 3284 Sclioliastae
1040 3245 1177 3285 verba
1211 3247 1272 3285 in-

390 3304 621 3355 telligenda
647 3317 745 3345 esse
778 3309 907 3357 puto⁷
942 3309 989 3346 ut
1019 3306 1194 3347 Florum
1219 3320 1271 3347 ex

389 3368 539 3415 Ennio,
561 3368 722 3408 Lucilio
742 3372 783 3408 et
799 3370 1015 3420 Varrone,
1036 3381 1148 3422 quos
1168 3383 1272 3411 con-

389 3431 469 3468 stat
490 3430 721 3480 scripsisse
739 3432 923 3471 Satiras.
945 3435 1269 3483 praestantiora

389 3492 585 3530 carmina
610 3491 795 3542 elegisse
821 3505 961 3544 eaque
988 3495 1174 3536 fortasse
1198 3507 1272 3536 an—

391 3552 602 3601 tiquitatis
648 3554 790 3603 rigore
838 3556 1137 3608 sordibusque
1170 3558 1272 3598 abs-

391 3615 517 3654 tersis
560 3617 601 3653 ct
652 3617 957 3657 emendatiora
1003 3622 1046 3659 et
1093 3619 1272 3672 elegan-

390 3678 499 3716 tiora
546 3677 737 3717 edidisse
784 3682 1030 3721 statuamus
1074 3682 1166 3732 (er
1204 3683 1272 3723 di-

391 3750 490 3779 cam
530 3741 676 3791 potius
721 3740 763 3778 in
804 3752 854 3780 eo
898 3741 1175 3794 elaborasse,
1223 3748 1272 3786 ut

391 3800 563 3841 illorum
605 3803 767 3842 Satiras
799 3806 995 3843 sermoni
1035 3808 1270 3858 captuique
1303 3815 1305 3817 “

391 3863 643 3915 aequalium
682 3876 865 3905 suorum
904 3867 1044 3917 magis
1086 3868 1274 3920 adapta-

392 3927 485 3977 ret).
556 3928 666 3968 Hinc
708 3928 837 3978 igitur
880 3927 1065 3969 sortasse
1108 3930 1271 3971 factum

394 3991 459 4028 est
489 3992 533 4030 ut
575 3989 725 4030 Florus
765 3991 857 4042 ipse
890 3991 1131 4031 Satirarum
1161 3994 1272 4032 scri—

394 4052 491 4102 ptor
539 4051 878 4104 appellaretur.»
949 4053 1073 4094 Idem
1123 4054 1270 4095 autem

1337 1743 1593 1781 NVeiclierto
1615 1742 1789 1782 videtur
1811 1742 1981 1790 Florus,
2017 1754 2152 1794 quem
2177 1748 2222 1783 ut

1338 1805 1392 1843 M.
1419 1806 1557 1844 Porcii
1596 1806 1795 1845 Latronis
1835 1806 2085 1846 auditorem
2123 1818 2221 1846 me-

1338 1870 1479 1906 morat
1537 1869 1705 1907 Seneca
1763 1869 1971 1907 controv.
2021 1868 2065 1917 li,
2126 1870 2217 1916 25.,

1338 1940 1565 1981 quemque
1610 1932 1650 1970 in
1693 1930 1946 1981 eloquentia
1986 1930 2221 1972 Galliarum

1336 1994 1589 2044 principem
1610 1995 1741 2033 x-ocat
1765 1993 1937 2041 Quintil.
1966 1995 2037 2041 10,
2063 1994 2107 2043 3,
2137 1995 2218 2043 ·13.,

1338 2055 1718 2095 exstimulatorem
1762 2057 2031 2096 acerrimum
2071 2055 2222 2096 rebel—

1336 2118 1461 2158 lionis
1495 2119 1608 2158 inter
1639 2120 1857 2159 Treveros
1893 2120 1944 2169 (a.
1970 2131 2013 2158 u.
2041 2132 2079 2160 c.
2106 2118 2218 2169 774..)

1337 2182 1437 2220 Tac.
1470 2183 1581 2220 Ann.
1616 2182 1663 2230 3,
1704 2181 1771 2221 40.
1828 2182 1903 2231 (De
1945 2182 2030 2221 hoc
2070 2184 2219 2221 tamen

1337 2242 1539 2283 dubitare
1562 2243 1687 2283 licet:
1722 2246 1827 2283 tune
1845 2245 1962 2283 enim
1985 2245 2221 2283 minimum

1336 2308 1457 2346 LXV.
1483 2318 1621 2347 annos
1654 2309 1781 2346 natus
1813 2306 1988 2355 fuisset,
2024 2318 2110 2357 qua
2143 2318 2220 2346 ae-

1336 2371 1424 2409 tate
1466 2372 1556 2409 tam
1587 2370 1771 2409 audacia
1803 2369 1981 2409 consilia
2015 2371 2219 2411 homines

1336 2431 1455 2471 haud
1493 2431 1618 2472 facile
1652 2444 1812 2483 capere
1848 2434 1889 2471 et
1922 2433 2107 2482 exsequi
2145 2444 2220 2472 so—

1335 2494 1456 2545 lent.)
1510 2496 1672 2535 Contra
1696 2496 1933 2535 somniax‘it
1964 2495 2121 2534 Titzius
2145 2497 2220 2546 qui

1336 2556 1512 2597 Florum
1543 2559 1804 2598 historicum
1834 2557 1987 2597 habuit
2018 2570 2098 2609 pro
2134 2558 2219 2597 hoc

1335 2619 1442 2660 Iulio
1481 2620 1621 2661 Floro.
1675 2622 1736 2661 Ex
1776 2622 1826 2660 iis
1866 2622 2017 2671 utique
2055 2622 2220 2660 Horatii

1336 2682 1624 2724 familiaribus
1647 2684 1743 2729 suit,
1779 2695 1891 2735 quos
1914 2682 1969 2723 ob
1994 2685 2220 2734 ingenium

1337 2748 1470 2796 atque
1517 2747 1659 2787 studia
1710 2748 1883 2798 poetica
1931 2747 2049 2786 haud
2097 2748 2221 2798 parvi

1337 2810 1607 2848 aestimaret.
1662 2809 1749 2848 Cfr.
1785 2810 1893 2861 Epp.
1926 2810 1971 2857 ¹2,
2006 2811 2044 2849 ¹2.
2080 2821 2219 2861 prope

1337 2871 1554 2910 decennio
1603 2874 1702 2923 post
1752 2872 1867 2912 hanc
1917 2872 1973 2911 ad
2024 2873 2219 2913 eundem

1337 2934 1536 2973 missam.

1395 2997 1475 3035 2-5.
1511 2996 1721 3046 Claudius]
1746 2999 1970 3047 Augustus
1993 2998 2215 3038 Tiberium

1338 3069 1376 3096 a.
1409 3069 1451 3096 u.
1484 3070 1520 3097 e.
1554 3059 1647 3099 734..
1682 3060 1722 3099 in
1755 3060 1980 3098 Orientem
2018 3062 2213 3101 miserat.

1337 3122 1383 3159 ut
1425 3121 1659 3171 Tigranem
1692 3122 1731 3160 in
1762 3123 1998 3161 Armeniae
2030 3134 2216 3173 regnum

1339 3183 1376 3221 ei
1400 3183 1552 3225 datum
1576 3184 1833 3224 deduceret.
1869 3183 2018 3224 Vellei.
2044 3187 2212 3224 Patere.

1337 3246 1385 3293 ¹³2,
1420 3246 1484 3286 92.
1514 3270 1558 3274 —
1582 3247 1756 3298 ,lugyuslc'
1780 3247 2017 3297 pririynus]
2051 3249 2118 3287 Sic
2141 3248 2216 3287 ho-

1337 3309 1456 3348 noris
1489 3320 1622 3349 causa
1655 3320 1758 3348 eum
1793 3308 2003 3360 appellat,
2052 3310 2215 3361 quippe

1338 3371 1412 3420 qui
1444 3372 1536 3410 sine
1570 3371 1705 3410 dubio
1737 3372 1850 3410 lianc
1882 3371 2121 3422 Epistolam
2151 3371 2215 3411 le-

1337 3435 1488 3472 cturus
1522 3436 1654 3473 esset.
1709 3432 1943 3473 Florebant
1974 3435 2214 3473 etiamtunc

1339 3498 1385 3536 C.
1412 3498 1453 3535 et
1487 3498 1529 3536 L.
1556 3498 1794 3544 Caesares,
1829 3497 2046 3547 Agrippae
2070 3508 2123 3535 ex
2144 3498 2216 3536 Iu—

1336 3557 1391 3597 lia
1428 3557 1523 3603 filii,
1568 3560 1749 3608 Augusti
1786 3560 1991 3609 nepotes,
2036 3558 2090 3597 ab
2133 3559 2217 3598 hoc-

1303 3655 1305 3668 ,
1338 3620 1554 3671 ωἰορῐειιις
1604 3620 1828 3659 Tiberium
1874 3621 2101 3671 adoptaxit
2136 3621 2215 3660 de—

1338 3694 1462 3722 mum
1493 3694 1530 3722 a.
1556 3683 1649 3722 757.
1705 3682 1767 3722 Cf.
1803 3684 1902 3721 Tac.
1927 3685 2037 3723 Ann.
2065 3685 2112 3733 6,
2146 3685 2211 3723 51¹.

1341 3768 1384 3773 —
1403 3746 1506 3785 scire
1528 3744 1684 3796 laboro]
1707 3744 1930 3795 aliquanto
1955 3744 2053 3796 plus
2081 3756 2214 3796 quam

1338 3808 1544 3858 «cupio;»
1571 3818 1866 3858 «magnopere
1888 3808 2089 3847 studeo.»
2123 3809 2209 3846 Sat.

1336 3872 1386 3919 ἱ),
1420 3870 1466 3918 8,
1504 3870 1575 3908 49:
1614 3881 1732 3909 nosse
1762 3870 1919 3909 laboro.
1958 3892 2002 3897 —-
2037 3870 2210 3920 Thraca]

1338 3931 1476 3972 forma
1504 3932 1697 3983 poetica,
1733 3930 1913 3988 Θρᾴκη,
1941 3932 2071 3970 etiam
2094 3931 2213 3981 apud

1336 3995 1453 4044 Yirg.
1491 3996 1598 4034 Aen.
1638 3995 1709 4043 42,
1745 3994 1836 4034 335.
1889 3994 2016 4032 Teste
2062 3994 2212 4033 autem

1336 4056 1543 4097 Suetonio
1565 4056 1656 4096 Tib.
1680 4055 1742 4097 14.
1779 4055 1977 4096 Tiberius
2000 4056 2112 4096 lianc
2135 4066 2212 4095 exr-
