<?xml version="1.0" encoding="UTF-8"?>
<!DOCTYPE html PUBLIC "-//W3C//DTD XHTML 1.0 Transitional//EN"
    "http://www.w3.org/TR/xhtml1/DTD/xhtml1-transitional.dtd">
<html xmlns="http://www.w3.org/1999/xhtml" xml:lang="en" lang="en">
 <head>
  <title>
</title>
<meta http-equiv="Content-Type" content="text/html;charset=utf-8" />
  <meta name='ocr-system' content='tesseract 3.04.00' />
  <meta name='ocr-capabilities' content='ocr_page ocr_carea ocr_par ocr_line ocrx_word'/>
</head>
<body>
  <div class='ocr_page' id='page_1' title='image "./qhoratiusflaccus02horauoft_0662.png"; bbox 0 0 2231 3787; ppageno 0'>
   <div class='ocr_carea' id='block_1_1' title="bbox 312 263 1539 316">
    <p class='ocr_par' dir='ltr' id='par_1_1' title="bbox 312 263 1539 316">
     <span class='ocr_line' id='line_1_1' title="bbox 312 263 1539 316; baseline -0.01 -1"><span class='ocrx_word' id='word_1_1' title='bbox 312 263 412 316; x_wconf 74' lang='grc'>618</span> <span class='ocrx_word' id='word_1_2' title='bbox 927 263 1142 306; x_wconf 73' lang='lat' dir='ltr'>HoaAru</span> <span class='ocrx_word' id='word_1_3' title='bbox 1173 264 1539 306; x_wconf 72' lang='lat' dir='ltr'>ErisToLARUM</span> 
     </span>
    </p>
   </div>
   <div class='ocr_carea' id='block_1_2' title="bbox 379 391 2131 1074">
    <p class='ocr_par' dir='ltr' id='par_1_2' title="bbox 383 391 2127 568">
     <span class='ocr_line' id='line_1_2' title="bbox 383 391 2127 465; baseline -0.004 -15"><span class='ocrx_word' id='word_1_4' title='bbox 383 399 542 450; x_wconf 82' lang='lat' dir='ltr'>Recte</span> <span class='ocrx_word' id='word_1_5' title='bbox 583 395 716 449; x_wconf 88' lang='lat' dir='ltr'>sacta</span> <span class='ocrx_word' id='word_1_6' title='bbox 755 394 940 457; x_wconf 79' lang='lat' dir='ltr'><strong>refert,</strong></span> <span class='ocrx_word' id='word_1_7' title='bbox 982 395 1208 449; x_wconf 78' lang='lat' dir='ltr'>orientia</span> <span class='ocrx_word' id='word_1_8' title='bbox 1245 404 1488 465; x_wconf 84' lang='lat' dir='ltr'>tempora</span> <span class='ocrx_word' id='word_1_9' title='bbox 1526 393 1662 446; x_wconf 87' lang='lat' dir='ltr'>notis</span> <span class='ocrx_word' id='word_1_10' title='bbox 2026 391 2127 444; x_wconf 65' lang='lat'>»¹30</span> 
     </span>
     <span class='ocr_line' id='line_1_3' title="bbox 383 495 1782 568; baseline -0.002 -19"><span class='ocrx_word' id='word_1_11' title='bbox 383 498 598 551; x_wconf 78' lang='lat' dir='ltr'>Instruit</span> <span class='ocrx_word' id='word_1_12' title='bbox 637 496 918 568; x_wconf 89' lang='lat' dir='ltr'>exemplis,</span> <span class='ocrx_word' id='word_1_13' title='bbox 962 497 1177 567; x_wconf 81' lang='lat' dir='ltr'>inopem</span> <span class='ocrx_word' id='word_1_14' title='bbox 1217 495 1418 548; x_wconf 90' lang='lat' dir='ltr'>solatur</span> <span class='ocrx_word' id='word_1_15' title='bbox 1456 503 1508 547; x_wconf 89' lang='lat' dir='ltr'>et</span> <span class='ocrx_word' id='word_1_16' title='bbox 1545 511 1782 565; x_wconf 81' lang='lat' dir='ltr'>aegrum.</span> 
     </span>
    </p>

    <p class='ocr_par' dir='ltr' id='par_1_3' title="bbox 385 595 1583 670">
     <span class='ocr_line' id='line_1_4' title="bbox 385 595 1583 670; baseline -0.005 -16"><span class='ocrx_word' id='word_1_17' title='bbox 385 600 556 654; x_wconf 90' lang='lat' dir='ltr'>Castis</span> <span class='ocrx_word' id='word_1_18' title='bbox 594 617 716 654; x_wconf 90' lang='lat' dir='ltr'>cum</span> <span class='ocrx_word' id='word_1_19' title='bbox 754 599 937 670; x_wconf 87' lang='lat' dir='ltr'>pueris</span> <span class='ocrx_word' id='word_1_20' title='bbox 977 599 1161 668; x_wconf 82' lang='lat' dir='ltr'>ignara</span> <span class='ocrx_word' id='word_1_21' title='bbox 1198 595 1376 668; x_wconf 90' lang='lat' dir='ltr'>puella</span> <span class='ocrx_word' id='word_1_22' title='bbox 1413 595 1583 649; x_wconf 91' lang='lat' dir='ltr'>mariti</span> 
     </span>
    </p>

    <p class='ocr_par' dir='ltr' id='par_1_4' title="bbox 379 696 1872 770">
     <span class='ocr_line' id='line_1_5' title="bbox 379 696 1872 770; baseline -0.003 -17"><span class='ocrx_word' id='word_1_23' title='bbox 379 702 623 755; x_wconf 87' lang='lat' dir='ltr'>Disceret</span> <span class='ocrx_word' id='word_1_24' title='bbox 660 700 802 752; x_wconf 91' lang='lat' dir='ltr'>unde</span> <span class='ocrx_word' id='word_1_25' title='bbox 842 715 1058 770; x_wconf 83' lang='lat' dir='ltr'>preceS,</span> <span class='ocrx_word' id='word_1_26' title='bbox 1101 706 1278 752; x_wconf 83' lang='lat' dir='ltr'>vatem</span> <span class='ocrx_word' id='word_1_27' title='bbox 1317 699 1368 749; x_wconf 92' lang='lat' dir='ltr'>ni</span> <span class='ocrx_word' id='word_1_28' title='bbox 1407 699 1558 750; x_wconf 88' lang='lat' dir='ltr'>Musa</span> <span class='ocrx_word' id='word_1_29' title='bbox 1596 696 1872 751; x_wconf 79' lang='lat' dir='ltr'>dedisset?</span> 
     </span>
    </p>

    <p class='ocr_par' dir='ltr' id='par_1_5' title="bbox 382 798 2131 1074">
     <span class='ocr_line' id='line_1_6' title="bbox 382 798 1905 873; baseline -0.005 -16"><span class='ocrx_word' id='word_1_30' title='bbox 382 804 560 857; x_wconf 89' lang='lat' dir='ltr'>Poscit</span> <span class='ocrx_word' id='word_1_31' title='bbox 598 819 757 873; x_wconf 91' lang='lat' dir='ltr'>opem</span> <span class='ocrx_word' id='word_1_32' title='bbox 796 800 993 854; x_wconf 88' lang='lat' dir='ltr'>chorus</span> <span class='ocrx_word' id='word_1_33' title='bbox 1033 807 1086 853; x_wconf 91' lang='lat' dir='ltr'>et</span> <span class='ocrx_word' id='word_1_34' title='bbox 1122 799 1429 870; x_wconf 89' lang='lat' dir='ltr'>praesentia</span> <span class='ocrx_word' id='word_1_35' title='bbox 1467 799 1684 851; x_wconf 89' lang='lat' dir='ltr'>numina</span> <span class='ocrx_word' id='word_1_36' title='bbox 1723 798 1905 859; x_wconf 85' lang='lat' dir='ltr'>sentit,</span> 
     </span>
     <span class='ocr_line' id='line_1_7' title="bbox 385 899 2131 974; baseline -0.005 -15"><span class='ocrx_word' id='word_1_37' title='bbox 385 905 657 959; x_wconf 72' lang='lat' dir='ltr'>Caelestes</span> <span class='ocrx_word' id='word_1_38' title='bbox 698 903 945 974; x_wconf 82' lang='lat' dir='ltr'>implorat</span> <span class='ocrx_word' id='word_1_39' title='bbox 984 919 1153 973; x_wconf 86' lang='lat' dir='ltr'>aquas</span> <span class='ocrx_word' id='word_1_40' title='bbox 1193 901 1351 955; x_wconf 87' lang='lat' dir='ltr'>docta</span> <span class='ocrx_word' id='word_1_41' title='bbox 1388 918 1553 972; x_wconf 86' lang='lat' dir='ltr'>prece</span> <span class='ocrx_word' id='word_1_42' title='bbox 1590 899 1844 959; x_wconf 91' lang='lat' dir='ltr'>blandus,</span> <span class='ocrx_word' id='word_1_43' title='bbox 2030 899 2131 952; x_wconf 64' lang='lat'>1135</span> 
     </span>
     <span class='ocr_line' id='line_1_8' title="bbox 382 1002 1680 1074; baseline -0.002 -15"><span class='ocrx_word' id='word_1_44' title='bbox 382 1006 581 1059; x_wconf 77' lang='lat' dir='ltr'>Avertit</span> <span class='ocrx_word' id='word_1_45' title='bbox 617 1004 860 1067; x_wconf 84' lang='lat' dir='ltr'>morbos,</span> <span class='ocrx_word' id='word_1_46' title='bbox 902 1003 1191 1058; x_wconf 88' lang='lat' dir='ltr'>metuenda</span> <span class='ocrx_word' id='word_1_47' title='bbox 1229 1002 1469 1074; x_wconf 90' lang='lat' dir='ltr'>pericula</span> <span class='ocrx_word' id='word_1_48' title='bbox 1507 1002 1680 1074; x_wconf 89' lang='lat' dir='ltr'>pellit,</span> 
     </span>
    </p>
   </div>
   <div class='ocr_carea' id='block_1_3' title="bbox 367 1136 2082 1314">
    <p class='ocr_par' dir='ltr' id='par_1_6' title="bbox 367 1136 2082 1314">
     <span class='ocr_line' id='line_1_9' title="bbox 424 1136 2082 1190; baseline -0.002 -11"><span class='ocrx_word' id='word_1_49' title='bbox 424 1141 515 1180; x_wconf 82' lang='grc'>435.</span> <span class='ocrx_word' id='word_1_50' title='bbox 563 1139 722 1190; x_wconf 80' lang='lat' dir='ltr'>aquas]</span> <span class='ocrx_word' id='word_1_51' title='bbox 769 1149 863 1189; x_wconf 82' lang='lat' dir='ltr'>opes</span> <span class='ocrx_word' id='word_1_52' title='bbox 900 1137 1108 1188; x_wconf 80' lang='lat' dir='ltr'>singulari</span> <span class='ocrx_word' id='word_1_53' title='bbox 1153 1148 1305 1177; x_wconf 89' lang='lat' dir='ltr'>errore</span> <span class='ocrx_word' id='word_1_54' title='bbox 1336 1148 1450 1177; x_wconf 91' lang='lat' dir='ltr'>unus</span> <span class='ocrx_word' id='word_1_55' title='bbox 1479 1137 1755 1177; x_wconf 90' lang='lat' dir='ltr'>Bersmanni.</span> <span class='ocrx_word' id='word_1_56' title='bbox 1794 1158 1836 1164; x_wconf 94' lang='lat'>—</span> <span class='ocrx_word' id='word_1_57' title='bbox 1884 1136 2082 1187; x_wconf 76' lang='lat' dir='ltr'>implorat</span> 
     </span>
     <span class='ocr_line' id='line_1_10' title="bbox 367 1198 2080 1252; baseline -0.002 -10"><span class='ocrx_word' id='word_1_58' title='bbox 367 1214 523 1252; x_wconf 73' lang='lat' dir='ltr'>aquas,</span> <span class='ocrx_word' id='word_1_59' title='bbox 570 1204 692 1242; x_wconf 84' lang='lat' dir='ltr'>docta</span> <span class='ocrx_word' id='word_1_60' title='bbox 728 1213 854 1251; x_wconf 82' lang='lat' dir='ltr'>prece</span> <span class='ocrx_word' id='word_1_61' title='bbox 897 1201 1071 1240; x_wconf 77' lang='lat' dir='ltr'>blandus</span> <span class='ocrx_word' id='word_1_62' title='bbox 1111 1200 1269 1239; x_wconf 82' lang='lat' dir='ltr'>Avertit</span> <span class='ocrx_word' id='word_1_63' title='bbox 1309 1199 1473 1238; x_wconf 83' lang='lat' dir='ltr'>morbos</span> <span class='ocrx_word' id='word_1_64' title='bbox 1517 1199 1742 1250; x_wconf 85' lang='lat' dir='ltr'>distinguit</span> <span class='ocrx_word' id='word_1_65' title='bbox 1783 1198 2006 1239; x_wconf 88' lang='lat' dir='ltr'>Bentleius</span> <span class='ocrx_word' id='word_1_66' title='bbox 2036 1198 2080 1238; x_wconf 90' lang='lat' dir='ltr'>in</span> 
     </span>
     <span class='ocr_line' id='line_1_11' title="bbox 369 1261 2079 1314; baseline -0.002 -10"><span class='ocrx_word' id='word_1_67' title='bbox 369 1266 494 1306; x_wconf 81' lang='lat' dir='ltr'>Curis</span> <span class='ocrx_word' id='word_1_68' title='bbox 524 1265 789 1304; x_wconf 78' lang='lat' dir='ltr'>novissimis.</span> <span class='ocrx_word' id='word_1_69' title='bbox 826 1287 870 1292; x_wconf 82' lang='lat'>——</span> <span class='ocrx_word' id='word_1_70' title='bbox 910 1263 999 1303; x_wconf 85' lang='grc'><strong>136.</strong></span> <span class='ocrx_word' id='word_1_71' title='bbox 1034 1262 1174 1314; x_wconf 82' lang='lat' dir='ltr'>pellit]</span> <span class='ocrx_word' id='word_1_72' title='bbox 1218 1262 1323 1302; x_wconf 77' lang='lat' dir='ltr'>tollit</span> <span class='ocrx_word' id='word_1_73' title='bbox 1349 1272 1464 1302; x_wconf 92' lang='lat' dir='ltr'>unus</span> <span class='ocrx_word' id='word_1_74' title='bbox 1495 1262 1776 1311; x_wconf 87' lang='lat' dir='ltr'>Bersmanni,</span> <span class='ocrx_word' id='word_1_75' title='bbox 1824 1261 2079 1312; x_wconf 83' lang='lat' dir='ltr'>Cuningha-</span> 
     </span>
    </p>
   </div>
   <div class='ocr_carea' id='block_1_4' title="bbox 368 1326 780 1369">
    <p class='ocr_par' dir='ltr' id='par_1_7' title="bbox 368 1326 780 1369">
     <span class='ocr_line' id='line_1_12' title="bbox 368 1326 780 1369; baseline 0 -3"><span class='ocrx_word' id='word_1_76' title='bbox 368 1329 483 1369; x_wconf 89' lang='lat' dir='ltr'>mius</span> <span class='ocrx_word' id='word_1_77' title='bbox 514 1326 780 1368; x_wconf 75' lang='lat' dir='ltr'>coniectura.</span> 
     </span>
    </p>
   </div>
   <div class='ocr_carea' id='block_1_5' title="bbox 307 1438 2139 2241">
    <p class='ocr_par' dir='ltr' id='par_1_8' title="bbox 307 1438 2139 2168">
     <span class='ocr_line' id='line_1_13' title="bbox 313 1438 2133 1492; baseline -0.002 -8"><span class='ocrx_word' id='word_1_78' title='bbox 313 1449 537 1492; x_wconf 73' lang='lat' dir='ltr'>rectorem,</span> <span class='ocrx_word' id='word_1_79' title='bbox 571 1447 618 1483; x_wconf 88' lang='lat' dir='ltr'>ut</span> <span class='ocrx_word' id='word_1_80' title='bbox 645 1442 852 1483; x_wconf 72' lang='lat' dir='ltr'>vocabuli</span> <span class='ocrx_word' id='word_1_81' title='bbox 875 1446 1090 1492; x_wconf 84' lang='lat' dir='ltr'>correptor</span> <span class='ocrx_word' id='word_1_82' title='bbox 1106 1442 1193 1481; x_wconf 91' lang='lat' dir='ltr'>iam</span> <span class='ocrx_word' id='word_1_83' title='bbox 1260 1442 1339 1481; x_wconf 88' lang='lat' dir='ltr'>est.</span> <span class='ocrx_word' id='word_1_84' title='bbox 1367 1463 1410 1468; x_wconf 81' lang='lat'>—</span> <span class='ocrx_word' id='word_1_85' title='bbox 1437 1440 1836 1490; x_wconf 79' lang='lat' dir='ltr'>Caelestes-aquas]</span> <span class='ocrx_word' id='word_1_86' title='bbox 1868 1438 2133 1491; x_wconf 78' lang='lat' dir='ltr'>«pluviam»</span> 
     </span>
     <span class='ocr_line' id='line_1_14' title="bbox 315 1502 2134 1552; baseline -0.002 -6"><span class='ocrx_word' id='word_1_87' title='bbox 315 1506 429 1547; x_wconf 90' lang='lat' dir='ltr'>nulla</span> <span class='ocrx_word' id='word_1_88' title='bbox 461 1508 515 1547; x_wconf 90' lang='lat' dir='ltr'>sit</span> <span class='ocrx_word' id='word_1_89' title='bbox 543 1508 796 1546; x_wconf 87' lang='lat' dir='ltr'>auctoritas.</span> <span class='ocrx_word' id='word_1_90' title='bbox 825 1528 870 1534; x_wconf 92' lang='lat'>—-</span> <span class='ocrx_word' id='word_1_91' title='bbox 894 1505 1073 1544; x_wconf 77' lang='lat' dir='ltr'>orientia</span> <span class='ocrx_word' id='word_1_92' title='bbox 1097 1508 1195 1544; x_wconf 86' lang='lat' dir='ltr'>tem-</span> <span class='ocrx_word' id='word_1_93' title='bbox 1260 1502 1324 1543; x_wconf 81' lang='lat' dir='ltr'>Cf.</span> <span class='ocrx_word' id='word_1_94' title='bbox 1357 1502 1435 1542; x_wconf 90' lang='lat' dir='ltr'>Od.</span> <span class='ocrx_word' id='word_1_95' title='bbox 1460 1503 1508 1552; x_wconf 85' lang='lat'>3,</span> <span class='ocrx_word' id='word_1_96' title='bbox 1533 1503 1604 1551; x_wconf 93' lang='grc'>40,</span> <span class='ocrx_word' id='word_1_97' title='bbox 1641 1503 1715 1542; x_wconf 76' lang='lat'>49:</span> <span class='ocrx_word' id='word_1_98' title='bbox 1763 1513 1901 1551; x_wconf 79' lang='lat' dir='ltr'>aquae</span> <span class='ocrx_word' id='word_1_99' title='bbox 1929 1503 2134 1543; x_wconf 82' lang='lat' dir='ltr'>Caelestis.</span> 
     </span>
     <span class='ocr_line' id='line_1_15' title="bbox 307 1564 2132 1620; baseline -0.002 -12"><span class='ocrx_word' id='word_1_100' title='bbox 307 1569 434 1620; x_wconf 80' lang='lat' dir='ltr'>pora]</span> <span class='ocrx_word' id='word_1_101' title='bbox 453 1571 648 1608; x_wconf 89' lang='lat' dir='ltr'>nontam</span> <span class='ocrx_word' id='word_1_102' title='bbox 667 1565 1045 1616; x_wconf 89' lang='lat' dir='ltr'>«adolescentes,»</span> <span class='ocrx_word' id='word_1_103' title='bbox 1060 1577 1194 1617; x_wconf 90' lang='lat' dir='ltr'>quam</span> <span class='ocrx_word' id='word_1_104' title='bbox 1259 1565 1348 1604; x_wconf 91' lang='lat' dir='ltr'>Liv.</span> <span class='ocrx_word' id='word_1_105' title='bbox 1372 1564 1412 1613; x_wconf 81' lang='lat'>4,</span> <span class='ocrx_word' id='word_1_106' title='bbox 1435 1564 1506 1604; x_wconf 87' lang='lat'>30:</span> <span class='ocrx_word' id='word_1_107' title='bbox 1531 1564 1963 1617; x_wconf 80' lang='lat' dir='ltr'>caelestes-defuerunt</span> <span class='ocrx_word' id='word_1_108' title='bbox 1982 1576 2132 1614; x_wconf 81' lang='lat' dir='ltr'>aquae.</span> 
     </span>
     <span class='ocr_line' id='line_1_16' title="bbox 315 1627 2135 1681; baseline -0.001 -12"><span class='ocrx_word' id='word_1_109' title='bbox 315 1641 476 1670; x_wconf 89' lang='lat' dir='ltr'>«unam</span> <span class='ocrx_word' id='word_1_110' title='bbox 515 1630 745 1669; x_wconf 87' lang='lat' dir='ltr'>hominum</span> <span class='ocrx_word' id='word_1_111' title='bbox 777 1631 969 1669; x_wconf 88' lang='lat' dir='ltr'>aetatem</span> <span class='ocrx_word' id='word_1_112' title='bbox 1000 1630 1101 1681; x_wconf 91' lang='lat' dir='ltr'>post</span> <span class='ocrx_word' id='word_1_113' title='bbox 1130 1627 1194 1668; x_wconf 88' lang='lat' dir='ltr'>al·</span> <span class='ocrx_word' id='word_1_114' title='bbox 1260 1629 1302 1667; x_wconf 89' lang='lat' dir='ltr'>Si</span> <span class='ocrx_word' id='word_1_115' title='bbox 1323 1627 1501 1679; x_wconf 89' lang='lat' dir='ltr'>quando</span> <span class='ocrx_word' id='word_1_116' title='bbox 1518 1628 1682 1666; x_wconf 88' lang='lat' dir='ltr'>Romae</span> <span class='ocrx_word' id='word_1_117' title='bbox 1699 1638 1840 1678; x_wconf 88' lang='lat' dir='ltr'>aquae</span> <span class='ocrx_word' id='word_1_118' title='bbox 1862 1628 2009 1679; x_wconf 88' lang='lat' dir='ltr'>inopia</span> <span class='ocrx_word' id='word_1_119' title='bbox 2026 1629 2135 1677; x_wconf 79' lang='lat' dir='ltr'>erat,</span> 
     </span>
     <span class='ocr_line' id='line_1_17' title="bbox 314 1689 2135 1743; baseline -0.001 -11"><span class='ocrx_word' id='word_1_120' title='bbox 314 1696 477 1739; x_wconf 86' lang='lat' dir='ltr'>teram,</span> <span class='ocrx_word' id='word_1_121' title='bbox 523 1694 573 1732; x_wconf 91' lang='lat' dir='ltr'>ut</span> <span class='ocrx_word' id='word_1_122' title='bbox 610 1693 754 1743; x_wconf 88' lang='lat' dir='ltr'>prima</span> <span class='ocrx_word' id='word_1_123' title='bbox 796 1703 1003 1743; x_wconf 85' lang='lat' dir='ltr'>quaeque</span> <span class='ocrx_word' id='word_1_124' title='bbox 1034 1691 1191 1740; x_wconf 83' lang='lat' dir='ltr'>oritur,</span> <span class='ocrx_word' id='word_1_125' title='bbox 1260 1701 1387 1731; x_wconf 89' lang='lat' dir='ltr'>sacra</span> <span class='ocrx_word' id='word_1_126' title='bbox 1431 1689 1774 1729; x_wconf 79' lang='lat' dir='ltr'>instituebantur</span> <span class='ocrx_word' id='word_1_127' title='bbox 1821 1692 1913 1730; x_wconf 90' lang='lat' dir='ltr'>Iovi</span> <span class='ocrx_word' id='word_1_128' title='bbox 1956 1689 2135 1739; x_wconf 91' lang='lat' dir='ltr'>Pluvio,</span> 
     </span>
     <span class='ocr_line' id='line_1_18' title="bbox 315 1751 2139 1806; baseline -0.001 -12"><span class='ocrx_word' id='word_1_129' title='bbox 315 1756 357 1794; x_wconf 90' lang='lat' dir='ltr'>in</span> <span class='ocrx_word' id='word_1_130' title='bbox 387 1753 534 1794; x_wconf 90' lang='lat' dir='ltr'>lucem</span> <span class='ocrx_word' id='word_1_131' title='bbox 565 1755 710 1794; x_wconf 88' lang='lat' dir='ltr'>editur</span> <span class='ocrx_word' id='word_1_132' title='bbox 740 1766 791 1794; x_wconf 89' lang='lat' dir='ltr'>ac</span> <span class='ocrx_word' id='word_1_133' title='bbox 814 1755 949 1806; x_wconf 88' lang='lat' dir='ltr'>priori</span> <span class='ocrx_word' id='word_1_134' title='bbox 971 1753 1191 1800; x_wconf 83' lang='lat' dir='ltr'>succedit3</span> <span class='ocrx_word' id='word_1_135' title='bbox 1259 1751 1462 1803; x_wconf 81' lang='lat' dir='ltr'>aquilicia</span> <span class='ocrx_word' id='word_1_136' title='bbox 1493 1752 1633 1801; x_wconf 90' lang='lat' dir='ltr'>dicta,</span> <span class='ocrx_word' id='word_1_137' title='bbox 1667 1753 1830 1804; x_wconf 88' lang='lat' dir='ltr'>quippe</span> <span class='ocrx_word' id='word_1_138' title='bbox 1862 1752 2024 1803; x_wconf 91' lang='lat' dir='ltr'>quibus</span> <span class='ocrx_word' id='word_1_139' title='bbox 2053 1754 2139 1793; x_wconf 91' lang='lat' dir='ltr'>im—</span> 
     </span>
     <span class='ocr_line' id='line_1_19' title="bbox 315 1814 2139 1867; baseline 0.001 -12"><span class='ocrx_word' id='word_1_140' title='bbox 315 1818 379 1856; x_wconf 79' lang='lat' dir='ltr'>die</span> <span class='ocrx_word' id='word_1_141' title='bbox 398 1818 643 1856; x_wconf 73' lang='lat' dir='ltr'>vwerdenden</span> <span class='ocrx_word' id='word_1_142' title='bbox 662 1817 981 1857; x_wconf 78' lang='lat' dir='ltr'>Geschlechcer.»</span> <span class='ocrx_word' id='word_1_143' title='bbox 1012 1839 1050 1845; x_wconf 89' lang='lat'>--</span> <span class='ocrx_word' id='word_1_144' title='bbox 1073 1816 1194 1865; x_wconf 71' lang='lat' dir='ltr'>notis]</span> <span class='ocrx_word' id='word_1_145' title='bbox 1258 1815 1364 1855; x_wconf 90' lang='lat' dir='ltr'>bres</span> <span class='ocrx_word' id='word_1_146' title='bbox 1388 1814 1511 1854; x_wconf 88' lang='lat' dir='ltr'>caelo</span> <span class='ocrx_word' id='word_1_147' title='bbox 1534 1814 1821 1864; x_wconf 80' lang='lat' dir='ltr'>elicerentur3</span> <span class='ocrx_word' id='word_1_148' title='bbox 1855 1815 2139 1867; x_wconf 87' lang='lat' dir='ltr'>nudipedalia</span> 
     </span>
     <span class='ocr_line' id='line_1_20' title="bbox 317 1876 2138 1929; baseline 0 -11"><span class='ocrx_word' id='word_1_149' title='bbox 317 1878 590 1928; x_wconf 81' lang='lat' dir='ltr'>«vet-eribus,</span> <span class='ocrx_word' id='word_1_150' title='bbox 624 1889 738 1929; x_wconf 90' lang='lat' dir='ltr'>quae</span> <span class='ocrx_word' id='word_1_151' title='bbox 769 1877 824 1917; x_wconf 87' lang='lat' dir='ltr'>ab</span> <span class='ocrx_word' id='word_1_152' title='bbox 847 1877 1054 1917; x_wconf 90' lang='lat' dir='ltr'>omnibus</span> <span class='ocrx_word' id='word_1_153' title='bbox 1077 1877 1198 1917; x_wconf 88' lang='lat' dir='ltr'>cele-</span> <span class='ocrx_word' id='word_1_154' title='bbox 1260 1876 1529 1927; x_wconf 80' lang='lat' dir='ltr'>agebantur,</span> <span class='ocrx_word' id='word_1_155' title='bbox 1576 1876 1620 1915; x_wconf 91' lang='lat' dir='ltr'>id</span> <span class='ocrx_word' id='word_1_156' title='bbox 1651 1878 1741 1925; x_wconf 87' lang='lat' dir='ltr'>est,</span> <span class='ocrx_word' id='word_1_157' title='bbox 1789 1876 1978 1928; x_wconf 91' lang='lat' dir='ltr'>populus</span> <span class='ocrx_word' id='word_1_158' title='bbox 2008 1878 2138 1918; x_wconf 90' lang='lat' dir='ltr'>nudis</span> 
     </span>
     <span class='ocr_line' id='line_1_21' title="bbox 315 1938 2139 1992; baseline -0.001 -12"><span class='ocrx_word' id='word_1_159' title='bbox 315 1941 551 1980; x_wconf 83' lang='lat' dir='ltr'>brantur.»</span> <span class='ocrx_word' id='word_1_160' title='bbox 592 1964 636 1968; x_wconf 88' lang='lat'>—</span> <span class='ocrx_word' id='word_1_161' title='bbox 678 1940 872 1992; x_wconf 62' lang='lat' dir='ltr'>aegrum]</span> <span class='ocrx_word' id='word_1_162' title='bbox 916 1941 1082 1979; x_wconf 90' lang='lat' dir='ltr'>«animi</span> <span class='ocrx_word' id='word_1_163' title='bbox 1118 1951 1196 1979; x_wconf 88' lang='lat' dir='ltr'>ae-</span> <span class='ocrx_word' id='word_1_164' title='bbox 1258 1938 1449 1989; x_wconf 86' lang='lat' dir='ltr'>pedibus</span> <span class='ocrx_word' id='word_1_165' title='bbox 1480 1949 1693 1989; x_wconf 90' lang='lat' dir='ltr'>pompam</span> <span class='ocrx_word' id='word_1_166' title='bbox 1725 1938 1920 1979; x_wconf 91' lang='lat' dir='ltr'>ducebat</span> <span class='ocrx_word' id='word_1_167' title='bbox 1947 1951 2029 1991; x_wconf 93' lang='lat' dir='ltr'>per</span> <span class='ocrx_word' id='word_1_168' title='bbox 2060 1941 2139 1981; x_wconf 90' lang='lat' dir='ltr'>Ur—</span> 
     </span>
     <span class='ocr_line' id='line_1_22' title="bbox 316 2000 2136 2054; baseline 0 -13"><span class='ocrx_word' id='word_1_169' title='bbox 316 2014 466 2054; x_wconf 83' lang='lat' dir='ltr'>grum,</span> <span class='ocrx_word' id='word_1_170' title='bbox 513 2001 790 2043; x_wconf 86' lang='lat' dir='ltr'>sollicitum.»</span> <span class='ocrx_word' id='word_1_171' title='bbox 854 2001 965 2043; x_wconf 88' lang='lat' dir='ltr'>Male</span> <span class='ocrx_word' id='word_1_172' title='bbox 1002 2001 1196 2042; x_wconf 83' lang='lat' dir='ltr'>nonnulli</span> <span class='ocrx_word' id='word_1_173' title='bbox 1259 2000 1381 2040; x_wconf 90' lang='lat' dir='ltr'>bem.</span> <span class='ocrx_word' id='word_1_174' title='bbox 1408 2000 1471 2041; x_wconf 90' lang='lat' dir='ltr'>Cf.</span> <span class='ocrx_word' id='word_1_175' title='bbox 1493 2002 1672 2040; x_wconf 85' lang='lat' dir='ltr'>Festum</span> <span class='ocrx_word' id='word_1_176' title='bbox 1693 2001 1735 2040; x_wconf 88' lang='lat' dir='ltr'>in</span> <span class='ocrx_word' id='word_1_177' title='bbox 1750 2001 2072 2050; x_wconf 82' lang='lat' dir='ltr'>v.Aquilicium.</span> <span class='ocrx_word' id='word_1_178' title='bbox 2091 2025 2136 2030; x_wconf 97' lang='lat'><strong>—</strong></span> 
     </span>
     <span class='ocr_line' id='line_1_23' title="bbox 315 2061 2139 2116; baseline -0.001 -12"><span class='ocrx_word' id='word_1_179' title='bbox 315 2066 496 2105; x_wconf 83' lang='lat' dir='ltr'>vertunt</span> <span class='ocrx_word' id='word_1_180' title='bbox 558 2067 583 2104; x_wconf 86' lang='lat' dir='ltr'>d</span> <span class='ocrx_word' id='word_1_181' title='bbox 599 2077 653 2104; x_wconf 78' lang='lat' dir='ltr'>en</span> <span class='ocrx_word' id='word_1_182' title='bbox 710 2066 752 2104; x_wconf 89' lang='lat' dir='ltr'><strong><em>K</em></strong></span> <span class='ocrx_word' id='word_1_183' title='bbox 756 2077 778 2103; x_wconf 93' lang='lat' dir='ltr'>r</span> <span class='ocrx_word' id='word_1_184' title='bbox 790 2066 980 2114; x_wconf 68' lang='lat' dir='ltr'>ant-en,</span> <span class='ocrx_word' id='word_1_185' title='bbox 1032 2066 1196 2105; x_wconf 89' lang='lat' dir='ltr'>rectius</span> <span class='ocrx_word' id='word_1_186' title='bbox 1259 2064 1381 2103; x_wconf 82' lang='lat' dir='ltr'>docta</span> <span class='ocrx_word' id='word_1_187' title='bbox 1401 2074 1527 2113; x_wconf 80' lang='lat' dir='ltr'>prece</span> <span class='ocrx_word' id='word_1_188' title='bbox 1549 2062 1735 2114; x_wconf 81' lang='lat' dir='ltr'>blandus]</span> <span class='ocrx_word' id='word_1_189' title='bbox 1760 2061 1948 2103; x_wconf 85' lang='lat' dir='ltr'>«blande</span> <span class='ocrx_word' id='word_1_190' title='bbox 1970 2063 2139 2116; x_wconf 89' lang='lat' dir='ltr'>suppli-</span> 
     </span>
     <span class='ocr_line' id='line_1_24' title="bbox 315 2128 937 2168; baseline 0.003 -3"><span class='ocrx_word' id='word_1_191' title='bbox 315 2128 427 2168; x_wconf 93' lang='lat' dir='ltr'>Voss</span> <span class='ocrx_word' id='word_1_192' title='bbox 458 2128 538 2167; x_wconf 81' lang='lat' dir='ltr'>die</span> <span class='ocrx_word' id='word_1_193' title='bbox 567 2128 937 2167; x_wconf 82' lang='lat' dir='ltr'>Schwermuth.</span> 
     </span>
    </p>

    <p class='ocr_par' dir='ltr' id='par_1_9' title="bbox 372 2189 1198 2241">
     <span class='ocr_line' id='line_1_25' title="bbox 372 2189 1198 2241; baseline 0 -12"><span class='ocrx_word' id='word_1_194' title='bbox 372 2189 573 2229; x_wconf 73' lang='grc'>432-438.</span> <span class='ocrx_word' id='word_1_195' title='bbox 623 2190 755 2230; x_wconf 82' lang='lat' dir='ltr'>Castis</span> <span class='ocrx_word' id='word_1_196' title='bbox 784 2190 887 2241; x_wconf 66' lang='lat' dir='ltr'>cet]</span> <span class='ocrx_word' id='word_1_197' title='bbox 918 2191 1011 2230; x_wconf 87' lang='lat' dir='ltr'>Iam</span> <span class='ocrx_word' id='word_1_198' title='bbox 1042 2190 1198 2230; x_wconf 88' lang='lat' dir='ltr'>transit</span> 
     </span>
    </p>
   </div>
   <div class='ocr_carea' id='block_1_6' title="bbox 1261 2125 2140 2239">
    <p class='ocr_par' dir='ltr' id='par_1_10' title="bbox 1261 2125 2140 2239">
     <span class='ocr_line' id='line_1_26' title="bbox 1261 2125 2140 2177; baseline 0.003 -13"><span class='ocrx_word' id='word_1_199' title='bbox 1261 2136 1368 2165; x_wconf 88' lang='lat' dir='ltr'>cans</span> <span class='ocrx_word' id='word_1_200' title='bbox 1400 2125 1467 2165; x_wconf 88' lang='lat' dir='ltr'>dis</span> <span class='ocrx_word' id='word_1_201' title='bbox 1492 2125 1709 2173; x_wconf 84' lang='lat' dir='ltr'>carmine,</span> <span class='ocrx_word' id='word_1_202' title='bbox 1743 2125 1864 2176; x_wconf 89' lang='lat' dir='ltr'>quod</span> <span class='ocrx_word' id='word_1_203' title='bbox 1883 2127 2014 2177; x_wconf 81' lang='lat' dir='ltr'>poeta</span> <span class='ocrx_word' id='word_1_204' title='bbox 2036 2137 2140 2167; x_wconf 86' lang='lat' dir='ltr'>eum</span> 
     </span>
     <span class='ocr_line' id='line_1_27' title="bbox 1262 2188 2140 2239; baseline 0 -11"><span class='ocrx_word' id='word_1_205' title='bbox 1262 2188 1415 2228; x_wconf 90' lang='lat' dir='ltr'>docuit</span> <span class='ocrx_word' id='word_1_206' title='bbox 1430 2200 1438 2236; x_wconf 93' lang='lat'>;</span> <span class='ocrx_word' id='word_1_207' title='bbox 1456 2203 1475 2223; x_wconf 91' lang='lat'>»</span> <span class='ocrx_word' id='word_1_208' title='bbox 1499 2189 1622 2227; x_wconf 83' lang='lat' dir='ltr'>docta</span> <span class='ocrx_word' id='word_1_209' title='bbox 1642 2189 1711 2227; x_wconf 89' lang='lat' dir='ltr'>est</span> <span class='ocrx_word' id='word_1_210' title='bbox 1730 2188 2026 2239; x_wconf 87' lang='lat' dir='ltr'>participium,</span> <span class='ocrx_word' id='word_1_211' title='bbox 2051 2199 2140 2228; x_wconf 89' lang='lat' dir='ltr'>non</span> 
     </span>
    </p>
   </div>
   <div class='ocr_carea' id='block_1_7' title="bbox 315 2250 2140 2492">
    <p class='ocr_par' dir='ltr' id='par_1_11' title="bbox 315 2250 2140 2492">
     <span class='ocr_line' id='line_1_28' title="bbox 317 2250 2140 2303; baseline -0.001 -12"><span class='ocrx_word' id='word_1_212' title='bbox 317 2252 372 2291; x_wconf 89' lang='lat' dir='ltr'>ad</span> <span class='ocrx_word' id='word_1_213' title='bbox 406 2252 554 2303; x_wconf 79' lang='lat' dir='ltr'>poesis</span> <span class='ocrx_word' id='word_1_214' title='bbox 574 2252 665 2291; x_wconf 86' lang='lat' dir='ltr'>vim</span> <span class='ocrx_word' id='word_1_215' title='bbox 694 2251 1017 2302; x_wconf 87' lang='lat' dir='ltr'>utilitatemque</span> <span class='ocrx_word' id='word_1_216' title='bbox 1049 2253 1092 2291; x_wconf 91' lang='lat' dir='ltr'>in</span> <span class='ocrx_word' id='word_1_217' title='bbox 1123 2263 1197 2292; x_wconf 85' lang='lat' dir='ltr'>sa·</span> <span class='ocrx_word' id='word_1_218' title='bbox 1262 2250 1546 2290; x_wconf 84' lang='lat' dir='ltr'>adiectivum.</span> <span class='ocrx_word' id='word_1_219' title='bbox 1575 2273 1619 2277; x_wconf 91' lang='lat'>—</span> <span class='ocrx_word' id='word_1_220' title='bbox 1650 2250 1809 2289; x_wconf 80' lang='lat' dir='ltr'>Avertit</span> <span class='ocrx_word' id='word_1_221' title='bbox 1835 2250 2012 2302; x_wconf 84' lang='lat' dir='ltr'>morbos]</span> <span class='ocrx_word' id='word_1_222' title='bbox 2042 2261 2140 2290; x_wconf 89' lang='lat' dir='ltr'>ma-</span> 
     </span>
     <span class='ocr_line' id='line_1_29' title="bbox 318 2311 2136 2366; baseline -0.001 -12"><span class='ocrx_word' id='word_1_223' title='bbox 318 2315 404 2354; x_wconf 85' lang='lat' dir='ltr'>cris</span> <span class='ocrx_word' id='word_1_224' title='bbox 434 2325 486 2353; x_wconf 90' lang='lat' dir='ltr'>ac</span> <span class='ocrx_word' id='word_1_225' title='bbox 516 2312 816 2365; x_wconf 81' lang='lat' dir='ltr'>religionibus.</span> <span class='ocrx_word' id='word_1_226' title='bbox 846 2335 890 2341; x_wconf 93' lang='lat'>—</span> <span class='ocrx_word' id='word_1_227' title='bbox 924 2315 1198 2366; x_wconf 69' lang='lat' dir='ltr'>iqnara-ma-</span> <span class='ocrx_word' id='word_1_228' title='bbox 1260 2314 1379 2352; x_wconf 80' lang='lat' dir='ltr'>xime</span> <span class='ocrx_word' id='word_1_229' title='bbox 1412 2311 1609 2364; x_wconf 85' lang='lat' dir='ltr'>Apolline</span> <span class='ocrx_word' id='word_1_230' title='bbox 1640 2312 1866 2362; x_wconf 83' lang='lat' dir='ltr'>invocat03</span> <span class='ocrx_word' id='word_1_231' title='bbox 1900 2311 1955 2353; x_wconf 83' lang='lat' dir='ltr'>cf.</span> <span class='ocrx_word' id='word_1_232' title='bbox 1987 2312 2065 2352; x_wconf 90' lang='lat' dir='ltr'>Od.</span> <span class='ocrx_word' id='word_1_233' title='bbox 2098 2313 2136 2361; x_wconf 89' lang='grc'>4,</span> 
     </span>
     <span class='ocr_line' id='line_1_30' title="bbox 316 2374 2140 2429; baseline -0.001 -14"><span class='ocrx_word' id='word_1_234' title='bbox 316 2377 401 2426; x_wconf 81' lang='lat' dir='ltr'>riti]</span> <span class='ocrx_word' id='word_1_235' title='bbox 435 2375 562 2417; x_wconf 88' lang='lat' dir='ltr'>Silius</span> <span class='ocrx_word' id='word_1_236' title='bbox 592 2377 638 2425; x_wconf 60' lang='grc' dir='ltr'>ἱ),</span> <span class='ocrx_word' id='word_1_237' title='bbox 672 2376 746 2416; x_wconf 85' lang='grc'>68;</span> <span class='ocrx_word' id='word_1_238' title='bbox 791 2377 902 2416; x_wconf 83' lang='lat' dir='ltr'>Haec</span> <span class='ocrx_word' id='word_1_239' title='bbox 932 2378 1088 2429; x_wconf 61' lang='lat' dir='ltr'>ignara</span> <span class='ocrx_word' id='word_1_240' title='bbox 1115 2378 1198 2417; x_wconf 82' lang='lat' dir='ltr'>viri</span> <span class='ocrx_word' id='word_1_241' title='bbox 1260 2375 1335 2423; x_wconf 72' lang='lat'>⁶24,</span> <span class='ocrx_word' id='word_1_242' title='bbox 1367 2374 1431 2414; x_wconf 89' lang='grc'>43.</span> <span class='ocrx_word' id='word_1_243' title='bbox 1471 2397 1515 2402; x_wconf 89' lang='lat'>—-</span> <span class='ocrx_word' id='word_1_244' title='bbox 1548 2374 1780 2426; x_wconf 76' lang='lat' dir='ltr'>metuenda]</span> <span class='ocrx_word' id='word_1_245' title='bbox 1814 2375 2004 2426; x_wconf 87' lang='lat' dir='ltr'>«quippe</span> <span class='ocrx_word' id='word_1_246' title='bbox 2034 2385 2140 2426; x_wconf 88' lang='lat' dir='ltr'>por-</span> 
     </span>
     <span class='ocr_line' id='line_1_31' title="bbox 315 2436 2139 2492; baseline 0.001 -14"><span class='ocrx_word' id='word_1_247' title='bbox 315 2450 528 2488; x_wconf 76' lang='lat' dir='ltr'>vacuoque</span> <span class='ocrx_word' id='word_1_248' title='bbox 557 2440 731 2478; x_wconf 80' lang='lat' dir='ltr'>adsueta</span> <span class='ocrx_word' id='word_1_249' title='bbox 750 2440 886 2479; x_wconf 80' lang='lat' dir='ltr'>cubili.</span> <span class='ocrx_word' id='word_1_250' title='bbox 916 2463 960 2468; x_wconf 94' lang='lat'><strong>—</strong></span> <span class='ocrx_word' id='word_1_251' title='bbox 992 2440 1114 2492; x_wconf 82' lang='lat' dir='ltr'>uncle]</span> <span class='ocrx_word' id='word_1_252' title='bbox 1147 2452 1196 2480; x_wconf 90' lang='lat' dir='ltr'>«a</span> <span class='ocrx_word' id='word_1_253' title='bbox 1260 2437 1393 2477; x_wconf 78' lang='lat' dir='ltr'>tentis</span> <span class='ocrx_word' id='word_1_254' title='bbox 1438 2437 1728 2487; x_wconf 79' lang='lat' dir='ltr'>significata.»</span> <span class='ocrx_word' id='word_1_255' title='bbox 1767 2458 1813 2465; x_wconf 90' lang='lat'><em>-</em></span> <span class='ocrx_word' id='word_1_256' title='bbox 1855 2437 2016 2489; x_wconf 79' lang='lat' dir='ltr'>Manes]</span> <span class='ocrx_word' id='word_1_257' title='bbox 2060 2436 2139 2477; x_wconf 89' lang='lat' dir='ltr'>«di</span> 
     </span>
    </p>
   </div>
   <div class='ocr_carea' id='block_1_8' title="bbox 318 2499 2141 3551">
    <p class='ocr_par' dir='ltr' id='par_1_12' title="bbox 318 2081 2141 3551">
     <span class='ocr_line' id='line_1_32' title="bbox 319 2499 2140 2555; baseline 0 -15"><span class='ocrx_word' id='word_1_258' title='bbox 319 2512 456 2553; x_wconf 90' lang='lat' dir='ltr'>quo,»</span> <span class='ocrx_word' id='word_1_259' title='bbox 488 2503 534 2540; x_wconf 92' lang='lat' dir='ltr'>ut</span> <span class='ocrx_word' id='word_1_260' title='bbox 565 2501 643 2540; x_wconf 90' lang='lat' dir='ltr'>Od.</span> <span class='ocrx_word' id='word_1_261' title='bbox 670 2502 707 2550; x_wconf 91' lang='grc'>4,</span> <span class='ocrx_word' id='word_1_262' title='bbox 733 2502 799 2550; x_wconf 71' lang='lat'>42,</span> <span class='ocrx_word' id='word_1_263' title='bbox 825 2503 890 2541; x_wconf 88' lang='grc'>47.</span> <span class='ocrx_word' id='word_1_264' title='bbox 918 2524 962 2530; x_wconf 92' lang='grc'><strong>-</strong></span> <span class='ocrx_word' id='word_1_265' title='bbox 990 2503 1149 2555; x_wconf 79' lang='lat' dir='ltr'>preces]</span> <span class='ocrx_word' id='word_1_266' title='bbox 1173 2515 1197 2542; x_wconf 90' lang='lat' dir='ltr'>a</span> <span class='ocrx_word' id='word_1_267' title='bbox 1260 2499 1409 2550; x_wconf 87' lang='lat' dir='ltr'>inseri,</span> <span class='ocrx_word' id='word_1_268' title='bbox 1442 2501 1517 2540; x_wconf 88' lang='lat' dir='ltr'>Dis</span> <span class='ocrx_word' id='word_1_269' title='bbox 1546 2501 1694 2551; x_wconf 87' lang='lat' dir='ltr'>pater,</span> <span class='ocrx_word' id='word_1_270' title='bbox 1734 2500 2017 2551; x_wconf 89' lang='lat' dir='ltr'>Proserpina,</span> <span class='ocrx_word' id='word_1_271' title='bbox 2050 2500 2140 2540; x_wconf 84' lang='lat' dir='ltr'>He-</span> 
     </span>
     <span class='ocr_line' id='line_1_33' title="bbox 319 2561 2141 2616; baseline 0 -14"><span class='ocrx_word' id='word_1_272' title='bbox 319 2564 464 2603; x_wconf 88' lang='lat' dir='ltr'>choris</span> <span class='ocrx_word' id='word_1_273' title='bbox 494 2562 741 2614; x_wconf 88' lang='lat' dir='ltr'>puellarum</span> <span class='ocrx_word' id='word_1_274' title='bbox 774 2566 817 2603; x_wconf 88' lang='lat' dir='ltr'>et</span> <span class='ocrx_word' id='word_1_275' title='bbox 850 2575 1091 2615; x_wconf 89' lang='lat' dir='ltr'>puerorum</span> <span class='ocrx_word' id='word_1_276' title='bbox 1122 2576 1200 2616; x_wconf 84' lang='lat' dir='ltr'>pa·</span> <span class='ocrx_word' id='word_1_277' title='bbox 1261 2564 1403 2610; x_wconf 82' lang='lat' dir='ltr'>cate,»</span> <span class='ocrx_word' id='word_1_278' title='bbox 1425 2564 1474 2602; x_wconf 93' lang='lat' dir='ltr'>ut</span> <span class='ocrx_word' id='word_1_279' title='bbox 1492 2563 1608 2613; x_wconf 83' lang='lat' dir='ltr'>Virg.</span> <span class='ocrx_word' id='word_1_280' title='bbox 1635 2564 1710 2602; x_wconf 88' lang='lat' dir='ltr'>Ge.</span> <span class='ocrx_word' id='word_1_281' title='bbox 1734 2561 1774 2609; x_wconf 82' lang='lat'>4,</span> <span class='ocrx_word' id='word_1_282' title='bbox 1798 2563 1899 2602; x_wconf 81' lang='lat'>505:</span> <span class='ocrx_word' id='word_1_283' title='bbox 1935 2564 2022 2612; x_wconf 84' lang='lat' dir='ltr'>Quo</span> <span class='ocrx_word' id='word_1_284' title='bbox 2039 2563 2141 2614; x_wconf 76' lang='lat' dir='ltr'>fletu</span> 
     </span>
     <span class='ocr_line' id='line_1_34' title="bbox 319 2624 2140 2677; baseline -0.001 -13"><span class='ocrx_word' id='word_1_285' title='bbox 319 2626 553 2665; x_wconf 88' lang='lat' dir='ltr'>trimorum</span> <span class='ocrx_word' id='word_1_286' title='bbox 574 2636 626 2664; x_wconf 89' lang='lat' dir='ltr'>ao</span> <span class='ocrx_word' id='word_1_287' title='bbox 648 2626 956 2666; x_wconf 89' lang='lat' dir='ltr'>matrimorum</span> <span class='ocrx_word' id='word_1_288' title='bbox 972 2627 1194 2677; x_wconf 83' lang='lat' dir='ltr'>recitatas,</span> <span class='ocrx_word' id='word_1_289' title='bbox 1259 2626 1437 2664; x_wconf 79' lang='lat' dir='ltr'>Manes</span> <span class='ocrx_word' id='word_1_290' title='bbox 1469 2624 1592 2674; x_wconf 92' lang='lat' dir='ltr'>(deos</span> <span class='ocrx_word' id='word_1_291' title='bbox 1614 2624 1815 2674; x_wconf 85' lang='lat' dir='ltr'>inferos),</span> <span class='ocrx_word' id='word_1_292' title='bbox 1849 2635 1935 2674; x_wconf 81' lang='lat' dir='ltr'>qua</span> <span class='ocrx_word' id='word_1_293' title='bbox 1951 2624 2140 2663; x_wconf 81' lang='lat' dir='ltr'>Nwmina</span> 
     </span>
     <span class='ocr_line' id='line_1_35' title="bbox 320 2685 2135 2739; baseline 0 -14"><span class='ocrx_word' id='word_1_294' title='bbox 320 2699 511 2739; x_wconf 86' lang='lat' dir='ltr'>quarum</span> <span class='ocrx_word' id='word_1_295' title='bbox 542 2687 796 2739; x_wconf 79' lang='lat' dir='ltr'>exemplum</span> <span class='ocrx_word' id='word_1_296' title='bbox 833 2688 974 2729; x_wconf 91' lang='lat' dir='ltr'>habes</span> <span class='ocrx_word' id='word_1_297' title='bbox 1005 2690 1197 2730; x_wconf 89' lang='lat' dir='ltr'>Carmen</span> <span class='ocrx_word' id='word_1_298' title='bbox 1263 2686 1477 2738; x_wconf 90' lang='lat' dir='ltr'>(superos)</span> <span class='ocrx_word' id='word_1_299' title='bbox 1507 2697 1605 2725; x_wconf 80' lang='lat' dir='ltr'>voce</span> <span class='ocrx_word' id='word_1_300' title='bbox 1632 2685 1838 2725; x_wconf 83' lang='lat' dir='ltr'>vocaret?</span> <span class='ocrx_word' id='word_1_301' title='bbox 1874 2686 1926 2725; x_wconf 90' lang='lat' dir='ltr'>Et</span> <span class='ocrx_word' id='word_1_302' title='bbox 1944 2686 2008 2725; x_wconf 89' lang='lat' dir='ltr'>sic</span> <span class='ocrx_word' id='word_1_303' title='bbox 2026 2687 2135 2725; x_wconf 90' lang='lat' dir='ltr'>Aen.</span> 
     </span>
     <span class='ocr_line' id='line_1_36' title="bbox 320 2747 2136 2802; baseline -0.002 -13"><span class='ocrx_word' id='word_1_304' title='bbox 320 2749 542 2797; x_wconf 87' lang='lat' dir='ltr'>seculare,</span> <span class='ocrx_word' id='word_1_305' title='bbox 577 2752 709 2801; x_wconf 89' lang='lat' dir='ltr'>atque</span> <span class='ocrx_word' id='word_1_306' title='bbox 741 2752 826 2791; x_wconf 91' lang='lat' dir='ltr'>iam</span> <span class='ocrx_word' id='word_1_307' title='bbox 859 2752 1100 2802; x_wconf 88' lang='lat' dir='ltr'>antiquitus</span> <span class='ocrx_word' id='word_1_308' title='bbox 1127 2753 1199 2791; x_wconf 90' lang='lat' dir='ltr'>Li-</span> <span class='ocrx_word' id='word_1_309' title='bbox 1262 2748 1327 2797; x_wconf 74' lang='lat'>42,</span> <span class='ocrx_word' id='word_1_310' title='bbox 1353 2747 1453 2788; x_wconf 79' lang='lat'><strong>646:</strong></span> <span class='ocrx_word' id='word_1_311' title='bbox 1492 2749 1567 2787; x_wconf 86' lang='lat' dir='ltr'>Vos</span> <span class='ocrx_word' id='word_1_312' title='bbox 1586 2760 1609 2787; x_wconf 92' lang='lat' dir='ltr'>o</span> <span class='ocrx_word' id='word_1_313' title='bbox 1627 2748 1728 2786; x_wconf 76' lang='lat' dir='ltr'>mihi</span> <span class='ocrx_word' id='word_1_314' title='bbox 1747 2749 1894 2787; x_wconf 80' lang='lat' dir='ltr'>Manes</span> <span class='ocrx_word' id='word_1_315' title='bbox 1912 2747 2007 2786; x_wconf 84' lang='lat' dir='ltr'>Este</span> <span class='ocrx_word' id='word_1_316' title='bbox 2026 2747 2136 2797; x_wconf 78' lang='lat' dir='ltr'>bom&#39;,</span> 
     </span>
     <span class='ocr_line' id='line_1_37' title="bbox 319 2812 1199 2866; baseline 0.003 -16"><span class='ocrx_word' id='word_1_317' title='bbox 319 2813 375 2850; x_wconf 87' lang='lat' dir='ltr'>vii</span> <span class='ocrx_word' id='word_1_318' title='bbox 414 2812 652 2852; x_wconf 83' lang='lat' dir='ltr'>Andronici</span> <span class='ocrx_word' id='word_1_319' title='bbox 691 2824 895 2862; x_wconf 87' lang='lat' dir='ltr'>carmen,</span> <span class='ocrx_word' id='word_1_320' title='bbox 943 2814 1063 2865; x_wconf 91' lang='lat' dir='ltr'>quod</span> <span class='ocrx_word' id='word_1_321' title='bbox 1092 2825 1199 2866; x_wconf 89' lang='lat' dir='ltr'>pro-</span> 
     </span>
     <span class='ocr_line' id='line_1_38' title="bbox 321 2875 1199 2927; baseline 0.005 -15"><span class='ocrx_word' id='word_1_322' title='bbox 321 2875 418 2925; x_wconf 89' lang='lat' dir='ltr'>pter</span> <span class='ocrx_word' id='word_1_323' title='bbox 446 2875 566 2913; x_wconf 67' lang='lat' dir='ltr'>varia</span> <span class='ocrx_word' id='word_1_324' title='bbox 597 2875 796 2926; x_wconf 80' lang='lat' dir='ltr'>prodigia</span> <span class='ocrx_word' id='word_1_325' title='bbox 816 2876 1009 2927; x_wconf 82' lang='lat' dir='ltr'>virgines</span> <span class='ocrx_word' id='word_1_326' title='bbox 1032 2878 1098 2916; x_wconf 87' lang='lat' dir='ltr'>ter</span> <span class='ocrx_word' id='word_1_327' title='bbox 1117 2888 1199 2916; x_wconf 89' lang='lat' dir='ltr'>no—</span> 
     </span>
     <span class='ocr_line' id='line_1_39' title="bbox 320 2937 1196 2987; baseline 0.003 -13"><span class='ocrx_word' id='word_1_328' title='bbox 320 2947 460 2975; x_wconf 86' lang='lat' dir='ltr'>venae</span> <span class='ocrx_word' id='word_1_329' title='bbox 506 2948 586 2987; x_wconf 89' lang='lat' dir='ltr'>per</span> <span class='ocrx_word' id='word_1_330' title='bbox 628 2937 788 2977; x_wconf 88' lang='lat' dir='ltr'>urbem</span> <span class='ocrx_word' id='word_1_331' title='bbox 834 2940 991 2979; x_wconf 84' lang='lat' dir='ltr'>euntes</span> <span class='ocrx_word' id='word_1_332' title='bbox 1031 2939 1196 2978; x_wconf 88' lang='lat' dir='ltr'>Dianae</span> 
     </span>
     <span class='ocr_line' id='line_1_40' title="bbox 322 2998 1194 3050; baseline 0.001 -13"><span class='ocrx_word' id='word_1_333' title='bbox 322 2998 581 3037; x_wconf 84' lang='lat' dir='ltr'>cecinerunt</span> <span class='ocrx_word' id='word_1_334' title='bbox 618 3010 732 3039; x_wconf 89' lang='lat' dir='ltr'>anno</span> <span class='ocrx_word' id='word_1_335' title='bbox 754 3010 798 3038; x_wconf 91' lang='lat' dir='ltr'>u.</span> <span class='ocrx_word' id='word_1_336' title='bbox 823 3010 861 3039; x_wconf 79' lang='lat' dir='ltr'>c,</span> <span class='ocrx_word' id='word_1_337' title='bbox 882 2999 975 3040; x_wconf 80' lang='grc'>545.</span> <span class='ocrx_word' id='word_1_338' title='bbox 1000 3001 1101 3050; x_wconf 84' lang='lat' dir='ltr'>(Liv.</span> <span class='ocrx_word' id='word_1_339' title='bbox 1127 3000 1194 3048; x_wconf 71' lang='lat'>27,</span> 
     </span>
     <span class='ocr_line' id='line_1_41' title="bbox 321 3059 1198 3111; baseline 0 -11"><span class='ocrx_word' id='word_1_340' title='bbox 321 3059 404 3109; x_wconf 85' lang='lat'>37.)</span> <span class='ocrx_word' id='word_1_341' title='bbox 423 3091 432 3108; x_wconf 95' lang='lat'>,</span> <span class='ocrx_word' id='word_1_342' title='bbox 466 3071 518 3099; x_wconf 82' lang='lat' dir='ltr'>ex</span> <span class='ocrx_word' id='word_1_343' title='bbox 549 3060 694 3110; x_wconf 89' lang='lat' dir='ltr'>prisco</span> <span class='ocrx_word' id='word_1_344' title='bbox 725 3061 906 3111; x_wconf 89' lang='lat' dir='ltr'>quidem</span> <span class='ocrx_word' id='word_1_345' title='bbox 927 3072 1052 3101; x_wconf 88' lang='lat' dir='ltr'>more</span> <span class='ocrx_word' id='word_1_346' title='bbox 1080 3059 1198 3100; x_wconf 88' lang='lat' dir='ltr'>Itali-</span> 
     </span>
     <span class='ocr_line' id='line_1_42' title="bbox 322 3121 1199 3180; baseline 0 -19"><span class='ocrx_word' id='word_1_347' title='bbox 322 3132 399 3169; x_wconf 91' lang='lat' dir='ltr'>co;</span> <span class='ocrx_word' id='word_1_348' title='bbox 440 3123 503 3161; x_wconf 90' lang='lat' dir='ltr'>sic</span> <span class='ocrx_word' id='word_1_349' title='bbox 536 3122 671 3161; x_wconf 87' lang='lat' dir='ltr'>etiam</span> <span class='ocrx_word' id='word_1_350' title='bbox 702 3121 877 3162; x_wconf 89' lang='lat' dir='ltr'>Faleriis</span> <span class='ocrx_word' id='word_1_351' title='bbox 907 3123 1046 3180; x_wconf 75' lang='grc' dir='ltr'><em>χοροὶ</em></span> <span class='ocrx_word' id='word_1_352' title='bbox 1080 3133 1199 3179; x_wconf 73' lang='grc' dir='ltr'><em>παρ-</em></span> 
     </span>
     <span class='ocr_line' id='line_1_43' title="bbox 324 3177 1199 3242; baseline 0.001 -19"><span class='ocrx_word' id='word_1_353' title='bbox 324 3184 475 3224; x_wconf 67' lang='grc' dir='ltr'>θένων</span> <span class='ocrx_word' id='word_1_354' title='bbox 506 3178 765 3236; x_wconf 78' lang='grc' dir='ltr'>ὑμνουσῶν</span> <span class='ocrx_word' id='word_1_355' title='bbox 786 3177 1032 3242; x_wconf 74' lang='grc' dir='ltr'>τὴνἽΙραν</span> <span class='ocrx_word' id='word_1_356' title='bbox 1053 3179 1199 3238; x_wconf 73' lang='grc' dir='ltr'><em>ᾠδαῖς</em></span> 
     </span>
     <span class='ocr_line' id='line_1_44' title="bbox 323 3208 1230 3334; baseline 0 -49"><span class='ocrx_word' id='word_1_357' title='bbox 323 3247 552 3303; x_wconf 72' lang='grc' dir='ltr'><em>πατρίοις.</em></span> <span class='ocrx_word' id='word_1_358' title='bbox 599 3246 781 3296; x_wconf 81' lang='lat' dir='ltr'>Dionys.</span> <span class='ocrx_word' id='word_1_359' title='bbox 813 3245 948 3286; x_wconf 83' lang='lat' dir='ltr'>Halic.</span> <span class='ocrx_word' id='word_1_360' title='bbox 976 3247 1022 3294; x_wconf 90' lang='grc'>4,</span> <span class='ocrx_word' id='word_1_361' title='bbox 1055 3247 1122 3285; x_wconf 70' lang='lat'>24.</span> <span class='ocrx_word' id='word_1_362' title='bbox 1152 3271 1193 3275; x_wconf 88' lang='lat'><em>-</em></span> <span class='ocrx_word' id='word_1_363' title='bbox 1226 3208 1230 3334; x_wconf 81' lang='grc'>1</span> 
     </span>
     <span class='ocr_line' id='line_1_45' title="bbox 318 3306 2138 3361; baseline -0.001 -13"><span class='ocrx_word' id='word_1_364' title='bbox 318 3309 570 3360; x_wconf 79' lang='lat' dir='ltr'>praesentia]</span> <span class='ocrx_word' id='word_1_365' title='bbox 618 3308 855 3361; x_wconf 90' lang='lat' dir='ltr'>«propitia,</span> <span class='ocrx_word' id='word_1_366' title='bbox 899 3307 1196 3359; x_wconf 80' lang='lat' dir='ltr'>opitulantia.»</span> <span class='ocrx_word' id='word_1_367' title='bbox 1263 3307 1475 3358; x_wconf 82' lang='lat' dir='ltr'>formulis,</span> <span class='ocrx_word' id='word_1_368' title='bbox 1499 3307 1740 3348; x_wconf 88' lang='lat' dir='ltr'>utebantur</span> <span class='ocrx_word' id='word_1_369' title='bbox 1760 3309 1802 3348; x_wconf 89' lang='lat' dir='ltr'>in</span> <span class='ocrx_word' id='word_1_370' title='bbox 1827 3306 2071 3356; x_wconf 82' lang='lat' dir='ltr'>funeribus,</span> <span class='ocrx_word' id='word_1_371' title='bbox 2095 3308 2138 3347; x_wconf 94' lang='lat' dir='ltr'>in</span> 
     </span>
     <span class='ocr_line' id='line_1_46' title="bbox 324 3337 2139 3427; baseline 0.001 -20"><span class='ocrx_word' id='word_1_372' title='bbox 324 3370 387 3410; x_wconf 64' lang='lat' dir='ltr'>(js.</span> <span class='ocrx_word' id='word_1_373' title='bbox 413 3371 490 3411; x_wconf 89' lang='lat' dir='ltr'>Od.</span> <span class='ocrx_word' id='word_1_374' title='bbox 518 3373 555 3420; x_wconf 89' lang='grc'>4,</span> <span class='ocrx_word' id='word_1_375' title='bbox 581 3371 648 3419; x_wconf 89' lang='grc'>35,</span> <span class='ocrx_word' id='word_1_376' title='bbox 671 3371 711 3410; x_wconf 68' lang='lat'>2.</span> <span class='ocrx_word' id='word_1_377' title='bbox 740 3393 784 3398; x_wconf 90' lang='lat'><em>-</em></span> <span class='ocrx_word' id='word_1_378' title='bbox 807 3371 940 3422; x_wconf 82' lang='lat' dir='ltr'>sentit]</span> <span class='ocrx_word' id='word_1_379' title='bbox 964 3371 1032 3410; x_wconf 89' lang='lat' dir='ltr'>Sic</span> <span class='ocrx_word' id='word_1_380' title='bbox 1054 3372 1095 3411; x_wconf 90' lang='lat' dir='ltr'>in</span> <span class='ocrx_word' id='word_1_381' title='bbox 1120 3372 1200 3411; x_wconf 88' lang='lat' dir='ltr'>Eu·</span> <span class='ocrx_word' id='word_1_382' title='bbox 1227 3337 1231 3427; x_wconf 72' lang='grc' dir='ltr'>Ι</span> <span class='ocrx_word' id='word_1_383' title='bbox 1263 3369 1559 3419; x_wconf 90' lang='lat' dir='ltr'>denicalibus,</span> <span class='ocrx_word' id='word_1_384' title='bbox 1595 3371 1637 3411; x_wconf 93' lang='lat' dir='ltr'>in</span> <span class='ocrx_word' id='word_1_385' title='bbox 1659 3370 1886 3410; x_wconf 89' lang='lat' dir='ltr'>Lemuriis.</span> <span class='ocrx_word' id='word_1_386' title='bbox 1920 3370 1966 3408; x_wconf 93' lang='lat' dir='ltr'>In</span> <span class='ocrx_word' id='word_1_387' title='bbox 1989 3369 2056 3409; x_wconf 89' lang='lat' dir='ltr'>his</span> <span class='ocrx_word' id='word_1_388' title='bbox 2077 3369 2139 3409; x_wconf 91' lang='lat' dir='ltr'>ni-</span> 
     </span>
     <span class='ocr_line' id='line_1_47' title="bbox 324 3432 2137 3485; baseline -0.002 -12"><span class='ocrx_word' id='word_1_389' title='bbox 324 3434 474 3485; x_wconf 79' lang='lat' dir='ltr'>ripidis</span> <span class='ocrx_word' id='word_1_390' title='bbox 512 3434 697 3474; x_wconf 87' lang='lat' dir='ltr'>Bacchis</span> <span class='ocrx_word' id='word_1_391' title='bbox 738 3445 778 3472; x_wconf 89' lang='lat' dir='ltr'>v.</span> <span class='ocrx_word' id='word_1_392' title='bbox 807 3433 901 3473; x_wconf 71' lang='lat'>582.</span> <span class='ocrx_word' id='word_1_393' title='bbox 936 3434 1097 3474; x_wconf 88' lang='lat' dir='ltr'>chorus</span> <span class='ocrx_word' id='word_1_394' title='bbox 1128 3434 1198 3474; x_wconf 90' lang='lat' dir='ltr'>dei</span> <span class='ocrx_word' id='word_1_395' title='bbox 1262 3444 1361 3484; x_wconf 81' lang='lat' dir='ltr'>gras</span> <span class='ocrx_word' id='word_1_396' title='bbox 1401 3433 1523 3473; x_wconf 79' lang='lat' dir='ltr'>fabas</span> <span class='ocrx_word' id='word_1_397' title='bbox 1563 3444 1639 3473; x_wconf 89' lang='lat' dir='ltr'>ore</span> <span class='ocrx_word' id='word_1_398' title='bbox 1671 3432 1938 3483; x_wconf 88' lang='lat' dir='ltr'>accipientes</span> <span class='ocrx_word' id='word_1_399' title='bbox 1968 3432 2137 3472; x_wconf 90' lang='lat' dir='ltr'>aversi-</span> 
     </span>
     <span class='ocr_line' id='line_1_48' title="bbox 325 3492 2136 3551; baseline -0.001 -17"><span class='ocrx_word' id='word_1_400' title='bbox 325 3496 595 3545; x_wconf 85' lang='lat' dir='ltr'>praesentia,</span> <span class='ocrx_word' id='word_1_401' title='bbox 644 3494 922 3551; x_wconf 39' lang='lat' dir='ltr'>ammoneat,</span> <span class='ocrx_word' id='word_1_402' title='bbox 966 3494 1197 3547; x_wconf 88' lang='lat' dir='ltr'>perculsus</span> <span class='ocrx_word' id='word_1_403' title='bbox 1263 3506 1348 3546; x_wconf 89' lang='lat' dir='ltr'>que</span> <span class='ocrx_word' id='word_1_404' title='bbox 1368 3496 1577 3536; x_wconf 86' lang='lat' dir='ltr'>iacientes</span> <span class='ocrx_word' id='word_1_405' title='bbox 1595 3495 1747 3535; x_wconf 86' lang='lat' dir='ltr'>novies</span> <span class='ocrx_word' id='word_1_406' title='bbox 1764 3492 1991 3535; x_wconf 86' lang='lat' dir='ltr'>dicebant:</span> <span class='ocrx_word' id='word_1_407' title='bbox 2025 3493 2136 3534; x_wconf 83' lang='lat' dir='ltr'>Haec</span> 
     </span>
    </p>
   </div>
   <div class='ocr_carea' id='block_1_9' title="bbox 1259 2809 2141 3294">
    <p class='ocr_par' dir='ltr' id='par_1_13' title="bbox 1259 2809 2141 3294">
     <span class='ocr_line' id='line_1_49' title="bbox 1261 2809 2133 2859; baseline 0.001 -10"><span class='ocrx_word' id='word_1_408' title='bbox 1261 2811 1459 2859; x_wconf 79' lang='lat' dir='ltr'>quoniam</span> <span class='ocrx_word' id='word_1_409' title='bbox 1516 2810 1688 2859; x_wconf 80' lang='lat' dir='ltr'>Superis</span> <span class='ocrx_word' id='word_1_410' title='bbox 1733 2820 1883 2848; x_wconf 83' lang='lat' dir='ltr'>aversa</span> <span class='ocrx_word' id='word_1_411' title='bbox 1926 2809 2133 2850; x_wconf 77' lang='lat' dir='ltr'>voluntas.</span> 
     </span>
     <span class='ocr_line' id='line_1_50' title="bbox 1260 2870 2141 2922; baseline 0.001 -11"><span class='ocrx_word' id='word_1_412' title='bbox 1260 2874 1411 2912; x_wconf 90' lang='lat' dir='ltr'>Manes</span> <span class='ocrx_word' id='word_1_413' title='bbox 1441 2872 1571 2922; x_wconf 83' lang='lat' dir='ltr'>igitur</span> <span class='ocrx_word' id='word_1_414' title='bbox 1600 2872 1642 2911; x_wconf 91' lang='lat' dir='ltr'>h.</span> <span class='ocrx_word' id='word_1_415' title='bbox 1666 2870 1692 2911; x_wconf 90' lang='lat' dir='ltr'>l.</span> <span class='ocrx_word' id='word_1_416' title='bbox 1722 2872 1787 2911; x_wconf 84' lang='lat' dir='ltr'>die</span> <span class='ocrx_word' id='word_1_417' title='bbox 1812 2872 2141 2912; x_wconf 79' lang='lat' dir='ltr'>unterirdischen</span> 
     </span>
     <span class='ocr_line' id='line_1_51' title="bbox 1259 2933 2138 2985; baseline 0 -11"><span class='ocrx_word' id='word_1_418' title='bbox 1259 2935 1436 2975; x_wconf 76' lang='lat' dir='ltr'>Ma‘chte.</span> <span class='ocrx_word' id='word_1_419' title='bbox 1493 2933 1713 2985; x_wconf 80' lang='lat' dir='ltr'>Gargallo:</span> <span class='ocrx_word' id='word_1_420' title='bbox 1762 2935 1888 2974; x_wconf 84' lang='lat' dir='ltr'>Giove</span> <span class='ocrx_word' id='word_1_421' title='bbox 1910 2935 2138 2984; x_wconf 77' lang='lat' dir='ltr'>placanoi</span> 
     </span>
     <span class='ocr_line' id='line_1_52' title="bbox 1260 2997 2139 3048; baseline 0.003 -13"><span class='ocrx_word' id='word_1_422' title='bbox 1260 2997 1418 3046; x_wconf 76' lang='lat' dir='ltr'>carmi,</span> <span class='ocrx_word' id='word_1_423' title='bbox 1450 2997 1464 3035; x_wconf 88' lang='lat' dir='ltr'>i</span> <span class='ocrx_word' id='word_1_424' title='bbox 1494 2997 1630 3035; x_wconf 85' lang='lat' dir='ltr'>carmi</span> <span class='ocrx_word' id='word_1_425' title='bbox 1648 2997 1778 3036; x_wconf 84' lang='lat' dir='ltr'>Pluto.</span> <span class='ocrx_word' id='word_1_426' title='bbox 1829 2998 2019 3048; x_wconf 83' lang='lat' dir='ltr'>Burgos:</span> <span class='ocrx_word' id='word_1_427' title='bbox 2054 2997 2139 3038; x_wconf 78' lang='lat' dir='ltr'>Con</span> 
     </span>
     <span class='ocr_line' id='line_1_53' title="bbox 1260 3058 2139 3109; baseline 0.001 -12"><span class='ocrx_word' id='word_1_428' title='bbox 1260 3058 1320 3098; x_wconf 83' lang='lat' dir='ltr'>los</span> <span class='ocrx_word' id='word_1_429' title='bbox 1346 3069 1483 3098; x_wconf 71' lang='lat' dir='ltr'>versos</span> <span class='ocrx_word' id='word_1_430' title='bbox 1505 3070 1589 3108; x_wconf 89' lang='lat' dir='ltr'>por</span> <span class='ocrx_word' id='word_1_431' title='bbox 1616 3059 1761 3098; x_wconf 81' lang='lat' dir='ltr'>ultimo</span> <span class='ocrx_word' id='word_1_432' title='bbox 1786 3070 1825 3098; x_wconf 82' lang='lat' dir='ltr'>se</span> <span class='ocrx_word' id='word_1_433' title='bbox 1860 3059 2042 3109; x_wconf 77' lang='lat' dir='ltr'>aplacan</span> <span class='ocrx_word' id='word_1_434' title='bbox 2060 3059 2139 3098; x_wconf 90' lang='lat' dir='ltr'>Los</span> 
     </span>
     <span class='ocr_line' id='line_1_54' title="bbox 1261 3121 2136 3171; baseline 0 -11"><span class='ocrx_word' id='word_1_435' title='bbox 1261 3122 1390 3161; x_wconf 85' lang='lat' dir='ltr'>dioses</span> <span class='ocrx_word' id='word_1_436' title='bbox 1418 3121 1482 3161; x_wconf 84' lang='lat' dir='ltr'>del</span> <span class='ocrx_word' id='word_1_437' title='bbox 1509 3121 1672 3161; x_wconf 75' lang='lat' dir='ltr'>Averno</span> <span class='ocrx_word' id='word_1_438' title='bbox 1701 3132 1722 3160; x_wconf 85' lang='lat' dir='ltr'>e</span> <span class='ocrx_word' id='word_1_439' title='bbox 1754 3121 1818 3161; x_wconf 81' lang='lat' dir='ltr'>del</span> <span class='ocrx_word' id='word_1_440' title='bbox 1846 3121 2020 3171; x_wconf 79' lang='lat' dir='ltr'>Olimpo.</span> <span class='ocrx_word' id='word_1_441' title='bbox 2072 3121 2136 3161; x_wconf 92' lang='lat' dir='ltr'>De</span> 
     </span>
     <span class='ocr_line' id='line_1_55' title="bbox 1262 3182 2140 3235; baseline -0.001 -12"><span class='ocrx_word' id='word_1_442' title='bbox 1262 3183 1462 3224; x_wconf 85' lang='lat' dir='ltr'>Manibus</span> <span class='ocrx_word' id='word_1_443' title='bbox 1492 3185 1670 3235; x_wconf 92' lang='lat' dir='ltr'>proprie</span> <span class='ocrx_word' id='word_1_444' title='bbox 1701 3183 1829 3224; x_wconf 89' lang='lat' dir='ltr'>dictis</span> <span class='ocrx_word' id='word_1_445' title='bbox 1858 3182 1995 3223; x_wconf 89' lang='lat' dir='ltr'>nolim</span> <span class='ocrx_word' id='word_1_446' title='bbox 2024 3183 2140 3234; x_wconf 84' lang='lat' dir='ltr'>cogi-</span> 
     </span>
     <span class='ocr_line' id='line_1_56' title="bbox 1263 3244 2135 3294; baseline 0.001 -10"><span class='ocrx_word' id='word_1_447' title='bbox 1263 3247 1381 3294; x_wconf 73' lang='lat' dir='ltr'>tare3</span> <span class='ocrx_word' id='word_1_448' title='bbox 1416 3247 1495 3286; x_wconf 86' lang='lat' dir='ltr'>etsi</span> <span class='ocrx_word' id='word_1_449' title='bbox 1519 3247 1650 3286; x_wconf 89' lang='lat' dir='ltr'>certis</span> <span class='ocrx_word' id='word_1_450' title='bbox 1671 3244 1962 3294; x_wconf 87' lang='lat' dir='ltr'>carminibus,</span> <span class='ocrx_word' id='word_1_451' title='bbox 1987 3245 2031 3285; x_wconf 90' lang='lat' dir='ltr'>id</span> <span class='ocrx_word' id='word_1_452' title='bbox 2052 3247 2135 3293; x_wconf 85' lang='lat' dir='ltr'>est,</span> 
     </span>
    </p>
   </div>
  </div>
 </body>
</html>
