2231 3787
199 244 299 296 532

803 240 1018 280 HORATH
1049 238 1420 279 EPISTOLARUM

272 374 374 440 Qui
416 371 659 427 consulta
699 381 934 443 patrum,
979 371 1069 442 qui
1110 370 1258 439 leges
1298 369 1526 437 iuraque
1567 373 1770 424 servat,

272 478 392 542 Quo
436 474 634 528 multae
673 490 1013 544 magnaeque
1056 479 1308 524 secantur
1346 467 1525 521 iudice
1565 467 1709 530 lites,

272 581 391 644 Quo
432 595 520 631 res
561 593 824 648 sponsore
866 584 919 627 et
957 590 1065 644 quo
1106 588 1304 625 causae
1344 578 1480 624 teste
1519 577 1782 624 tenentur.

272 681 379 736 Sed
419 680 567 733 videt
604 679 746 731 hunc
785 675 958 730 omnis
998 673 1193 727 domus
1233 681 1286 726 et
1322 672 1518 726 vicinia
1556 680 1666 725 tota

272 785 567 836 Introrsum
605 788 842 850 turpem,
886 776 1198 848 speciosum
1236 773 1376 846 pelle
1416 773 1632 828 decora.

1966 773 2033 825 45

310 926 376 966 43.
413 926 501 974 Quo
531 932 775 973 responsore
805 921 975 972 bSEcp,
1002 921 1063 960 Lt.
1094 943 1138 948 —-
1163 919 1228 960 4-5.
1254 920 1488 958 Introrsum
1517 918 1585 967 Sc,
1610 917 1758 957 LCtOs
1790 918 1834 957 et
1863 927 1978 957 corr.

256 988 312 1027 E:
347 988 554 1027 introrsus
582 984 659 1036 bp,
692 986 747 1038 γζ
775 985 819 1023 et
848 994 914 1036 pr.
943 997 988 1033 κ,
1021 981 1245 1023 Bentleius
1279 983 1322 1021 et
1350 982 1396 1030 F,
1427 981 1547 1021 Hunc
1569 991 1748 1031 prorsus
1776 990 1843 1031 pr.
1875 980 1908 1020 E
1939 981 1983 1019 et

202 1112 299 1152 «cui
328 1113 513 1163 propter
541 1111 737 1159 mendam,
772 1108 816 1148 id
845 1110 932 1156 est,
966 1108 1084 1156 vitia,

200 1173 362 1226 quibus
384 1173 582 1223 laborat,
617 1171 847 1218 conducit,
881 1172 930 1210 ut
951 1180 1086 1210 sanae

197 1236 506 1288 philosophiae
552 1247 636 1288 ope
684 1235 739 1275 ab
785 1234 835 1273 iis
874 1234 1089 1285 purgetur

199 1311 251 1339 30
302 1300 438 1339 vitam
480 1310 608 1339 suam
648 1297 891 1338 emendare
933 1296 1088 1336 condi-

199 1364 337 1403 scat.»
371 1361 434 1402 Cf.
471 1372 588 1401 vers.
622 1361 689 1400 22.
724 1361 928 1410 Magnam
957 1359 1088 1398 huius

199 1425 404 1466 lectionis
436 1424 747 1463 auctoritatem
780 1423 914 1462 etiam
947 1423 1091 1461 exter-

201 1498 306 1526 nam
339 1496 439 1526 esse
460 1485 586 1525 vides
612 1485 655 1524 in
677 1485 779 1524 Var.
804 1485 942 1523 Lectt.
977 1485 1091 1523 Con—

200 1552 267 1589 tra
298 1549 538 1588 mendacem
566 1546 819 1598 profectum
839 1546 946 1584 mihi
967 1544 1092 1584 vide-

202 1614 274 1651 tur
304 1611 359 1650 ab
393 1622 471 1658 30,
505 1610 580 1661 qui
610 1621 651 1648 v.
683 1609 977 1648 medicandum
1001 1618 1086 1647 non

201 1675 307 1714 satis
352 1671 600 1723 intelligens
646 1682 670 1710 a
709 1670 1012 1723 praecedente
1042 1681 1085 1709 v.

197 1738 384 1777 ‘mendax
428 1735 485 1775 ad
525 1735 581 1774 ita
622 1733 983 1786 interpolandum
1020 1734 1090 1771 in-

200 1799 361 1840 ductus
385 1799 521 1846 esset,
546 1798 748 1847 argutam
769 1797 952 1848 insuper
973 1796 1089 1835 hanc

203 1863 331 1914 quasi
357 1855 616 1917 ἀναφορὰν
637 1863 866 1911 reputans.
901 1860 994 1898 Hoc
1015 1870 1090 1897 au-

202 1928 295 1964 tem
334 1923 470 1963 foret:
523 1921 705 1970 «Idem,
754 1922 829 1973 qui
868 1924 1087 1974 perpetuo

154 2017 158 2022 .
202 1988 437 2035 mentitur,
471 1984 515 2024 id
539 1986 627 2033 est,
653 1983 760 2024 alios
783 1984 993 2035 decipere
1017 1995 1092 2023 cu-

199 2052 285 2102 pit,
328 2049 437 2089 dum
468 2059 515 2088 se
546 2047 717 2086 honum
748 2047 1088 2099 sapientemque

201 2122 300 2152 esse
324 2109 527 2157 simulat,
562 2110 656 2161 ipse
680 2120 860 2160 quoque
883 2108 1090 2148 mendaci

199 2173 379 2213 infamia
399 2172 558 2211 terreri
580 2169 735 2211 solet.»
775 2171 838 2210 Cf.
863 2170 1092 2211 11Ιί1501131-

199 2236 286 2276 11011
304 2237 482 2275 Racem.
504 2235 667 2274 Venus.
689 2233 727 2272 8.
751 2244 794 2284 p.
819 2233 857 2271 7.
882 2234 929 2271 In
948 2233 1091 2272 Hoch-

202 2299 325 2339 ederi
357 2309 462 2338 vero
493 2297 729 2336 mendicum
759 2306 848 2335 non
869 2295 987 2334 cadit
1010 2295 1092 2346 fal-

200 2373 268 2402 sus
298 2361 430 2400 honor
461 2371 544 2399 nec
575 2359 762 2398 mendax
791 2358 988 2409 infamia,
1022 2358 1090 2396 at-

202 2436 289 2476 que
321 2423 499 2463 omnino
533 2424 600 2462 est
630 2420 864 2460 arbitraria
897 2421 1092 2471 interpo—

200 2486 317 2526 latio.
348 2508 394 2514 —
432 2486 504 2524 Vir
533 2485 662 2524 bonus
691 2487 747 2523 est
778 2482 924 2535 quiSP]
967 2483 1090 2521 «Iam

201 2560 368 2596 ver0‚»
414 2537 602 2598 inquit,
629 2546 917 2586 «accuratius
956 2545 1090 2584 etiam

200 2610 363 2664 popelli
425 2609 588 2649 iudicia
638 2608 938 2655 excutiamus,
1001 2618 1089 2658 quo

203 2685 335 2726 quam
359 2672 472 2713 levia
500 2673 586 2713 sint
607 2673 915 2722 quantumque
938 2681 962 2709 a
983 2681 1091 2709 vera

203 2737 415 2788 sapientia
439 2734 736 2782 abhorreant,
765 2733 1090 2785 perspiciamus

205 2809 348 2849 eaque
390 2800 678 2837 contemnere
717 2796 957 2836 discamus.
1021 2795 1090 2834 Sic

203 2861 350 2899 virum
379 2859 550 2899 bonum
582 2858 775 2911 appellat
805 2857 983 2908 volgus,
1018 2868 1092 2897 cu-

205 2923 273 2962 ius
312 2922 400 2961 vita
433 2921 616 2972 quidem
657 2920 794 2961 civilis
826 2922 946 2961 certa
978 2931 1090 2971 qua-

206 2984 310 3024 dam
341 2984 601 3023 auctoritate
632 2983 795 3033 gaudet
825 2994 909 3023 nec
939 2993 1092 3034 repre-

205 3047 409 3087 hensioni
439 3044 630 3084 obnoxia
663 3047 751 3093 est,
786 3045 892 3085 dum
913 3045 1087 3093 vicinia,

208 3120 323 3161 quae
357 3109 451 3147 eius
481 3118 629 3147 mores
649 3107 809 3148 melius
831 3108 967 3155 novit,
1003 3117 1091 3146 non

206 3172 380 3222 ignorat
410 3169 613 3210 eiusdem
632 3169 770 3209 vitain
797 3168 1089 3209 domesticam

209 3244 307 3273 esse
339 3232 684 3284 turpissimam.»
717 3253 759 3258 -
797 3231 875 3280 Qui
904 3231 1092 3270 consulta

202 3300 378 3347 patrum
409 3295 511 3346 cet.]
545 3292 655 3334 Male
688 3293 799 3332 haec
831 3293 899 3332 alii
921 3305 1000 3345 pro
1024 3295 1092 3333 in-

210 3356 581 3408 terrogationibus
630 3354 826 3403 habent,
885 3366 987 3395 cum
1037 3357 1093 3396 sit

209 3419 325 3470 volgi
370 3429 650 3471 responsum.
716 3418 902 3458 Senatus
941 3419 1091 3458 autem

213 3481 412 3522 consulta
444 3483 530 3521 iam
562 3483 667 3520 tunc
699 3480 778 3519 iuri
812 3478 924 3519 civili
956 3479 1093 3519 adnu-

1153 1107 1318 1147 merari
1364 1107 1521 1158 coepta
1573 1107 1727 1155 erant,
1780 1103 1938 1146 saltem
1983 1115 2038 1144 ex

1152 1171 1294 1221 parte.
1330 1170 1420 1209 Cic.
1445 1170 1551 1221 Top.
1579 1169 1619 1217 5,
1653 1168 1729 1208 28:
1778 1167 1825 1207 Si
1853 1167 1947 1216 quis
1973 1167 2040 1207 ius

1153 1233 1270 1272 civile
1300 1233 1412 1271 dicat
1440 1232 1483 1270 id
1512 1242 1617 1280 esse,
1656 1231 1766 1280 quod
1793 1231 1837 1269 in
1866 1230 2036 1281 leyibus,

1153 1299 1323 1335 senatus
1351 1294 1570 1342 consu-llis,
1603 1293 1725 1333 rebus
1743 1293 1954 1342 iudicatiS,
1975 1293 2041 1332 ia-

1152 1360 1212 1398 ris
1227 1358 1464 1408 peritorum
1485 1356 1759 1405 auctoritate,
1789 1356 1931 1396 edictis
1949 1367 2041 1396 ma-

1153 1422 1423 1472 qistratunm,
1446 1431 1578 1469 more,
1596 1420 1807 1469 aequitate
1825 1419 2036 1459 consistat.

1156 1484 1287 1522 Gaius
1311 1484 1348 1523 4.
1373 1483 1412 1534 S.
1438 1483 1486 1523 4:
1519 1483 1698 1522 Senatus
1726 1482 1959 1521 consultum
1976 1504 2000 1510 -
2017 1504 2040 1510 -

1155 1545 1256 1596 teqis
1303 1546 1433 1584 vicent
1482 1544 1662 1593 obtinet,
1723 1545 1915 1594 quamvis
1961 1544 2042 1595 fuit

1156 1607 1403 1655 quaesitum.
1439 1607 1509 1646 Sic
1531 1608 1599 1646 est
1619 1607 1663 1646 in
1685 1607 1725 1645 S.
1746 1607 1794 1646 C.
1813 1605 2040 1645 Velleiano

1158 1670 1265 1720 (Dig.
1289 1669 1399 1708 XVI.
1427 1669 1465 1717 4,
1489 1668 1572 1719 ι2.);
1609 1668 1824 1707 Arbitrari
1853 1671 2042 1707 senatum

1154 1736 1263 1772 recte
1292 1735 1418 1781 atque
1448 1731 1594 1770 ordine
1622 1730 1830 1781 facturos,
1864 1731 1921 1769 ad
1941 1740 2042 1780 quos

1156 1795 1204 1834 de
1233 1805 1282 1833 ea
1311 1804 1358 1833 re
1386 1794 1430 1832 in
1461 1794 1552 1832 iure
1582 1793 1744 1832 aditum
1773 1792 1873 1842 erit,
1905 1792 1940 1831 si
1969 1793 2041 1832 de-

1156 1857 1292 1896 derint
1331 1866 1527 1905 operam,
1574 1859 1621 1893 ut
1649 1855 1693 1894 in
1722 1865 1773 1893 ea
1800 1865 1847 1893 re
1875 1858 2043 1894 senatus

1154 1919 1348 1959 voluntas
1377 1922 1576 1957 servetur.
1612 1916 1676 1956 Cf.
1707 1917 1809 1956 Tac.
1840 1915 1949 1956 Dial.
1983 1917 2038 1956 de

1157 1983 1227 2022 Or.
1253 1982 1329 2022 32:
1363 1985 1409 2020 ut
1440 1982 1632 2032 ignorent
1660 1980 1787 2030 leges,
1820 1991 1904 2019 non
1934 1983 2042 2020 tene-

1155 2049 1229 2085 ant
1271 2048 1439 2084 senatus
1486 2043 1698 2092 consulta,
1754 2043 1820 2081 ius
1862 2043 2043 2083 civitatis

1154 2108 1265 2147 ultro
1296 2107 1525 2147 derideant.
1563 2129 1607 2134 —
1641 2105 1851 2157 secantur]
1891 2105 2042 2146 «deci-

1157 2169 1343 2218 duntur,
1394 2168 1737 2219 transiguntur.»
1787 2167 1850 2207 Cf.
1885 2168 1974 2208 Sat.
1998 2169 2038 2218 11,

1159 2232 1229 2281 40,
1256 2233 1321 2271 45.
1371 2230 1559 2271 Arbitria
1591 2230 1874 2282 potissimum
1905 2230 2043 2281 signi-

1157 2294 1282 2342 ficat,
1333 2305 1449 2345 quae
1488 2305 1512 2332 a
1549 2291 1818 2344 litigantibus
1849 2291 1906 2331 ad
1936 2304 2041 2333 eum

1157 2358 1438 2406 deferuntur,
1473 2356 1576 2407 quia
1605 2357 1649 2395 in
1669 2355 1806 2395 rebus
1826 2356 2042 2407 pecunia-

1156 2421 1229 2460 riis
1273 2420 1408 2459 homo
1444 2419 1614 2469 integer
1651 2419 1785 2469 atque
1826 2418 2040 2459 honestus

1157 2483 1450 2522 existimatur.

1212 2544 1278 2585 43.
1315 2545 1403 2594 Quo
1436 2555 1501 2584 res
1521 2543 1731 2596 sponsore]
1766 2542 1829 2584 Cf.
1855 2544 2038 2593 Pers.5,

1156 2609 1208 2649 79
1226 2621 1233 2647 ι
1264 2610 1415 2649 Marco
1435 2609 1657 2658 spondente
1674 2618 1844 2647 recusas
1865 2607 2041 2647 Credere

1156 2676 1200 2711 ta
1246 2669 1473 2710 nummos?
1535 2671 1713 2718 «Quem
1758 2680 1916 2709 omnes
1958 2679 2040 2720 pro

1157 2743 1373 2785 sponsore
1421 2733 1527 2772 satis
1576 2729 1799 2782 locuplete
1847 2729 2037 2781 habent,

1158 2795 1284 2835 cuius
1315 2795 1359 2834 in
1388 2793 1476 2833 fide
1507 2795 1601 2833 tuto
1623 2793 1929 2844 adquiescant.
1962 2795 2042 2834 Pa-

1155 2858 1264 2896 riter
1300 2856 1379 2896 ubi
1418 2856 1543 2896 testis
1573 2856 1617 2895 in
1646 2856 1806 2895 iudicio
1838 2858 1906 2897 est
1933 2867 2041 2908 pro-

1158 2919 1320 2959 ductus
1338 2950 1345 2967 ‚
1379 2929 1512 2957 nemo
1536 2928 1640 2957 eum
1662 2928 1821 2958 verum
1843 2919 2042 2958 testimo-

1158 2983 1281 3022 nium
1313 2980 1463 3020 dicere
1486 2979 1742 3028 addubitat,
1772 2980 1965 3032 ideoque
1983 2982 2036 3030 is,

1158 3055 1238 3096 pro
1270 3055 1358 3095 quo
1390 3043 1515 3092 dicit,
1554 3041 1679 3082 facile
1711 3053 1894 3083 causam
1923 3043 2042 3084 obti-

1158 3108 1253 3155 net,
1287 3106 1421 3145 vineit
1451 3105 1802 3145 adversarium.»
1855 3103 2042 3156 (Falsam

1157 3167 1258 3208 lect.
1289 3178 1533 3218 responsore
1570 3165 1851 3218 explicabant
1887 3166 2041 3205 «iure-

1160 3229 1412 3280 consulto‚»
1469 3231 1622 3269 contra
1673 3227 2041 3270 consuetudinem

1159 3293 1389 3343 Latinam.)
1438 3293 1649 3333 Ceterum
1680 3302 1784 3331 cum
1802 3301 1869 3330 res
1895 3290 2042 3341 (pecu-

1161 3356 1257 3395 niae
1289 3354 1383 3395 aliis
1406 3354 1615 3404 creditae)
1650 3356 1693 3392 et
1722 3353 1810 3392 lites
1830 3352 1873 3391 h.
1895 3351 1923 3391 l.
1949 3363 2043 3392 ma-

1160 3416 1317 3458 nifesto
1349 3416 1433 3456 sibi
1463 3416 1766 3468 opponantur,
1800 3426 1840 3454 v.
1869 3425 2042 3464 sponsor

1160 3478 1420 3531 simpliciter
1441 3477 1751 3530 explicandum
1775 3488 1829 3517 ex
1850 3477 1970 3516 Varr.
1991 3478 2036 3517 L.
