2231 3787
248 274 348 327 iil-'1-

851 274 1062 314 HORATH
1096 273 1461 314 EPISTULARUM

320 408 578 460 Crescere
619 422 705 458 res
744 413 955 475 posset,
999 404 1163 456 minui
1203 403 1461 456 damnosa
1499 400 1681 453 libido.

318 508 535 561 Mutavit
573 515 804 560 mentem
844 505 1074 577 populus
1113 505 1245 558 levis
1286 512 1338 556 et
1375 502 1512 556 calet
1549 519 1656 554 uno

318 609 598 664 Scribendi
637 608 839 671 studi03
881 607 1034 677 pueri
1075 614 1365 677 patresque
1406 605 1580 658 severi

317 711 528 765 Fronde
568 727 751 764 comas
792 708 948 762 vincti
988 715 1218 760 coenant
1257 715 1309 760 et
1347 706 1585 759 carmina
1626 705 1840 758 dictant.

1973 703 2073 757 iio

318 814 439 882 Ipse
478 829 601 882 ego,
645 811 736 881 qui
776 808 950 862 nullos
991 826 1077 862 me
1116 808 1342 862 adfirmo
1382 808 1620 861 scribere
1660 825 1881 869 verSUS‚

356 954 447 993 407.
476 954 607 1003 possit
635 954 676 992 S.
716 976 761 981 —
802 952 953 1002 libido]
997 951 1189 1001 voluptas
1224 961 1339 991 unus
1378 950 1661 999 Bersmanni,
1703 950 1854 1000 cupido
1898 961 2012 990 unus

305 1018 440 1065 Feae‚
475 1027 498 1055 e
521 1015 653 1066 gloss.
677 1014 748 1054 vel
780 1026 833 1054 ex
864 1014 1107 1054 arbitrariis
1137 1013 1470 1054 variationibus.
1498 1036 1542 1041 —-
1578 1012 1670 1052 409.
1697 1013 1822 1062 pueri
1849 1012 2019 1063 bSEcp‚

303 1089 461 1119 omnes
493 1079 708 1127 Pottierii,
744 1079 953 1128 quattuor
983 1076 1193 1116 Schmidii
1225 1078 1269 1116 et
1299 1077 1398 1115 LtF:
1425 1075 1631 1125 puerique
1661 1075 1871 1115 Schmidii
1894 1075 2024 1126 quin-

304 1144 395 1190 tus,
431 1141 485 1191 C,
519 1139 741 1181 Bentleius
773 1141 817 1180 et
847 1141 900 1180 Μ.
952 1162 996 1166 —
1047 1139 1139 1179 sili.
1171 1149 1238 1177 me
1267 1149 1355 1177 om.
1390 1137 1529 1177 Codd.
1565 1136 1690 1188 aliq,
1734 1139 1782 1176 ut
1822 1138 2020 1188 «Fragm.

251 1257 387 1298 civilis
419 1257 605 1298 studiosi
635 1257 693 1297 ad
713 1258 905 1297 maiores
927 1258 1032 1296 natu
1053 1267 1133 1308 ap-

249 1320 510 1372 plicassent,
545 1319 601 1359 ab
633 1320 701 1360 his
722 1320 992 1370 acceperint,
1026 1329 1134 1369 quo-

250 1382 382 1422 modo
414 1393 510 1422 rem
542 1382 804 1422 familiarem
827 1383 1037 1422 continuo
1060 1393 1135 1421 au-

250 1448 406 1494 gerent
449 1456 596 1496 neque
636 1457 744 1485 vero
784 1445 928 1485 omnis
959 1445 1134 1495 generis

248 1506 482 1546 libidinibus
526 1518 577 1546 ac
613 1507 783 1547 luxurie
825 1506 1131 1558 dilapidarent.

251 1568 313 1608 Cf.
339 1571 388 1608 A.
414 1571 459 1608 P.
484 1569 562 1608 325
586 1580 684 1620 sqq.
724 1592 767 1597 —-
802 1570 1018 1618 damnosa]
1068 1568 1131 1608 Cf.

252 1632 358 1682 Epp.
386 1633 400 1670 4
425 1663 431 1679 ‚
458 1632 530 1680 ¹¹8,
555 1633 600 1671 ai
623 1644 629 1670 :
665 1633 871 1671 damnosa
904 1633 1048 1671 Venus.
1087 1653 1132 1658 —

250 1694 432 1733 Mutavit
453 1693 554 1745 cet]
586 1695 730 1734 Animi
751 1696 857 1734 tunc
885 1694 988 1734 fessi
1010 1695 1138 1733 erant

252 1756 483 1796 discordiis
504 1757 721 1797 intestinis
744 1755 1026 1807 libenterque
1051 1756 1138 1795 fru—

253 1818 443 1858 ebantur
486 1830 597 1869 pace
642 1818 698 1858 ab
743 1821 940 1870 Augusto
972 1817 1138 1859 confir-

255 1883 394 1930 mata,
442 1881 499 1919 ita
531 1882 704 1929 tamen,
751 1883 799 1920 ut
832 1881 960 1931 longe
992 1881 1138 1920 minor

254 1944 416 1983 civium
454 1953 557 1994 pars
589 1953 722 1993 quam
763 1944 917 1982 vetere
962 1954 1009 1982 re
1054 1953 1138 1994 pu-

254 2005 367 2045 blica
399 2007 473 2044 aut
503 2005 623 2044 domi
653 2004 914 2044 muneribus
937 2003 1138 2044 civilibus

256 2071 300 2108 et
345 2067 597 2118 eloquentia
643 2069 719 2106 aut
758 2066 937 2107 militiae
980 2066 1136 2107 bellica

256 2132 416 2170 virtute
448 2129 633 2180 gloriam
655 2129 738 2170 sibi
763 2141 921 2181 parare
944 2133 987 2170 et
1006 2129 1139 2170 vellet

257 2196 301 2232 et
332 2194 506 2244 posset3
541 2194 775 2243 praeterea
804 2194 998 2232 Graecae
1029 2192 1141 2232 litte-

257 2266 330 2293 rae
375 2255 419 2293 in
464 2254 558 2293 dies
605 2255 746 2305 magis
782 2255 1135 2296 innotescebant.

258 2319 350 2356 Iam
381 2319 565 2368 propter
595 2317 707 2357 haec
738 2318 884 2357 omnia
915 2318 1138 2369 permulti,

258 2391 312 2418 ne
362 2379 495 2418 vitam
538 2380 627 2419 otio
669 2381 894 2429 tererent,
956 2382 1140 2432 poeticis

258 2442 414 2481 studiis
445 2452 545 2481 sese
577 2441 822 2491 dederunt,
866 2454 1011 2493 eoque
1034 2447 1141 2483 ‘ma-

257 2503 345 2553 gis7
395 2503 515 2553 quod
545 2506 792 2554 Augustum
833 2506 876 2544 et
905 2506 1142 2546 Maecena-

258 2568 349 2605 tem
396 2566 461 2604 his
508 2564 654 2606 favere
698 2565 931 2614 videbant;
979 2578 1067 2618 quo
1098 2568 1140 2607 in

261 2627 434 2667 fervore
465 2628 665 2668 omnium
696 2627 821 2668 aliter
850 2630 922 2668 vix
943 2629 1040 2669 fieri
1066 2641 1144 2681 po—

260 2691 396 2737 terat,
431 2700 567 2740 quam
597 2691 645 2729 ut
664 2690 801 2730 multa
825 2694 1031 2742 poemata
1054 2704 1142 2732 non

261 2750 403 2791 solum
435 2751 697 2801 mediocria,
746 2753 826 2794 sed
863 2755 997 2794 etiam
1027 2753 1142 2794 mala

262 2814 520 2865 prodirent,
584 2826 636 2855 ac
688 2815 887 2868 plerique
933 2816 1142 2857 servilem

262 2877 534 2917 Graecorum
580 2879 867 2918 imitationem
913 2891 1142 2931 nunquam

263 2939 595 2987 egrederentur.
650 2941 771 2980 Hanc
802 2941 994 2981 subitam
1015 2943 1144 2992 igitur

264 3001 538 3050 ingeniorum
574 3013 624 3040 ac
656 3002 903 3043 studiorum
936 3005 1143 3043 mutatio-

264 3074 368 3102 nem
392 3062 536 3114 lepide
558 3064 746 3113 deridet,
778 3066 914 3105 ironia
937 3067 979 3106 in
1000 3067 1145 3106 semet

264 3127 408 3176 ipsum
440 3136 617 3176 quoque
649 3128 769 3167 vafre
796 3139 916 3169 usus.
965 3130 1077 3167 Sane
1101 3130 1143 3168 in

265 3200 283 3225 v
293 3199 332 3226 v.
357 3189 536 3228 Mutavit
557 3211 578 3216 —
594 3211 615 3216 -
633 3190 790 3229 (lictant
811 3192 876 3229 est
900 3185 1142 3246 ὑπερβολὴ

263 3252 364 3289 κατ’
383 3252 646 3307 εἰρωνείαν;
669 3253 833 3292 etenim
853 3253 1013 3293 eodem
1034 3256 1143 3294 tem-

263 3324 369 3362 pore
394 3315 713 3364 negotiatores,
747 3314 1041 3365 feneratores,
1069 3328 1145 3367 pu-

262 3375 420 3414 blicani
451 3378 634 3427 propter
664 3378 815 3428 poesin
847 3377 1025 3417 minime
1050 3390 1145 3418 ces—

263 3436 441 3485 sabant,
476 3439 555 3478 sed
590 3438 761 3490 negotia
783 3450 860 3479 sua
884 3451 1026 3490 aeque
1051 3443 1145 3481 stu-

264 3500 384 3539 diose
429 3503 560 3552 atque
607 3505 736 3542 antea
784 3502 1145 3554 exsequebantur

1197 1255 1470 1306 omninoque
1507 1254 1616 1295 lucri
1647 1254 1864 1306 cupiditas
1895 1254 1965 1294 vix
1996 1253 2079 1294 alio

1198 1319 1400 1369 tempore
1446 1317 1588 1357 maior
1627 1320 1734 1357 erat.
1799 1318 1965 1357 Verum
1995 1316 2080 1356 hoc

1199 1381 1326 1430 dicit,
1368 1384 1470 1431 post
1500 1391 1660 1432 pacem
1692 1380 1747 1420 ab
1779 1381 1976 1431 Augusto
2007 1391 2082 1419 re-

1199 1444 1397 1483 stitutam
1428 1443 1564 1482 multo
1595 1442 1745 1495 plures
1768 1453 1901 1494 quam
1933 1444 2079 1491 antea,

1200 1506 1461 1545 nominatim
1501 1518 1582 1557 per
1621 1507 1817 1547 funestas
1855 1505 1948 1546 illas
1988 1507 2083 1545 tur-

1199 1568 1281 1608 bas
1299 1568 1463 1618 civiles,
1488 1570 1643 1620 poesin
1662 1572 1948 1620 (quamquam
1964 1567 2083 1607 haud

1200 1643 1300 1671 raro
1318 1633 1466 1683 pingui
1484 1631 1693 1683 Minerva)
1712 1642 1941 1672 exercere.
1968 1631 2084 1681 (Loci
2164 1681 2170 1687 ἶ

1201 1693 1479 1734 difficultates
1502 1695 1631 1735 nimis
1652 1694 1931 1745 exaggeravit
1949 1693 2087 1733 Schii-

1202 1757 1312 1797 tzius
1344 1757 1388 1796 in
1419 1757 1606 1808 Opuscc.
1645 1768 1688 1809 p.
1719 1757 1832 1809 248.)
1871 1778 1915 1785 —
1963 1757 2082 1808 calet]

1201 1821 1342 1870 Prope
1374 1821 1421 1858 ut
1441 1819 1681 1859 Abderitae
1703 1819 1821 1871 apud
1843 1820 2085 1859 Lucianum

1202 1880 1257 1919 de
1280 1891 1453 1920 conscr.
1477 1881 1579 1921 hist.
1605 1882 1642 1920 4.
1664 1893 1671 1919 :
1705 1882 1948 1938 πυρέττειν
1975 1881 2086 1933 (φα-

1201 1943 1279 1982 σὶν
1320 1938 1605 1999 Ἀβδηρίτας)
1649 1941 1887 1997 πανδημεὶ
1929 1937 2085 1983 ἅπαν-

1203 2018 1284 2055 τας
1301 2028 1346 2034 --
1360 2004 1552 2063 λιπαρεῖ
1569 2003 1630 2060 τῷ
1654 2004 1859 2063 πυρετῷ·
1880 2001 2086 2046 --ἅπαν-

1202 2082 1276 2119 τες
1292 2066 1383 2126 γὰρ
1398 2069 1447 2119 ἐς
1464 2067 1728 2126 τραγῳδίαν
1741 2065 2085 2128 παρεκινοῧντο

1202 2134 1284 2172 καὶ
1321 2130 1521 2184 ιάιιιβεῖα
1551 2132 1864 2187 ἐφθέγγοντο.
1904 2132 1968 2173 Cf.
1993 2135 2081 2173 Sat.

1202 2196 1243 2245 2,
1264 2195 1302 2244 3,
1319 2195 1393 2235 80:
1425 2195 1602 2235 bumaria
1623 2196 1781 2236 tristive
1799 2196 2087 2246 superstitione

1201 2258 1283 2298 Aut
1312 2258 1395 2298 alio
1424 2258 1572 2298 mentis
1599 2258 1743 2298 morbo
1772 2259 1891 2299 calet.

1262 2383 1455 2423 409-2143.
1487 2384 1623 2436 pueri]
1659 2384 1886 2434 «Puerique
1907 2385 2086 2425 suavius

1206 2448 1274 2485 est
1295 2447 1338 2485 et
1359 2445 1670 2486 modulatius.»
1700 2447 1853 2486 BENTL.
1893 2447 2087 2497 «Bentley

1204 2508 1331 2547 nalem
1347 2509 1450 2547 diess
1466 2509 1533 2548 cles
1545 2509 1799 2548 ‘cermeinten
1817 2509 2088 2562 Wohlklanqs

1204 2581 1347 2621 weqen
1363 2571 1452 2621 auf,
1485 2571 1587 2610 ohne
1606 2583 1661 2611 zu
1677 2571 1893 2622 bedenken,
1927 2573 2024 2612 dass
2043 2573 2088 2613 in

1208 2635 1447 2685 patresque
1479 2633 1624 2672 severi
1653 2633 1743 2672 eine
1768 2634 1853 2684 fasc
1879 2635 2088 2674 nochwen-

1207 2695 1299 2746 cliye
1341 2695 1590 2746 Steiyeriiny
1632 2695 1751 2745 lieyt,
1798 2696 1865 2735 die
1905 2695 1968 2735 bei
1996 2697 2087 2736 dem

1207 2757 1371 2806 cloppem
1395 2759 1598 2807 qeseczten
1629 2767 1716 2806 que
1739 2756 1930 2796 vei-lorea
1948 2757 2084 2808 geht.»

1208 2820 1402 2859 mecus
1433 2819 1474 2857 in
1504 2819 1609 2869 Any.
1643 2819 1853 2870 Schulth.
1888 2819 2008 2860 4830.
2041 2832 2083 2872 p.

1210 2881 1328 2920 ⁴097.
1367 2903 1410 2908 -—
1443 2880 1586 2932 severi]
1622 2882 1727 2932 «qui
1757 2883 1941 2934 propter
1971 2885 2088 2923 aeta-

1194 2945 1299 2993 ⁶tem
1321 2944 1468 2982 severi
1490 2954 1590 2983 esse
1613 2943 1846 2995 deberent,
1870 2945 1953 2997 ipsi
1973 2957 2088 2997 quo-

1207 3016 1294 3055 que
1343 3006 1467 3055 nugis
1507 3005 1788 3057 indulgent.»
1823 3029 1868 3035 —-
1900 3008 2084 3060 Fronde]

1207 3066 1346 3116 lauri,
1393 3067 1557 3117 olivae,
1619 3068 1814 3109 hederae
1852 3071 2087 3121 poetarum

1208 3129 1410 3169 habitum
1426 3132 1656 3171 sumentes
1676 3142 1758 3182 pro
1779 3130 1905 3171 solita
1922 3143 2085 3172 corona

1209 3204 1261 3232 ex
1298 3193 1421 3244 apio,
1470 3194 1642 3244 myrto,
1705 3193 1818 3233 rosis
1861 3203 1986 3233 nexa.
2040 3215 2084 3221 —

1208 3255 1380 3306 diczent]
1413 3255 1541 3295 Varie
1574 3254 1819 3307 explicant:
1855 3255 1892 3306 4)
1926 3266 2085 3295 «com-

1207 3320 1437 3369 ponunt;»
1486 3328 1588 3357 cum
1628 3318 1746 3356 enim
1778 3318 1954 3367 ingenui
1985 3328 2085 3357 raro

1209 3380 1289 3431 ipsi
1327 3379 1597 3425 scriberent,
1646 3379 1725 3419 sed
1769 3389 1907 3430 prope
1939 3379 2086 3419 omnia

1209 3444 1347 3483 servis
1372 3454 1395 3481 a
1420 3453 1553 3482 manu
1579 3443 1813 3482 dictarent.
1849 3441 2085 3484 invaluisse
2147 3467 2151 3471 -
2220 3471 2224 3483 .

1208 3503 1442 3555 paulatini,
1491 3507 1534 3544 ut
1585 3504 1815 3544 v.dicla1·e
1862 3505 2086 3556 acciperet
