2231 3787
808 250 1020 289 HORATH
1051 248 1414 288 EPISTULARUM

811 649 1254 699 nrtsTOLA
1295 648 1422 696 1x.

282 764 594 835 Septimius.
639 760 852 818 Claudi,
896 759 1144 810 nimirum
1183 757 1440 829 intellegit
1477 776 1638 819 unm,

282 865 473 930 Quanti
514 881 599 916 me
640 861 827 925 facias3
868 877 991 913 nam
1031 877 1153 914 cum
1194 867 1346 930 rogat
1384 868 1436 913 et
1473 877 1638 931 prece
1678 861 1840 931 cogit,

283 966 494 1020 Scilicet
533 973 590 1017 ut
627 963 720 1016 tibi
761 980 819 1016 se
859 961 1081 1015 laudare
1120 970 1172 1015 et
1210 961 1426 1015 tradere
1464 979 1651 1023 coner,

322 1117 402 1156 ΕΡ.
435 1116 503 1154 IX.
554 1116 591 1153 Ἰ.
626 1114 897 1165 Scripturam
941 1112 1137 1163 intelleqit
1168 1112 1378 1152 exhibent
1407 1113 1510 1152 SeE.
1549 1135 1592 1140 —
1626 1113 1666 1152 2.
1700 1113 1816 1164 cum]
1854 1124 1919 1153 me
1948 1125 1972 1153 e

269 1178 406 1218 Codd.
441 1179 484 1217 et
514 1177 623 1216 Edd.
656 1177 762 1216 vett.
796 1176 838 1215 F.
876 1175 938 1226 (Ut
969 1185 1063 1223 nos,
1098 1184 1255 1214 omnes
1286 1174 1425 1213 nostri
1455 1176 1498 1213 et
1528 1174 1752 1224 Pottierii.)

266 1305 334 1343 IX.
385 1303 623 1342 Venustius
669 1312 774 1341 sane
818 1302 951 1350 atque
996 1298 1089 1338 ele-

213 1367 383 1417 gantius
420 1365 680 1416 Septimium
720 1374 850 1403 suum
892 1361 967 1412 (de
1000 1372 1088 1412 quo

211 1442 252 1468 v.
279 1429 356 1469 Od.
381 1430 430 1474 ⁶2,
457 1429 494 1468 6.
530 1429 573 1466 et
601 1427 848 1477 Augustum
878 1426 922 1464 in
951 1425 1086 1476 Epist.

214 1492 271 1531 ad
300 1491 528 1531 Horatium
559 1490 693 1528 missa
725 1489 767 1527 In
797 1488 975 1526 Sueton.
1004 1486 1088 1525 Vit.

216 1556 390 1594 Horat.:
435 1553 508 1592 Tui
539 1552 702 1602 qualem
731 1550 906 1590 habeam
933 1560 1092 1588 memo-

213 1618 323 1656 riam.
365 1615 523 1665 poteris
569 1626 622 1653 ca:
679 1614 875 1663 Septimio
933 1623 1094 1662 quoque

218 1682 396 1718 nostro
427 1677 602 1724 audire3
637 1688 736 1715 nam
766 1675 926 1723 incidit,
958 1679 1003 1713 ut
1022 1674 1092 1712 illo

217 1752 361 1780 coram
397 1741 513 1790 fieret
550 1750 577 1776 α
608 1749 669 1776 me
699 1739 759 1777 tui
787 1736 973 1788 mentio.)
1021 1737 1094 1775 Ti-

214 1803 340 1842 berio
373 1800 552 1840 Claudio
583 1800 743 1839 Neroni
774 1799 1094 1838 commendare

216 1876 305 1904 non
334 1864 473 1915 potuit
506 1873 640 1913 quam
671 1863 756 1900 hoe
788 1860 1018 1913 epistolio,
1052 1861 1093 1899 in

219 1938 307 1978 quo
338 1926 545 1977 gratiam,
580 1935 665 1974 qua
696 1925 789 1975 ipse
813 1923 931 1974 apud
950 1926 1096 1972 Augu-

216 1990 269 2029 sti
293 1988 542 2039 privignum
566 1986 752 2034 fruatur,
788 1985 935 2024 dedita
957 1996 1091 2035 opera

218 2052 441 2090 extenuat.
477 2048 562 2088 Cfr.
587 2047 743 2087 Iacobs
765 2049 900 2086 Lecti.
926 2047 1090 2086 Venus.

218 2125 259 2165 p.
285 2113 350 2152 82.
398 2110 491 2151 Noli
512 2114 660 2150 autem
682 2109 881 2149 oblivisci
903 2121 956 2149 eo
979 2111 1095 2149 tem-

217 2187 350 2228 pore,
393 2185 480 2225 quo
525 2174 738 2224 scriptum
783 2175 849 2213 est
892 2172 943 2222 (a.
976 2184 1019 2211 u.
1054 2183 1090 2210 c.

218 2237 311 2277 732.
344 2235 435 2284 vel,
488 2239 535 2275 ut
589 2234 655 2274 alii
701 2235 887 2274 fortasse
932 2234 1094 2273 rectius

215 2299 383 2348 volunt,
417 2310 455 2337 a.
491 2297 600 2348 734.)
633 2298 794 2337 Tiberii
819 2309 969 2337 mores
991 2308 1097 2336 non-

219 2363 327 2402 dum
368 2360 714 2412 reprehensione
756 2360 911 2410 dignos
942 2359 1092 2399 fuisse.

219 2426 352 2465 Tacit.
392 2425 501 2463 Ann.
545 2423 593 2470 6,
637 2423 716 2461 51:
764 2422 968 2472 Egi-cyitis
1010 2422 1097 2460 vita

219 2489 438 2538 famaque,
473 2486 613 2535 quoad
638 2485 831 2534 privatus
859 2484 922 2523 cel
950 2485 993 2523 in
1021 2484 1098 2522 im-

215 2552 333 2600 perio
362 2549 433 2588 sub
453 2549 635 2599 Aussusto
663 2548 754 2598 fuit.
797 2549 860 2587 De
893 2548 986 2587 eius
1009 2549 1098 2587 stu-

222 2612 302 2652 diis
347 2611 531 2663 po'eticis
573 2610 649 2648 cfr.
688 2611 865 2649 Sueton.
899 2610 992 2649 Tib.
1026 2610 1093 2648 70.

215 2737 355 2787 posuit
401 2746 567 2773 carmen
616 2735 822 2783 lyricum,
878 2735 996 2773 cuius
1043 2739 1099 2774 cst

220 2800 361 2839 titulus
417 2798 658 2846 Conquestio
716 2798 764 2836 de
809 2798 854 2835 L.
907 2798 1098 2837 Caesaris

221 2864 364 2899 ἠιονίθ.
399 2860 607 2898 Ceterum
630 2858 684 2898 (ie
703 2860 989 2909 parcimonia,
1011 2871 1096 2910 qua

223 2922 407 2962 comites
439 2931 542 2959 suos
574 2920 812 2968 trac-tabat,
853 2921 951 2960 vide
986 2923 1097 2960 Sue-

224 2987 312 3022 ten.
346 2982 438 3021 Tib.
463 2981 528 3021 46.
577 2983 696 3021 lianc
728 2984 770 3021 et
800 2983 902 3021 huic
931 2981 1096 3022 similes

223 3042 436 3096 Epistolas
482 3042 581 3081 ideo
620 3054 797 3093 quoque
829 3046 1093 3095 composuit,

224 3109 270 3145 ut
301 3107 441 3144 totum
473 3105 556 3142 hoc
587 3102 730 3155 σῶμα
759 3117 965 3144 verarum
995 3107 1097 3157 Epi-

224 3166 434 3207 stolarum
477 3166 531 3205 ad
577 3166 812 3206 familiares
861 3168 1098 3207 missarum

224 3230 422 3280 speciem
453 3228 592 3278 magis
623 3228 821 3267 referret.

280 3290 367 3329 si—3.
417 3289 626 3340 nimirum]
666 3291 843 3340 Proprie
876 3290 1097 3342 explican-

224 3353 331 3391 dum
364 3355 453 3391 est:
489 3352 565 3390 «ni
598 3354 735 3398 esset,
771 3353 931 3392 mirum
961 3356 1094 3402 esset,

1153 1298 1280 1337 Hand
1323 1299 1448 1338 Turs.
1480 1299 1550 1338 IV.
1584 1297 1641 1350 'p.
1671 1299 1765 1339 206.
1818 1321 1861 1327 —
1908 1302 2028 1351 unus]

1155 1362 1366 1413 «praeter
1387 1362 1560 1401 ceteros
1576 1393 1584 1410 ,
1601 1377 1619 1396 »
1653 1372 1755 1402 cum
1777 1363 1898 1413 grata
1919 1374 2031 1414 qua-

1155 1424 1258 1463 dam
1287 1424 1442 1462 ironia.
1503 1422 1638 1462 Simul
1668 1424 1756 1464 iam
1785 1425 1878 1473 hic,
1911 1426 1960 1464 ut
1988 1426 2032 1464 in

1155 1484 1373 1535 Epistolae
1396 1485 1499 1534 fine,
1522 1485 1776 1536 perurbane
1799 1486 2028 1538 significat,

1154 1545 1329 1585 Tiberio
1375 1557 1461 1585 non
1504 1547 1751 1587 timendum
1796 1558 1920 1597 esse⁷
1977 1559 2031 1588 ne

1155 1609 1286 1648 nimis
1329 1608 1587 1659 frequenter
1627 1608 1682 1648 ab
1714 1610 1892 1649 Horatio
1923 1608 2032 1650 tales

1154 1670 1321 1710 litteras
1344 1672 1737 1712 commendaticias
1758 1673 1959 1724 accipiat.
1985 1696 2029 1701 ——

1155 1745 1256 1772 snam
1284 1734 1391 1784 cum]
1423 1736 1610 1785 Propter
1647 1737 1759 1786 part.
1792 1747 1887 1775 cum
1914 1747 1956 1775 v.
1990 1736 2029 1775 5.

1156 1795 1392 1847 repetitam
1413 1795 1485 1834 hic
1505 1796 1700 1836 nonnulli
1716 1796 2035 1849 interpolarunt

1156 1869 1257 1897 nam
1285 1869 1369 1905 me;
1403 1857 1651 1898 inconsulto
1683 1860 1853 1908 tamen,
1892 1861 1938 1899 ut
1967 1861 2035 1900 est

1158 1921 1200 1959 in
1229 1919 1490 1971 proverbio,
1534 1931 1691 1972 scopas
1721 1921 2031 1962 dissolverunt.

1164 2007 1207 2010 -—
1241 1987 1363 2033 rogat
1393 1987 1431 2022 et
1452 1995 1578 2032 prece
1607 1983 1728 2035 cossit]
1771 1985 1861 2023 «ita
1891 1987 2032 2035 rogat,

1157 2047 1205 2084 ut
1235 2056 1306 2084 me
1337 2044 1546 2096 precibus
1577 2046 1667 2085 suis
1699 2047 1826 2097 quasi
1850 2049 2033 2097 cogat3»

1158 2118 1293 2158 quam
1323 2104 1649 2160 πειθανάγκην
1681 2109 1834 2148 Graeci
1868 2109 2034 2150 dicunt.

1162 2192 1209 2198 —
1256 2170 1430 2221 Scilicet]
1489 2170 1660 2209 Siehe!
1717 2172 1837 2210 Man
1879 2172 2035 2212 clenke

1158 2234 1276 2271 nur!
1324 2233 1411 2270 «Es
1446 2232 1532 2282 (siba
1574 2233 1646 2271 det·
1673 2233 1778 2272 Rede
1817 2237 1946 2272 etwas
1971 2234 2037 2274 Pi-

1158 2295 1341 2334 kantes.»
1376 2296 1583 2334 Diintzer.
1649 2296 1859 2335 Ceterum
1887 2297 2034 2336 minus

1159 2359 1280 2396 recte
1319 2356 1389 2396 alii
1426 2357 1610 2407 iungunt
1638 2358 1747 2408 coyit
1775 2358 1950 2397 Scilicet.
1988 2382 2032 2386 —-

1159 2419 1337 2471 tradere]
1372 2419 1434 2459 Cf.
1469 2421 1554 2459 Sat.
1592 2420 1632 2468 «1,
1667 2420 1716 2469 9,
1750 2419 1815 2460 47.
1851 2421 1958 2472 Epp.
1994 2421 2032 2470 4,

1162 2483 1234 2531 48,
1268 2481 1334 2521 78.
1384 2483 1472 2522 Cic.
1517 2482 1571 2521 ad
1613 2481 1760 2522 Famil.
1794 2483 1840 2530 7,
1876 2483 1946 2531 47,
1979 2484 2030 2522 ¹2:

1161 2546 1229 2585 Sic
1257 2546 1293 2584 ci
1332 2549 1368 2584 tc
1397 2545 1681 2584 commendavi
1712 2549 1748 2584 et
1777 2545 1955 2595 tradidi,
1991 2550 2037 2585 ut

1159 2607 1403 2659 gravissime
1460 2607 1846 2657 diligsenlissimeque
1902 2608 2032 2656 potui.

1162 2672 1326 2710 Caesar
1356 2671 1401 2709 Β.
1429 2671 1474 2709 C.
1500 2669 1545 2717 3,
1579 2669 1651 2708 57:
1699 2681 1819 2709 suum
1845 2670 2036 2720 familia—-

1158 2744 1246 2772 rem
1266 2754 1289 2759 -
1309 2732 1361 2770 ab
1390 2731 1457 2770 illo
1487 2732 1703 2770 traditum.

1215 2794 1253 2834 4.
1278 2795 1316 2833 5
1348 2794 1535 2843 Dignum
1556 2793 1658 2842 cet]
1691 2794 1870 2844 «Ut-pote
1893 2794 1968 2845 qui
1994 2795 2036 2834 in

1160 2856 1501 2896 contubernium
1532 2855 1875 2907 convictumque
1910 2858 2036 2897 tuum

1158 2919 1295 2969 recipi
1327 2920 1595 2957 mereatur.»
1631 2942 1674 2946 -
1707 2919 1852 2970 mente]
1886 2930 2036 2970 «egre-

1159 2981 1227 3031 gia
1244 2982 1317 3018 tua
1335 2979 1478 3019 indole
1493 2983 1535 3020 et
1556 2981 1728 3031 ingenio
1745 2981 2034 3032 perspicaci.»

1159 3043 1287 3081 Teste
1319 3040 1495 3081 Philone
1526 3043 1628 3093 Leg.
1661 3042 1716 3082 ad
1747 3043 1900 3083 Caium
1930 3044 1969 3094 S.
1993 3044 2032 3084 6.

1161 3104 1205 3142 T.
1231 3104 1298 3142 VI.
1325 3114 1366 3154 p.
1387 3103 1452 3143 83.
1479 3104 1611 3155 Lips.:
1640 3099 1687 3143 Ὁ
1707 3101 1798 3162 γὰρ
1820 3103 2037 3161 Τιβέριος

1161 3162 1397 3221 ([ροινήσει
1443 3163 1620 3219 βαθείᾳ,
1664 3163 2037 3223 χρώμενος-καὶ

1161 3224 1254 3266 τῶν
1291 3227 1398 3266 καθ’
1436 3222 1585 3267 αὑτὸν
1623 3223 1846 3267 ἁπάντων
1882 3224 2035 3268 δεινό-

1162 3301 1304 3339 τατος
1333 3283 1401 3328 ὢν
1421 3283 1607 3339 ἀφανὲς
1636 3285 1893 3347 ἀνθρώπου
1923 3286 2037 3338 βού-

1162 3349 1293 3403 λημα
1331 3349 1537 3392 συνιδεῖν
1574 3352 1655 3392 καὶ
1693 3351 1770 3392 ἐπὶ
1798 3350 2036 3392 τοσοῦτον

224 3412 470 3465 δηλονότι,
522 3413 820 3461 manifesto‚»
867 3425 967 3454 cum
1013 3414 1096 3454 leni
1163 3415 1353 3454 συνέσει
1381 3411 1652 3468 διενεγκών,
1698 3412 1773 3463 ἐφ’
1806 3407 1926 3454 ὅσον
1955 3415 2035 3455 καὶ

225 3475 416 3526 quadam
447 3476 597 3515 ironia.
647 3474 707 3514 Cf⁴
744 3476 827 3514 Sat.
854 3476 898 3524 2,
929 3477 972 3523 3,
1005 3476 1093 3516 420.

1164 3471 1357 3532 εὐτυχίᾳ
1388 3475 1486 3516 κτλ.
1539 3477 1647 3517 Ibid.
1682 3476 1719 3527 ἓ.
1752 3477 1818 3516 24.
1852 3488 1894 3528 p.
1931 3475 2032 3517 404:
