2231 3787
863 242 960 281 .st
992 242 1232 282 POETICA.
1864 244 1914 294 7¹·

1902 244 1927 294 lx.)

1935 243 1964 294 Q:

214 370 393 424 Primo
434 387 499 424 ne
539 370 802 433 medium,
846 370 1024 425 medio
1067 388 1133 424 ne
1175 371 1448 443 discrepet
1487 374 1666 426 imum.

213 473 316 534 Tu,
360 472 489 543 quid
531 490 631 544 ego
672 482 723 527 et
760 473 994 545 populus
1034 491 1247 528 mecum
1286 473 1586 537 desideret,
1630 476 1781 529 audi:

211 573 265 627 Si
305 573 575 645 plausoris
615 592 744 646 eges
783 575 974 630 aulaea
1014 575 1276 630 manentis
1316 585 1368 629 et
1404 594 1579 648 usque

249 725 341 764 452.
374 725 531 774 imum]
563 736 694 764 unum
723 726 768 764 B.
806 747 852 754 —
888 725 980 766 454.
1015 727 1060 766 Si
1082 728 1241 777 plosori
1270 738 1382 782 36963
1413 729 1501 778 (sic)
1533 732 1908 782 supersenplau-

190 789 296 827 soris
325 789 380 837 B,
415 788 460 828 Si
484 788 581 838 plus
611 789 695 828 oris
725 799 815 840 6963
846 789 891 838 T,
926 800 992 840 pr.
1016 788 1063 838 β,
1098 790 1142 829 Si
1167 788 1348 840 plusoris
1368 802 1458 841 esses
1477 792 1519 842 ζ,
1555 792 1599 831 Si
1618 792 1799 843 fautoris
1819 806 1910 847 6963

191 849 412 891 Bentleius
443 850 713 891 coniectura.

136 974 236 1015 ideo
258 986 346 1014 non
378 975 566 1025 debent,
602 977 705 1027 quia
727 975 841 1016 nulla
865 987 936 1017 ars
968 977 1018 1016 iis

134 1037 325 1087 nitorem,
345 1037 389 1078 id
411 1040 493 1087 est,
518 1040 722 1078 ornatum
744 1048 796 1078 ac
812 1040 1020 1079 venusta-

135 1102 249 1149 tem,
282 1100 502 1152 praehere
532 1102 702 1152 potest3
735 1102 884 1152 itaque
906 1100 1018 1142 fines

134 1164 282 1215 poesis
314 1174 544 1215 nunquam
575 1164 786 1215 migrat.»
821 1186 867 1192 —
899 1175 1019 1204 men-

133 1226 250 1276 titur]
297 1225 506 1267 Consulto
553 1226 730 1266 duriore
761 1226 847 1266 hoc
876 1225 1017 1266 verbo

133 1300 240 1330 usus
282 1291 374 1338 est,
421 1292 470 1329 ut
511 1289 800 1340 significaret,
852 1291 1015 1341 quanta

134 1351 402 1392 confidentia
433 1353 606 1404 poetica
640 1354 684 1392 et
727 1363 863 1404 quam
903 1350 1018 1392 felici

133 1426 347 1456 successu
378 1415 598 1455 Homerus
639 1415 774 1456 etiam
804 1413 1016 1456 miracula

132 1488 185 1518 ac
203 1479 410 1530 portenta
441 1476 654 1519 finxisset.
688 1480 867 1519 Aristot.
894 1479 1014 1518 Poet.

131 1540 200 1590 ⁶25,
225 1540 272 1580 3:
306 1538 394 1579 Δεῖ
408 1539 499 1592 μὲν
521 1539 570 1580 ἐν
600 1545 705 1591 ταῖς
734 1538 1017 1598 τραγῳδίαις

132 1605 286 1642 ποιεῖν
314 1598 370 1642 τὸ
400 1601 715 1654 θαυμαστόν,
761 1601 949 1656 μᾶλλον
979 1602 1016 1643 δ’

130 1663 371 1714 ἐνδέχεται
400 1664 450 1706 ἐν
479 1663 537 1723 τῇ
569 1665 796 1722 ἐποποιϊᾳ
818 1663 874 1707 τὸ
895 1661 1015 1706 ἄλο-

130 1740 231 1782 γον.
250 1752 274 1759 -
290 1752 314 1758 -
334 1726 562 1777 Δεδίόαχε
582 1726 632 1769 δὲ
651 1722 1015 1782 μάλισταὍμη-

129 1803 213 1848 ρος
235 1791 318 1832 καὶ
338 1789 452 1842 τοὺς
473 1786 652 1843 ἄλλους
672 1789 833 1845 ψευδῆ
862 1790 1014 1846 λέγειν

129 1849 195 1905 ὥς
215 1851 300 1894 δεῖ.
332 1853 553 1895 Plutarch.
586 1857 682 1895 Non
701 1866 835 1907 posse
858 1857 943 1896 cet.
965 1856 1011 1895 9:

128 1911 194 1957 Ac
241 1911 302 1969 ἢν
348 1911 567 1970 (ἡδονὴν)
599 1912 711 1958 οὐδὲ
740 1914 796 1957 τὸ
826 1916 1014 1969 ψεῦδος

129 1974 328 2036 ἀμοιρεῖ
354 1976 553 2037 χάριτος
572 2010 583 2030 ,
627 1975 751 2020 ἀλλὰ
780 1981 862 2020 καὶ
892 1978 1015 2028 aad<

129 2054 286 2095 σμασι
315 2042 398 2082 καὶ
429 2041 672 2095 ποιήμασι
700 2039 786 2084 τοῦ
819 2041 1014 2084 πιστεύ-

128 2104 271 2145 εσθαι
291 2101 361 2158 μὴ
384 2102 654 2163 προσόντος
675 2101 858 2146 ἔνεστιν
880 2099 1014 2158 ὅμως

127 2163 184 2208 τὸ
205 2167 391 2208 πεῖθον.
419 2192 463 2197 ——
485 2169 625 2209 Primo
645 2181 695 2209 ne
710 2170 893 2210 medium
910 2169 1012 2221 cet]

128 2230 254 2270 Hand
285 2231 410 2271 Turs.
434 2232 503 2271 III.
533 2243 577 2283 p.
602 2231 707 2272 468:
744 2232 849 2272 «Hic
878 2232 940 2271 ita
971 2233 1014 2272 et

127 2293 185 2332 sic
205 2292 325 2333 idem
347 2293 595 2344 significant
616 2293 1012 2345 (quemadmodum

129 2355 285 2396 Cicero
307 2355 444 2396 Acad.
471 2356 510 2405 4,
535 2357 574 2405 7,
594 2356 661 2396 28.
702 2355 820 2396 nullo
860 2357 1015 2398 discri-

128 2418 271 2458 mine:
301 2430 398 2458 cum
418 2418 478 2458 ita
497 2423 718 2459 moveatur
737 2420 812 2459 illa
835 2421 1014 2461 vis--et

129 2492 225 2521 cum
246 2482 310 2522 sic
338 2481 449 2521 ultro
479 2481 666 2532 citroque
693 2487 880 2523 versetur
910 2484 1012 2534 cet.)

127 2542 472 2594 referunturque
495 2543 552 2583 ad
574 2544 903 2594 antecedentia,
924 2558 1012 2586 non

128 2604 185 2645 ad
214 2617 288 2654 ne,
322 2605 443 2656 quod
471 2607 685 2656 sequitur.
723 2608 830 2647 Und
858 2619 910 2648 3ο
941 2620 1014 2649 er-

126 2667 295 2718 findet
314 2677 367 2708 er
386 2678 504 2717 neu,
528 2679 576 2707 so
596 2668 776 2708 mischt
795 2680 848 2709 er
871 2671 1013 2710 Wam

126 2741 209 2771 res
227 2730 715 2781 mitErdichtetem,
749 2732 1011 2772 damitein

129 2793 331 2833 Ganzes
360 2793 669 2833 erscheine.»
718 2793 780 2834 Cf.
815 2794 1010 2835 eundem

126 2855 196 2894 IV.
230 2866 274 2907 p.
304 2853 372 2895 44.
405 2854 626 2906 Equidem
657 2856 804 2907 potius
834 2867 937 2896 reor
964 2868 1007 2897 v.

129 2919 222 2958 454.
255 2917 412 2958 referri
443 2917 498 2957 ad
521 2920 753 2969 sequentia
775 2921 819 2960 et
839 2931 888 2959 ne
909 2930 1008 2960 esse

128 2980 248 3019 dass
275 2980 440 3028 nicht,
490 2981 538 3019 ut
566 2981 933 3037 Terent3Heaut.
967 2981 1006 3031 4,

127 3042 168 3091 5,
193 3042 270 3083 35:
304 3043 381 3082 ita
409 3046 454 3081 tu
483 3042 610 3082 istaec
639 3047 713 3083 tua
731 3044 922 3094 misceto,
954 3055 1011 3085 ne

126 3115 190 3144 me
210 3104 453 3144 admisceas.
488 3103 552 3143 Cf.
575 3115 616 3144 v.
636 3105 715 3144 225
733 3115 832 3156 sqq.
861 3129 905 3134 -—
928 3117 1012 3146 me-

127 3166 194 3206 dio
222 3177 274 3206 ne
291 3166 491 3215 discrepet
510 3166 654 3218 imum]
689 3167 780 3208 Cic.
807 3167 862 3217 de
885 3168 1006 3208 Finn.

127 3229 167 3277 5,
186 3228 254 3277 28,
273 3228 340 3268 83:
366 3229 622 3278 Respondent
636 3234 826 3269 extrema
843 3231 1008 3281 primis,

126 3291 263 3330 media
280 3291 490 3341 utrisque,
524 3292 665 3331 omnia
685 3292 885 3332 omnibus.

178 3352 258 3392 Vv.
284 3353 496 3394 453-478.
528 3353 680 3404 docet,
712 3354 938 3406 quomodo
966 3357 1010 3395 in

127 3415 351 3466 tragoedia
393 3418 437 3456 et
470 3417 513 3456 in
553 3417 785 3458 comoedia
826 3418 1011 3469 exprimi

126 3476 318 3519 debeant
333 3477 495 3520 diversi
511 3478 788 3520 diversarum
814 3481 1010 3542 aetatum

1083 987 1233 1016 mores
1253 979 1294 1017 et
1312 978 1512 1028 affectus,
1546 983 1594 1020 ut
1608 983 1773 1023 veritas
1788 986 1959 1036 poetica

1082 1038 1165 1079 sibi
1184 1042 1359 1080 constet
1375 1052 1426 1081 ac
1439 1045 1656 1083 servetur.
1675 1045 1851 1085 Leviter
1866 1049 1963 1087 teti-

1081 1103 1205 1152 gerat
1226 1102 1416 1144 eandem
1439 1103 1688 1146 doctrinam
1708 1119 1749 1147 v,
1775 1109 1867 1149 445.
1902 1110 1961 1150 Ea

1082 1167 1231 1204 tamen
1253 1165 1501 1206 differentia
1517 1168 1749 1219 utriusque
1770 1169 1853 1211 loci
1876 1174 1959 1221 est,

1080 1226 1200 1277 quod
1230 1228 1378 1279 priore
1409 1228 1543 1269 docet
1577 1233 1851 1273 concordare
1883 1234 1964 1274 de-

1079 1288 1188 1329 bere
1219 1291 1463 1332 sententias
1494 1303 1545 1332 ac
1566 1294 1705 1334 verba
1729 1307 1830 1336 cum
1853 1308 1963 1337 con-

1080 1352 1276 1401 dicione,
1320 1357 1476 1404 aetate,
1510 1357 1649 1406 statu,
1683 1359 1849 1409 origine
1881 1370 1963 1399 cu-

1078 1416 1215 1455 iusvis
1246 1426 1489 1467 personae,
1522 1417 1607 1458 hoc
1639 1430 1768 1469 vero,
1802 1424 1961 1472 poetae

1079 1476 1275 1517 officium
1320 1489 1419 1519 esse
1465 1485 1673 1521 accurate
1714 1484 1868 1523 notare
1908 1497 1961 1525 ac

1079 1539 1312 1591 diligenter
1353 1543 1619 1594 investigare
1650 1546 1793 1586 studia
1825 1550 1959 1599 atque

1078 1596 1177 1655 ἤθη
1199 1603 1281 1643 καὶ
1301 1601 1436 1658 πάθη
1459 1606 1672 1658 cuiusque
1696 1610 1852 1650 aetatis
1869 1622 1961 1651 ma-

1076 1665 1195 1705 xime
1226 1668 1427 1718 propria.
1467 1669 1516 1707 ut
1546 1680 1598 1708 ea
1630 1681 1683 1709 ex
1714 1673 1820 1712 artis
1851 1672 1960 1724 legi-

1076 1727 1162 1768 bus
1193 1728 1352 1768 imitari
1381 1730 1621 1781 perdiscat.
1669 1734 1779 1775 Usus
1809 1738 1960 1777 autem

1078 1800 1178 1831 esse
1215 1791 1391 1831 videtur
1432 1793 1678 1836 Aristotelis
1708 1796 1886 1838 Rhetor.
1916 1800 1957 1848 2,

1077 1853 1143 1892 42.
1180 1850 1278 1905 (qui
1321 1853 1445 1896 locus
1485 1857 1602 1897 totus
1634 1860 1702 1898 est
1731 1857 1959 1911 legendus)

1076 1915 1147 1956 vel
1178 1916 1261 1956 alio
1291 1918 1494 1968 rhetore,
1530 1920 1604 1970 qui
1626 1920 1854 1972 Stagiritae
1877 1922 1960 1962 do-

1077 1979 1266 2019 ctrinam
1297 1982 1479 2020 secutus
1511 1983 1618 2021 erat.

1132 2041 1333 2081 453-455.
1370 2042 1440 2095 Tu]
1472 2045 1520 2082 ut
1550 2055 1685 2097 saepe
1717 2046 1835 2098 apud
1869 2048 1960 2088 Ho-

1076 2104 1259 2144 ratium:
1310 2105 1426 2154 «Tu,
1470 2106 1591 2155 Piso,
1632 2109 1668 2148 si
1708 2107 1820 2150 forte
1850 2109 1959 2151 velis

1076 2166 1350 2217 tragoediam
1390 2178 1686 2219 componere,
1736 2173 1781 2211 et
1815 2173 1958 2223 quivis

1076 2228 1185 2269 alius
1215 2239 1421 2270 meorum
1451 2229 1714 2272 lectorum.»
1750 2255 1794 2262 —
1823 2246 1959 2286 popu-

1074 2291 1137 2330 las
1154 2292 1329 2344 mecum]
1363 2294 1644 2345 «pariterque
1668 2306 1824 2337 omnes
1851 2308 1957 2349 spe-

1075 2356 1283 2404 ctatores,
1309 2355 1411 2406 quia
1433 2356 1495 2396 sic
1516 2355 1640 2396 iubet
1660 2368 1819 2399 sensus
1837 2370 1959 2400 com-

1075 2417 1264 2457 munis.»
1292 2441 1336 2445 —
1370 2418 1416 2458 Si
1437 2419 1652 2469 plausoris
1682 2420 1786 2472 cet]
1816 2422 1957 2462 Mani-

1074 2479 1186 2520 463ῐο
1228 2482 1295 2520 est
1338 2482 1527 2532 protasis
1563 2493 1605 2520 v,
1645 2482 1738 2521 456.
1793 2484 1955 2525 Contra

1074 2543 1324 2583 Diintzerus
1356 2543 1459 2582 olim
1481 2542 1595 2583 male
1619 2544 1840 2586 iunxerat:
1874 2559 1957 2588 au-

1074 2605 1137 2653 di,
1170 2606 1216 2643 Si
1236 2629 1260 2636 -
1279 2627 1303 2633 -
1317 2605 1507 2654 plaudite
1533 2606 1659 2645 dicat.
1690 2608 1847 2648 Aetatis
1867 2614 1952 2652 cet.

1077 2686 1121 2693 —
1140 2666 1373 2717 plausoris]
1403 2666 1586 2707 Bentleii
1612 2667 1742 2709 lectio
1756 2671 1953 2723 fautoris,

1072 2731 1388 2781 praeterquam
1433 2729 1554 2780 quod
1595 2741 1678 2782 per
1707 2742 1756 2772 se
1793 2744 1956 2785 parum

1072 2790 1315 2844 probabilis
1338 2792 1429 2840 est,
1462 2791 1563 2832 ideo
1583 2794 1865 2844 potissimum
1887 2809 1957 2839 re-

1072 2853 1259 2893 iicienda
1280 2853 1475 2903 sidetur,
1509 2855 1609 2905 quia
1642 2856 1684 2895 in
1705 2868 1753 2897 re
1775 2860 1954 2901 scenica

1074 2915 1287 2968 significat
1318 2927 1446 2966 eum,
1480 2918 1555 2968 qui
1573 2917 1643 2958 vel
1663 2922 1846 2972 propter
1866 2924 1957 2962 stu-

1074 2978 1194 3018 dium
1240 2989 1345 3029 erga
1389 2979 1508 3020 hunc
1543 2979 1721 3022 illumve
1753 2985 1954 3025 actorem

1072 3040 1141 3081 vel
1184 3041 1317 3081 etiam
1347 3044 1541 3083 nummis
1572 3044 1820 3086 conductus
1850 3046 1954 3086 huic

1073 3105 1147 3143 uni
1191 3102 1382 3155 plaudit,
1430 3105 1538 3146 dum
1578 3106 1686 3147 alios
1727 3107 1950 3156 exsibilat3

1065 3166 1244 3217 plausor
1264 3168 1418 3207 contra
1439 3169 1522 3217 est,
1557 3169 1631 3219 qui
1651 3169 1825 3210 sincera
1846 3172 1951 3211 artis

1072 3229 1364 3270 admiratione
1383 3229 1599 3282 impulsus
1611 3230 1952 3284 applauditpo'e-

1072 3293 1143 3332 tae
1165 3292 1306 3343 magis
1327 3303 1463 3343 quam
1484 3293 1700 3333 histrioni.
1729 3316 1769 3322 —
1797 3294 1952 3335 aulaea

1070 3354 1291 3407 manentis]
1324 3366 1492 3406 «usque
1523 3355 1579 3395 ad
1606 3354 1780 3396 fabulae
1812 3356 1950 3398 finem

1073 3418 1225 3458 attenti
1241 3430 1249 3467 ;
1264 3434 1284 3454 »
1316 3418 1477 3470 quihus
1498 3417 1648 3459 verbis
1669 3417 1799 3459 simul
1820 3419 1950 3470 signi—

1072 3481 1174 3522 ficat
1203 3492 1251 3522 se
1275 3480 1488 3532 deinceps
1510 3480 1564 3521 de
1588 3491 1752 3532 genere
1774 3479 1949 3522 drama-
