2231 3787
312 264 413 313 :3313

947 259 1159 299 lloRATss
1189 257 1487 298 si-x'rlnARUM

383 396 750 462 Quaecunque
791 390 1000 460 excepit
1037 388 1294 459 turgentis
1334 385 1562 439 verbera
1600 384 1830 439 caudae,

383 493 639 549 Clunibus
678 502 767 545 aut
805 491 1017 562 agitavit
1056 508 1256 560 equum
1294 488 1492 540 lasciva
1532 487 1806 557 supinum,

383 596 599 648 Dimittit
639 611 816 665 neque
857 593 1116 645 famosum
1157 607 1333 660 neque
1376 588 1686 650 sollicitum,
1730 604 1794 640 ne

383 698 551 750 Ditior
588 705 677 748 aut
716 695 913 747 formae
954 690 1190 745 melioris
1230 690 1391 743 meiat
1428 689 1637 743 eodem.

384 801 483 859 Tu,
526 816 647 851 cum
686 794 939 866 proiectis
980 791 1301 862 insignibUS,
1344 791 1503 844 anulo
1543 790 1782 861 equestri

384 904 731 968 Romanoque
770 894 977 957 habim,
1020 892 1205 965 prodis
1247 910 1313 946 ex
1351 891 1528 945 iudice
1570 893 1734 944 Dama

384 1001 596 1071 Turpis,
640 998 920 1051 odoratum
961 1003 1120 1067 caput
1162 993 1484 1047 obscurante
1524 992 1763 1053 lacerna,

2061 992 2127 1041 :323

423 1158 489 1198 49.
523 1157 675 1207 arripit
704 1156 888 1207 urgentis
917 1165 957 1195 se
986 1154 1158 1194 verbera
1190 1155 1278 1193 tres
1310 1151 1506 1192 Blandin.
1542 1151 1739 1202 Cruquii.

315 1308 499 1348 moecha
532 1309 575 1346 et
605 1304 759 1345 cultior
788 1304 1014 1350 libertina,
1049 1313 1187 1341 exue-

314 1372 379 1409 rit.
431 1393 473 1397 —
518 1369 693 1409 verbera
733 1367 905 1418 caudae]
952 1368 1101 1405 iuven.
1137 1365 1184 1412 6,

316 1433 421 1472 2126:
468 1433 519 1471 Et
559 1431 756 1480 resupina
795 1431 933 1469 iacens
960 1428 1188 1467 multorum

314 1494 522 1533 absorbuit
551 1495 668 1533 ictus.
729 1495 819 1531 Iam
842 1489 1081 1543 Sophocles
1105 1483 1188 1528 οὗ-

313 1553 401 1610 ρὰν
432 1557 535 1595 dixit
567 1552 621 1594 τὸ
661 1553 869 1601 αἰδοῖον,
917 1555 1043 1593 *ιθεῐθΑ
1072 1551 1189 1591 Pho-

314 1621 371 1658 tio
396 1621 494 1658 Lex.
520 1630 562 1670 p.
587 1618 659 1657 361
682 1650 689 1663 ,
726 1617 790 1656 46.
840 1617 980 1655 Sensu
1010 1614 1188 1665 proprio

312 1681 478 1720 rerbere
498 1681 659 1720 caudae
680 1678 779 1729 (ital.
799 1677 967 1729 guizzo)
986 1676 1041 1716 de
1063 1686 1189 1715 scaro

314 1743 418 1782 dicit
434 1742 697 1782 Pseudovid.
714 1739 897 1780 Halieut‚
912 1741 926 1778 4
939 1739 976 1778 3.
992 1760 1038 1766 -
1055 1737 1193 1778 Clani-

314 1807 387 1845 bus
407 1805 509 1856 cet]
542 1804 718 1843 veneris
750 1803 912 1853 figura,
949 1801 1110 1840 semina
1132 1799 1193 1838 vi-

316 1879 414 1907 rum
436 1867 641 1917 supinum
671 1864 959 1905 inscendente
983 1865 1026 1902 et
1047 1862 1191 1902 coxim

315 1930 448 1970 xeluti
479 1939 644 1979 equum
674 1928 885 1978 agitante,
918 1923 1188 1978 κελητίζειν.

317 1992 437 2032 Ox‘id.
462 1994 510 2031 A.
543 1993 589 2030 A.
620 1991 666 2039 3,
699 1990 803 2029 778:
849 1990 989 2028 Parva
1017 1988 1193 2026 vehatur

316 2066 418 2103 equo
431 2067 442 2092 .·
472 2057 579 2103 quod
595 2056 684 2091 erat
701 2051 958 2102 longissima,
978 2060 1192 2099 nunqu-am

321 2117 484 2156 Thebais
501 2115 833 2165 (Andromache)
851 2115 1046 2154 Hectoreo
1062 2117 1194 2162 nupta

318 2181 463 2219 resedit
484 2190 599 2228 equo.
635 2180 795 2217 Contra
816 2176 995 2216 Martial.
1013 2176 1078 2222 44,
1097 2174 1189 2222 404,

320 2242 388 2282 44ῑ
438 2243 633 2281 Hectoreo
679 2241 834 2289 quolies
875 2240 1037 2277 sederat
1078 2248 1191 2276 uxor

317 2317 433 2355 equ-o,
506 2303 726 2353 Aristoph.
770 2300 1038 2351 Thesmoph.
1082 2298 1189 2338 453:

318 2362 507 2408 oi'vzofiv
538 2364 813 2417 κελητίζεις,
847 2355 964 2402 ὅταν
986 2358 1193 2417 Φαίδραν

319 2427 481 2486 wolffg,-
513 2426 799 2478 Asclepiades
829 2426 959 2465 Anth.
986 2423 1072 2464 Pal.
1096 2426 1126 2463 1.
1147 2435 1190 2475 p.

319 2495 334 2531 4
346 2492 419 2532 42:
473 2487 706 2541 Λυσιδίκη
735 2510 758 2516 -
778 2511 801 2517 -
830 2483 979 2527 πολὺν
1025 2480 1193 2526 ὕπτιον

319 2556 462 2594 ἵππου
507 2550 789 2606 ἐγύμνασεν.
857 2552 1023 2589 Seneca
1056 2550 1191 2600 Epist.

319 2619 369 2657 95
391 2630 398 2655 1
453 2616 636 2655 Libidine
662 2625 759 2653 vero
782 2613 997 2662 (feminae)
1030 2623 1079 2651 ne
1098 2623 1194 2650 ‘ma-

318 2680 432 2718 ribus
461 2679 624 2728 quidem
653 2677 825 2721 cedwzt,·
859 2675 951 2725 pati
979 2678 1106 2713 natae
1135 2673 1193 2724 (di

322 2743 411 2781 illas
451 2742 631 2789 deaeque
668 2739 777 2777 male
813 2736 1046 2787 perdanis)
1090 2737 1193 2774 adeo

318 2814 557 2853 perversum
586 2805 838 2841 commentae
856 2810 984 2851 glenus
1011 2798 1194 2847 impudi-

321 2866 465 2912 ciliae,
497 2865 609 2903 viros
632 2864 784 2902 ineunt.
834 2861 918 2901 Csr.
945 2860 1113 2900 Ruhnk.
1138 2859 1193 2898 ad

324 2925 444 2965 Rutil.
480 2936 522 2976 p.
547 2926 660 2971 26οἾ
707 2924 774 2962 cui
821 2924 968 2962 tamen
1009 2921 1193 2960 credere

323 2987 454 3027 nolim
486 2985 794 3037 Asclepiadem
823 2984 878 3023 al)
912 2984 1086 3023 lloratio
1119 2994 1196 3021 ex-

322 3059 528 3100 pressum
560 3059 678 3087 esse:
725 3047 888 3086 etenim
919 3046 1030 3084 haec
1059 3045 1197 3094 supini

322 3112 415 3160 equi
443 3110 496 3149 de
529 3108 717 3161 pendula
749 3119 912 3147 venere
945 3108 1087 3155 imago
1112 3107 1195 3145 triti

322 3183 529 3213 sermone
588 3169 811 3222 proverbii
869 3168 964 3208 loco
1023 3168 1197 3207 videtur

323 3236 472 3274 fuisse.
520 3257 563 3261 -
606 3232 787 3271 Dimittit
824 3230 925 3281 cet.]
966 3231 1103 3269 «Cum
1144 3242 1196 3269 ex

323 3297 487 3335 fornice
520 3293 723 3341 discedo,
765 3291 878 3332 nulla
912 3303 1003 3340 me,
1045 3295 1194 3343 utpote

325 3358 396 3408 qui
428 3368 582 3397 servus
612 3357 716 3402 sim,
757 3353 868 3394 mala
900 3354 1013 3393 fama
1045 3355 1196 3404 sequi—

1249 1301 1353 1341 dem
1385 1300 1621 1340 meretrice
1644 1310 1741 1339 rem
1773 1299 1954 1347 haheat3
1990 1301 2128 1340 omni-

1250 1364 1335 1403 bus
1363 1363 1482 1402 enim
1512 1373 1653 1413 aeque
1685 1363 1892 1413 prostat.»
1921 1386 1964 1391 —
1986 1364 2125 1420 meiat]

1250 1424 1475 1465 verniliter
1523 1424 1728 1476 loquitur.
1800 1423 1961 1464 Placuit
2010 1424 2129 1465 idem

1251 1488 1402 1528 Persio
1434 1488 1480 1536 6,
1514 1487 1586 1526 74:
1634 1489 1682 1526 Ut
1710 1491 1804 1526 tutis
1832 1488 1906 1527 iste
1933 1499 2130 1537 nepos—-

1251 1549 1457 1590 Patriciae
1486 1549 1672 1588 Δἱιητηθὶαί
1690 1548 1848 1587 volvae.
1902 1548 2025 1589 Conf.
2051 1549 2131 1588 Ca-

1253 1611 1342 1652 tull.
1369 1612 1442 1660 67,
1476 1611 1556 1651 30:
1607 1612 1685 1661 Qui
1716 1612 1797 1660 ipse
1825 1612 1890 1650 sui
1916 1612 2007 1651 nati
2025 1612 2131 1651 min-

1251 1675 1363 1714 „verit
1392 1675 1434 1712 iii
1454 1674 1659 1724 gremium
1683 1674 1798 1724 («qui
1819 1684 1979 1713 nurum
2002 1684 2130 1714 suam

1253 1735 1575 1788 stupraveritn).
1601 1735 1663 1775 Cf.
1681 1736 1767 1775 Sat.
1782 1737 1797 1775 4
1813 1767 1820 1785 ,
1839 1736 1879 1785 2,
1898 1734 1965 1775 44.
1998 1735 2133 1786 (Eius-

1255 1799 1358 1839 dem
1388 1799 1535 1850 stirpis
1568 1799 1636 1838 est
1664 1795 1863 1850 μοιχός,
1905 1797 2130 1849 moechus.)

1309 1861 1454 1900 53-57.
1492 1861 1549 1900 Tic
1577 1872 1671 1900 eum
1692 1861 1794 1913 cet]
1820 1862 1906 1900 «Tu
1932 1871 2036 1900 cum
2057 1860 2133 1900 de-

1253 1923 1396 1975 posito
1425 1922 1554 1962 anulo
1577 1924 1772 1974 equestri
1803 1924 1848 1962 et
1875 1924 1975 1973 toga
1997 1922 2132 1962 domo

1254 1985 1405 2037 prodis
1437 1996 1490 2024 ex
1519 1985 1662 2024 iudice
1694 1984 1858 2024 selecto
1882 1986 1981 2034 (Sat.
2008 1986 2022 2024 4
2047 2017 2054 2033 ,
2088 1984 2128 2033 4,

1257 2047 1382 2096 423),
1417 2058 1504 2097 quo
1535 2057 1720 2086 munere
1744 2049 1971 2097 tamquam
1993 2057 2132 2097 eques

1256 2112 1331 2150 Ro.
1375 2109 1594 2159 fungeris,
1642 2109 1784 2149 faetus
1826 2110 1988 2156 Dama,
2036 2107 2132 2148 vilis

1257 2183 1436 2220 servus,
1487 2170 1667 2210 lacerna
1712 2181 1863 2210 crassa
1907 2181 2009 2210 cum
2053 2181 2134 2210 cu-

1257 2232 1369 2273 cullo
1403 2232 1602 2283 (militum
1635 2234 1678 2272 et
1715 2243 1950 2271 servorum
1987 2231 2130 2283 pallio)

1258 2297 1514 2347 coopertus,
1548 2305 1603 2334 ne
1634 2305 1919 2345 agnoscare.»
1980 2296 2128 2334 Iuven.

1257 2360 1304 2407 8,
1339 2357 1445 2398 1144:
1496 2357 1529 2396 si
1567 2361 1794 2396 nocturnus
1822 2357 1986 2396 adulter
2017 2357 2133 2397 Tem-

1252 2432 1362 2470 pora
1405 2419 1628 2459 Santonico
1665 2419 1778 2458 vela-s
1817 2420 2021 2469 adoperta
2056 2430 2132 2458 cu-

1256 2484 1375 2523 cullo.
1443 2481 1733 2522 Difficillimus
1774 2481 1912 2522 factus
1953 2482 2020 2522 est
2061 2482 2132 2521 hic

1256 2546 1400 2594 locus,
1434 2556 1486 2584 ex
1518 2556 1605 2595 quo
1636 2543 1910 2584 Wielandius
1933 2555 2130 2595 eumque

1257 2610 1436 2651 secutus
1468 2609 1514 2647 G.
1539 2608 1584 2647 E.
1610 2607 1777 2647 Weber
1814 2609 1857 2647 in
1887 2608 1994 2647 lahn
2020 2609 2135 2648 Neue

1254 2671 1416 2711 [ahi-bb.
1441 2671 1510 2709 IX.
1539 2670 1736 2719 Supplbd.
1764 2671 1801 2709 4.
1826 2681 1869 2721 p.
1893 2670 1958 2709 90.
1984 2671 2133 2721 opina-

1257 2736 1326 2773 tus
1349 2735 1415 2772 est
1444 2732 1673 2771 Horatium
1704 2732 1935 2771 manifesto
1956 2731 2135 2772 sibimet

1258 2797 1338 2847 ipsi
1370 2794 1566 2834 tribuere
1598 2794 1761 2834 ordinis
1785 2796 2004 2845 equestris
2033 2796 2135 2835 insi-

1258 2859 1353 2908 gnia
1376 2855 1578 2905 adeoque
1609 2855 1743 2895 fuisse
1774 2866 1910 2895 unum
1942 2867 1994 2896 ex
2024 2856 2135 2896 iudi-

1258 2919 1383 2958 cibus
1414 2916 1609 2965 selectis;
1643 2918 1687 2957 id
1715 2918 1835 2969 quod
1860 2929 2044 2969 prorsus
2073 2919 2135 2959 in-

1259 2980 1470 3021 credibile
1503 2982 1583 3020 est.
1645 2980 1777 3020 Multo
1809 2981 1972 3020 rectius
2003 2982 2134 3021 Lam-

1259 3044 1413 3083 binus:
1468 3044 1587 3082 «Non
1620 3044 1722 3082 sunt
1763 3043 1876 3082 haec
1919 3044 1976 3082 ita
2016 3044 2135 3083 acci-

1258 3107 1444 3159 pienti-a,
1496 3106 1621 3156 quasi
1675 3107 1877 3146 Horatius
1920 3106 2136 3156 significet

1258 3182 1306 3210 sc
1352 3169 1550 3220 equitem
1595 3177 1695 3207 esse
1739 3169 2006 3216 Romanum,
2053 3169 2134 3208 sed

1259 3242 1311 3270 eo
1366 3231 1586 3270 dicuntur>
1619 3230 1815 3277 tantum,
1869 3239 1957 3279 quo
2008 3228 2136 3269 intel-

1260 3289 1464 3343 ligamus,
1500 3291 1735 3342 plerosque
1765 3290 1967 3330 dominos
1994 3291 2135 3333 servis

1260 3355 1348 3394 suis
1388 3364 1485 3393 esse
1527 3353 1772 3392 deteriores
1808 3354 1851 3391 et
1880 3352 2131 3402 nequiores.

325 3424 415 3465 tur,
457 3429 600 3469 neque
633 3416 876 3468 quidquam
908 3426 1034 3462 curo,
1077 3416 1194 3466 quod
1260 3417 1377 3455 llaec
1429 3415 1557 3465 igitur
1609 3413 1745 3453 verba
1800 3414 2022 3464 pertinent
2077 3413 2134 3454 ad

326 3480 433 3520 :ilius
465 3480 592 3519 ditior
623 3482 693 3519 aut
725 3478 957 3518 formosior
989 3488 1090 3516 eum
1120 3490 1194 3517 ea-
1225 3497 1228 3510 ·
1260 3487 1415 3517 omnes
1457 3476 1659 3515 dominos
1705 3474 1874 3516 nobiles
1915 3478 1958 3515 et
1999 3474 2137 3514 hono-
