2231 3787
863 291 959 330 LlB.
996 291 1023 329 l.

1090 291 1250 331 Erisr.
1289 293 1315 330 1.
1895 294 1924 343 3

1931 293 1959 344 x}

247 420 449 473 Nullius
491 421 734 474 addictus
777 421 952 474 iurare
996 422 1043 472 in
1084 422 1250 475 verba
1290 422 1553 493 magistri,

249 523 366 586 Quo
412 541 495 576 me
536 540 750 594 cunque
791 523 927 594 rapit
966 533 1280 595 tempestas,
1325 524 1540 578 deseror
1578 525 1791 596 hospes.
1932 529 1995 579 ,123

246 627 395 678 Nunc
436 625 587 695 agilis
628 626 696 678 lio
737 635 787 679 et
826 643 1036 679 mersor
1075 625 1319 680 civilibus
1359 626 1541 686 undis,

233 776 402 827 deEp,
437 777 650 828 Franeq..
687 778 954 821 Pottieriani,
989 781 1121 828 atque
1154 779 1334 818 0111111110
1366 789 1543 824 01111105,
1578 790 1767 830 quorum
1799 780 1939 832 aliqua

233 840 300 878 est
331 840 601 888 auctoritas.)

178 976 278 1004 rare
308 966 351 1004 in
380 965 509 1004 rerba
544 964 759 1016 mayistri]
802 965 939 1016 Epod.
980 967 1052 1014 15,

177 1027 222 1067 4:
255 1028 302 1066 In
330 1026 458 1066 rerba
477 1027 650 1066 iurabas
668 1039 774 1067 mea.
828 1027 890 1066 Cf.
917 1029 1056 1067 Sene-

179 1101 257 1130 cae
289 1090 423 1141 Epist.
449 1090 524 1137 112,
560 1090 629 1129 slO:
661 1089 935 1140 perseverabo
952 1091 1056 1139 Epi-

176 1164 325 1191 curum
355 1151 426 1190 tibi
456 1152 666 1203 inyerere,
708 1157 753 1191 vut
782 1153 872 1201 isti,
913 1152 983 1201 qui
1012 1152 1056 1190 in

178 1214 303 1254 rerba
334 1215 477 1253 iurant
506 1226 602 1265 nee,
636 1216 735 1264 quid
764 1216 954 1257 dicatur,
989 1225 1056 1253 ae-

175 1277 368 1326 stimant,
415 1278 483 1316 sed
527 1288 555 1316 a
599 1289 702 1327 quo,
748 1278 901 1326 sciant,
949 1287 1057 1326 quae

176 1341 333 1390 optima
361 1344 479 1389 sunt,
513 1351 594 1379 esse
614 1341 867 1379 covununia.
893 1361 939 1368 —
963 1341 1057 1379 Ma-

174 1404 302 1454 gister
329 1403 583 1442 Samnitium
612 1414 692 1454 pro
732 1402 887 1443 lanista
927 1402 1056 1442 fami-

175 1464 256 1505 liae
288 1464 572 1516 gladiatoriae
605 1468 673 1506 est
703 1467 791 1505 iam
821 1465 939 1517 apud
963 1466 1050 1505 Cic.

176 1528 231 1567 de
264 1528 334 1567 Or.
369 1527 416 1576 3,
458 1527 532 1573 23,
574 1528 640 1568 86.
692 1529 739 1567 In
782 1529 876 1568 eius
915 1527 1054 1567 verba

175 1592 326 1630 autem
370 1590 596 1639 iurabant,
646 1592 719 1642 qui
761 1602 809 1631 se
848 1592 1057 1630 auctora-

176 1653 295 1693 bant.
356 1655 496 1693 Locos
537 1652 761 1693 attulimus
792 1653 848 1693 ad
886 1655 973 1693 Sat.
1005 1654 1051 1701 ἓ,

176 1717 224 1765 7,
257 1716 323 1756 58.
361 1739 405 1744 -
439 1716 668 1768 tempestas]
705 1715 891 1756 Tralatio
924 1716 1055 1755 ducta

176 1781 244 1818 est
273 1791 297 1818 a
320 1779 654 1829 navigantibus,
689 1781 763 1831 qui
793 1779 927 1819 modo
949 1779 1052 1827 huc,

176 1842 310 1882 modo
352 1841 453 1881 illuc
483 1841 730 1894 appellunt,
778 1853 865 1893 quo
896 1844 1055 1881 ventus

176 1904 272 1944 fert.
325 1906 418 1946 Hoc
440 1906 570 1956 igitur
590 1905 713 1945 dicit:
749 1905 968 1956 «Hospitis
990 1905 1058 1943 in-

175 1970 288 2018 star,
322 1971 397 2019 qui
423 1971 591 2010 certam
615 1969 771 2010 sedem
793 1980 881 2009 non
902 1968 1053 2017 habet,

177 2031 257 2072 sed
316 2031 586 2071 deverticula
648 2043 830 2083 semper
886 2034 1053 2080 mutat,

179 2104 296 2132 1111110
328 2094 411 2132 1130
442 2093 642 2133 doctrina
672 2096 796 2141 utor,
830 2104 947 2133 nunc
970 2091 1054 2139 illa,

176 2159 307 2206 prout
324 2157 362 2195 111
382 2156 466 2195 hoc
483 2156 608 2196 illove
628 2167 708 2195 suo
726 2157 868 2208 capite
886 2156 1054 2195 maiore

175 2217 484 2268 probabilitate
525 2229 596 2257 me
638 2217 769 2257 allicit
806 2220 849 2258 et
886 2217 1057 2257 condu—

177 2291 279 2320 cere
324 2280 430 2319 1111111
473 2281 690 2319 videtur.»
755 2281 904 2320 Priore
943 2281 1057 2319 ima-

177 2343 285 2393 ginis
307 2345 432 2393 parte
454 2352 561 2381 usus
584 2344 652 2381 est
678 2343 832 2382 Cicero
854 2342 989 2381 Acad.
1013 2343 1052 2389 Ξ,

177 2406 221 2453 3,
256 2406 304 2445 8;
337 2405 400 2444 Ad
430 2416 721 2454 quameunque
750 2410 844 2444 sunt
870 2406 1055 2455 discipli-

178 2479 276 2506 nam
298 2469 417 2517 quasi
447 2472 684 2518 tempestate
705 2469 855 2517 delati,
888 2469 943 2507 acl
964 2479 1056 2508 eam

177 2534 395 2580 tamquam
423 2532 479 2570 ad
507 2542 661 2570 saa-um
692 2533 1005 2572 adhaerescunt.

233 2655 298 2694 46.
325 2655 390 2694 47.
423 2656 544 2695 Nunc
566 2657 668 2706 cet]
703 2656 857 2696 «Modo
886 2658 1056 2697 Stoico-

179 2727 277 2756 rum
306 2715 494 2757 lectione
527 2718 585 2757 ita
616 2717 835 2768 delector,
882 2723 930 2759 ut
963 2721 1054 2771 ipse

178 2779 303 2828 quasi
324 2780 496 2820 Stoicus
519 2779 644 2829 fiam,
678 2792 870 2832 quorum
892 2782 934 2821 id
955 2794 1057 2834 pro-

176 2841 324 2890 prium
365 2843 453 2890 est,
499 2845 546 2881 ut
585 2841 719 2893 agiles
760 2845 846 2884 sint
886 2847 929 2885 et
958 2856 1055 2885 rem

179 2901 403 2953 publicam
433 2908 691 2956 capessant,
739 2907 924 2958 rigidam
963 2909 1056 2947 vir-

180 2966 319 3004 tutem
340 2976 447 3015 prae
470 2977 517 3006 se
540 2967 758 3018 ferentes3
782 2971 942 3010 modo»
966 2973 1051 3011 cet.

183 3049 227 3054 —
262 3028 407 3079 aqilis]
447 3031 543 3069 Non
582 3032 651 3070 est
681 3032 868 3083 «facilis,
908 3033 1055 3074 mobi-

179 3087 254 3137 lis,
289 3089 564 3138 versatili83»
597 3092 697 3132 sed:
731 3096 915 3145 «agendi
936 3098 1057 3148 cupi-

181 3149 279 3199 dus,
304 3153 527 3200 actuosus,
552 3154 852 3210 πρακτικός,»
874 3161 923 3197 111
942 3159 1051 3210 Epp.

183 3213 221 3260 4,
255 3213 320 3260 18,
345 3212 411 3252 90.
444 3214 583 3264 iungit
603 3217 755 3266 aqitem
772 3230 1051 3269 gnavumque.

181 3275 350 3315 Seneca
390 3275 445 3315 de
482 3277 641 3328 Tranq.
681 3289 750 3318 311.
788 3281 838 3319 2:
884 3282 1057 3322 Natura

180 3336 386 3377 humanus
415 3339 580 3378 animus
608 3340 731 3390 aqitis
750 3345 806 3380 est
835 3346 872 3381 et
899 3354 1057 3392 pronus

182 3400 237 3438 ad
264 3405 411 3440 motus.
443 3399 746 3458 Πρακτικοὺς
776 3405 925 3444 autem
955 3416 1053 3446 esse

184 3462 228 3499 et
270 3460 605 3503 πολιτεύεσθαι
658 3475 762 3505 51105
813 3464 1053 3517 discipulos

183 3521 389 3565 volebant
439 3527 569 3565 Stoici
622 3529 686 3576 (et
734 3527 1051 3578 Peripatetici),

1122 976 1224 1005 cum
1256 966 1457 1017 Epicurei
1488 979 1510 1006 a
1544 979 1591 1007 re
1624 968 1799 1019 publica
1840 981 1999 1021 capes-

1120 1028 1257 1067 senda
1280 1029 1576 1079 abstinerent,
1601 1031 1685 1071 hoc
1709 1035 1998 1084 praeceptum

1120 1091 1296 1130 dantes:
1322 1089 1455 1131 Αάθε
1470 1089 1668 1143 βιώσας.
1693 1095 1781 1133 Cic.
1803 1095 1857 1133 de
1879 1096 1995 1134 Finii.

1120 1154 1168 1200 ⁶2,
1203 1154 1277 1201 20,
1312 1154 1386 1193 68:
1422 1155 1523 1194 Cum
1553 1157 1608 1194 act
1639 1158 1808 1196 tuendos
1837 1170 2000 1198 couscr-

1117 1216 1357 1264 vandosque
1395 1217 1577 1257 homines
1613 1219 1816 1258 bominem
1855 1226 2001 1260 natum

1120 1289 1203 1317 esse
1222 1278 1455 1328 videamus,
1489 1285 1809 1322 consentaneum
1829 1288 1884 1323 est
1905 1285 1999 1323 huic

1119 1345 1325 1389 naturae,
1373 1345 1419 1381 ut
1456 1343 1621 1392 sapiens
1648 1344 1745 1383 velit
1781 1357 1926 1396 ³qerere
1964 1351 2001 1386 et

1120 1405 1419 1444 administrare
1460 1416 1550 1444 rem
1581 1406 1809 1456 publicam.
1866 1410 1998 1449 Tacit.

1119 1469 1231 1506 Ann.
1269 1467 1341 1514 44,
1385 1469 1461 1507 57:
1510 1474 1728 1520 assumpta
1766 1471 2002 1512 Stoicorum

1120 1531 1372 1581 arrogyantia
1413 1535 1625 1581 sectaque,
1672 1544 1778 1582 quae
1820 1534 2004 1574 turbidos

1119 1596 1157 1632 et
1177 1593 1438 1643 *neqotiorum
1455 1595 1688 1643 adpetentes
1706 1595 1853 1646 faciat.
1877 1597 2001 1637 Nullo

1121 1655 1255 1694 modo
1295 1657 1445 1695 autem
1484 1657 1692 1698 Horatius
1724 1669 1820 1698 rem
1856 1660 2002 1710 publi-

1122 1729 1223 1758 cam
1254 1719 1369 1757 serio
1402 1729 1638 1770 capessere
1663 1721 1886 1771 putandus
1909 1727 1998 1772 est,

1122 1781 1201 1822 sed
1218 1780 1588 1833 philosophando,
1616 1782 1933 1840 θεωρητικαῖς.
1954 1808 1998 1813 -

1120 1855 1280 1883 mersor
1312 1844 1499 1883 civilibus
1526 1845 1669 1897 undis]
1702 1847 1787 1887 Res
1823 1847 1999 1898 civiles,

1120 1908 1339 1959 imprimis
1361 1909 1590 1948 contiones
1608 1911 1650 1948 et
1680 1910 1873 1959 comitia,
1904 1923 2004 1963 pro-

1121 1973 1221 2022 pter
1250 1969 1581 2010 instabilitatem
1612 1983 1747 2011 aurae
1777 1973 2002 2025 popularis

1122 2043 1173 2071 30
1203 2031 1469 2084 multiplices
1503 2033 1657 2074 turbas
1698 2035 1858 2076 crebro
1899 2048 2001 2078 cum

1121 2094 1331 2135 fluctibus
1357 2096 1787 2149 tempestatibusque
1818 2109 2002 2151 compa-

1119 2160 1288 2199 rantur.
1325 2158 1413 2198 Cic.
1434 2170 1476 2209 p.
1502 2157 1677 2199 Plancio
1701 2162 1771 2200 45:
1805 2161 1902 2201 ittae
1922 2175 2003 2201 un—

1121 2222 1199 2260 dae
1218 2221 1503 2269 comitiorum,
1535 2226 1581 2260 ut
1607 2234 1726 2262 mare
1740 2224 2001 2274 profundum

1120 2287 1155 2323 et
1176 2285 1435 2332 immensum,
1467 2284 1524 2323 sic
1539 2286 1806 2335 effervescunt
1823 2289 2002 2336 quodam

1122 2346 1242 2394 quasi
1272 2349 1407 2393 aestu,
1453 2349 1499 2384 ut
1541 2347 1598 2384 ad
1640 2347 1745 2386 alios
1777 2351 1998 2397 accedant,

1122 2406 1174 2445 ab
1204 2407 1298 2445 aliis
1328 2411 1468 2445 autem
1495 2409 1704 2447 recedant.
1739 2409 1794 2449 de
1826 2411 1932 2462 Rep.
1960 2413 1997 2459 sl,

1122 2469 1168 2510 4:
1204 2470 1273 2519 qui
1302 2481 1385 2508 tion
1415 2470 1691 2510 dubitaverim
1720 2483 1783 2511 me
1802 2474 2002 2523 97¹avissi-

1120 2533 1198 2570 mis
1227 2532 1533 2581 tempestatibus
1561 2544 1611 2572 ac
1643 2544 1782 2582 paene
1808 2534 2000 2585 fulmini-

1121 2594 1193 2633 bus
1222 2595 1322 2644 ipsis
1351 2594 1515 2634 obvium
1547 2595 1672 2646 ferre.
1725 2597 1855 2636 Corn.
1888 2599 1995 2650 Nep.

1119 2660 1205 2698 Att.
1231 2658 1276 2706 6,
1312 2659 1355 2697 4:
1389 2659 1436 2697 In
1465 2669 1511 2697 re
1534 2658 1706 2708 publica
1735 2660 1796 2699 ita
1825 2665 1883 2699 est
1900 2673 1997 2701 ver—

1119 2725 1234 2760 satus
1262 2725 1308 2760 ut
1335 2732 1495 2771 semper
1523 2723 1780 2771 optimarum
1807 2725 1999 2773 partium

1119 2787 1157 2822 et
1200 2787 1298 2823 esset
1336 2788 1373 2822 et
1409 2784 1724 2824 ecislimaretur
1761 2797 1891 2835 neque
1930 2791 2000 2825 ta-

1119 2857 1212 2885 men
1250 2857 1290 2885 se
1328 2847 1514 2885 civilibus
1548 2847 1741 2899 fluctibus
1769 2850 1998 2889 commute—

1120 2913 1196 2949 ret.
1248 2910 1357 2961 Epp.
1381 2910 1429 2958 2,
1462 2910 1511 2958 ⁶3,
1552 2909 1627 2950 84:
1672 2922 1814 2950 rerum
1842 2912 1999 2951 Flucti-

1119 2972 1193 3011 bus
1221 2972 1265 3010 in
1294 2972 1438 3011 mediis
1467 2975 1504 3011 et
1533 2972 1840 3022 tempestatibus
1867 2973 1995 3012 urbis.

1118 3033 1320 3074 Verbum
1355 3045 1516 3073 mersor
1543 3033 1681 3074 habet
1707 3035 1798 3074 vim
1828 3035 1996 3075 formae

1120 3096 1318 3145 mediae,
1353 3092 1630 3148 εῐσόύομαι,
1671 3093 1882 3149 ἐμαυτὸν
1912 3097 1996 3150 ἐμ-

1117 3156 1296 3208 βάλλεο,
1329 3158 1410 3210 (ich
1432 3159 1640 3209 versenke,
1669 3161 1837 3211 vertiefe
1854 3160 1998 3211 mich,)

1118 3224 1166 3261 ut
1195 3221 1437 3262 Menander
1470 3222 1656 3261 Meinek.
1689 3223 1831 3272 Frgm.
1867 3223 1991 3261 Com.

1118 3285 1187 3323 IV.
1212 3295 1255 3335 p.
1279 3285 1356 3324 88:
1390 3282 1476 3333 Εἰς
1505 3282 1712 3337 πέλαγος
1740 3279 1889 3323 αὑτὸν
1910 3282 1995 3334 ἐμ-

1117 3344 1282 3396 βαλεῖς
1322 3341 1414 3402 γὰρ
1457 3345 1762 3402 πραγμάτων.
1836 3343 1990 3385 Catull.

1119 3408 1193 3457 68,
1229 3408 1303 3447 43:
1353 3408 1523 3457 Accipe,
1557 3409 1649 3457 quis
1675 3417 1832 3446 merser
1854 3407 1993 3457 fortu—

1117 3480 1197 3509 nae
1223 3469 1415 3521 fluctibus
1441 3470 1540 3519 ipse.
1601 3469 1719 3508 Η300
1746 3470 1896 3508 autem
1926 3467 1991 3508 le-

1119 3531 1203 3570 ctio
1250 3530 1473 3569 undarum
1516 3530 1692 3580 imagini
1737 3529 1874 3569 multo
1924 3533 1989 3569 est
