2231 3787
263 324 359 373 ³:52

263 364 287 373 Q

973 457 1139 522 Qunl.

333 561 592 614 Continuo
634 577 796 612 sanus
811 560 836 611 ἱ)
878 559 1103 611 Minime.

332 459 532 513 Stultus
571 469 619 512 et
664 459 895 511 insanus.

891 322 1102 362 nonATu
1135 321 1433 362 SATmARUM

1182 458 1224 510 si
1265 456 1386 527 quis
1426 472 1530 507 non
1570 454 1637 507 sit
1675 469 1890 513 avarus

1179 558 1310 616 Cur,
1357 555 1570 609 Stoice?
1608 555 1808 608 Dicam.
1968 551 2068 604 160

331 664 443 714 Non
484 670 565 714 est
603 660 882 714 cardiacus
921 691 988 697 —
1029 659 1306 712 Craterum
1345 655 1544 709 dixisse
1583 662 1765 726 putato
1803 685 1872 694 —-

335 763 430 815 Hie
471 779 662 832 aeger:
705 770 848 814 recte
889 769 969 813 est
1009 759 1166 829 igitur
1207 757 1539 827 surgetque‘?
1577 755 1821 826 Negabit‚

335 864 490 928 Quod
532 863 667 916 latus
707 872 796 915 aut
835 879 992 915 renes
1032 858 1222 912 morbo
1263 866 1532 911 tentantur
1570 866 1742 910 acuto.

336 967 448 1017 Non
490 973 571 1017 est
608 963 858 1033 periurus
899 979 1075 1032 neque
1116 959 1396 1022 sordidus3
1439 957 1674 1011 immolet
1712 957 1901 1027 aequis

336 1066 430 1118 llic
471 1081 693 1135 porcum
736 1062 989 1115 Laribus:
1032 1079 1219 1114 verum
1257 1059 1572 1113 ambitiosus
1611 1066 1663 1111 et
1701 1057 1898 1122 audax3
1975 1057 2075 1111 465

337 1166 556 1236 Naxiget
594 1164 914 1235 Anticyram.
992 1161 1133 1226 Quid
1172 1161 1313 1215 enim
1353 1160 1552 1223 differt,
1596 1159 1918 1213 barathrone

378 1309 391 1345 t
404 1305 468 1345 63.
501 1310 574 1345 aut
605 1315 828 1357 superser.
853 1308 889 1344 et
919 1305 960 1343 S.
988 1324 1031 1332 —
1058 1307 1304 1353 temptentur
1334 1314 1414 1343 seu
1434 1306 1639 1342 tententur
1667 1301 1799 1353 bSep,
1833 1301 2024 1342 Pottierii

323 1367 521 1419 plerique
553 1370 595 1407 et
628 1369 656 1405 t.
693 1368 757 1417 (Ut
785 1377 887 1415 nos,
920 1365 1102 1406 Bentleii
1132 1366 1252 1414 oct0,
1286 1364 1478 1404 Pottierii
1510 1365 1626 1410 tres,
1670 1363 1877 1403 Priscian.
1911 1363 1951 1411 6,
1981 1362 2021 1411 6,

323 1430 404 1469 30.l
442 1449 485 1456 —
523 1429 614 1469 ⁴66.
648 1428 868 1468 balaal-one
908 1440 931 1468 e
965 1427 1071 1469 Cod.
1105 1427 1340 1478 Reginensi
1372 1427 1415 1466 et
1445 1424 1635 1466 Galeano
1665 1423 1907 1474 Bentleius,
1949 1424 2025 1464 ba-

271 1553 387 1593 idem
445 1553 629 1593 sortasse
679 1552 964 1604 deturpatur,
1027 1562 1141 1602 quae

270 1627 357 1666 quo
399 1614 542 1654 minus
582 1625 684 1654 eum
725 1625 805 1666 pro
837 1625 944 1654 sano
974 1613 1145 1653 habea-

271 1687 369 1716 mus
401 1678 564 1716 vetant.
624 1675 689 1716 Ab
722 1676 928 1716 omnibus
959 1687 1064 1727 ergo
1085 1676 1146 1714 vi-

273 1740 340 1778 tiis
385 1737 497 1777 liber
540 1739 594 1777 sit
639 1740 837 1789 oportet,
885 1749 1019 1789 quem
1066 1747 1145 1777 nos

272 1801 401 1839 Stoici
432 1810 589 1839 sanum
612 1810 866 1839 vocamus.»
928 1800 1047 1839 Hanc
1067 1810 1148 1838 au-

274 1865 361 1902 ten]
395 1861 639 1900 doctrinam
671 1862 948 1902 diversorum
972 1860 1150 1900 morbo-

275 1934 371 1962 rum
389 1921 602 1973 exemplis
619 1921 816 1970 illustrat,
836 1933 1027 1972 quorum
1044 1932 1151 1972 quo-

275 1997 361 2036 quo
382 1982 537 2034 aliquis
558 1986 772 2031 tentetur,
806 1993 939 2023 sanus
962 1994 1149 2034 corpore

275 2058 361 2086 non
379 2048 446 2086 sit.
473 2047 679 2085 Ceterum
704 2046 877 2084 nimium
893 2056 1042 2094 operae
1057 2057 1152 2084 con-

274 2110 453 2148 sumitur
481 2120 507 2146 a
538 2108 707 2157 Stoicis,
749 2107 934 2146 marimo
963 2119 989 2145 a
1020 2107 1152 2156 Chry-

274 2172 407 2221 sippo,
422 2171 518 2208 dum
534 2170 686 2209 morbi-s
696 2181 917 2219 corporum
933 2180 1155 2219 compara-

277 2238 346 2271 tur·
366 2231 603 2270 morborum
624 2232 754 2270 animi
780 2231 1016 2270 similitudo.
1059 2231 1148 2270 Cic.

277 2295 403 2333 Tusc.
430 2293 474 2338 4,
511 2294 581 2341 40,
608 2293 672 2333 23.
702 2316 745 2321 —
771 2293 878 2342 Cur,
901 2292 1073 2344 Stoice?]
1097 2294 1150 2332 Se

281 2359 370 2408 ipse
404 2358 640 2406 interrogat
664 2357 907 2396 Stertinius.
955 2358 1000 2395 ln
1022 2366 1152 2407 prosa

279 2419 494 2457 oratione:
544 2420 676 2462 «Cur,
712 2430 764 2458 ex
797 2428 894 2457 mea
927 2417 1152 2469 disciplina

281 2481 422 2519 stoica
454 2479 643 2519 dicam.»
701 2481 769 2519 Sic
801 2479 959 2520 crebro
998 2481 1039 2519 in
1069 2482 1152 2519 Ar-

281 2543 387 2581 riani
433 2543 655 2593 Epicteto,
702 2546 748 2582 ut
788 2544 833 2591 ⁴2,
874 2543 949 2591 ΞΟ,
988 2543 1063 2581 22:
1110 2542 1153 2581 τί

282 2603 451 2656 λέγεις,
476 2601 746 2653 ᾳι).ο’σοᾳε;
767 2603 870 2643 ibid.
896 2604 934 2654 S.
959 2603 1029 2644 ⁶24:
1063 2596 1150 2651 Εὖ,

282 2663 540 2714 φιλόσοφε.
593 2689 635 2694 -
683 2666 926 2717 cardiacus]
973 2664 1154 2722 Καρόία

285 2739 370 2767 non
402 2727 543 2767 solum
578 2739 675 2773 cor,
709 2728 787 2767 sed
820 2729 949 2767 etiam
982 2739 1030 2767 os
1052 2739 1156 2767 ven·

285 2787 422 2828 triculi
464 2790 696 2839 significan
743 2791 815 2840 qui
861 2790 989 2829 liuius
1034 2790 1157 2829 insir-

284 2852 434 2890 mitate
457 2850 645 2897 laborat,
679 2854 861 2891 vocatur
881 2848 1152 2908 καρὸιακός.

286 2912 397 2952 Cels.
423 2913 466 2960 3,
506 2914 576 2951 w:
623 2914 694 2952 His
725 2914 874 2953 morbis
905 2914 1048 2963 (variis
1089 2914 1157 2953 in-

286 2975 432 3014 saniae
464 2974 713 3023 generibus)
744 2976 968 3024 praecipue
992 2979 1159 3014 contra-

286 3037 394 3073 rium
424 3040 479 3074 est
510 3036 550 3073 ia
578 3048 727 3086 (senus,
761 3038 868 3085 quod
897 3033 1157 3092 καρὸιακὸν

287 3109 311 3135 a
344 3098 513 3136 Graec-is
543 3098 795 3137 nominatur.
849 3099 911 3137 (js.
943 3110 982 3137 v.
1017 3100 1080 3138 28.
1111 3122 1152 3126 —

287 3159 520 3209 Craterum]
552 3158 763 3198 illustrem
797 3159 967 3199 illorum
991 3163 1158 3211 tempo-

1207 1552 1319 1591 Eum
1359 1551 1553 1590 imitatus
1595 1551 1663 1589 est
1701 1550 1893 1590 Serenus
1932 1550 2083 1589 Samo-

1209 1614 1334 1653 nicus
1364 1623 1406 1651 v.
1435 1612 1542 1652 392:
1593 1612 1639 1651 Si
1681 1611 1790 1651 lalus
1830 1611 2084 1651 immeritum

1207 1674 1350 1713 morbo
1379 1677 1563 1714 tencatur
1591 1677 1727 1713 acuto.
1791 1674 1855 1712 De
1894 1671 2084 1712 laterum

1210 1735 1362 1775 dolore
1383 1736 1437 1775 cs.
1461 1737 1547 1775 sat.
1574 1736 1589 1774 4
1610 1766 1618 1784 ,
1642 1735 1688 1785 9,
1722 1735 1788 1775 32.
1818 1758 1861 1763 —
1886 1734 2082 1787 lentatur]

1212 1798 1438 1839 «laborant
1468 1799 1543 1837 aut
1571 1796 1804 1848 pleuritide
1831 1798 1906 1836 aut
1925 1807 2085 1837 renum

1212 1861 1390 1909 morbo,
1426 1862 1471 1900 ut
1493 1870 1571 1899 nos
1592 1859 1673 1910 ipsi
1694 1859 1942 1899 videmus.»
1975 1859 2087 1899 Con-

1212 1924 1430 1963 iunctivus
1460 1926 1665 1962 tententur
1684 1921 1951 1972 significaret
1969 1921 2085 1962 hanc

1212 1986 1428 2024 rationem
1449 1996 1472 2023 a
1496 1985 1677 2024 Cratero
1699 1984 1868 2033 afferri,
1901 1983 1945 2024 id
1965 1983 2085 2035 quod

1214 2048 1359 2087 minus
1396 2049 1548 2097 aptum
1590 2047 1671 2085 est.
1708 2069 1751 2073 —
1785 2045 1921 2097 acuto]
1953 2042 2087 2101 ὀξείᾳ

1215 2105 1359 2162 νόσῳ.
1412 2106 1526 2147 Cels.
1551 2107 1596 2155 3,
1632 2107 1646 2146 l
1671 2118 1678 2144 :
1713 2108 1891 2157 Quidam
1914 2107 2084 2159 (morbi)

1215 2171 1354 2210 breves
1395 2170 1587 2218 acutique
1629 2173 1746 2218 sunt,
1792 2170 1863 2218 qui
1905 2171 1983 2209 cito
2024 2170 2088 2210 vel

1215 2233 1361 2273 tollunt
1389 2232 1593 2271 hominem
1621 2231 1684 2270 vel
1720 2231 1797 2281 ipsi
1824 2233 1904 2272 cito
1929 2233 2089 2284 finiun-

1215 2300 1306 2342 tur‚·
1339 2295 1509 2344 quidam
1538 2293 1670 2344 longi,
1702 2293 1775 2332 sub
1795 2294 1941 2343 quibus
1959 2305 2089 2344 neque

1214 2358 1374 2397 sanitas
1414 2357 1455 2395 in
1489 2356 1728 2406 propinquo
1756 2367 1886 2405 neque
1915 2357 2090 2398 efficium

1216 2424 1287 2460 est.

1272 2480 1470 2521 464-466.
1511 2481 1604 2518 Non
1634 2483 1689 2519 esc
1719 2479 1822 2531 cet]
1855 2481 2089 2521 «Concedo

1216 2543 1408 2595 aliquem
1439 2541 1683 2582 sceleribus
1704 2553 1789 2581 non
1812 2544 2086 2595 coopertum,

1217 2617 1302 2645 non
1360 2605 1587 2655 periurum
1636 2614 1735 2644 esse
1787 2615 1933 2655 neque
1977 2604 2090 2645 adeo

1217 2666 1471 2714 sordidum,
1503 2667 1551 2704 ut
1580 2669 1817 2716 propterca
1840 2666 1974 2706 fidem
2004 2665 2091 2707 lae-

1219 2728 1293 2767 dat
1323 2738 1374 2766 ae
1397 2726 1585 2774 furetur,
1619 2726 1817 2766 concedo
1840 2737 1942 2767 cum
1963 2727 2092 2767 idcir-

1219 2801 1271 2830 co
1292 2788 1468 2829 Laribus
1487 2788 1652 2837 aequis,
1678 2788 1718 2826 id
1741 2790 1821 2837 est,
1846 2800 1933 2828 non
1955 2789 2088 2839 iratis,

1219 2862 1355 2904 porco
1386 2850 1531 2889 facere
1562 2860 1695 2901 posse
1728 2850 1818 2900 (cfr.
1845 2850 1923 2890 Od.
1948 2851 1996 2900 3,
2020 2852 2088 2902 23,

1219 2913 1290 2963 4.);
1325 2915 1368 2952 at
1389 2911 1597 2959 eundem,
1621 2912 1655 2951 si
1677 2913 1732 2952 sit
1751 2912 2010 2954 ambitiosus
2032 2916 2089 2963 et,

1220 2986 1308 3025 quo
1329 2973 1557 3014 ambitioni
1588 2973 1848 3024 satisfaciat,
1881 2974 2094 3016 audacter

1220 3035 1353 3076 multa
1387 3034 1612 3083 moliatur,
1647 3047 1667 3074 a
1693 3035 1853 3086 quibus
1874 3035 2093 3078 abstineat

1220 3099 1351 3137 homo
1374 3098 1623 3145 modestus,
1649 3098 1852 3138 insanum
1873 3109 1971 3138 esse
1992 3109 2094 3139 cen-

1220 3171 1316 3206 seo,
1364 3171 1414 3197 ac
1451 3161 1685 3209 propterea
1717 3159 1755 3198 ci
1799 3160 2089 3211 praecipiam,

289 3231 385 3259 runi
429 3220 677 3260 medicum.
726 3232 813 3271 quo
858 3222 944 3260 iam
993 3223 1158 3261 Atticus
1223 3224 1266 3260 ut
1297 3222 1550 3270 Anticyram
1583 3221 1797 3271 naviget.»
1834 3244 1875 3248 —
1915 3222 2094 3262 immolet

288 3292 395 3321 usus
425 3285 532 3321 erat.
595 3283 683 3321 Cic.
709 3283 763 3321 ad
795 3285 877 3321 An.
905 3284 975 3331 ⁴2,
1015 3284 1081 3330 13,
1120 3286 1154 3322 l.
1190 3278 1193 3313 Ι
1221 3306 1242 3311 -
1264 3283 1492 3332 -porcum]
1525 3283 1617 3322 Non
1650 3281 1841 3332 loquitur
1870 3281 1925 3321 de
1956 3284 2094 3322 sacri-

297 3344 366 3385 ¹2.
403 3343 473 3391 Η,
506 3343 543 3383 4.
582 3367 625 3372 —
650 3345 766 3383 Recte
784 3345 855 3393 est]
883 3346 970 3383 Cio.
996 3345 1048 3383 ad
1073 3347 1156 3384 Ati.

295 3406 337 3450 4,
372 3405 415 3442 7:
459 3406 578 3455 Apud
614 3410 790 3445 matrem
819 3410 925 3445 recte
952 3411 1022 3445 est.
1071 3407 1157 3447 Csr.

1224 3345 1320 3384 ficio
1352 3344 1615 3395 expiatorio,
1650 3343 1730 3383 scd
1761 3343 1815 3383 de
1846 3344 2003 3393 quovis
2026 3343 2092 3384 vel

1191 3422 1194 3433 ·
1225 3408 1451 3446 menstruo
1470 3405 1538 3445 vel
1561 3405 1872 3452 anniversario,
1897 3405 2094 3456 aquibus

294 3466 379 3503 Sat.
404 3467 447 3505 Ξ.
485 3468 525 3513 2,
563 3467 653 3506 406.
693 3491 732 3495 —
771 3468 886 3517 Quod
919 3468 1026 3507 latus
1057 3468 1159 3519 eet]
1192 3487 1196 3544 ι
1224 3471 1372 3509 mente
1423 3469 1536 3520 capti
1587 3467 1875 3514 arcebantur3
1935 3477 2094 3518 quam—

291 3527 413 3567 lclem
445 3528 687 3569 versiculus
711 3532 776 3569 est
797 3530 904 3581 Epp.
934 3531 977 3576 l,
1013 3531 1058 3577 6,
1092 3530 1156 3570 28.

1226 3541 1387 3581 quam,
1441 3532 1475 3571 si
1525 3531 1622 3581 quis
1670 3530 1834 3571 insania
1884 3528 2093 3570 liberatus
