2231 3787
235 270 335 321 302
863 270 1077 310 HORATH
1108 270 1408 311 SA'rmARUM

306 402 663 471 Captatorque
705 399 850 453 dabit
889 399 1029 452 risus
1068 399 1256 452 Nasica
1297 399 1522 452 Corano,

303 503 436 555 Num
476 501 644 554 suris?
683 519 748 554 an
788 500 1024 571 prudens
1064 499 1202 552 ludis
1242 516 1326 551 me
1365 499 1598 553 obscura
1635 499 1917 553 canendo?

303 605 349 658 O
390 602 690 657 Laertiade.
734 601 997 672 quidquid
1035 600 1235 661 dicam,
1278 608 1368 652 aut
1405 600 1506 653 erit
1543 609 1633 653 aut
1670 618 1798 653 non:

304 706 553 757 Divinare
595 704 791 758 etenim
828 719 1051 773 magnus
1088 700 1215 753 mihi
1254 700 1417 754 donat
1453 700 1655 771 Apollo.
1973 703 2039 754 60

306 806 446 871 Quid
485 815 661 858 tamen
702 805 799 857 ista
839 802 960 856 velit
999 802 1099 855 sibi
1139 801 1341 863 sabula,
1383 802 1427 855 si
1466 801 1613 865 licet,
1657 802 1774 856 ede.

302 911 563 977 Tempore
603 923 710 976 quo
752 904 957 958 iuvenis
996 902 1202 958 Parthis
1240 902 1564 967 horrendUS,
1606 903 1673 956 ab
1712 902 1817 957 alto

301 1008 606 1061 Demissum
645 1023 814 1077 genus
852 1007 1059 1068 Aenea,
1102 1003 1288 1058 tellure
1328 1004 1572 1075 marique

303 1110 521 1180 Magnus
561 1108 682 1169 erit,
724 1107 840 1160 sorti
880 1106 1047 1160 nubet
1082 1122 1312 1177 procera
1351 1105 1560 1160 Corano

339 1290 405 1329 59.
439 1290 528 1328 dieo
560 1288 698 1329 Codd.
733 1288 964 1327 Torrentii.
1001 1308 1044 1315 -
1080 1291 1154 1326 aut
1181 1286 1277 1339 non]
1309 1297 1450 1326 annon
1478 1286 1518 1325 S.
1555 1308 1600 1314 -
1633 1285 1699 1326 59.
1725 1285 1790 1326 60.
1815 1290 1889 1325 aul
1908 1288 1989 1326 erit

283 1357 356 1392 aut
385 1363 487 1391 non:
519 1351 724 1390 Divinare
753 1350 901 1390 etenim
930 1361 1106 1400 maquus
1135 1349 1307 1388 donavit
1333 1347 1477 1397 Apollo
1508 1359 1571 1397 φ,
1601 1347 1729 1399 proh.
1763 1346 1983 1396 Bentleio,

284 1415 392 1455 «etsi
436 1415 470 1454 is
514 1416 643 1454 notae
688 1414 742 1453 sit
783 1423 871 1451 non
915 1413 1152 1464 optimae‚»
1198 1415 1272 1450 aul
1302 1411 1398 1460 erit,
1444 1413 1518 1449 aul
1547 1421 1629 1449 non
1656 1411 1861 1450 Divinare
1888 1410 1988 1449 mihi

282 1488 458 1528 maynus
487 1476 659 1516 donarit
684 1475 827 1525 Apollo
857 1472 1181 1514 Haberfeldtius
1210 1472 1280 1512 vel
1300 1474 1446 1524 potius
1467 1471 1766 1521 Eichstadius,
1798 1476 1872 1511 aut
1891 1473 1984 1522 erit,

283 1545 357 1579 aut
386 1551 463 1578 non
494 1539 698 1578 Divinare
726 1537 852 1577 etiam
880 1547 1058 1587 maqnus
1086 1536 1185 1575 «mihi
1215 1536 1343 1574 donat
1368 1535 1513 1585 Apollo
1557 1535 1718 1584 Bothe,
1765 1539 1839 1573 aul
1881 1535 1984 1584 erit,

283 1605 355 1640 aut
384 1613 461 1640 non
493 1601 698 1639 Divinare
727 1598 797 1638 tibi
828 1608 1004 1649 magnus
1032 1597 1130 1636 mihi
1160 1598 1287 1636 donat
1315 1597 1458 1647 Apollo
1487 1598 1674 1636 Ioannes
1695 1606 1720 1634 a
1741 1597 1833 1636 Deo
1858 1596 1989 1636 Froh-

282 1664 381 1704 lich.
419 1686 462 1691 —
497 1663 563 1702 60.
595 1662 696 1702 mihi
723 1672 901 1712 magmas
928 1658 999 1701 κλ.
1036 1683 1081 1690 -
1114 1660 1179 1699 61.
1212 1660 1379 1699 tandem
1409 1658 1547 1699 Codd.
1581 1657 1759 1709 aliquot.

229 1831 343 1868 τους
372 1816 421 1867 ἐς
455 1812 693 1869 ἀλλήλους
736 1811 1101 1865 ἀποβλέποντας
1130 1817 1134 1869 Ι

228 1875 501 1919 καταλψῖτών
549 1874 742 1931 ἀληθῶς
789 1873 998 1931 ἄγοντας
1045 1873 1133 1923 τὸὶ

229 1943 418 1993 πένθος.
468 1966 511 1971 —
555 1941 740 1992 Corano]
782 1943 877 1980 'Non
922 1943 989 1980 est
1027 1931 1133 1991 no—}

230 2016 333 2045 men
376 2005 549 2052 fictum,
599 2006 645 2043 ut
687 2014 908 2043 nonnemo
943 2001 1098 2049 voluit3
1132 2007 1133 2047 ξ

229 2070 273 2107 L.
299 2068 540 2107 CORANI'S
561 2067 779 2117 reperitur
799 2065 916 2117 apud
938 2066 1098 2105 Osann.

230 2130 447 2180 Inscriptt.
473 2140 514 2180 p.
540 2128 633 2169 477.
667 2129 729 2168 (If.
754 2140 793 2166 v.
821 2127 886 2168 64.
1130 2141 1134 2184 ᾗ

283 2192 422 2231 58-60.
455 2193 567 2230 Num
587 2191 688 2242 eet]
713 2190 839 2231 Ulixis
862 2190 973 2229 haec
1003 2201 1102 2229 ver-
1131 2234 1134 2246 ⁸

230 2253 285 2293 ba
317 2257 431 2293 sunt.
460 2276 502 2281 -—
527 2253 646 2304 furis]
680 2249 1019 2302 ενθουσιάζεις,
1053 2254 1102 2291 ut
1131 2250 1134 2280 ⁸

228 2318 349 2355 vates
397 2314 561 2362 solent,
620 2314 826 2366 Apollinis
876 2315 1097 2354 instinctu.

232 2399 275 2405 —
309 2382 381 2416 aul
411 2379 487 2417 erit.
517 2381 590 2416 aul
619 2377 715 2428 non]
755 2376 999 2417 Salsissima
1033 2375 1101 2415 di-
1132 2401 1133 2412 i

227 2442 336 2491 logia
368 2442 502 2480 utitur
527 2443 676 2491 poeta;
711 2451 814 2479 nam
836 2450 888 2479 ex
909 2439 1099 2478 Tiresiae

228 2507 375 2542 mente
393 2501 652 2554 simpliciter
672 2504 804 2553 atque
827 2502 989 2552 optima
1012 2501 1098 2540 fide
1132 2539 1133 2552 ¹

227 2566 375 2605 dicere
405 2565 602 2604 xidetur:
637 2566 795 2604 «Prout
825 2563 976 2603 dixero
1008 2563 1099 2603 fore
1132 2553 1133 2560 ¹

228 2627 412 2678 aliquid,
453 2628 557 2675 erit,
598 2638 684 2665 non
715 2626 831 2672 fore,
874 2636 962 2664 non
993 2626 1095 2672 erit3

228 2690 423 2729 dixinare
454 2690 570 2728 enim
601 2689 766 2740 pariter
786 2699 837 2727 ea
863 2698 976 2738 quae
1000 2698 1101 2727 eve-

229 2753 347 2792 nient
363 2755 409 2791 ut
426 2764 476 2791 ea
495 2762 608 2802 quae
625 2762 711 2791 non
728 2751 932 2790 evenient
947 2748 1099 2801 Apollo

230 2815 332 2853 inihi
372 2815 636 2854 concessit.»
695 2814 754 2853 Ex
792 2814 951 2864 poetae
991 2822 1098 2851 vero

229 2877 443 2915 sententia
474 2876 633 2915 eadem
661 2875 800 2915 verba
829 2876 913 2914 hoc
934 2873 1100 2924 signifi-

229 2940 351 2976 cant:
400 2939 632 2977 «vaticinia
664 2948 785 2986 mea,
826 2940 874 2976 ut
910 2934 1095 2984 assolet,

228 3002 301 3038 aut
332 3003 538 3039 eventum
578 2999 807 3039 habebunt
835 3001 909 3038 aut
939 3010 991 3038 eo
1023 3009 1099 3037 ca-

230 3060 407 3107 rebunt3
467 3064 608 3100 artem
664 3063 782 3101 enim
837 3059 1094 3100 divinandi»

231 3124 356 3173 (quae
397 3133 576 3174 semper
615 3121 920 3163 coniecturalis
964 3123 1097 3172 atque

228 3183 353 3225 fallax
389 3188 465 3232 est,
508 3185 654 3234 «mihi⁴
682 3184 860 3224 donavit
901 3182 1096 3235 Apollo.»

229 3248 308 3294 Qui
330 3245 534 3297 dilogiam
555 3246 670 3285 haud
691 3248 956 3297 agnoscunt,
981 3256 1100 3285 com-
1129 3278 1132 3322 b

228 3312 382 3359 parant
423 3308 623 3359 Xenoph.
659 3308 799 3347 Anah.
837 3307 884 3355 4,
929 3307 976 3355 4,
1023 3309 1094 3347 115:
1129 3329 1132 3360 ,

229 3361 371 3420 οὗτος
404 3367 495 3427 γὰρ
538 3365 902 3421 (Δημοκοάτης)
946 3366 1099 3408 ἐδόκει
1129 3383 1133 3471 ἰ

228 3432 308 3472 καὶ
338 3430 568 3489 πρότερον
598 3407 750 3472 πολλᾶ
780 3425 871 3484 ἤδη
899 3426 1100 3483 ἀληθεῦ-

229 3504 311 3533 σαι
341 3491 561 3544 τοιαῦτα,
594 3490 652 3534 τὰ
682 3489 800 3534 ὄντα
828 3505 876 3533 τε
897 3489 962 3543 ὠς
983 3488 1100 3533 οντα
1129 3501 1133 3530 1

1165 1814 1247 1854 καὶ
1289 1810 1348 1853 τὰ
1388 1809 1458 1866 μὴ
1504 1806 1622 1853 ὄντα
1664 1808 1729 1864 ὠς
1772 1811 1861 1853 οὐκ
1906 1807 2037 1853 ὄντα.

1167 1876 1288 1917 Conf.
1323 1877 1454 1916 etiam
1493 1877 1620 1916 Hom.
1652 1876 1810 1927 Odyss.
1844 1875 1897 1926 θ,
1931 1877 2038 1916 57οῑ

1154 1937 1242 1990 Ὡς
1285 1935 1474 1997 ἀγόρευ’
1511 1936 1539 1979 ὁ
1575 1941 1749 1997 γέρων·
1795 1938 1851 1980 τὸ
1881 1938 1932 1981 δέ
1960 1953 2041 1980 κεν

1168 1998 1279 2052 θεὸς
1322 1997 1355 2055 ἢ
1396 2001 1628 2042 τελέσειεν
1647 1999 1710 2041 ³'H
1749 2002 1788 2041 κ’
1834 1997 2041 2043 ἀτέλεστ’

1165 2063 1262 2117 εἴη,
1309 2058 1375 2113 ὥς
1413 2064 1462 2103 οἱ
1497 2062 1641 2112 φίλον
1675 2057 1845 2104 ἔπλετο
1879 2062 2035 2118 θυμῷ.

1167 2128 1430 2167 Coniectura
1466 2125 1559 2165 illa:
1605 2131 1679 2165 aut
1715 2137 1798 2165 non
1840 2128 2042 2166 Divinare

1163 2190 1263 2228 mihi
1300 2200 1480 2240 maqnus
1512 2190 1682 2228 donavit
1718 2189 1862 2239 Apollo
1891 2188 2040 2230 multis

1164 2251 1349 2304 probata
1383 2252 1570 2303 (Vossio,
1604 2251 1877 2301 Heindorfio,
1921 2253 2041 2292 Con-

1164 2316 1229 2354 zio
1269 2315 1310 2353 in
1351 2314 1554 2354 Seebode
1594 2315 1744 2354 Archiv
1774 2316 1812 2354 2.
1847 2326 1889 2366 p.
1924 2315 2036 2363 708„

1164 2376 1526 2425 Mitseherlichio,
1589 2377 1807 2426 Webero,
1873 2376 2040 2417 Handio

1132 2436 1134 2447 '
1164 2441 1287 2480 Turs.
1320 2441 1370 2479 ΙΙ.
1400 2450 1443 2490 p.
1467 2438 1578 2489 544.)
1612 2440 1783 2478 tantum
1814 2437 1960 2486 abest,
1992 2439 2041 2478 ut

1164 2513 1188 2541 a
1220 2501 1359 2541 Codd.
1393 2501 1614 2550 firmetur,
1647 2503 1696 2540 ut
1725 2501 1844 2541 omni
1873 2499 2039 2552 proba-

1164 2564 1328 2603 bilitate
1367 2563 1516 2603 critica
1556 2563 1760 2603 destituta
1802 2563 1870 2603 sit.
1930 2565 2039 2602 Pre-

1164 2628 1281 2666 cario
1313 2627 1430 2666 enim
1461 2625 1593 2666 ducta
1624 2627 1691 2664 est
1721 2637 1774 2664 ex
1804 2624 2039 2676 interpola-

1131 2695 1133 2737 ξ
1163 2690 1280 2728 tione
1311 2688 1441 2727 unius
1473 2687 1580 2727 Cod.
1606 2686 1711 2727 Coll.
1735 2687 1870 2726 Trin.:
1912 2687 2038 2727 Divi-

1162 2762 1266 2790 nare
1294 2750 1441 2789 etenim
1469 2760 1648 2800 ‘magnus
1677 2749 1847 2788 donavit
1876 2749 2035 2799 Apollo,

1163 2814 1205 2853 in
1249 2823 1335 2863 quo
1379 2811 1560 2862 quidem
1611 2813 1781 2851 donavit
1832 2811 2037 2862 (expulso

1161 2876 1277 2927 mihi)
1315 2876 1460 2914 ortum
1499 2876 1567 2914 est
1597 2885 1649 2914 ex
1680 2873 1811 2925 gloss.
1843 2876 2033 2922 donavit,

1162 2937 1280 2989 quod
1320 2948 1360 2976 v.
1404 2937 1531 2976 donat
1572 2937 1925 2988 superscriptum
1969 2939 2036 2977 est

1160 3002 1204 3039 in
1236 2999 1343 3039 Cod.
1377 2998 1667 3039 Einsiedlensi
1698 3000 1793 3039 Sec.
1816 2999 1866 3039 X.
1915 3000 2034 3039 Dura

1162 3064 1311 3101 autem
1347 3062 1522 3101 videtur
1559 3072 1705 3112 neque
1743 3063 1892 3113 aptam
1930 3073 2037 3102 sen-

1163 3125 1346 3164 tentiam
1377 3124 1510 3163 esficit
1547 3123 1766 3164 distinctio
1796 3135 1819 3162 a
1850 3124 2035 3175 Reisigio

1162 3186 1386 3238 proposita
1405 3197 1412 3223 :
1441 3187 1472 3225 O
1486 3186 1724 3235 Laertiade,
1744 3186 1958 3236 quidquid,
1976 3186 2038 3225 di-

1162 3260 1269 3297 cam,
1293 3252 1366 3287 aut
1395 3249 1473 3288 erit
1495 3252 1688 3297 autnon,
1718 3248 1744 3286 i.
1770 3258 1809 3287 e.
1835 3247 2007 3288 «dicam
2023 3279 2032 3297 ,

1163 3310 1377 3362 quidquid
1421 3312 1496 3349 aut
1534 3310 1616 3349 erit
1659 3310 1735 3348 aut
1772 3319 1859 3348 non
1880 3310 2005 3349 erit.»

1218 3371 1364 3411 611-69.
1413 3372 1520 3421 Quid
1547 3375 1685 3410 lamen
1715 3370 1817 3422 cet]
1852 3370 1941 3410 «De
1962 3381 2031 3420 eo,

1165 3432 1284 3483 quod
1313 3432 1443 3481 dicis,
1487 3432 1695 3483 equidem
1733 3432 1914 3472 minime
1949 3431 2034 3471 du-

1163 3493 1279 3542 bito,
1312 3494 1393 3534 sed
1412 3492 1544 3534 velim
1565 3498 1724 3543 tamen,
1746 3495 1794 3534 ut
1812 3493 1879 3534 his
1901 3493 2035 3534 omis-
