<?xml version="1.0" encoding="UTF-8"?>
<!DOCTYPE html PUBLIC "-//W3C//DTD XHTML 1.0 Transitional//EN"
    "http://www.w3.org/TR/xhtml1/DTD/xhtml1-transitional.dtd">
<html xmlns="http://www.w3.org/1999/xhtml" xml:lang="en" lang="en">
 <head>
  <title>
</title>
<meta http-equiv="Content-Type" content="text/html;charset=utf-8" />
  <meta name='ocr-system' content='tesseract 3.04.00' />
  <meta name='ocr-capabilities' content='ocr_page ocr_carea ocr_par ocr_line ocrx_word'/>
</head>
<body>
  <div class='ocr_page' id='page_1' title='image "./qhoratiusflaccus02horauoft_0604.png"; bbox 0 0 2231 3787; ppageno 0'>
   <div class='ocr_carea' id='block_1_1' title="bbox 314 260 414 311">
    <p class='ocr_par' dir='ltr' id='par_1_1' title="bbox 314 260 414 311">
     <span class='ocr_line' id='line_1_1' title="bbox 314 260 414 311; baseline 0 -1"><span class='ocrx_word' id='word_1_1' title='bbox 314 260 414 311; x_wconf 79' lang='lat'>560</span> 
     </span>
    </p>
   </div>
   <div class='ocr_carea' id='block_1_2' title="bbox 917 257 1526 299">
    <p class='ocr_par' dir='ltr' id='par_1_2' title="bbox 917 257 1526 299">
     <span class='ocr_line' id='line_1_2' title="bbox 917 257 1526 299; baseline -0.002 -1"><span class='ocrx_word' id='word_1_2' title='bbox 917 258 1132 299; x_wconf 88' lang='lat' dir='ltr'>HORATII</span> <span class='ocrx_word' id='word_1_3' title='bbox 1161 257 1526 299; x_wconf 84' lang='lat' dir='ltr'>EPISTOLARUM</span> 
     </span>
    </p>
   </div>
   <div class='ocr_carea' id='block_1_3' title="bbox 385 386 1837 460">
    <p class='ocr_par' dir='ltr' id='par_1_3' title="bbox 385 386 1837 460">
     <span class='ocr_line' id='line_1_3' title="bbox 385 386 1837 460; baseline -0.003 -18"><span class='ocrx_word' id='word_1_4' title='bbox 385 392 555 460; x_wconf 80' lang='lat' dir='ltr'>Surge</span> <span class='ocrx_word' id='word_1_5' title='bbox 594 398 646 442; x_wconf 85' lang='lat' dir='ltr'>et</span> <span class='ocrx_word' id='word_1_6' title='bbox 684 388 1003 441; x_wconf 82' lang='lat' dir='ltr'>inhumanae</span> <span class='ocrx_word' id='word_1_7' title='bbox 1043 387 1252 441; x_wconf 90' lang='lat' dir='ltr'>senium</span> <span class='ocrx_word' id='word_1_8' title='bbox 1291 387 1503 456; x_wconf 90' lang='lat' dir='ltr'>depone</span> <span class='ocrx_word' id='word_1_9' title='bbox 1545 386 1837 445; x_wconf 74' lang='lat' dir='ltr'>Camenae,</span> 
     </span>
    </p>
   </div>
   <div class='ocr_carea' id='block_1_4' title="bbox 385 486 1793 561">
    <p class='ocr_par' dir='ltr' id='par_1_4' title="bbox 385 486 1793 561">
     <span class='ocr_line' id='line_1_4' title="bbox 385 486 1793 561; baseline -0.006 -15"><span class='ocrx_word' id='word_1_10' title='bbox 385 493 592 546; x_wconf 90' lang='lat' dir='ltr'>Coenes</span> <span class='ocrx_word' id='word_1_11' title='bbox 632 500 689 542; x_wconf 83' lang='lat' dir='ltr'>ut</span> <span class='ocrx_word' id='word_1_12' title='bbox 726 490 926 561; x_wconf 90' lang='lat' dir='ltr'>pariter</span> <span class='ocrx_word' id='word_1_13' title='bbox 963 488 1234 558; x_wconf 88' lang='lat' dir='ltr'>pulmenta</span> <span class='ocrx_word' id='word_1_14' title='bbox 1271 486 1548 540; x_wconf 81' lang='lat' dir='ltr'>laboribus</span> <span class='ocrx_word' id='word_1_15' title='bbox 1588 494 1793 556; x_wconf 85' lang='lat' dir='ltr'>empta;</span> 
     </span>
    </p>
   </div>
   <div class='ocr_carea' id='block_1_5' title="bbox 381 586 1680 658">
    <p class='ocr_par' dir='ltr' id='par_1_5' title="bbox 381 586 1680 658">
     <span class='ocr_line' id='line_1_5' title="bbox 381 586 1680 658; baseline -0.005 -12"><span class='ocrx_word' id='word_1_16' title='bbox 381 594 633 646; x_wconf 88' lang='lat' dir='ltr'>Romanis</span> <span class='ocrx_word' id='word_1_17' title='bbox 671 590 928 644; x_wconf 91' lang='lat' dir='ltr'>sollemne</span> <span class='ocrx_word' id='word_1_18' title='bbox 967 589 1094 640; x_wconf 81' lang='lat' dir='ltr'>viris</span> <span class='ocrx_word' id='word_1_19' title='bbox 1133 604 1295 658; x_wconf 88' lang='lat' dir='ltr'>opus,</span> <span class='ocrx_word' id='word_1_20' title='bbox 1336 586 1466 640; x_wconf 90' lang='lat' dir='ltr'>utile</span> <span class='ocrx_word' id='word_1_21' title='bbox 1509 587 1680 640; x_wconf 89' lang='lat' dir='ltr'>famae</span> 
     </span>
    </p>
   </div>
   <div class='ocr_carea' id='block_1_6' title="bbox 383 686 1883 764">
    <p class='ocr_par' dir='ltr' id='par_1_6' title="bbox 383 686 1883 764">
     <span class='ocr_line' id='line_1_6' title="bbox 383 686 1883 764; baseline -0.004 -17"><span class='ocrx_word' id='word_1_22' title='bbox 383 695 640 764; x_wconf 63' lang='lat' dir='ltr'>vitaeque</span> <span class='ocrx_word' id='word_1_23' title='bbox 680 696 739 745; x_wconf 72' lang='lat' dir='ltr'>et&#39;</span> <span class='ocrx_word' id='word_1_24' title='bbox 768 690 1049 751; x_wconf 80' lang='lat' dir='ltr'>membriS,</span> <span class='ocrx_word' id='word_1_25' title='bbox 1091 689 1410 759; x_wconf 88' lang='lat' dir='ltr'>praesertim</span> <span class='ocrx_word' id='word_1_26' title='bbox 1448 705 1571 742; x_wconf 93' lang='lat' dir='ltr'>cum</span> <span class='ocrx_word' id='word_1_27' title='bbox 1608 686 1790 741; x_wconf 88' lang='lat' dir='ltr'>valeas</span> <span class='ocrx_word' id='word_1_28' title='bbox 1830 697 1883 741; x_wconf 90' lang='lat' dir='ltr'>et</span> 
     </span>
    </p>
   </div>
   <div class='ocr_carea' id='block_1_7' title="bbox 2063 690 2130 739">
    <p class='ocr_par' dir='ltr' id='par_1_7' title="bbox 2063 690 2130 739">
     <span class='ocr_line' id='line_1_7' title="bbox 2063 690 2130 739; baseline 0 0"><span class='ocrx_word' id='word_1_29' title='bbox 2063 690 2130 739; x_wconf 76' lang='lat'>50</span> 
     </span>
    </p>
   </div>
   <div class='ocr_carea' id='block_1_8' title="bbox 382 789 1796 863">
    <p class='ocr_par' dir='ltr' id='par_1_8' title="bbox 382 789 1796 863">
     <span class='ocr_line' id='line_1_8' title="bbox 382 789 1796 863; baseline -0.005 -15"><span class='ocrx_word' id='word_1_30' title='bbox 382 797 474 849; x_wconf 85' lang='lat' dir='ltr'>Vel</span> <span class='ocrx_word' id='word_1_31' title='bbox 513 811 674 847; x_wconf 88' lang='lat' dir='ltr'>cursu</span> <span class='ocrx_word' id='word_1_32' title='bbox 714 808 972 863; x_wconf 89' lang='lat' dir='ltr'>superare</span> <span class='ocrx_word' id='word_1_33' title='bbox 1012 807 1202 844; x_wconf 90' lang='lat' dir='ltr'>canem</span> <span class='ocrx_word' id='word_1_34' title='bbox 1239 789 1325 843; x_wconf 89' lang='lat' dir='ltr'>vel</span> <span class='ocrx_word' id='word_1_35' title='bbox 1362 789 1566 842; x_wconf 88' lang='lat' dir='ltr'>viribus</span> <span class='ocrx_word' id='word_1_36' title='bbox 1606 806 1796 860; x_wconf 87' lang='lat' dir='ltr'>aprum</span> 
     </span>
    </p>
   </div>
   <div class='ocr_carea' id='block_1_9' title="bbox 384 895 579 949">
    <p class='ocr_par' dir='ltr' id='par_1_9' title="bbox 384 895 579 949">
     <span class='ocr_line' id='line_1_9' title="bbox 384 895 579 949; baseline -0.015 0"><span class='ocrx_word' id='word_1_37' title='bbox 384 895 579 949; x_wconf 88' lang='lat' dir='ltr'>Possis.</span> 
     </span>
    </p>
   </div>
   <div class='ocr_carea' id='block_1_10' title="bbox 654 890 1761 962">
    <p class='ocr_par' dir='ltr' id='par_1_10' title="bbox 654 890 1761 962">
     <span class='ocr_line' id='line_1_10' title="bbox 654 890 1761 962; baseline -0.004 -16"><span class='ocrx_word' id='word_1_38' title='bbox 654 892 833 955; x_wconf 81' lang='lat' dir='ltr'>Adde,</span> <span class='ocrx_word' id='word_1_39' title='bbox 876 891 1045 945; x_wconf 88' lang='lat' dir='ltr'>virilia</span> <span class='ocrx_word' id='word_1_40' title='bbox 1085 890 1234 962; x_wconf 86' lang='lat' dir='ltr'>quod</span> <span class='ocrx_word' id='word_1_41' title='bbox 1272 891 1572 961; x_wconf 82' lang='lat' dir='ltr'>speciosius</span> <span class='ocrx_word' id='word_1_42' title='bbox 1614 907 1761 943; x_wconf 89' lang='lat' dir='ltr'>arma</span> 
     </span>
    </p>
   </div>
   <div class='ocr_carea' id='block_1_11' title="bbox 382 991 1976 1066">
    <p class='ocr_par' dir='ltr' id='par_1_11' title="bbox 382 991 1976 1066">
     <span class='ocr_line' id='line_1_11' title="bbox 382 991 1976 1066; baseline -0.003 -16"><span class='ocrx_word' id='word_1_43' title='bbox 382 998 497 1050; x_wconf 83' lang='lat' dir='ltr'>Non</span> <span class='ocrx_word' id='word_1_44' title='bbox 535 1005 617 1050; x_wconf 85' lang='lat' dir='ltr'>est</span> <span class='ocrx_word' id='word_1_45' title='bbox 653 996 745 1066; x_wconf 84' lang='lat' dir='ltr'>qui</span> <span class='ocrx_word' id='word_1_46' title='bbox 783 1003 996 1049; x_wconf 87' lang='lat' dir='ltr'>tractet:</span> <span class='ocrx_word' id='word_1_47' title='bbox 1036 1025 1106 1033; x_wconf 95' lang='lat'><strong>—</strong></span> <span class='ocrx_word' id='word_1_48' title='bbox 1144 993 1275 1055; x_wconf 84' lang='lat' dir='ltr'>sciS,</span> <span class='ocrx_word' id='word_1_49' title='bbox 1318 1009 1426 1063; x_wconf 84' lang='lat' dir='ltr'>quo</span> <span class='ocrx_word' id='word_1_50' title='bbox 1467 991 1702 1046; x_wconf 87' lang='lat' dir='ltr'>clamore</span> <span class='ocrx_word' id='word_1_51' title='bbox 1741 1009 1976 1046; x_wconf 90' lang='lat' dir='ltr'>coronae</span> 
     </span>
    </p>
   </div>
   <div class='ocr_carea' id='block_1_12' title="bbox 367 1154 2077 1271">
    <p class='ocr_par' dir='ltr' id='par_1_12' title="bbox 367 1154 2077 1271">
     <span class='ocr_line' id='line_1_12' title="bbox 421 1154 2077 1212; baseline -0.004 -11"><span class='ocrx_word' id='word_1_52' title='bbox 421 1163 486 1203; x_wconf 82' lang='lat'>49.</span> <span class='ocrx_word' id='word_1_53' title='bbox 519 1159 723 1212; x_wconf 85' lang='lat' dir='ltr'>sollemne]</span> <span class='ocrx_word' id='word_1_54' title='bbox 755 1160 877 1199; x_wconf 86' lang='lat' dir='ltr'>Hanc</span> <span class='ocrx_word' id='word_1_55' title='bbox 898 1159 1165 1210; x_wconf 85' lang='lat' dir='ltr'>scripturam</span> <span class='ocrx_word' id='word_1_56' title='bbox 1188 1157 1397 1197; x_wconf 81' lang='lat' dir='ltr'>exhibent</span> <span class='ocrx_word' id='word_1_57' title='bbox 1428 1156 1566 1197; x_wconf 90' lang='lat' dir='ltr'>Codd.</span> <span class='ocrx_word' id='word_1_58' title='bbox 1591 1156 1669 1196; x_wconf 88' lang='lat' dir='ltr'>Ed.</span> <span class='ocrx_word' id='word_1_59' title='bbox 1703 1157 1765 1196; x_wconf 91' lang='lat' dir='ltr'>De</span> <span class='ocrx_word' id='word_1_60' title='bbox 1787 1154 1968 1207; x_wconf 90' lang='lat' dir='ltr'>reliquis</span> <span class='ocrx_word' id='word_1_61' title='bbox 1989 1157 2077 1196; x_wconf 89' lang='lat' dir='ltr'>iam</span> 
     </span>
     <span class='ocr_line' id='line_1_13' title="bbox 367 1217 2076 1271; baseline -0.004 -7"><span class='ocrx_word' id='word_1_62' title='bbox 367 1236 455 1264; x_wconf 93' lang='lat' dir='ltr'>non</span> <span class='ocrx_word' id='word_1_63' title='bbox 485 1223 681 1263; x_wconf 86' lang='lat' dir='ltr'>memini.</span> <span class='ocrx_word' id='word_1_64' title='bbox 719 1246 760 1251; x_wconf 91' lang='lat'><em>-</em></span> <span class='ocrx_word' id='word_1_65' title='bbox 797 1222 863 1261; x_wconf 81' lang='lat'>53.</span> <span class='ocrx_word' id='word_1_66' title='bbox 895 1224 1051 1260; x_wconf 82' lang='lat' dir='ltr'>tractat</span> <span class='ocrx_word' id='word_1_67' title='bbox 1077 1220 1106 1260; x_wconf 94' lang='lat' dir='ltr'>b</span> <span class='ocrx_word' id='word_1_68' title='bbox 1141 1220 1242 1270; x_wconf 89' lang='lat' dir='ltr'>(non</span> <span class='ocrx_word' id='word_1_69' title='bbox 1272 1219 1372 1270; x_wconf 85' lang='lat' dir='ltr'>Sed,</span> <span class='ocrx_word' id='word_1_70' title='bbox 1405 1230 1552 1271; x_wconf 90' lang='lat' dir='ltr'>neque</span> <span class='ocrx_word' id='word_1_71' title='bbox 1585 1231 1639 1260; x_wconf 84' lang='lat' dir='ltr'>ex</span> <span class='ocrx_word' id='word_1_72' title='bbox 1669 1230 1853 1260; x_wconf 89' lang='lat' dir='ltr'>suorum</span> <span class='ocrx_word' id='word_1_73' title='bbox 1882 1217 1969 1258; x_wconf 90' lang='lat' dir='ltr'>ullo</span> <span class='ocrx_word' id='word_1_74' title='bbox 1990 1218 2076 1258; x_wconf 92' lang='lat' dir='ltr'>hoc</span> 
     </span>
    </p>
   </div>
   <div class='ocr_carea' id='block_1_13' title="bbox 367 1284 853 1335">
    <p class='ocr_par' dir='ltr' id='par_1_13' title="bbox 367 1284 853 1335">
     <span class='ocr_line' id='line_1_14' title="bbox 367 1284 853 1335; baseline -0.006 -8"><span class='ocrx_word' id='word_1_75' title='bbox 367 1288 559 1327; x_wconf 79' lang='lat' dir='ltr'>enotavit</span> <span class='ocrx_word' id='word_1_76' title='bbox 589 1284 853 1335; x_wconf 86' lang='lat' dir='ltr'>Pottierius).</span> 
     </span>
    </p>
   </div>
   <div class='ocr_carea' id='block_1_14' title="bbox 309 1423 1221 3522">
    <p class='ocr_par' dir='ltr' id='par_1_14' title="bbox 309 1423 1221 3522">
     <span class='ocr_line' id='line_1_15' title="bbox 313 1423 1190 1479; baseline -0.005 -12"><span class='ocrx_word' id='word_1_77' title='bbox 313 1429 368 1467; x_wconf 86' lang='lat' dir='ltr'>de</span> <span class='ocrx_word' id='word_1_78' title='bbox 401 1427 626 1479; x_wconf 86' lang='lat' dir='ltr'>epitheton</span> <span class='ocrx_word' id='word_1_79' title='bbox 657 1425 760 1465; x_wconf 86' lang='lat' dir='ltr'>fecit</span> <span class='ocrx_word' id='word_1_80' title='bbox 790 1425 1014 1473; x_wconf 81' lang='lat' dir='ltr'>Horatius,</span> <span class='ocrx_word' id='word_1_81' title='bbox 1047 1426 1096 1463; x_wconf 89' lang='lat' dir='ltr'>ut</span> <span class='ocrx_word' id='word_1_82' title='bbox 1113 1423 1190 1464; x_wconf 83' lang='lat' dir='ltr'>Ae-</span> 
     </span>
     <span class='ocr_line' id='line_1_16' title="bbox 311 1485 1191 1539; baseline -0.006 -9"><span class='ocrx_word' id='word_1_83' title='bbox 311 1491 403 1530; x_wconf 85' lang='lat' dir='ltr'>tolis</span> <span class='ocrx_word' id='word_1_84' title='bbox 431 1488 601 1529; x_wconf 90' lang='lat' dir='ltr'>retibus</span> <span class='ocrx_word' id='word_1_85' title='bbox 632 1489 688 1527; x_wconf 87' lang='lat' dir='ltr'>ad</span> <span class='ocrx_word' id='word_1_86' title='bbox 719 1498 851 1539; x_wconf 92' lang='lat' dir='ltr'>apros</span> <span class='ocrx_word' id='word_1_87' title='bbox 881 1486 1005 1526; x_wconf 90' lang='lat' dir='ltr'>factis</span> <span class='ocrx_word' id='word_1_88' title='bbox 1036 1485 1191 1525; x_wconf 88' lang='lat' dir='ltr'>intelli-</span> 
     </span>
     <span class='ocr_line' id='line_1_17' title="bbox 312 1548 1221 1603; baseline -0.006 -11"><span class='ocrx_word' id='word_1_89' title='bbox 312 1563 512 1603; x_wconf 82' lang='lat' dir='ltr'>gamus.»</span> <span class='ocrx_word' id='word_1_90' title='bbox 546 1553 700 1591; x_wconf 71' lang='lat' dir='ltr'>Ponpn.</span> <span class='ocrx_word' id='word_1_91' title='bbox 737 1550 888 1589; x_wconf 86' lang='lat' dir='ltr'>Aeoliis</span> <span class='ocrx_word' id='word_1_92' title='bbox 922 1548 1190 1599; x_wconf 82' lang='lat' dir='ltr'>significaret</span> <span class='ocrx_word' id='word_1_93' title='bbox 1218 1556 1221 1591; x_wconf 65' lang='grc' dir='ltr'><strong><em>ε</em></strong></span> 
     </span>
     <span class='ocr_line' id='line_1_18' title="bbox 312 1611 1191 1662; baseline -0.006 -8"><span class='ocrx_word' id='word_1_94' title='bbox 312 1616 542 1662; x_wconf 74' lang='grc' dir='ltr'><strong><em>Οιιηιαηαες</em></strong></span> <span class='ocrx_word' id='word_1_95' title='bbox 591 1613 755 1652; x_wconf 85' lang='lat' dir='ltr'>etenim</span> <span class='ocrx_word' id='word_1_96' title='bbox 793 1612 920 1651; x_wconf 88' lang='lat' dir='ltr'>bonus</span> <span class='ocrx_word' id='word_1_97' title='bbox 947 1611 1113 1650; x_wconf 80' lang='lat' dir='ltr'>Aeoliae</span> <span class='ocrx_word' id='word_1_98' title='bbox 1142 1611 1191 1649; x_wconf 91' lang='lat' dir='ltr'>de</span> 
     </span>
     <span class='ocr_line' id='line_1_19' title="bbox 309 1672 1190 1725; baseline -0.006 -9"><span class='ocrx_word' id='word_1_99' title='bbox 309 1677 416 1716; x_wconf 86' lang='lat' dir='ltr'>valle</span> <span class='ocrx_word' id='word_1_100' title='bbox 447 1676 625 1725; x_wconf 75' lang='lat' dir='ltr'>Sibyllae</span> <span class='ocrx_word' id='word_1_101' title='bbox 653 1675 774 1714; x_wconf 87' lang='lat' dir='ltr'>Fetus</span> <span class='ocrx_word' id='word_1_102' title='bbox 803 1672 899 1721; x_wconf 89' lang='lat' dir='ltr'>lini,</span> <span class='ocrx_word' id='word_1_103' title='bbox 936 1675 1048 1713; x_wconf 90' lang='lat' dir='ltr'>teste</span> <span class='ocrx_word' id='word_1_104' title='bbox 1081 1674 1190 1712; x_wconf 91' lang='lat' dir='ltr'>Gra-</span> 
     </span>
     <span class='ocr_line' id='line_1_20' title="bbox 313 1735 1192 1788; baseline -0.006 -10"><span class='ocrx_word' id='word_1_105' title='bbox 313 1740 372 1778; x_wconf 89' lang='lat' dir='ltr'>tio</span> <span class='ocrx_word' id='word_1_106' title='bbox 396 1739 561 1788; x_wconf 77' lang='lat' dir='ltr'>Cyneg.</span> <span class='ocrx_word' id='word_1_107' title='bbox 587 1737 653 1776; x_wconf 81' lang='lat'>35.</span> <span class='ocrx_word' id='word_1_108' title='bbox 697 1735 783 1775; x_wconf 86' lang='lat' dir='ltr'>Sed</span> <span class='ocrx_word' id='word_1_109' title='bbox 806 1735 861 1775; x_wconf 89' lang='lat' dir='ltr'>ad</span> <span class='ocrx_word' id='word_1_110' title='bbox 882 1736 1192 1786; x_wconf 90' lang='lat' dir='ltr'>transportan-</span> 
     </span>
     <span class='ocr_line' id='line_1_21' title="bbox 313 1798 1191 1849; baseline -0.006 -8"><span class='ocrx_word' id='word_1_111' title='bbox 313 1804 392 1841; x_wconf 86' lang='lat' dir='ltr'>das</span> <span class='ocrx_word' id='word_1_112' title='bbox 420 1802 629 1840; x_wconf 86' lang='lat' dir='ltr'>Cumanas</span> <span class='ocrx_word' id='word_1_113' title='bbox 652 1800 827 1849; x_wconf 65' lang='lat' dir='ltr'>plagas,</span> <span class='ocrx_word' id='word_1_114' title='bbox 852 1800 1004 1849; x_wconf 87' lang='lat' dir='ltr'>utpote</span> <span class='ocrx_word' id='word_1_115' title='bbox 1025 1798 1191 1837; x_wconf 86' lang='lat' dir='ltr'>tenuis-</span> 
     </span>
     <span class='ocr_line' id='line_1_22' title="bbox 312 1859 1186 1910; baseline -0.006 -7"><span class='ocrx_word' id='word_1_116' title='bbox 312 1865 447 1904; x_wconf 90' lang='lat' dir='ltr'>simas</span> <span class='ocrx_word' id='word_1_117' title='bbox 479 1864 523 1901; x_wconf 91' lang='lat' dir='ltr'>et</span> <span class='ocrx_word' id='word_1_118' title='bbox 551 1861 798 1901; x_wconf 87' lang='lat' dir='ltr'>levissimas</span> <span class='ocrx_word' id='word_1_119' title='bbox 827 1859 946 1910; x_wconf 82' lang='lat' dir='ltr'>(Plin.</span> <span class='ocrx_word' id='word_1_120' title='bbox 971 1859 1021 1898; x_wconf 92' lang='lat' dir='ltr'>H.</span> <span class='ocrx_word' id='word_1_121' title='bbox 1046 1861 1096 1898; x_wconf 93' lang='lat' dir='ltr'>N.</span> <span class='ocrx_word' id='word_1_122' title='bbox 1121 1859 1186 1907; x_wconf 74' lang='lat'>49,</span> 
     </span>
     <span class='ocr_line' id='line_1_23' title="bbox 312 1920 1186 1976; baseline -0.006 -11"><span class='ocrx_word' id='word_1_123' title='bbox 312 1925 387 1976; x_wconf 75' lang='grc'>2.),</span> <span class='ocrx_word' id='word_1_124' title='bbox 434 1924 640 1964; x_wconf 85' lang='lat' dir='ltr'>iumentis</span> <span class='ocrx_word' id='word_1_125' title='bbox 686 1933 797 1973; x_wconf 88' lang='lat' dir='ltr'>opus</span> <span class='ocrx_word' id='word_1_126' title='bbox 831 1932 920 1960; x_wconf 93' lang='lat' dir='ltr'>non</span> <span class='ocrx_word' id='word_1_127' title='bbox 962 1923 1068 1960; x_wconf 87' lang='lat' dir='ltr'>erat.</span> <span class='ocrx_word' id='word_1_128' title='bbox 1123 1920 1186 1960; x_wconf 90' lang='lat' dir='ltr'>Cs.</span> 
     </span>
     <span class='ocr_line' id='line_1_24' title="bbox 313 1983 1185 2033; baseline -0.007 -7"><span class='ocrx_word' id='word_1_129' title='bbox 313 1986 531 2027; x_wconf 87' lang='lat' dir='ltr'>Lauchert</span> <span class='ocrx_word' id='word_1_130' title='bbox 576 1983 810 2024; x_wconf 76' lang='lat' dir='ltr'>lVeidwerk</span> <span class='ocrx_word' id='word_1_131' title='bbox 852 1984 924 2022; x_wconf 86' lang='lat' dir='ltr'>der</span> <span class='ocrx_word' id='word_1_132' title='bbox 963 1984 1113 2022; x_wconf 71' lang='lat' dir='ltr'>Romer</span> <span class='ocrx_word' id='word_1_133' title='bbox 1143 1993 1185 2033; x_wconf 89' lang='lat' dir='ltr'>p.</span> 
     </span>
     <span class='ocr_line' id='line_1_25' title="bbox 312 2043 1184 2098; baseline -0.007 -10"><span class='ocrx_word' id='word_1_134' title='bbox 312 2049 336 2088; x_wconf 89' lang='lat'>8</span> <span class='ocrx_word' id='word_1_135' title='bbox 368 2058 434 2098; x_wconf 91' lang='lat' dir='ltr'>sq.</span> <span class='ocrx_word' id='word_1_136' title='bbox 463 2068 506 2074; x_wconf 92' lang='lat'><strong>—</strong></span> <span class='ocrx_word' id='word_1_137' title='bbox 532 2050 708 2086; x_wconf 88' lang='lat' dir='ltr'>onerata</span> <span class='ocrx_word' id='word_1_138' title='bbox 734 2045 872 2095; x_wconf 67' lang='lat' dir='ltr'>plaqis</span> <span class='ocrx_word' id='word_1_139' title='bbox 898 2043 1095 2095; x_wconf 87' lang='lat' dir='ltr'>iumenta]</span> <span class='ocrx_word' id='word_1_140' title='bbox 1120 2043 1184 2083; x_wconf 86' lang='lat' dir='ltr'>Cf.</span> 
     </span>
     <span class='ocr_line' id='line_1_26' title="bbox 313 2105 1190 2161; baseline -0.007 -11"><span class='ocrx_word' id='word_1_141' title='bbox 313 2111 420 2161; x_wconf 87' lang='lat' dir='ltr'>Epp.</span> <span class='ocrx_word' id='word_1_142' title='bbox 446 2110 490 2157; x_wconf 76' lang='lat'>4,</span> <span class='ocrx_word' id='word_1_143' title='bbox 525 2109 568 2156; x_wconf 90' lang='grc'>6,</span> <span class='ocrx_word' id='word_1_144' title='bbox 603 2108 668 2147; x_wconf 77' lang='lat'>58.</span> <span class='ocrx_word' id='word_1_145' title='bbox 697 2130 742 2134; x_wconf 97' lang='lat'><strong>—</strong></span> <span class='ocrx_word' id='word_1_146' title='bbox 764 2105 1030 2156; x_wconf 80' lang='lat' dir='ltr'>inhumanae]</span> <span class='ocrx_word' id='word_1_147' title='bbox 1064 2115 1190 2144; x_wconf 90' lang='lat' dir='ltr'>«mo-</span> 
     </span>
     <span class='ocr_line' id='line_1_27' title="bbox 312 2167 1190 2219; baseline -0.008 -7"><span class='ocrx_word' id='word_1_148' title='bbox 312 2183 441 2212; x_wconf 82' lang='lat' dir='ltr'>rosae</span> <span class='ocrx_word' id='word_1_149' title='bbox 492 2174 535 2210; x_wconf 89' lang='lat' dir='ltr'>et</span> <span class='ocrx_word' id='word_1_150' title='bbox 592 2168 867 2209; x_wconf 83' lang='lat' dir='ltr'>truculentae</span> <span class='ocrx_word' id='word_1_151' title='bbox 925 2167 1190 2219; x_wconf 70' lang='lat' dir='ltr'>(unleutseliq</span> 
     </span>
     <span class='ocr_line' id='line_1_28' title="bbox 311 2231 1190 2284; baseline -0.007 -10"><span class='ocrx_word' id='word_1_152' title='bbox 311 2235 500 2284; x_wconf 79' lang='lat' dir='ltr'>Voss.)»,</span> <span class='ocrx_word' id='word_1_153' title='bbox 534 2243 638 2273; x_wconf 89' lang='lat' dir='ltr'>cum</span> <span class='ocrx_word' id='word_1_154' title='bbox 669 2232 812 2271; x_wconf 92' lang='lat' dir='ltr'>omnis</span> <span class='ocrx_word' id='word_1_155' title='bbox 842 2232 966 2271; x_wconf 85' lang='lat' dir='ltr'>Musa</span> <span class='ocrx_word' id='word_1_156' title='bbox 996 2231 1190 2269; x_wconf 87' lang='lat' dir='ltr'>bumana</span> 
     </span>
     <span class='ocr_line' id='line_1_29' title="bbox 314 2291 1187 2343; baseline -0.008 -6"><span class='ocrx_word' id='word_1_157' title='bbox 314 2300 357 2337; x_wconf 91' lang='lat' dir='ltr'>et</span> <span class='ocrx_word' id='word_1_158' title='bbox 396 2296 536 2336; x_wconf 86' lang='lat' dir='ltr'>comis</span> <span class='ocrx_word' id='word_1_159' title='bbox 578 2305 676 2335; x_wconf 89' lang='lat' dir='ltr'>esse</span> <span class='ocrx_word' id='word_1_160' title='bbox 718 2293 896 2333; x_wconf 91' lang='lat' dir='ltr'>debeat.</span> <span class='ocrx_word' id='word_1_161' title='bbox 939 2314 983 2320; x_wconf 89' lang='lat'>—</span> <span class='ocrx_word' id='word_1_162' title='bbox 1015 2291 1187 2343; x_wconf 83' lang='lat' dir='ltr'>senium]</span> 
     </span>
     <span class='ocr_line' id='line_1_30' title="bbox 312 2353 1189 2407; baseline -0.007 -9"><span class='ocrx_word' id='word_1_163' title='bbox 312 2358 641 2404; x_wconf 87' lang='lat' dir='ltr'>morositatem,</span> <span class='ocrx_word' id='word_1_164' title='bbox 675 2367 740 2407; x_wconf 93' lang='lat' dir='ltr'>pr.</span> <span class='ocrx_word' id='word_1_165' title='bbox 766 2353 906 2406; x_wconf 91' lang='lat' dir='ltr'>qualis</span> <span class='ocrx_word' id='word_1_166' title='bbox 937 2355 980 2393; x_wconf 91' lang='lat' dir='ltr'>in</span> <span class='ocrx_word' id='word_1_167' title='bbox 1007 2353 1189 2393; x_wconf 88' lang='lat' dir='ltr'>senibus</span> 
     </span>
     <span class='ocr_line' id='line_1_31' title="bbox 314 2415 1191 2461; baseline -0.008 0"><span class='ocrx_word' id='word_1_168' title='bbox 314 2431 414 2461; x_wconf 90' lang='lat' dir='ltr'>esse</span> <span class='ocrx_word' id='word_1_169' title='bbox 436 2419 560 2460; x_wconf 91' lang='lat' dir='ltr'>solet.</span> <span class='ocrx_word' id='word_1_170' title='bbox 594 2421 657 2458; x_wconf 92' lang='lat' dir='ltr'>De</span> <span class='ocrx_word' id='word_1_171' title='bbox 677 2431 717 2457; x_wconf 86' lang='lat' dir='ltr'>v.</span> <span class='ocrx_word' id='word_1_172' title='bbox 737 2418 896 2457; x_wconf 86' lang='lat' dir='ltr'>senium</span> <span class='ocrx_word' id='word_1_173' title='bbox 916 2415 993 2456; x_wconf 84' lang='lat' dir='ltr'>cfr.</span> <span class='ocrx_word' id='word_1_174' title='bbox 1017 2415 1191 2455; x_wconf 89' lang='lat' dir='ltr'>Ellendt</span> 
     </span>
     <span class='ocr_line' id='line_1_32' title="bbox 313 2477 1185 2533; baseline -0.007 -11"><span class='ocrx_word' id='word_1_175' title='bbox 313 2481 556 2533; x_wconf 78' lang='lat' dir='ltr'>Explanatt.</span> <span class='ocrx_word' id='word_1_176' title='bbox 592 2481 648 2520; x_wconf 92' lang='lat' dir='ltr'>ad</span> <span class='ocrx_word' id='word_1_177' title='bbox 679 2481 768 2520; x_wconf 91' lang='lat' dir='ltr'>Cic.</span> <span class='ocrx_word' id='word_1_178' title='bbox 805 2479 859 2519; x_wconf 91' lang='lat' dir='ltr'>de</span> <span class='ocrx_word' id='word_1_179' title='bbox 892 2479 963 2518; x_wconf 90' lang='lat' dir='ltr'>Or.</span> <span class='ocrx_word' id='word_1_180' title='bbox 994 2489 1037 2529; x_wconf 91' lang='lat' dir='ltr'>p.</span> <span class='ocrx_word' id='word_1_181' title='bbox 1071 2477 1185 2525; x_wconf 87' lang='grc'>283.,</span> 
     </span>
     <span class='ocr_line' id='line_1_33' title="bbox 314 2539 1184 2596; baseline -0.007 -12"><span class='ocrx_word' id='word_1_182' title='bbox 314 2545 389 2596; x_wconf 83' lang='lat' dir='ltr'>qui</span> <span class='ocrx_word' id='word_1_183' title='bbox 419 2547 568 2583; x_wconf 87' lang='lat' dir='ltr'>tamen</span> <span class='ocrx_word' id='word_1_184' title='bbox 599 2543 764 2582; x_wconf 90' lang='lat' dir='ltr'>Horatii</span> <span class='ocrx_word' id='word_1_185' title='bbox 789 2552 965 2582; x_wconf 87' lang='lat' dir='ltr'>memor</span> <span class='ocrx_word' id='word_1_186' title='bbox 985 2539 1184 2580; x_wconf 87' lang='lat' dir='ltr'>nonfuit.</span> 
     </span>
     <span class='ocr_line' id='line_1_34' title="bbox 317 2603 1189 2656; baseline -0.006 -10"><span class='ocrx_word' id='word_1_187' title='bbox 317 2629 361 2634; x_wconf 88' lang='lat'>—</span> <span class='ocrx_word' id='word_1_188' title='bbox 388 2607 606 2656; x_wconf 79' lang='lat' dir='ltr'>pulmenta</span> <span class='ocrx_word' id='word_1_189' title='bbox 635 2605 845 2644; x_wconf 79' lang='lat' dir='ltr'>laboribus</span> <span class='ocrx_word' id='word_1_190' title='bbox 873 2603 1026 2654; x_wconf 78' lang='lat' dir='ltr'>empta]</span> <span class='ocrx_word' id='word_1_191' title='bbox 1060 2613 1189 2642; x_wconf 90' lang='lat' dir='ltr'>«ear-</span> 
     </span>
     <span class='ocr_line' id='line_1_35' title="bbox 316 2665 1188 2718; baseline -0.006 -10"><span class='ocrx_word' id='word_1_192' title='bbox 316 2680 416 2708; x_wconf 89' lang='lat' dir='ltr'>nem</span> <span class='ocrx_word' id='word_1_193' title='bbox 449 2669 665 2716; x_wconf 84' lang='lat' dir='ltr'>ferarum,</span> <span class='ocrx_word' id='word_1_194' title='bbox 714 2677 824 2718; x_wconf 88' lang='lat' dir='ltr'>quas</span> <span class='ocrx_word' id='word_1_195' title='bbox 853 2677 940 2705; x_wconf 88' lang='lat' dir='ltr'>una</span> <span class='ocrx_word' id='word_1_196' title='bbox 979 2665 1188 2705; x_wconf 83' lang='lat' dir='ltr'>confece-</span> 
     </span>
     <span class='ocr_line' id='line_1_36' title="bbox 313 2725 1188 2781; baseline -0.006 -12"><span class='ocrx_word' id='word_1_197' title='bbox 313 2732 456 2777; x_wconf 80' lang='lat' dir='ltr'>ritis;»</span> <span class='ocrx_word' id='word_1_198' title='bbox 489 2741 603 2781; x_wconf 90' lang='lat' dir='ltr'>quae</span> <span class='ocrx_word' id='word_1_199' title='bbox 636 2740 775 2770; x_wconf 91' lang='lat' dir='ltr'>coena</span> <span class='ocrx_word' id='word_1_200' title='bbox 803 2727 875 2768; x_wconf 83' lang='lat' dir='ltr'>vel</span> <span class='ocrx_word' id='word_1_201' title='bbox 913 2727 1014 2766; x_wconf 91' lang='lat' dir='ltr'>ideo</span> <span class='ocrx_word' id='word_1_202' title='bbox 1044 2725 1188 2777; x_wconf 90' lang='lat' dir='ltr'>placet</span> 
     </span>
     <span class='ocr_line' id='line_1_37' title="bbox 313 2788 1187 2841; baseline -0.005 -10"><span class='ocrx_word' id='word_1_203' title='bbox 313 2791 625 2841; x_wconf 77' lang='lat' dir='ltr'>venatoribus,</span> <span class='ocrx_word' id='word_1_204' title='bbox 668 2790 787 2841; x_wconf 91' lang='lat' dir='ltr'>quod</span> <span class='ocrx_word' id='word_1_205' title='bbox 825 2790 1003 2841; x_wconf 92' lang='lat' dir='ltr'>proprio</span> <span class='ocrx_word' id='word_1_206' title='bbox 1034 2788 1187 2828; x_wconf 89' lang='lat' dir='ltr'>labore</span> 
     </span>
     <span class='ocr_line' id='line_1_38' title="bbox 314 2850 1190 2906; baseline -0.006 -13"><span class='ocrx_word' id='word_1_207' title='bbox 314 2857 466 2906; x_wconf 88' lang='lat' dir='ltr'>parata</span> <span class='ocrx_word' id='word_1_208' title='bbox 498 2856 580 2893; x_wconf 89' lang='lat' dir='ltr'>est.</span> <span class='ocrx_word' id='word_1_209' title='bbox 633 2854 718 2893; x_wconf 90' lang='lat' dir='ltr'>Sat.</span> <span class='ocrx_word' id='word_1_210' title='bbox 742 2854 790 2901; x_wconf 89' lang='grc'>2,</span> <span class='ocrx_word' id='word_1_211' title='bbox 822 2853 872 2900; x_wconf 98' lang='grc'>2,</span> <span class='ocrx_word' id='word_1_212' title='bbox 905 2852 980 2891; x_wconf 83' lang='grc' dir='ltr'>2οε</span> <span class='ocrx_word' id='word_1_213' title='bbox 1015 2851 1073 2890; x_wconf 83' lang='lat' dir='ltr'>Tu</span> <span class='ocrx_word' id='word_1_214' title='bbox 1094 2850 1190 2900; x_wconf 81' lang='lat' dir='ltr'>pul-</span> 
     </span>
     <span class='ocr_line' id='line_1_39' title="bbox 312 2912 1189 2964; baseline -0.006 -9"><span class='ocrx_word' id='word_1_215' title='bbox 312 2916 522 2955; x_wconf 83' lang='lat' dir='ltr'>mentaria</span> <span class='ocrx_word' id='word_1_216' title='bbox 551 2925 706 2964; x_wconf 79' lang='lat' dir='ltr'>quaere</span> <span class='ocrx_word' id='word_1_217' title='bbox 726 2914 939 2953; x_wconf 86' lang='lat' dir='ltr'>Sudando.</span> <span class='ocrx_word' id='word_1_218' title='bbox 992 2912 1093 2952; x_wconf 88' lang='lat' dir='ltr'>«His</span> <span class='ocrx_word' id='word_1_219' title='bbox 1114 2922 1189 2950; x_wconf 89' lang='lat' dir='ltr'>au-</span> 
     </span>
     <span class='ocr_line' id='line_1_40' title="bbox 314 2973 1184 3026; baseline -0.006 -9"><span class='ocrx_word' id='word_1_220' title='bbox 314 2980 405 3017; x_wconf 92' lang='lat' dir='ltr'>tem</span> <span class='ocrx_word' id='word_1_221' title='bbox 437 2976 773 3026; x_wconf 81' lang='lat' dir='ltr'>cogitationibus</span> <span class='ocrx_word' id='word_1_222' title='bbox 804 2977 846 3014; x_wconf 87' lang='lat' dir='ltr'>te</span> <span class='ocrx_word' id='word_1_223' title='bbox 878 2973 1184 3023; x_wconf 85' lang='lat' dir='ltr'>consolabere,</span> 
     </span>
     <span class='ocr_line' id='line_1_41' title="bbox 315 3037 1187 3088; baseline -0.006 -9"><span class='ocrx_word' id='word_1_224' title='bbox 315 3039 487 3080; x_wconf 90' lang='lat' dir='ltr'>solitam</span> <span class='ocrx_word' id='word_1_225' title='bbox 518 3039 631 3077; x_wconf 88' lang='lat' dir='ltr'>bane</span> <span class='ocrx_word' id='word_1_226' title='bbox 663 3038 796 3077; x_wconf 82' lang='lat' dir='ltr'>fuisse</span> <span class='ocrx_word' id='word_1_227' title='bbox 829 3037 1027 3088; x_wconf 88' lang='lat' dir='ltr'>corporis</span> <span class='ocrx_word' id='word_1_228' title='bbox 1058 3046 1187 3075; x_wconf 83' lang='lat' dir='ltr'>exer-</span> 
     </span>
     <span class='ocr_line' id='line_1_42' title="bbox 315 3098 1185 3147; baseline -0.006 -6"><span class='ocrx_word' id='word_1_229' title='bbox 315 3102 567 3142; x_wconf 87' lang='lat' dir='ltr'>citationem</span> <span class='ocrx_word' id='word_1_230' title='bbox 597 3099 842 3138; x_wconf 91' lang='lat' dir='ltr'>maioribus</span> <span class='ocrx_word' id='word_1_231' title='bbox 863 3099 1050 3147; x_wconf 89' lang='lat' dir='ltr'>nostris,</span> <span class='ocrx_word' id='word_1_232' title='bbox 1082 3098 1185 3137; x_wconf 84' lang='lat' dir='ltr'>viris</span> 
     </span>
     <span class='ocr_line' id='line_1_43' title="bbox 315 3162 1186 3209; baseline -0.006 -5"><span class='ocrx_word' id='word_1_233' title='bbox 315 3167 404 3204; x_wconf 89' lang='lat' dir='ltr'>tam</span> <span class='ocrx_word' id='word_1_234' title='bbox 435 3162 621 3203; x_wconf 88' lang='lat' dir='ltr'>fortibus</span> <span class='ocrx_word' id='word_1_235' title='bbox 644 3173 694 3201; x_wconf 84' lang='lat' dir='ltr'>ac</span> <span class='ocrx_word' id='word_1_236' title='bbox 717 3162 931 3209; x_wconf 89' lang='lat' dir='ltr'>strenuis,</span> <span class='ocrx_word' id='word_1_237' title='bbox 964 3162 1013 3200; x_wconf 93' lang='lat' dir='ltr'>ut</span> <span class='ocrx_word' id='word_1_238' title='bbox 1034 3162 1186 3200; x_wconf 89' lang='lat' dir='ltr'>contra</span> 
     </span>
     <span class='ocr_line' id='line_1_44' title="bbox 316 3222 1092 3266; baseline -0.006 0"><span class='ocrx_word' id='word_1_239' title='bbox 316 3227 491 3266; x_wconf 88' lang='lat' dir='ltr'>Graecis</span> <span class='ocrx_word' id='word_1_240' title='bbox 540 3224 745 3264; x_wconf 86' lang='lat' dir='ltr'>trochum</span> <span class='ocrx_word' id='word_1_241' title='bbox 791 3225 834 3262; x_wconf 92' lang='lat' dir='ltr'>et</span> <span class='ocrx_word' id='word_1_242' title='bbox 876 3222 1092 3262; x_wconf 90' lang='lat' dir='ltr'>discum.»</span> 
     </span>
     <span class='ocr_line' id='line_1_45' title="bbox 316 3283 1183 3335; baseline -0.005 -8"><span class='ocrx_word' id='word_1_243' title='bbox 316 3287 512 3328; x_wconf 83' lang='lat' dir='ltr'>Romanis</span> <span class='ocrx_word' id='word_1_244' title='bbox 554 3286 744 3326; x_wconf 86' lang='lat' dir='ltr'>sollemne</span> <span class='ocrx_word' id='word_1_245' title='bbox 784 3284 890 3324; x_wconf 86' lang='lat' dir='ltr'>viris</span> <span class='ocrx_word' id='word_1_246' title='bbox 932 3283 1046 3335; x_wconf 83' lang='lat' dir='ltr'>opus]</span> <span class='ocrx_word' id='word_1_247' title='bbox 1077 3283 1183 3324; x_wconf 88' lang='lat' dir='ltr'>Plin.</span> 
     </span>
     <span class='ocr_line' id='line_1_46' title="bbox 316 3347 1188 3399; baseline -0.003 -11"><span class='ocrx_word' id='word_1_248' title='bbox 316 3351 475 3399; x_wconf 81' lang='lat' dir='ltr'>Paneg.</span> <span class='ocrx_word' id='word_1_249' title='bbox 513 3348 590 3389; x_wconf 72' lang='lat'>84:</span> <span class='ocrx_word' id='word_1_250' title='bbox 638 3347 745 3387; x_wconf 88' lang='lat' dir='ltr'>Olim</span> <span class='ocrx_word' id='word_1_251' title='bbox 785 3347 884 3386; x_wconf 83' lang='lat' dir='ltr'>haec</span> <span class='ocrx_word' id='word_1_252' title='bbox 930 3347 1188 3396; x_wconf 59' lang='lat' dir='ltr'>experientia</span> 
     </span>
     <span class='ocr_line' id='line_1_47' title="bbox 315 3408 1188 3460; baseline -0.003 -10"><span class='ocrx_word' id='word_1_253' title='bbox 315 3411 554 3460; x_wconf 82' lang='lat' dir='ltr'>iwventutis,</span> <span class='ocrx_word' id='word_1_254' title='bbox 599 3411 698 3450; x_wconf 84' lang='lat' dir='ltr'>haec</span> <span class='ocrx_word' id='word_1_255' title='bbox 738 3409 928 3458; x_wconf 85' lang='lat' dir='ltr'>voluptas</span> <span class='ocrx_word' id='word_1_256' title='bbox 972 3412 1083 3455; x_wconf 87' lang='lat' dir='ltr'>erat,·</span> <span class='ocrx_word' id='word_1_257' title='bbox 1126 3408 1188 3447; x_wconf 86' lang='lat' dir='ltr'>his</span> 
     </span>
     <span class='ocr_line' id='line_1_48' title="bbox 316 3469 1184 3522; baseline -0.005 -10"><span class='ocrx_word' id='word_1_258' title='bbox 316 3472 474 3512; x_wconf 77' lang='lat' dir='ltr'>artibus</span> <span class='ocrx_word' id='word_1_259' title='bbox 518 3472 652 3522; x_wconf 84' lang='lat' dir='ltr'>futuri</span> <span class='ocrx_word' id='word_1_260' title='bbox 699 3472 820 3511; x_wconf 80' lang='lat' dir='ltr'>duces</span> <span class='ocrx_word' id='word_1_261' title='bbox 872 3469 1184 3519; x_wconf 82' lang='lat' dir='ltr'>imbuebantur,</span> 
     </span>
    </p>
   </div>
   <div class='ocr_carea' id='block_1_15' title="bbox 1219 1424 1221 2063">
    <p class='ocr_par' dir='ltr' id='par_1_15' title="bbox 1219 1424 1221 2063">
     <span class='ocr_line' id='line_1_49' title="bbox 1219 1424 1221 2063; baseline 0 0"><span class='ocrx_word' id='word_1_262' title='bbox 1219 1424 1221 2063; x_wconf 95' lang='lat' dir='ltr'> </span> 
     </span>
    </p>
   </div>
   <div class='ocr_carea' id='block_1_16' title="bbox 1249 1421 2136 3509">
    <p class='ocr_par' dir='ltr' id='par_1_16' title="bbox 1251 1421 2136 1967">
     <span class='ocr_line' id='line_1_50' title="bbox 1251 1421 2130 1474; baseline 0 -12"><span class='ocrx_word' id='word_1_263' title='bbox 1251 1427 1417 1463; x_wconf 86' lang='lat' dir='ltr'>certare</span> <span class='ocrx_word' id='word_1_264' title='bbox 1455 1435 1550 1463; x_wconf 84' lang='lat' dir='ltr'>cum</span> <span class='ocrx_word' id='word_1_265' title='bbox 1585 1422 1804 1474; x_wconf 67' lang='lat' dir='ltr'>fugacibus</span> <span class='ocrx_word' id='word_1_266' title='bbox 1842 1421 1942 1471; x_wconf 80' lang='lat' dir='ltr'>feris</span> <span class='ocrx_word' id='word_1_267' title='bbox 1979 1433 2130 1472; x_wconf 84' lang='lat' dir='ltr'>cursu,</span> 
     </span>
     <span class='ocr_line' id='line_1_51' title="bbox 1251 1485 2133 1533; baseline 0 -9"><span class='ocrx_word' id='word_1_268' title='bbox 1251 1496 1346 1524; x_wconf 85' lang='lat' dir='ltr'>cum</span> <span class='ocrx_word' id='word_1_269' title='bbox 1377 1485 1605 1524; x_wconf 85' lang='lat' dir='ltr'>audacibus</span> <span class='ocrx_word' id='word_1_270' title='bbox 1633 1485 1801 1533; x_wconf 77' lang='lat' dir='ltr'>robore,</span> <span class='ocrx_word' id='word_1_271' title='bbox 1847 1496 1942 1524; x_wconf 85' lang='lat' dir='ltr'>cum</span> <span class='ocrx_word' id='word_1_272' title='bbox 1969 1485 2133 1524; x_wconf 84' lang='lat' dir='ltr'>callidis</span> 
     </span>
     <span class='ocr_line' id='line_1_52' title="bbox 1253 1546 2134 1596; baseline -0.001 -10"><span class='ocrx_word' id='word_1_273' title='bbox 1253 1551 1375 1586; x_wconf 86' lang='lat' dir='ltr'>astu:</span> <span class='ocrx_word' id='word_1_274' title='bbox 1419 1558 1492 1587; x_wconf 83' lang='lat' dir='ltr'>nec</span> <span class='ocrx_word' id='word_1_275' title='bbox 1520 1547 1725 1586; x_wconf 80' lang='lat' dir='ltr'>mediocre</span> <span class='ocrx_word' id='word_1_276' title='bbox 1755 1546 1877 1596; x_wconf 78' lang='lat' dir='ltr'>pacis</span> <span class='ocrx_word' id='word_1_277' title='bbox 1906 1547 2026 1585; x_wconf 87' lang='lat' dir='ltr'>decus</span> <span class='ocrx_word' id='word_1_278' title='bbox 2054 1547 2134 1585; x_wconf 86' lang='lat' dir='ltr'>ha—</span> 
     </span>
     <span class='ocr_line' id='line_1_53' title="bbox 1257 1607 2134 1658; baseline 0.001 -12"><span class='ocrx_word' id='word_1_279' title='bbox 1257 1608 1429 1648; x_wconf 78' lang='lat' dir='ltr'>bebatur</span> <span class='ocrx_word' id='word_1_280' title='bbox 1458 1607 1646 1647; x_wconf 87' lang='lat' dir='ltr'>submota</span> <span class='ocrx_word' id='word_1_281' title='bbox 1676 1607 1834 1657; x_wconf 81' lang='lat' dir='ltr'>campis</span> <span class='ocrx_word' id='word_1_282' title='bbox 1861 1608 2043 1656; x_wconf 77' lang='lat' dir='ltr'>irruptio</span> <span class='ocrx_word' id='word_1_283' title='bbox 2070 1608 2134 1658; x_wconf 81' lang='lat' dir='ltr'>fe-</span> 
     </span>
     <span class='ocr_line' id='line_1_54' title="bbox 1252 1669 2136 1720; baseline -0.001 -11"><span class='ocrx_word' id='word_1_284' title='bbox 1252 1681 1405 1709; x_wconf 88' lang='lat' dir='ltr'>rarum</span> <span class='ocrx_word' id='word_1_285' title='bbox 1435 1674 1472 1709; x_wconf 85' lang='lat' dir='ltr'>et</span> <span class='ocrx_word' id='word_1_286' title='bbox 1501 1669 1707 1709; x_wconf 84' lang='lat' dir='ltr'>obsidione</span> <span class='ocrx_word' id='word_1_287' title='bbox 1729 1670 1915 1720; x_wconf 79' lang='lat' dir='ltr'>quadam</span> <span class='ocrx_word' id='word_1_288' title='bbox 1938 1669 2136 1708; x_wconf 80' lang='lat' dir='ltr'>liberatus</span> 
     </span>
     <span class='ocr_line' id='line_1_55' title="bbox 1253 1731 2136 1784; baseline -0.002 -12"><span class='ocrx_word' id='word_1_289' title='bbox 1253 1733 1481 1784; x_wconf 63' lang='lat' dir='ltr'>agrestium</span> <span class='ocrx_word' id='word_1_290' title='bbox 1502 1732 1633 1771; x_wconf 90' lang='lat' dir='ltr'>labor.</span> <span class='ocrx_word' id='word_1_291' title='bbox 1661 1755 1706 1761; x_wconf 89' lang='lat'><strong>—</strong></span> <span class='ocrx_word' id='word_1_292' title='bbox 1728 1732 1827 1771; x_wconf 86' lang='lat' dir='ltr'>utile</span> <span class='ocrx_word' id='word_1_293' title='bbox 1849 1731 2004 1782; x_wconf 88' lang='lat' dir='ltr'>famae]</span> <span class='ocrx_word' id='word_1_294' title='bbox 2034 1742 2136 1783; x_wconf 92' lang='lat' dir='ltr'>pro-</span> 
     </span>
     <span class='ocr_line' id='line_1_56' title="bbox 1251 1793 2136 1846; baseline -0.001 -12"><span class='ocrx_word' id='word_1_295' title='bbox 1251 1797 1351 1846; x_wconf 90' lang='lat' dir='ltr'>pter</span> <span class='ocrx_word' id='word_1_296' title='bbox 1366 1795 1408 1834; x_wconf 86' lang='lat' dir='ltr'>id</span> <span class='ocrx_word' id='word_1_297' title='bbox 1427 1796 1574 1845; x_wconf 90' lang='lat' dir='ltr'>ipsum</span> <span class='ocrx_word' id='word_1_298' title='bbox 1590 1794 1711 1845; x_wconf 88' lang='lat' dir='ltr'>quod</span> <span class='ocrx_word' id='word_1_299' title='bbox 1727 1793 1934 1834; x_wconf 88' lang='lat' dir='ltr'>assiduus</span> <span class='ocrx_word' id='word_1_300' title='bbox 1950 1796 2136 1833; x_wconf 84' lang='lat' dir='ltr'>venator</span> 
     </span>
     <span class='ocr_line' id='line_1_57' title="bbox 1253 1855 2134 1908; baseline 0.002 -13"><span class='ocrx_word' id='word_1_301' title='bbox 1253 1856 1466 1896; x_wconf 89' lang='lat' dir='ltr'>abhorret</span> <span class='ocrx_word' id='word_1_302' title='bbox 1486 1855 1541 1895; x_wconf 90' lang='lat' dir='ltr'>ab</span> <span class='ocrx_word' id='word_1_303' title='bbox 1559 1857 1678 1896; x_wconf 92' lang='lat' dir='ltr'>omni</span> <span class='ocrx_word' id='word_1_304' title='bbox 1707 1855 1910 1903; x_wconf 76' lang='lat' dir='ltr'>mollitie,</span> <span class='ocrx_word' id='word_1_305' title='bbox 1945 1867 2134 1908; x_wconf 89' lang='lat' dir='ltr'>«corpus</span> 
     </span>
     <span class='ocr_line' id='line_1_58' title="bbox 1252 1917 2132 1967; baseline -0.003 -9"><span class='ocrx_word' id='word_1_306' title='bbox 1252 1920 1358 1958; x_wconf 90' lang='lat' dir='ltr'>item</span> <span class='ocrx_word' id='word_1_307' title='bbox 1374 1934 1411 1967; x_wconf 77' lang='lat' dir='ltr'>,n</span> <span class='ocrx_word' id='word_1_308' title='bbox 1434 1918 1577 1967; x_wconf 81' lang='lat' dir='ltr'>addit,</span> <span class='ocrx_word' id='word_1_309' title='bbox 1602 1919 1803 1958; x_wconf 82' lang='lat' dir='ltr'>«venatio</span> <span class='ocrx_word' id='word_1_310' title='bbox 1827 1917 2132 1958; x_wconf 86' lang='lat' dir='ltr'>corroborat.»</span> 
     </span>
    </p>

    <p class='ocr_par' dir='ltr' id='par_1_17' title="bbox 1249 1980 2135 3509">
     <span class='ocr_line' id='line_1_59' title="bbox 1307 1980 2133 2031; baseline 0 -12"><span class='ocrx_word' id='word_1_311' title='bbox 1307 1980 1454 2020; x_wconf 79' lang='lat'>53-57.</span> <span class='ocrx_word' id='word_1_312' title='bbox 1492 1982 1584 2030; x_wconf 79' lang='lat' dir='ltr'>scis,</span> <span class='ocrx_word' id='word_1_313' title='bbox 1619 1991 1700 2028; x_wconf 79' lang='lat' dir='ltr'>quo</span> <span class='ocrx_word' id='word_1_314' title='bbox 1732 1980 1833 2031; x_wconf 92' lang='lat' dir='ltr'>cet.]</span> <span class='ocrx_word' id='word_1_315' title='bbox 1869 1981 2009 2029; x_wconf 88' lang='lat' dir='ltr'>«Scis,</span> <span class='ocrx_word' id='word_1_316' title='bbox 2045 1991 2133 2031; x_wconf 86' lang='lat' dir='ltr'>quo</span> 
     </span>
     <span class='ocr_line' id='line_1_60' title="bbox 1253 2041 2134 2093; baseline 0 -12"><span class='ocrx_word' id='word_1_317' title='bbox 1253 2044 1557 2093; x_wconf 88' lang='lat' dir='ltr'>spectatorum</span> <span class='ocrx_word' id='word_1_318' title='bbox 1590 2043 1650 2092; x_wconf 86' lang='lat' dir='ltr'>(A.</span> <span class='ocrx_word' id='word_1_319' title='bbox 1683 2044 1728 2081; x_wconf 94' lang='lat' dir='ltr'>P.</span> <span class='ocrx_word' id='word_1_320' title='bbox 1760 2041 1870 2092; x_wconf 73' lang='lat'>38⁴.)</span> <span class='ocrx_word' id='word_1_321' title='bbox 1900 2041 2060 2093; x_wconf 85' lang='lat' dir='ltr'>plausu</span> <span class='ocrx_word' id='word_1_322' title='bbox 2089 2043 2134 2081; x_wconf 91' lang='lat' dir='ltr'>in</span> 
     </span>
     <span class='ocr_line' id='line_1_61' title="bbox 1250 2104 2134 2155; baseline 0 -12"><span class='ocrx_word' id='word_1_323' title='bbox 1250 2105 1424 2155; x_wconf 89' lang='lat' dir='ltr'>Campo</span> <span class='ocrx_word' id='word_1_324' title='bbox 1454 2105 1607 2144; x_wconf 89' lang='lat' dir='ltr'>Martio</span> <span class='ocrx_word' id='word_1_325' title='bbox 1638 2106 1681 2143; x_wconf 90' lang='lat' dir='ltr'>te</span> <span class='ocrx_word' id='word_1_326' title='bbox 1709 2115 1922 2144; x_wconf 82' lang='lat' dir='ltr'>exerceas</span> <span class='ocrx_word' id='word_1_327' title='bbox 1941 2104 2134 2144; x_wconf 86' lang='lat' dir='ltr'>batuen-</span> 
     </span>
     <span class='ocr_line' id='line_1_62' title="bbox 1255 2165 2133 2217; baseline -0.002 -11"><span class='ocrx_word' id='word_1_328' title='bbox 1255 2167 1310 2206; x_wconf 93' lang='lat' dir='ltr'>do</span> <span class='ocrx_word' id='word_1_329' title='bbox 1342 2168 1386 2206; x_wconf 86' lang='lat' dir='ltr'>et</span> <span class='ocrx_word' id='word_1_330' title='bbox 1414 2165 1501 2217; x_wconf 92' lang='lat' dir='ltr'>pila</span> <span class='ocrx_word' id='word_1_331' title='bbox 1531 2166 1776 2206; x_wconf 87' lang='lat' dir='ltr'>iaciendo.»</span> <span class='ocrx_word' id='word_1_332' title='bbox 1820 2167 1984 2206; x_wconf 85' lang='lat' dir='ltr'>Proelia</span> <span class='ocrx_word' id='word_1_333' title='bbox 2003 2166 2133 2216; x_wconf 84' lang='lat' dir='ltr'>igitur</span> 
     </span>
     <span class='ocr_line' id='line_1_63' title="bbox 1253 2227 2128 2279; baseline -0.001 -11"><span class='ocrx_word' id='word_1_334' title='bbox 1253 2229 1505 2279; x_wconf 78' lang='lat' dir='ltr'>campestria</span> <span class='ocrx_word' id='word_1_335' title='bbox 1537 2231 1640 2268; x_wconf 87' lang='lat' dir='ltr'>sunt</span> <span class='ocrx_word' id='word_1_336' title='bbox 1669 2229 1912 2268; x_wconf 84' lang='lat' dir='ltr'>certamina</span> <span class='ocrx_word' id='word_1_337' title='bbox 1945 2227 2128 2276; x_wconf 86' lang='lat' dir='ltr'>ludicra,</span> 
     </span>
     <span class='ocr_line' id='line_1_64' title="bbox 1255 2291 2129 2343; baseline -0.001 -12"><span class='ocrx_word' id='word_1_338' title='bbox 1255 2303 1368 2343; x_wconf 88' lang='lat' dir='ltr'>quae</span> <span class='ocrx_word' id='word_1_339' title='bbox 1404 2292 1448 2331; x_wconf 93' lang='lat' dir='ltr'>in</span> <span class='ocrx_word' id='word_1_340' title='bbox 1480 2292 1648 2342; x_wconf 89' lang='lat' dir='ltr'>Campo</span> <span class='ocrx_word' id='word_1_341' title='bbox 1683 2291 2032 2330; x_wconf 88' lang='lat' dir='ltr'>committuntur.</span> <span class='ocrx_word' id='word_1_342' title='bbox 2078 2292 2129 2330; x_wconf 92' lang='lat' dir='ltr'>A.</span> 
     </span>
     <span class='ocr_line' id='line_1_65' title="bbox 1253 2352 2135 2403; baseline -0.002 -9"><span class='ocrx_word' id='word_1_343' title='bbox 1253 2356 1300 2394; x_wconf 94' lang='lat' dir='ltr'>P.</span> <span class='ocrx_word' id='word_1_344' title='bbox 1324 2354 1426 2394; x_wconf 81' lang='lat'>379:</span> <span class='ocrx_word' id='word_1_345' title='bbox 1459 2355 1621 2394; x_wconf 85' lang='lat' dir='ltr'>Ludere</span> <span class='ocrx_word' id='word_1_346' title='bbox 1641 2354 1712 2403; x_wconf 82' lang='lat' dir='ltr'>qui</span> <span class='ocrx_word' id='word_1_347' title='bbox 1730 2353 1871 2402; x_wconf 83' lang='lat' dir='ltr'>nescit,</span> <span class='ocrx_word' id='word_1_348' title='bbox 1893 2352 2135 2403; x_wconf 81' lang='lat' dir='ltr'>campestri-</span> 
     </span>
     <span class='ocr_line' id='line_1_66' title="bbox 1254 2415 2133 2456; baseline -0.002 0"><span class='ocrx_word' id='word_1_349' title='bbox 1254 2416 1327 2456; x_wconf 85' lang='lat' dir='ltr'>bus</span> <span class='ocrx_word' id='word_1_350' title='bbox 1356 2417 1532 2456; x_wconf 84' lang='lat' dir='ltr'>abstinet</span> <span class='ocrx_word' id='word_1_351' title='bbox 1560 2416 1704 2455; x_wconf 89' lang='lat' dir='ltr'>armis.</span> <span class='ocrx_word' id='word_1_352' title='bbox 1741 2439 1786 2443; x_wconf 87' lang='lat'><em>-</em></span> <span class='ocrx_word' id='word_1_353' title='bbox 1818 2426 1988 2455; x_wconf 85' lang='lat' dir='ltr'>saevam</span> <span class='ocrx_word' id='word_1_354' title='bbox 2016 2415 2133 2455; x_wconf 85' lang='lat' dir='ltr'>Mili-</span> 
     </span>
     <span class='ocr_line' id='line_1_67' title="bbox 1253 2475 2129 2530; baseline -0.003 -12"><span class='ocrx_word' id='word_1_355' title='bbox 1253 2478 1370 2530; x_wconf 83' lang='lat' dir='ltr'>tiam]</span> <span class='ocrx_word' id='word_1_356' title='bbox 1416 2477 1585 2518; x_wconf 88' lang='lat' dir='ltr'>Eadem</span> <span class='ocrx_word' id='word_1_357' title='bbox 1626 2478 1740 2516; x_wconf 81' lang='lat' dir='ltr'>acris</span> <span class='ocrx_word' id='word_1_358' title='bbox 1766 2479 1952 2516; x_wconf 88' lang='lat' dir='ltr'>vocatur</span> <span class='ocrx_word' id='word_1_359' title='bbox 1980 2475 2058 2516; x_wconf 91' lang='lat' dir='ltr'>Od.</span> <span class='ocrx_word' id='word_1_360' title='bbox 2089 2475 2129 2524; x_wconf 90' lang='lat'>3,</span> 
     </span>
     <span class='ocr_line' id='line_1_68' title="bbox 1252 2538 2128 2590; baseline -0.003 -10"><span class='ocrx_word' id='word_1_361' title='bbox 1252 2541 1300 2589; x_wconf 93' lang='grc'>2,</span> <span class='ocrx_word' id='word_1_362' title='bbox 1333 2541 1374 2580; x_wconf 91' lang='grc'>2.</span> <span class='ocrx_word' id='word_1_363' title='bbox 1401 2562 1447 2568; x_wconf 97' lang='grc'><strong>-</strong></span> <span class='ocrx_word' id='word_1_364' title='bbox 1482 2538 1694 2590; x_wconf 84' lang='lat' dir='ltr'>sustineas]</span> <span class='ocrx_word' id='word_1_365' title='bbox 1725 2539 1823 2578; x_wconf 92' lang='lat' dir='ltr'>Vid.</span> <span class='ocrx_word' id='word_1_366' title='bbox 1853 2538 1910 2578; x_wconf 88' lang='lat' dir='ltr'>ad</span> <span class='ocrx_word' id='word_1_367' title='bbox 1938 2539 2046 2589; x_wconf 90' lang='lat' dir='ltr'>Epp.</span> <span class='ocrx_word' id='word_1_368' title='bbox 2079 2538 2128 2584; x_wconf 89' lang='grc'>2,</span> 
     </span>
     <span class='ocr_line' id='line_1_69' title="bbox 1254 2600 2133 2651; baseline -0.002 -9"><span class='ocrx_word' id='word_1_369' title='bbox 1254 2603 1269 2642; x_wconf 74' lang='grc'>4</span> <span class='ocrx_word' id='word_1_370' title='bbox 1290 2634 1297 2651; x_wconf 91' lang='grc'>,</span> <span class='ocrx_word' id='word_1_371' title='bbox 1323 2603 1361 2642; x_wconf 75' lang='grc'>4.</span> <span class='ocrx_word' id='word_1_372' title='bbox 1389 2625 1434 2630; x_wconf 90' lang='lat'>—-</span> <span class='ocrx_word' id='word_1_373' title='bbox 1459 2601 1728 2651; x_wconf 82' lang='lat' dir='ltr'>Cantabrica]</span> <span class='ocrx_word' id='word_1_374' title='bbox 1760 2602 1872 2641; x_wconf 92' lang='lat' dir='ltr'>Cum</span> <span class='ocrx_word' id='word_1_375' title='bbox 1893 2600 2026 2648; x_wconf 87' lang='lat' dir='ltr'>dicat,</span> <span class='ocrx_word' id='word_1_376' title='bbox 2059 2601 2133 2640; x_wconf 89' lang='lat' dir='ltr'>du-</span> 
     </span>
     <span class='ocr_line' id='line_1_70' title="bbox 1252 2662 2127 2714; baseline -0.003 -11"><span class='ocrx_word' id='word_1_377' title='bbox 1252 2675 1295 2703; x_wconf 82' lang='lat' dir='ltr'>ce</span> <span class='ocrx_word' id='word_1_378' title='bbox 1323 2665 1520 2714; x_wconf 83' lang='lat' dir='ltr'>Augusto</span> <span class='ocrx_word' id='word_1_379' title='bbox 1554 2675 1665 2713; x_wconf 82' lang='lat' dir='ltr'>puer</span> <span class='ocrx_word' id='word_1_380' title='bbox 1702 2665 1815 2703; x_wconf 88' lang='lat' dir='ltr'>haec</span> <span class='ocrx_word' id='word_1_381' title='bbox 1845 2662 1951 2702; x_wconf 88' lang='lat' dir='ltr'>bella</span> <span class='ocrx_word' id='word_1_382' title='bbox 1979 2662 2127 2711; x_wconf 86' lang='lat' dir='ltr'>tulisti,</span> 
     </span>
     <span class='ocr_line' id='line_1_71' title="bbox 1252 2723 2132 2776; baseline -0.003 -10"><span class='ocrx_word' id='word_1_383' title='bbox 1252 2727 1436 2766; x_wconf 90' lang='lat' dir='ltr'>minime</span> <span class='ocrx_word' id='word_1_384' title='bbox 1468 2725 1751 2776; x_wconf 80' lang='lat' dir='ltr'>cogitandum</span> <span class='ocrx_word' id='word_1_385' title='bbox 1783 2726 1853 2764; x_wconf 89' lang='lat' dir='ltr'>est</span> <span class='ocrx_word' id='word_1_386' title='bbox 1881 2723 1936 2764; x_wconf 90' lang='lat' dir='ltr'>de</span> <span class='ocrx_word' id='word_1_387' title='bbox 1969 2724 2132 2764; x_wconf 87' lang='lat' dir='ltr'>Canta-</span> 
     </span>
     <span class='ocr_line' id='line_1_72' title="bbox 1251 2785 2126 2838; baseline -0.002 -10"><span class='ocrx_word' id='word_1_388' title='bbox 1251 2788 1344 2828; x_wconf 91' lang='lat' dir='ltr'>bris</span> <span class='ocrx_word' id='word_1_389' title='bbox 1367 2788 1421 2827; x_wconf 92' lang='lat' dir='ltr'>ab</span> <span class='ocrx_word' id='word_1_390' title='bbox 1438 2788 1628 2838; x_wconf 82' lang='lat' dir='ltr'>Agrippa</span> <span class='ocrx_word' id='word_1_391' title='bbox 1652 2786 1834 2826; x_wconf 84' lang='lat' dir='ltr'>demum</span> <span class='ocrx_word' id='word_1_392' title='bbox 1851 2796 1889 2826; x_wconf 85' lang='lat' dir='ltr'>a.</span> <span class='ocrx_word' id='word_1_393' title='bbox 1909 2797 1953 2825; x_wconf 90' lang='lat' dir='ltr'>u.</span> <span class='ocrx_word' id='word_1_394' title='bbox 1975 2797 2013 2826; x_wconf 88' lang='lat' dir='ltr'>c.</span> <span class='ocrx_word' id='word_1_395' title='bbox 2033 2785 2126 2826; x_wconf 76' lang='lat'>734.</span> 
     </span>
     <span class='ocr_line' id='line_1_73' title="bbox 1252 2847 2128 2900; baseline -0.002 -11"><span class='ocrx_word' id='word_1_396' title='bbox 1252 2848 1483 2889; x_wconf 88' lang='lat' dir='ltr'>debellatis</span> <span class='ocrx_word' id='word_1_397' title='bbox 1516 2849 1637 2900; x_wconf 88' lang='lat' dir='ltr'>(Epp.</span> <span class='ocrx_word' id='word_1_398' title='bbox 1665 2849 1703 2896; x_wconf 73' lang='lat'>4,</span> <span class='ocrx_word' id='word_1_399' title='bbox 1728 2849 1793 2896; x_wconf 77' lang='grc'>42,</span> <span class='ocrx_word' id='word_1_400' title='bbox 1818 2848 1928 2898; x_wconf 88' lang='grc'>26.),</span> <span class='ocrx_word' id='word_1_401' title='bbox 1961 2847 2042 2888; x_wconf 91' lang='lat' dir='ltr'>sed</span> <span class='ocrx_word' id='word_1_402' title='bbox 2071 2847 2128 2887; x_wconf 89' lang='lat' dir='ltr'>de</span> 
     </span>
     <span class='ocr_line' id='line_1_74' title="bbox 1251 2910 2128 2962; baseline -0.003 -11"><span class='ocrx_word' id='word_1_403' title='bbox 1251 2910 1531 2962; x_wconf 87' lang='lat' dir='ltr'>expeditione</span> <span class='ocrx_word' id='word_1_404' title='bbox 1551 2912 1595 2950; x_wconf 90' lang='lat' dir='ltr'>in</span> <span class='ocrx_word' id='word_1_405' title='bbox 1617 2911 1863 2951; x_wconf 90' lang='lat' dir='ltr'>Cantabros</span> <span class='ocrx_word' id='word_1_406' title='bbox 1885 2911 1930 2949; x_wconf 87' lang='lat' dir='ltr'>et</span> <span class='ocrx_word' id='word_1_407' title='bbox 1943 2911 2128 2949; x_wconf 89' lang='lat' dir='ltr'>Astures</span> 
     </span>
     <span class='ocr_line' id='line_1_75' title="bbox 1250 2971 2130 3024; baseline -0.002 -11"><span class='ocrx_word' id='word_1_408' title='bbox 1250 2972 1306 3013; x_wconf 89' lang='lat' dir='ltr'>ab</span> <span class='ocrx_word' id='word_1_409' title='bbox 1329 2974 1523 3024; x_wconf 81' lang='lat' dir='ltr'>Augusto</span> <span class='ocrx_word' id='word_1_410' title='bbox 1546 2974 1776 3024; x_wconf 89' lang='lat' dir='ltr'>suscepta,</span> <span class='ocrx_word' id='word_1_411' title='bbox 1811 2973 1876 3020; x_wconf 92' lang='lat' dir='ltr'>et,</span> <span class='ocrx_word' id='word_1_412' title='bbox 1908 2971 2004 3023; x_wconf 89' lang='lat' dir='ltr'>ipse</span> <span class='ocrx_word' id='word_1_413' title='bbox 2025 2982 2130 3011; x_wconf 91' lang='lat' dir='ltr'>cum</span> 
     </span>
     <span class='ocr_line' id='line_1_76' title="bbox 1249 3032 2128 3086; baseline -0.006 -10"><span class='ocrx_word' id='word_1_414' title='bbox 1249 3037 1292 3076; x_wconf 91' lang='lat' dir='ltr'>in</span> <span class='ocrx_word' id='word_1_415' title='bbox 1314 3035 1524 3075; x_wconf 91' lang='lat' dir='ltr'>morbum</span> <span class='ocrx_word' id='word_1_416' title='bbox 1544 3033 1778 3086; x_wconf 89' lang='lat' dir='ltr'>prolapsus</span> <span class='ocrx_word' id='word_1_417' title='bbox 1801 3035 1934 3082; x_wconf 90' lang='lat' dir='ltr'>esset,</span> <span class='ocrx_word' id='word_1_418' title='bbox 1953 3032 2009 3072; x_wconf 91' lang='lat' dir='ltr'>ab</span> <span class='ocrx_word' id='word_1_419' title='bbox 2032 3033 2128 3072; x_wconf 88' lang='lat' dir='ltr'>eius</span> 
     </span>
     <span class='ocr_line' id='line_1_77' title="bbox 1249 3094 2128 3148; baseline -0.003 -11"><span class='ocrx_word' id='word_1_420' title='bbox 1249 3097 1403 3148; x_wconf 80' lang='lat' dir='ltr'>legatis</span> <span class='ocrx_word' id='word_1_421' title='bbox 1426 3098 1472 3137; x_wconf 90' lang='lat' dir='ltr'>C.</span> <span class='ocrx_word' id='word_1_422' title='bbox 1491 3097 1676 3136; x_wconf 88' lang='lat' dir='ltr'>Antistio</span> <span class='ocrx_word' id='word_1_423' title='bbox 1699 3098 1741 3135; x_wconf 90' lang='lat' dir='ltr'>et</span> <span class='ocrx_word' id='word_1_424' title='bbox 1756 3097 1801 3135; x_wconf 92' lang='lat' dir='ltr'>T.</span> <span class='ocrx_word' id='word_1_425' title='bbox 1823 3095 1988 3136; x_wconf 91' lang='lat' dir='ltr'>Carisio</span> <span class='ocrx_word' id='word_1_426' title='bbox 2009 3094 2128 3134; x_wconf 88' lang='lat' dir='ltr'>haud</span> 
     </span>
     <span class='ocr_line' id='line_1_78' title="bbox 1250 3157 2123 3209; baseline -0.005 -10"><span class='ocrx_word' id='word_1_427' title='bbox 1250 3158 1481 3199; x_wconf 89' lang='lat' dir='ltr'>infeliciter</span> <span class='ocrx_word' id='word_1_428' title='bbox 1511 3158 1565 3197; x_wconf 93' lang='lat' dir='ltr'>ad</span> <span class='ocrx_word' id='word_1_429' title='bbox 1598 3157 1733 3197; x_wconf 90' lang='lat' dir='ltr'>finem</span> <span class='ocrx_word' id='word_1_430' title='bbox 1762 3157 1980 3209; x_wconf 89' lang='lat' dir='ltr'>perducta</span> <span class='ocrx_word' id='word_1_431' title='bbox 2009 3167 2048 3195; x_wconf 89' lang='lat' dir='ltr'>a.</span> <span class='ocrx_word' id='word_1_432' title='bbox 2079 3166 2123 3195; x_wconf 93' lang='lat' dir='ltr'>u.</span> 
     </span>
     <span class='ocr_line' id='line_1_79' title="bbox 1251 3219 2128 3269; baseline -0.005 -8"><span class='ocrx_word' id='word_1_433' title='bbox 1251 3233 1288 3261; x_wconf 90' lang='lat' dir='ltr'>c.</span> <span class='ocrx_word' id='word_1_434' title='bbox 1313 3222 1408 3261; x_wconf 88' lang='grc'>729.</span> <span class='ocrx_word' id='word_1_435' title='bbox 1441 3221 1520 3261; x_wconf 93' lang='lat' dir='ltr'>Dio</span> <span class='ocrx_word' id='word_1_436' title='bbox 1542 3221 1666 3260; x_wconf 85' lang='lat' dir='ltr'>Cass.</span> <span class='ocrx_word' id='word_1_437' title='bbox 1691 3219 1757 3269; x_wconf 83' lang='lat'>53,</span> <span class='ocrx_word' id='word_1_438' title='bbox 1781 3220 1848 3259; x_wconf 87' lang='grc'>25.</span> <span class='ocrx_word' id='word_1_439' title='bbox 1880 3220 2042 3259; x_wconf 85' lang='lat' dir='ltr'>Dextre</span> <span class='ocrx_word' id='word_1_440' title='bbox 2059 3229 2128 3258; x_wconf 89' lang='lat' dir='ltr'>sa-</span> 
     </span>
     <span class='ocr_line' id='line_1_80' title="bbox 1250 3281 2127 3331; baseline -0.005 -7"><span class='ocrx_word' id='word_1_441' title='bbox 1250 3295 1305 3324; x_wconf 92' lang='lat' dir='ltr'>ne</span> <span class='ocrx_word' id='word_1_442' title='bbox 1349 3282 1479 3324; x_wconf 89' lang='lat' dir='ltr'>simul</span> <span class='ocrx_word' id='word_1_443' title='bbox 1521 3281 1672 3322; x_wconf 86' lang='lat' dir='ltr'>laudat</span> <span class='ocrx_word' id='word_1_444' title='bbox 1715 3283 1759 3321; x_wconf 90' lang='lat' dir='ltr'>et</span> <span class='ocrx_word' id='word_1_445' title='bbox 1793 3281 2039 3331; x_wconf 85' lang='lat' dir='ltr'>Augustum</span> <span class='ocrx_word' id='word_1_446' title='bbox 2082 3282 2127 3320; x_wconf 88' lang='lat' dir='ltr'>et</span> 
     </span>
     <span class='ocr_line' id='line_1_81' title="bbox 1250 3341 2126 3396; baseline -0.005 -11"><span class='ocrx_word' id='word_1_447' title='bbox 1250 3344 1434 3386; x_wconf 92' lang='lat' dir='ltr'>Lollium</span> <span class='ocrx_word' id='word_1_448' title='bbox 1463 3345 1623 3396; x_wconf 89' lang='lat' dir='ltr'>ipsum.</span> <span class='ocrx_word' id='word_1_449' title='bbox 1671 3343 1749 3382; x_wconf 88' lang='lat' dir='ltr'>Vv.</span> <span class='ocrx_word' id='word_1_450' title='bbox 1774 3343 1924 3382; x_wconf 88' lang='lat' dir='ltr'>autem</span> <span class='ocrx_word' id='word_1_451' title='bbox 1955 3346 1992 3381; x_wconf 86' lang='lat' dir='ltr'>et</span> <span class='ocrx_word' id='word_1_452' title='bbox 2019 3341 2126 3382; x_wconf 81' lang='lat' dir='ltr'>Can-</span> 
     </span>
     <span class='ocr_line' id='line_1_82' title="bbox 1249 3402 2126 3457; baseline -0.003 -10"><span class='ocrx_word' id='word_1_453' title='bbox 1249 3407 1411 3447; x_wconf 88' lang='lat' dir='ltr'>tabrica</span> <span class='ocrx_word' id='word_1_454' title='bbox 1439 3406 1544 3446; x_wconf 90' lang='lat' dir='ltr'>bella</span> <span class='ocrx_word' id='word_1_455' title='bbox 1566 3416 1648 3457; x_wconf 89' lang='lat' dir='ltr'>per</span> <span class='ocrx_word' id='word_1_456' title='bbox 1668 3404 1935 3455; x_wconf 81' lang='lat' dir='ltr'>epexegesin</span> <span class='ocrx_word' id='word_1_457' title='bbox 1957 3402 2126 3444; x_wconf 88' lang='lat' dir='ltr'>addun-</span> 
     </span>
     <span class='ocr_line' id='line_1_83' title="bbox 1249 3463 2123 3509; baseline -0.006 0"><span class='ocrx_word' id='word_1_458' title='bbox 1249 3470 1320 3509; x_wconf 90' lang='lat' dir='ltr'>tur</span> <span class='ocrx_word' id='word_1_459' title='bbox 1361 3465 1579 3508; x_wconf 89' lang='lat' dir='ltr'>vocabulo</span> <span class='ocrx_word' id='word_1_460' title='bbox 1626 3465 1833 3506; x_wconf 84' lang='lat' dir='ltr'>militiam.</span> <span class='ocrx_word' id='word_1_461' title='bbox 1897 3464 1960 3505; x_wconf 81' lang='lat' dir='ltr'>Cf.</span> <span class='ocrx_word' id='word_1_462' title='bbox 1998 3463 2123 3506; x_wconf 86' lang='lat' dir='ltr'>Hand</span> 
     </span>
    </p>
   </div>
  </div>
 </body>
</html>
