2231 3787
840 242 935 281 Lm.
973 242 1000 280 l.

1062 242 1172 280 SAT.
1207 241 1273 279 w.

1870 233 1967 284 ’10Ξί

811 629 1161 679 SATmA
1192 628 1314 677 vt.

218 752 356 807 Non,
399 751 550 821 quia,
594 750 899 810 Maecenas,
942 748 1217 822 Lydorum
1257 746 1522 818 quidquid
1563 747 1814 800 Etruscos

219 851 442 906 Incoluit
480 851 640 906 fines,
687 869 845 904 nemo
885 850 1202 921 generosior
1241 857 1322 901 est
1360 857 1435 902 te.

216 955 325 1007 Nec
364 952 511 1024 quod
551 970 681 1005 avus
724 952 815 1005 tibi
856 960 1128 1004 maternus
1167 950 1261 1002 suit
1303 959 1463 1021 atque
1503 959 1782 1020 paternus,

201 1118 270 1158 VI.
305 1119 510 1158 Horatius
546 1120 783 1170 postquam
815 1120 858 1157 et
897 1116 1024 1156 sami-

146 1180 354 1226 liaritate,
403 1191 516 1231 quae
562 1181 600 1218 ei
636 1190 738 1219 cum
770 1180 1024 1219 Maecenate

147 1241 476 1291 intercedebat,
524 1244 567 1281 et
608 1241 830 1281 Luciliano
869 1242 1025 1281 satira—

146 1315 246 1344 rum
277 1315 439 1354 genere
472 1304 618 1344 denuo
654 1306 842 1344 tractato
876 1301 1026 1343 multi-

145 1366 309 1407 tudinis
354 1367 397 1406 in
438 1378 486 1406 se
529 1365 680 1406 oculos
711 1366 1021 1413 converterat,

145 1430 241 1470 fieri
271 1440 359 1469 non
389 1430 551 1480 potuit,
598 1430 728 1480 quin,
776 1440 879 1469 cum
911 1439 1025 1468 non-

146 1493 228 1532 nisi
257 1502 475 1543 perquam
506 1491 635 1543 pauci
667 1492 741 1530 aut
772 1491 918 1542 ipsum
950 1491 1025 1529 aut

144 1554 412 1595 Maecenatis
442 1554 485 1592 in
517 1564 621 1592 eum
652 1554 850 1592 animum
888 1563 1025 1592 accu-

144 1617 282 1656 ratius
331 1615 696 1666 introspicerent,
749 1626 771 1653 a
822 1613 1023 1666 plurimis

145 1689 258 1719 unus
304 1689 355 1718 ex
398 1676 655 1728 volgaribus
699 1676 779 1717 illis
824 1677 1023 1717 fortunae

147 1740 244 1781 filiis
274 1740 541 1790 haberetur,
590 1739 743 1792 quales
777 1742 879 1792 post
918 1740 1024 1779 civi-

143 1803 250 1844 lium
273 1803 617 1843 conversionum
638 1801 791 1842 turbas
809 1804 853 1842 et
879 1803 921 1841 in
941 1802 1026 1842 hac

145 1864 523 1906 nobilissimarum
554 1863 819 1904 familiarum
847 1865 972 1904 ruina
1000 1876 1022 1904 a

145 1928 331 1968 civitatis
362 1927 551 1967 dominis
591 1928 666 1966 aut
705 1938 1024 1979 oppressarum

145 1992 220 2030 aut
249 1989 407 2042 opibus
430 1988 743 2029 destitutarum
766 1988 913 2041 amplo
941 2001 1026 2030 nu—

146 2064 271 2094 mero
302 2053 442 2093 exorti
474 2054 618 2101 erant,
659 2052 734 2103 qui
763 2063 901 2104 prava
928 2064 1026 2092 am-

146 2116 309 2156 bitione
340 2113 546 2166 malaque
569 2113 802 2154 sedulitate
833 2115 876 2154 in
897 2114 1027 2154 fami-

146 2177 379 2218 liaritatem
427 2178 696 2217 Maecenatis
745 2177 1023 2228 irrepsisset,

146 2242 195 2280 ut
222 2240 416 2279 honores
440 2242 483 2278 et
513 2251 622 2291 opes
642 2243 898 2279 venaretur.
955 2241 1029 2279 At-

148 2313 235 2353 que
258 2301 475 2341 adversus
500 2301 616 2341 hanc
637 2301 781 2351 ipsam
803 2301 1026 2341 sinistram

149 2365 203 2404 de
235 2374 282 2404 se
306 2363 606 2414 suspicionem
628 2364 672 2402 et
702 2363 932 2402 hominum
954 2365 1030 2402 aut

148 2425 438 2478 ignorantiam
454 2426 527 2464 aut
543 2423 899 2465 malevolentiam
915 2424 1027 2463 haec

148 2488 280 2529 satira
319 2487 567 2538 conscripta
606 2497 704 2526 esse
742 2485 872 2526 nobis
901 2486 1028 2526 vide—

149 2553 233 2589 tur.
286 2550 538 2589 Generosus
565 2549 685 2588 enim
704 2550 837 2600 poeta
857 2548 1028 2588 virtutis

149 2623 255 2652 suae
301 2610 386 2652 sibi
430 2611 634 2651 conscius
675 2612 718 2650 et
762 2611 1029 2662 sapientium

149 2674 400 2726 praeceptis
430 2674 516 2713 iam
547 2684 572 2712 a
602 2673 768 2713 teneris
799 2674 925 2713 annis
947 2673 1030 2712 ho-

150 2747 310 2776 norum
347 2747 400 2776 ao
431 2736 685 2775 divitiarum
724 2736 905 2775 inanem
936 2734 1031 2786 glo-

148 2799 262 2838 riam
292 2809 505 2850 spernere
529 2797 714 2838 edoctus
745 2798 830 2837 hoc
851 2800 896 2837 et
915 2799 1031 2838 Mae-

151 2861 294 2901 cenati
324 2871 405 2900 suo
437 2862 482 2900 et
510 2859 690 2900 sibimet
729 2860 813 2911 ipsi
853 2858 1028 2908 debuit,

151 2924 199 2961 ut
229 2921 398 2962 civibus
426 2923 517 2962 suis
549 2921 898 2969 demonstraret,
944 2933 1029 2972 qua

152 2983 320 3022 ratione
363 2984 629 3023 Maecenatis
664 2984 904 3024 amicitiam
948 2983 1030 3024 sibi

154 3043 454 3093 conciliasset,
502 3046 547 3084 et
589 3056 724 3096 quam
761 3046 942 3086 minime
978 3057 1028 3086 ea

153 3106 209 3146 ad
240 3105 471 3158 splendida
502 3106 545 3145 in
567 3117 615 3146 re
644 3106 823 3158 publica
844 3118 1029 3147 munera

154 3167 370 3220 captanda
403 3166 487 3218 [vel
519 3167 575 3206 ad
604 3168 776 3219 iniquos
801 3180 905 3210 suos
927 3181 1034 3221 qua-

155 3241 330 3281 cunque
374 3231 543 3269 ratione
589 3230 914 3281 aggrediendos
962 3231 1031 3272 vel

156 3293 288 3332 etiam
337 3291 670 3343 opprimendos]
723 3291 845 3331 abuti
883 3292 1029 3333 vellet.

156 3354 247 3393 Hoc
287 3364 465 3405 quoque
510 3352 858 3404 prudentissime
904 3354 1029 3403 fecit,

158 3415 276 3466 quod
320 3415 377 3455 ad
406 3416 711 3457 Maecenatem
750 3415 1034 3466 potissimum

157 3476 272 3517 hanc
300 3477 482 3518 satiram
513 3477 699 3529 scripsit.
761 3477 822 3516 Ita
852 3478 968 3518 enim
991 3479 1035 3518 et

1090 1116 1299 1157 omnibus
1331 1127 1445 1166 quae
1477 1118 1625 1156 nai-rat
1657 1127 1709 1155 eo
1732 1116 1967 1154 certiorem

1091 1179 1226 1218 fidem
1258 1178 1478 1220 conciliat.
1521 1182 1564 1218 et
1594 1179 1774 1218 nimiam
1808 1178 1970 1218 summi

1091 1243 1220 1282 amici
1255 1240 1575 1289 laudationem,
1624 1242 1665 1280 in
1697 1253 1831 1292 quam
1862 1240 1970 1279 alio—

1091 1305 1196 1355 quin
1229 1302 1437 1343 aberrare
1477 1305 1671 1354 poterat,
1719 1301 1970 1343 felicissime

1092 1366 1255 1416 effugit.
1309 1367 1416 1404 ZELL
1439 1377 1491 1405 ex
1514 1366 1786 1405 llssixnonrio.
1841 1365 1972 1414 (Scri-

1089 1431 1163 1480 pta
1202 1429 1314 1467 haec
1347 1429 1477 1467 satira
1509 1427 1685 1466 videtur
1725 1427 1906 1466 Frankio
1930 1430 1971 1466 et

1090 1489 1373 1530 Grotefendio
1396 1501 1433 1528 a.
1458 1501 1501 1528 u.
1528 1502 1565 1529 c.
1593 1490 1706 1535 717„
1731 1489 1971 1528 Kirchnero

1090 1553 1203 1601 748„
1243 1552 1498 1592 Weicherto
1529 1553 1623 1593 724.
1677 1551 1762 1590 Sed
1802 1551 1971 1591 Frankii

1090 1616 1235 1666 opinio
1267 1615 1459 1654 maxime
1491 1616 1558 1654 est
1595 1613 1860 1665 probabilis,
1909 1613 1972 1653 sic

1091 1679 1208 1718 enim
1239 1678 1439 1729 proxime
1471 1676 1762 1727 subsequitur
1798 1677 1881 1715 iter
1920 1674 1973 1714 il-

1088 1738 1163 1779 lud
1192 1738 1507 1778 Brundisinum
1539 1738 1625 1776 Sat.
1659 1737 1715 1787 5.)

1146 1801 1236 1840 4—6.
1286 1800 1500 1849 Lydorum
1531 1799 1746 1849 quidquid]
1787 1798 1883 1838 Vid.
1917 1799 1973 1838 ad

1090 1862 1229 1914 Epod.
1262 1863 1310 1911 5,
1345 1863 1383 1901 4.
1436 1862 1497 1901 Ex
1528 1862 1708 1912 antiqua
1739 1861 1852 1901 sama
1878 1862 1975 1911 (He-

1090 1924 1188 1964 rod.
1224 1925 1268 1974 l,
1301 1923 1384 1974 94.)
1416 1923 1605 1963 refutata
1636 1935 1661 1962 a
1686 1924 1868 1974 Dionys.
1891 1924 1975 1962 Ha-

1091 1986 1159 2026 lic.
1203 1987 1240 2026 11.
1281 1997 1326 2037 p.
1368 1986 1413 2026 24
1465 1996 1565 2036 sqq.
1613 1986 1660 2025 R.
1704 1985 1814 2035 Lydi
1859 1985 1973 2024 duce

1092 2048 1343 2099 Tyrrheno,
1376 2048 1498 2097 Atyis
1526 2048 1642 2098 regis
1672 2046 1780 2097 filio,
1814 2048 1857 2087 in
1887 2049 1974 2086 Ita-

1091 2109 1194 2150 liam
1215 2121 1318 2150 cum
1341 2110 1754 2160 transmigrassem,
1778 2109 1838 2149 ibi
1861 2110 1975 2167 Τυρ-

1092 2170 1254 2226 σηνῶν
1311 2183 1346 2212 s.
1398 2172 1734 2222 Tyrrhenorum
1792 2172 1974 2211 nomine

1091 2236 1312 2275 Etruriam
1342 2233 1633 2274 incoluerunt.
1670 2233 1774 2285 (Alia
1805 2237 1874 2274 est
1897 2245 1976 2285 ge-

1093 2297 1291 2349 nealogia
1322 2298 1364 2336 in
1396 2295 1541 2336 Schol
1567 2295 1673 2336 Plat.
1704 2308 1747 2348 p.
1773 2296 1868 2337 948.
1893 2296 1971 2336 Ed.

1093 2361 1293 2399 nostrae:
1342 2353 1593 2414 Τυρῥηνοῦ
1622 2355 1709 2397 τοῦ
1739 2352 1975 2414 Ἄγρωνος

1093 2418 1177 2461 τοῦ
1209 2415 1376 2470 Ἄτυος
1413 2416 1498 2459 τοῦ
1544 2416 1742 2470 Λυδοῦ.)
1777 2442 1822 2448 -
1854 2421 1976 2459 Inco-

1092 2483 1181 2535 luit]
1215 2484 1460 2534 «quotquot
1477 2481 1580 2522 olim
1598 2483 1906 2532 immigiarunt
1933 2484 1977 2522 et

1093 2557 1174 2597 per
1209 2547 1423 2596 nepotum
1461 2545 1627 2584 seriem
1664 2543 1810 2584 adhuc
1853 2545 1977 2584 inco-

1093 2606 1208 2656 lunt,
1256 2607 1349 2647 sive
1387 2607 1430 2645 in
1467 2607 1563 2658 ipsa
1593 2607 1766 2646 Etruria
1796 2617 1978 2646 manse-

1094 2671 1219 2719 runt,
1262 2670 1356 2709 sive
1394 2669 1580 2709 Romam
1603 2679 1651 2709 se
1673 2667 1973 2717 contulerunt,

1094 2734 1142 2771 ut
1170 2733 1350 2783 praeter
1381 2729 1543 2771 Cilnios
1575 2731 1812 2780 Caecinae,
1861 2732 1978 2783 Spu-

1095 2795 1284 2833 rinnae»
1334 2794 1420 2833 cet.
1476 2817 1520 2820 —
1582 2794 1976 2842 avus-maternus]

1096 2854 1311 2907 Singulari
1352 2866 1478 2895 more
1520 2855 1648 2895 Tusci
1684 2856 1980 2905 metronymi-

1096 2919 1159 2958 cis
1217 2917 1495 2968 frequentius
1546 2917 1680 2957 etiam
1738 2916 1980 2956 utebantur

1097 2990 1234 3031 quam
1281 2979 1628 3031 patronymicis,
1689 2980 1738 3018 ut
1795 2980 1980 3031 apparet.

1097 3041 1245 3081 multis
1277 3052 1330 3081 ex
1365 3040 1731 3092 Inscriptionibus
1766 3041 1977 3088 Etruscis,

1096 3104 1314 3156 imprimis
1346 3114 1400 3143 ex
1429 3101 1611 3153 bilingui
1649 3102 1767 3154 apud
1804 3102 1981 3142 Vermi-

1098 3165 1291 3217 gliolium
1314 3167 1474 3217 Opusc.
1499 3165 1570 3205 IV.
1595 3176 1638 3216 p.
1661 3165 1705 3204 54
1727 3176 1735 3202 z
1770 3165 1976 3204 CVINTE.

1096 3229 1267 3269 ZENTI.
1291 3226 1555 3267 ARNTNAL.
1586 3238 1637 3264 =
1664 3227 1710 3276 Q.
1736 3226 1976 3266 SENTIVS.

1098 3292 1142 3331 L.
1194 3291 1240 3330 F.
1292 3289 1461 3330 ARRIA.
1508 3288 1696 3329 NATUS.
1771 3287 1981 3337 Loquitur

1099 3364 1187 3393 non
1226 3352 1281 3392 de
1314 3350 1462 3393 Cilniis
1506 3351 1735 3397 Romanis,
1787 3359 1978 3399 quorum

1100 3426 1232 3455 nemo
1254 3425 1452 3465 unquam
1474 3412 1627 3454 consul
1657 3412 1735 3452 fuit
1755 3412 1830 3450 aut
1851 3421 1981 3450 exer-

1101 3478 1212 3518 citus
1244 3476 1390 3525 duxit,
1425 3475 1504 3517 sed
1537 3475 1591 3516 de
1624 3474 1785 3514 horum
1806 3473 1982 3514 maiori-
