2231 3787
212 247 312 299 ΜΟ

812 247 1023 286 HORATll
1058 247 1424 288 EPISTULARUM

283 379 456 432 Tertia
496 378 789 431 succedant
828 387 879 430 et
918 394 1058 448 quae
1098 395 1221 447 pars
1271 376 1499 446 quadrat
1543 391 1811 428 acervum.
1961 375 2028 425 35

287 480 500 534 Scilicet
540 497 760 533 uxorem
800 496 922 534 cum
960 478 1085 532 dote
1126 477 1396 547 fidemque
1437 484 1488 529 et
1525 475 1727 528 amicos

284 583 345 637 Et
382 599 551 653 genus
591 590 643 636 et
682 581 903 634 sormam
942 579 1125 650 regina
1165 577 1401 631 Pecunia
1439 577 1626 639 donat,

280 687 354 738 Ac
393 683 532 737 bene
572 691 902 736 nummatum
942 681 1162 734 decorat
1201 678 1433 733 Suadela
1473 680 1778 750 Venusque.

285 785 560 856 Mancipiis
599 783 840 854 locuples
881 790 1003 854 eget
1043 782 1183 836 aeris
1224 781 1608 852 Cappadocum
1646 799 1763 835 rex:

282 890 358 941 Ne
397 887 560 939 fueris
600 885 686 939 hic
726 894 795 938 tu.

874 883 1199 956 Chlamydes
1239 882 1518 943 Lucullus,
1560 891 1618 938 ut
1656 883 1826 936 aiunt.

1965 884 2033 935 40

323 1037 390 1077 35.
424 1037 607 1086 quadrat
636 1035 779 1083 bScE,
814 1033 883 1074 alii
913 1033 1060 1083 multi,
1094 1035 1183 1074 FO:
1218 1035 1395 1084 quadret
1422 1045 1467 1086 p,
1501 1033 1571 1074 alii
1602 1034 1813 1083 Codices,
1846 1034 1980 1073 Bent-

266 1099 397 1149 leius,
431 1100 485 1139 M.
524 1121 568 1127 -
602 1098 668 1138 37.
691 1097 887 1149 formam]
918 1109 1066 1138 nomen
1095 1108 1138 1149 p.
1177 1120 1219 1125 -—
1254 1097 1320 1137 38.
1358 1097 1428 1149 Ac]
1460 1098 1572 1137 Nam
1602 1107 1824 1148 superscr.
1858 1096 1915 1136 Ac
1935 1098 1975 1135 S.

213 1235 298 1274 tius
331 1235 375 1273 et
394 1232 629 1273 Obbarms.
675 1234 769 1272 Non
792 1234 935 1282 recte,
959 1234 1088 1283 puto3

211 1298 347 1336 immo
379 1296 548 1335 dictum
587 1297 676 1344 est,
719 1296 767 1333 ut
804 1295 979 1334 Petron.
1012 1294 1087 1333 76:

213 1371 292 1398 uno
333 1369 458 1398 cursu
497 1359 645 1397 centies
681 1358 911 1397 sestertium
945 1368 1093 1396 corro—

212 1421 399 1460 fundavi.
450 1422 594 1471 Atque
617 1421 679 1460 sic
702 1420 837 1460 etiam
867 1420 907 1458 in
941 1430 1095 1458 recen-

214 1483 402 1523 tioribus
433 1482 605 1533 linguis.
631 1481 852 1533 Gargano:
884 1483 918 1522 Il
948 1492 1094 1520 mimer

213 1547 247 1585 si
278 1546 455 1585 rotondi.
504 1545 638 1584 Voss:
674 1546 814 1584 Riinde
835 1545 1095 1584 dirtausend

219 1608 388 1654 Talent';
414 1618 646 1659 nuperque
668 1606 753 1658 legi
775 1607 818 1646 in
835 1607 954 1647 Actis
977 1606 1097 1645 diur-

215 1673 281 1712 nis
335 1670 670 1721 Francogallicis
722 1672 757 1710 le
807 1671 1009 1711 Nalioual
1051 1672 1091 1710 7.

215 1734 354 1773 Arrii:
387 1734 496 1773 leurs
515 1735 825 1783 appointemens
845 1734 1097 1773 s’arrondis-

216 1801 304 1837 sent
334 1808 433 1836 avec
461 1796 681 1848 rapidite‘.)
708 1820 751 1824 ——
779 1796 927 1848 porro]
959 1798 1093 1846 Iunge

218 1871 321 1900 cum
335 1871 406 1899 vv,
423 1863 460 1898 et
479 1860 624 1906 tertia,
648 1869 750 1906 non,
776 1861 824 1898 ut
838 1858 991 1898 volunt
1007 1857 1092 1907 alii,

219 1932 322 1962 cum
343 1932 383 1960 V.
409 1921 557 1960 altera.
581 1943 625 1948 -
648 1920 881 1971 succedant]
906 1919 987 1959 «ad
1009 1919 1096 1959 duo

217 1985 364 2037 priosa
395 1981 606 2034 paulatim
639 1982 899 2022 accedant.»
926 2005 971 2009 --
995 1993 1098 2031 qua-

219 2049 315 2085 drat
345 2044 555 2096 acervum]
590 2044 777 2093 «efficit,
811 2046 859 2083 ut
889 2045 1098 2095 quattuor

220 2106 338 2147 milia
356 2106 517 2146 talenta
535 2105 747 2146 habeas.»
772 2106 958 2146 Secutus
979 2117 1097 2145 nunc

220 2181 319 2210 sum
336 2169 747 2219 antiquissimorum
765 2170 809 2208 et
825 2169 1097 2220 optimorum

221 2232 360 2272 Codd.
411 2231 743 2280 auctoritatem,
809 2231 1098 2271 indicativum

219 2306 326 2347 prae
359 2306 405 2335 se
437 2294 696 2343 ferentium,
742 2305 878 2345 quem
914 2295 1099 2345 propter

218 2368 290 2396 xv.
316 2358 591 2396 rotundentur
613 2358 657 2396 et
686 2357 907 2396 succedant
925 2357 971 2395 in
994 2368 1100 2396 con-

219 2420 461 2458 junctivum
478 2420 698 2459 mutatum
716 2430 815 2459 esse
832 2430 948 2459 reor.
974 2420 1099 2459 Hunc

220 2483 401 2534 quidem
432 2483 623 2522 hominis
644 2483 762 2522 avari
790 2485 943 2522 votum
964 2483 1098 2532 atque

221 2556 349 2597 spem
412 2543 571 2583 melius
630 2545 877 2595 significare
936 2546 1100 2597 opinati

224 2608 338 2647 sunt.
396 2606 607 2646 Ceterum
651 2618 693 2645 v,
742 2609 957 2656 quadrare
998 2619 1100 2647 raro

223 2670 447 2721 propriam
494 2670 535 2708 et
579 2668 770 2719 primam
816 2670 1101 2720 significatio—

224 2744 328 2772 nem
358 2734 527 2780 servat,
571 2732 651 2771 sed
680 2730 947 2783 plerumque
978 2734 1102 2772 tran-

226 2795 349 2833 sitive
383 2795 450 2832 est
490 2795 617 2844 «apte
660 2793 907 2845 complere,
952 2792 1102 2834 absol-

226 2866 377 2903 vere,»
400 2856 673 2895 intransitive
694 2867 982 2907 «congruere,
1002 2867 1105 2895 con-

228 2918 400 2965 tenire,
444 2918 739 2957 consentire.»
790 2919 882 2958 Hoc
921 2918 1103 2969 quidem

226 2978 324 3018 loco
367 2981 579 3028 quadrare
615 2980 808 3030 positum
847 2983 915 3020 est
951 2980 1106 3019 callida

228 3043 421 3081 iunctura
452 3052 533 3093 per
561 3038 806 3082 ἀντίθεσιν
835 3054 936 3083 cum
967 3054 1008 3081 ν.
1031 3054 1105 3081 ro-

230 3104 422 3142 tundare.
1040 3111 1053 3120 ··

286 3165 432 3204 36-38.
481 3165 641 3205 Scilicet
670 3165 861 3216 uxorem]
893 3167 984 3205 Iam
1007 3166 1107 3205 κατ’

231 3228 475 3285 εὶρωνειάν
547 3230 780 3267 enumerat
853 3228 1104 3278 commoda,

233 3302 346 3340 quae
384 3291 570 3341 pecunia
611 3289 829 3341 praebere
868 3289 1020 3330 soleat.
1061 3315 1103 3318 -—

228 3352 363 3402 fidem]
397 3353 437 3391 in
470 3352 605 3392 rebus
631 3352 918 3404 pecuniariis,
954 3354 1104 3392 Credit.

234 3416 381 3453 luven.
403 3415 448 3462 3,
481 3414 574 3455 ¹43:
611 3416 822 3465 Quantum
842 3416 1013 3465 quisque
1032 3427 1107 3455 sua

233 3488 496 3517 unntmOrwn
528 3482 664 3518 servat
695 3479 732 3516 in
766 3490 895 3526 arca,
935 3479 1105 3516 Tantum

1154 1230 1330 1270 habetet
1349 1229 1460 1280 fidei.
1493 1231 1633 1268 Prave
1656 1229 1871 1268 Diintzer:
1910 1230 2035 1269 Treue

1153 1291 1506 1343 Anhanylichkeit.
1550 1313 1590 1320 —
1632 1291 1768 1331 Genus
1809 1292 1960 1331 autem
2000 1295 2036 1331 et

1153 1356 1336 1406 formam
1378 1355 1596 1406 praestat,
1643 1355 1864 1405 quatenus
1910 1352 2036 1393 locu-

1154 1417 1272 1469 ples,
1324 1417 1405 1456 etsi
1454 1416 1606 1456 infimo
1650 1415 1748 1455 loco
1794 1418 1917 1457 ortus
1959 1416 2032 1456 vel

1156 1479 1335 1519 sordido
1367 1479 1555 1530 quaestu
1590 1477 1905 1530 locupletatus,
1954 1479 2035 1518 etsi

1158 1541 1392 1590 deformis,
1435 1540 1600 1590 infans,
1640 1541 1924 1590 invenustus,
1960 1552 2038 1581 ae-

1160 1615 1247 1655 que
1271 1606 1421 1643 tamen
1443 1614 1467 1642 a
1487 1602 1616 1653 volgo
1637 1603 1881 1642 honoratur
1901 1604 1945 1642 et
1966 1614 2040 1643 su-

1159 1667 1342 1718 spicitur
1364 1677 1416 1705 ac
1436 1667 1472 1706 si
1503 1676 1770 1716 generosus,
1805 1665 2035 1716 eloquens,

1159 1728 1347 1780 pulcher
1385 1730 1518 1778 atque
1559 1729 1775 1768 venustus
1820 1729 1952 1767 esset.
1992 1751 2035 1756 -

1158 1792 1309 1843 regina
1335 1789 1528 1841 Pecunia]
1567 1791 1629 1829 Ex
1666 1790 1752 1829 hoc
1792 1791 1834 1829 et
1877 1789 2039 1831 talibus

1160 1854 1268 1894 iocis
1295 1853 1531 1904 desumpta
1562 1852 1790 1902 videntur,
1825 1863 1939 1903 quae
1963 1854 2042 1893 Ar-

1161 1917 1320 1961 nobius
1342 1916 1388 1965 4,
1423 1916 1461 1955 9.
1497 1917 1540 1956 et
1571 1916 1843 1967 Augustinus
1865 1915 1920 1956 de
1945 1916 2035 1956 Civ.

1161 1982 1212 2020 D.
1237 1980 1286 2030 4,
1319 1980 1386 2019 ⁶20.
1421 1979 1476 2018 de
1509 1979 1592 2019 dea
1623 1979 1814 2019 Pecunia
1853 1979 1910 2018 ita
1950 1980 2041 2018 tra—

1163 2044 1294 2093 dunt,
1329 2054 1380 2082 ac
1412 2043 1445 2082 si
1478 2053 1525 2082 re
1547 2053 1654 2082 vera
1682 2040 1840 2081 sacella
1863 2040 2043 2081 habuis-

1163 2108 1230 2146 set
1265 2105 1382 2157 apud
1423 2106 1661 2144 Romanos.
1711 2104 1880 2144 Verum
1908 2101 2042 2161 διαρ-

1162 2164 1313 2226 ῥήδην
1342 2165 1533 2207 Iuvenal.
1560 2167 1576 2205 11
1599 2198 1606 2214 ,
1642 2165 1740 2206 443:
1772 2166 1938 2217 funesta
1965 2168 2042 2206 Pe-

1161 2233 1287 2272 cunia
1317 2230 1465 2280 templo
1493 2230 1688 2269 Nondum
1719 2228 1905 2277 habilas;
1943 2230 2042 2269 nul-

1163 2295 1224 2334 las
1266 2303 1536 2333 ‘nummorum
1579 2291 1789 2331 ereximus
1831 2302 1946 2331 aras.
1993 2315 2038 2320 --

1163 2357 1331 2397 Dicitur
1361 2356 1513 2395 autem
1540 2355 1692 2405 reclina
1732 2353 1892 2394 eadem
1929 2355 2042 2394 ima·

1164 2421 1286 2471 gine,
1333 2429 1419 2469 qua
1465 2416 1583 2469 apud
1615 2417 1704 2457 Cic.
1742 2417 1798 2456 de
1835 2417 1950 2457 Orat.
1988 2418 2038 2466 2,

1164 2483 1241 2532 44,
1276 2482 1368 2522 487.
1404 2492 1431 2520 a
1461 2481 1564 2520 bono
1586 2483 1716 2530 poeta
1745 2480 1859 2519 dicta
1886 2483 1944 2520 est
1970 2482 2043 2532 tle-

1162 2545 1344 2585 oeanima
1387 2547 1510 2593 atque
1554 2543 1739 2583 omnium
1776 2542 1925 2594 regina
1972 2553 2044 2582 re—

1164 2619 1260 2647 rum
1290 2607 1440 2646 oratio.
1469 2626 1512 2633 —
1539 2605 1634 2645 bene
1654 2605 1930 2654 nummatum]
1950 2604 2039 2645 Cic.

1166 2670 1220 2709 de
1251 2668 1347 2720 lege
1379 2679 1469 2719 agr.
1493 2669 1544 2718 Ξ,
1576 2668 1654 2717 ⁶22,
1688 2667 1761 2706 59:
1808 2667 2041 2706 adolescens

1165 2743 1248 2770 ηοη
1275 2732 1412 2770 ηιὶηαε
1440 2730 1538 2770 bene
1567 2733 1806 2769 nummatus
1826 2740 1953 2779 quam
1974 2728 2043 2768 be-

1165 2804 1216 2832 ue
1257 2792 1493 2842 capillatus.
1532 2816 1576 2820 —
1610 2791 1807 2842 Suadela]
1852 2788 2041 2841 Πειθώ,

1167 2854 1305 2894 Ennio
1343 2853 1488 2892 Suada
1527 2853 1630 2903 (Cic.
1668 2854 1787 2892 Brut.
1823 2854 1895 2903 45,
1940 2853 2041 2904 59.),

1163 2916 1443 2967 persuadendi
1473 2916 1551 2955 dea
1582 2914 1756 2964 Quintil.
1791 2915 1866 2965 slO,
1893 2917 1908 2955 4
1933 2947 1940 2964 ,
1973 2916 2039 2956 82.

1171 3001 1217 3007 —
1255 2977 1398 3029 Venus]
1429 2977 1500 3016 hic
1530 2988 1611 3029 pro
1631 2979 1864 3018 venustate
1887 2980 1930 3017 et
1949 2988 2046 3029 gra-

1171 3042 1240 3080 tia.
1294 3040 1401 3080 Plin.
1426 3040 1476 3079 H.
1500 3041 1549 3079 N.
1575 3039 1650 3088 35,
1686 3040 1761 3088 40,
1795 3039 1866 3079 36:
1914 3040 2046 3080 deesse

1170 3104 1219 3142 iis
1233 3114 1364 3142 unam
1384 3103 1500 3142 illam
1523 3103 1730 3150 Venerem,
1750 3112 1877 3151 quam
1893 3102 2047 3141 Graeci

1172 3162 1360 3223 Χάριτα
1389 3169 1551 3204 vocant.
1604 3166 1774 3204 Seneca
1804 3163 1860 3204 de
1891 3163 2042 3203 Benef.

1172 3230 1218 3277 ΞΖ,
1255 3230 1324 3268 42:
1357 3228 1429 3267 Ille
1457 3239 1540 3267 non
1570 3230 1628 3267 est
1658 3227 1755 3266 mihi
1777 3237 1864 3276 pai·
1883 3225 2047 3265 virtuti-

1173 3291 1244 3330 bus
1273 3302 1344 3330 nec
1365 3290 1532 3341 officiiS,
1565 3290 1634 3329 sed
1661 3288 1803 3328 habuit
1832 3298 1954 3326 suam
1978 3288 2049 3327 Ve-

1174 3364 1323 3393 nerem.
1354 3375 1396 3380 -
1423 3352 1546 3400 Quod
1579 3351 1850 3398 memorant,
1885 3350 2049 3390 utram-

1175 3426 1259 3467 que
1313 3415 1444 3454 deam
1489 3410 1699 3454 σύνναον
1750 3412 1884 3452 fuisse
1930 3411 2049 3463 apud

1174 3481 1364 3517 Graecos
1413 3488 1576 3527 easque
1628 3475 1787 3526 nuptiis
1836 3474 2044 3526 propitias
