2231 3787
873 252 968 290 ΜΒ.
1004 253 1035 290 1.
1098 253 1209 291 sAT.
1242 253 1310 290 iv.
1945 250 2013 301 83

264 385 538 438 Exanimat
575 384 871 454 mortisque
912 391 1055 435 metu
1096 381 1193 435 sibi
1235 398 1460 452 parcere
1502 381 1668 451 cogit,

263 487 349 540 Sic
389 496 605 539 teneros
647 485 853 538 animos
895 484 1067 537 aliena
1109 483 1401 555 opprobria
1440 500 1605 553 saepi¹

263 589 576 642 Absterront
614 588 769 640 vitiis,
849 588 923 639 Ex
962 586 1064 640 hoc
1103 604 1203 658 ego
1244 603 1407 640 sanus
1448 584 1515 638 ab
1556 583 1681 646 illis,

264 691 565 744 Perniciem
604 706 964 762 quaecunque
1004 688 1202 751 serunt,
1245 686 1612 742 mediocribus
1653 695 1703 740 et
1746 686 1866 757 quis
1914 685 2016 738 430

264 796 517 865 Ignoscas
555 793 696 846 vitiis
737 801 954 857 teneor3
996 791 1236 845 fortassis
1276 799 1328 844 et
1366 790 1520 844 istinc

264 896 505 967 Largiter
545 895 825 949 abstulerit
863 894 1020 966 longa
1060 902 1232 956 aetas,
1274 893 1411 947 liber
1450 893 1678 955 amiCuS‚

268 997 561 1052 Consilium
596 998 892 1069 proprium3
934 1014 1112 1068 neque
1141 995 1297 1056 enim,
1341 1012 1464 1048 cum
1490 993 1718 1048 lectulus
1748 1002 1837 1047 aut
1863 1010 1948 1046 mo

269 1101 510 1154 Porticus
551 1101 788 1170 excepit,
833 1098 1025 1152 desum
1064 1097 1207 1150 mihi.
1284 1097 1499 1151 Rectius
1538 1095 1640 1150 hoc
1680 1096 1782 1149 esti

267 1204 381 1256 Hoc
420 1202 621 1256 faciens
663 1202 840 1254 vivam
881 1200 1104 1253 melius!
1148 1199 1235 1253 Sic
1277 1198 1450 1252 dulcis
1491 1198 1678 1252 amicis
1924 1197 2024 1250 *135

268 1304 592 1359 Occurraml
635 1304 750 1357 Hoc
789 1302 1012 1374 quidam
1050 1319 1156 1355 non
1194 1301 1361 1366 belle3
1403 1300 1665 1372 numquid
1707 1317 1807 1371 ego
1848 1299 1920 1351 illi

268 1406 587 1478 Imprudens
628 1405 753 1459 olim
793 1404 984 1458 faciam
1024 1403 1238 1458 simile?
1268 1448 1276 1457 .
1308 1446 1353 1455 ..
1398 1404 1545 1456 Haec
1584 1419 1685 1474 ego
1725 1419 1939 1455 mecum

269 1509 609 1578 Compressis
649 1509 790 1579 agito
829 1507 1022 1572 labris3
1064 1507 1157 1560 ubi
1197 1506 1326 1578 quid
1369 1505 1527 1559 datur
1565 1506 1661 1566 oti,

269 1610 439 1664 Illudo
480 1610 693 1665 chartis.
770 1611 885 1664 Hoc
925 1617 1007 1663 est
1045 1608 1412 1663 mediocribus
1452 1607 1552 1660 illis

270 1715 343 1766 Ex
380 1713 522 1766 vitiis
561 1731 756 1776 unum;
798 1712 881 1765 cui
925 1712 965 1765 si
1007 1711 1310 1764 concedere
1350 1709 1509 1770 nolis,
1932 1711 2032 1763 «140

316 1912 408 1952 ⁴32.
462 1912 707 1952 abstulerint
746 1924 769 1951 c
810 1913 854 1951 et
883 1923 949 1963 pr.
994 1911 1036 1949 d.
1082 1909 1316 1961 (abstulerit
1355 1921 1471 1950 corr.
1507 1911 1566 1962 d.)
1619 1936 1662 1940 —-
1711 1912 1804 1954 434.
1858 1915 2034 1963 excipiet

253 1986 480 2028 superscr.
514 1977 675 2026 eae-cepit
709 1976 749 2015 S.
802 1997 848 2004 —-
899 1975 991 2015 439.
1041 1974 1236 2014 lncrifmbo
1267 1984 1308 2025 p.
1364 1995 1408 2001 -
1458 1973 1552 2014 1140.
1604 1975 1714 2015 noles
1757 1975 1979 2016 Bentleius

256 2040 527 2078 coniectura.

200 2197 262 2235 uti
297 2206 454 2247 spem,
496 2206 651 2236 rursus
688 2195 899 2236 defendet
933 2194 1079 2236 soloe«

202 2268 304 2297 cum
333 2257 456 2297 illud:
485 2257 548 2297 An
566 2279 585 2286 -
603 2269 742 2298 necne.
772 2281 810 2288 —
840 2259 984 2298 iimtile
1011 2259 1084 2310 fa-

201 2321 281 2372 ctu]
314 2320 357 2359 id
380 2322 467 2368 est,
503 2321 730 2368 «noxium,
766 2320 1082 2369 damnosum,»

202 2385 250 2422 ut
305 2382 536 2432 aliquoties
585 2382 705 2433 apud
754 2381 1080 2430 Quintilianum.

204 2444 291 2485 Cfr.
316 2443 523 2496 Spalding
551 2445 607 2484 ad
636 2446 681 2493 5,
717 2445 791 2495 40,
824 2445 891 2485 82.
940 2446 1083 2496 Atque

202 2518 385 2559 prorsus
436 2508 498 2548 sic
548 2508 702 2547 Graeci
750 2509 968 2559 usurpant
1012 2519 1082 2547 vv.

203 2564 422 2627 ἀχρεῖον,
454 2563 718 2626 ἄχρηστον.
755 2592 801 2599 -
833 2572 986 2622 flaqret
1014 2581 1087 2608 ru-

202 2633 331 2684 more]
392 2633 582 2683 imagine
634 2643 658 2672 a
708 2632 870 2672 nostris
929 2631 1086 2683 linguis

206 2695 362 2736 aliena.
396 2697 505 2735 Nos:
552 2696 633 2735 ein
661 2695 807 2735 ilbler
845 2696 948 2746 Rus
976 2706 1088 2735 vei·-

204 2757 354 2809 folqt,
388 2752 631 2808 bedra'nq't
661 2758 851 2806 diesen,
885 2768 937 2796 er
964 2757 1087 2796 steht

205 2821 258 2859 in
299 2819 465 2858 abiem
507 2819 651 2870 Rufe.
699 2842 744 2848 —-
783 2819 947 2871 Avidos]
992 2820 1087 2858 «in-

205 2882 553 2932 temperantes.»
615 2882 768 2920 SCHOL.
815 2902 859 2908 —
893 2882 963 2921 Eoe
998 2880 1086 2932 hoc]

210 2943 389 2991 «hinc»,
435 2942 487 2982 ἑκ
530 2939 730 2991 τούτου,
767 2944 875 2984 «hac
920 2943 1088 2983 educa-

209 3006 368 3045 tione».
407 3028 450 3033 —
483 3005 586 3046 liber
615 3006 788 3058 amicus]
825 3001 1089 3063 παρῥησια-

210 3063 350 3119 στής,
395 3068 495 3117 «qui
534 3078 636 3107 mea
673 3069 778 3107 vitia
809 3080 912 3108 cum
952 3067 1090 3107 liber—

211 3132 300 3170 tate
332 3129 565 3180 corrigat.»
600 3152 644 3157 —
668 3131 853 3180 lectulus]
886 3130 1092 3170 lucubra-

209 3193 362 3232 torius.
408 3214 452 3219 —
493 3191 693 3242 Porticus]
729 3193 805 3232 «in
844 3204 930 3244 qua
970 3192 1089 3233 solus

211 3252 501 3294 deambulare
533 3251 697 3293 soleo.»
731 3276 777 3283 —-
807 3256 946 3294 desum
974 3255 1087 3306 mihi]

213 3327 326 3357 «non
356 3315 548 3366 negligo,
581 3315 703 3366 quod
733 3315 861 3355 officii
882 3318 971 3357 mei
999 3319 1087 3365 est3

212 3379 348 3418 immo
371 3377 549 3418 elaboro
571 3379 615 3417 in
634 3379 805 3417 memet
824 3379 919 3429 ipso
941 3389 1093 3419 emen-

214 3438 403 3479 dando.»
439 3464 483 3468 -
517 3440 692 3489 Rectius]
725 3440 920 3479 Diintzer
941 3440 1093 3480 statuit

216 3500 302 3541 duo
333 3501 560 3542 dumtaxat
596 3501 800 3542 membra
842 3512 966 3542 esse:
1012 3504 1092 3543 Re-

1150 2196 1256 2235 ctius
1284 2196 1358 2234 hoe
1388 2198 1468 2243 θείς
1498 2196 1584 2235 Hoc
1607 2196 1766 2247 (ipsum
1797 2196 1938 2248 igitur)
1969 2197 2034 2248 fa-

1148 2259 1258 2298 ciens
1284 2259 1426 2297 vivam
1453 2258 1625 2306 melius,·
1656 2259 1713 2297 sie
1738 2259 1868 2298 duleis
1887 2260 2033 2299 amieis

1150 2322 1397 2360 Occurrant.
1448 2321 1534 2359 Hoc
1553 2321 1734 2371 (contra)
1758 2321 1930 2370 quidam
1952 2333 2034 2361 non

1149 2384 1269 2430 belle‚·
1309 2383 1513 2431 numquid
1543 2394 1616 2434 ⁶³90
1646 2383 1706 2421 illi
1737 2385 1819 2422 cet.
1869 2383 1957 2422 Sed
1992 2385 2028 2423 si

1151 2456 1253 2485 cum
1285 2445 1444 2484 ceteris
1475 2444 1792 2496 interpretibus
1823 2447 2034 2495 quattuor

1149 2510 1318 2549 statuas
1349 2506 1576 2556 membra,
1618 2507 1745 2558 longe
1786 2508 2033 2548 evidentius

1150 2571 1228 2610 tibi
1259 2569 1490 2622 apparebit
1519 2570 1697 2610 assidua
1729 2572 1772 2610 et
1808 2570 2033 2611 indefessa

1149 2634 1308 2685 poetae
1341 2643 1446 2671 cura
1485 2633 1527 2671 in
1568 2633 1801 2672 hominum
1831 2632 2032 2674 moribus

1150 2694 1375 2743 notandis,
1413 2695 1460 2733 ut
1490 2696 1634 2734 semet
1664 2695 1813 2746 ipsum
1843 2696 2035 2746 corrigat

1150 2759 1283 2808 atque
1316 2756 1541 2796 emendet.
1571 2779 1615 2784 —
1648 2757 1905 2808 Imprudens]
1940 2758 2034 2797 «in-

1151 2819 1342 2867 sciens,»
1374 2815 1629 2858 λανθάνων
1659 2816 1885 2870 ἐμαυτόν.
1914 2843 1958 2847 -
1981 2821 2036 2859 Ιί-

1151 2882 1261 2931 lado]
1287 2881 1438 2931 «quasi
1459 2880 1617 2920 ludens
1636 2882 1820 2920 coniicio
1842 2882 1885 2921 in
1907 2882 2035 2921 char—

1152 2946 1263 2983 tas.»
1280 2966 1325 2970 —
1341 2943 1408 2982 cui
1423 2943 1685 2983 siconeecleie
1704 2943 1823 2995 nolis]
1849 2943 2033 2994 «quodsi

1151 3005 1262 3045 forte
1315 3006 1419 3045 huic
1474 3006 1579 3044 vitio
1635 3006 1866 3055 ignoscere
1921 3004 2032 3046 nolis

1153 3067 1288 3119 (quod
1326 3069 1475 3107 tamen
1506 3069 1548 3106 te
1589 3066 1809 3107 facturum
1848 3068 2029 3118 spero)⁷

1150 3141 1230 3183 pro
1262 3131 1384 3169 certo
1406 3130 1556 3169 veniet
1576 3131 1690 3169 cet.»
1721 3130 1790 3169 Sic
1811 3128 1888 3168 ubi
1910 3140 2036 3170 acce-

1152 3193 1377 3244 perimus,
1410 3193 1594 3243 apparet
1615 3191 1921 3231 necessarium
1945 3202 2035 3231 non

1154 3265 1277 3303 esse,
1310 3256 1358 3293 ut
1377 3253 1628 3294 scribamus
1659 3264 1761 3293 cum
1790 3253 2033 3294 Kirehnero

1152 3317 1258 3357 nolis
1278 3339 1301 3345 —
1319 3339 1342 3345 -
1360 3317 1523 3365 veniat,
1583 3318 1658 3356 aut
1696 3327 1799 3356 cum
1835 3313 2032 3356 Bentleio

1152 3380 1264 3419 «noles
1284 3403 1307 3409 -
1328 3401 1350 3407 -
1370 3379 1515 3418 veniet.
1548 3379 1761 3418 Futurum
1783 3377 1893 3418 noles
1913 3376 2032 3417 esset

1154 3440 1403 3492 praefracte
1425 3441 1624 3490 negantis
1641 3451 1649 3487 ;
1672 3439 1777 3478 nolis
1797 3438 1956 3478 dicitur
1976 3438 2032 3477 de

1121 3536 1126 3541 ,
1156 3514 1233 3551 eo,
1277 3503 1351 3553 qui
1392 3501 1681 3553 probabiliter
1716 3500 1762 3541 id
1792 3511 2035 3542 concessu-
