2231 3787
822 245 918 284 ΜΒ.
954 246 981 284 1.
1050 246 1160 285 sA'r.
1198 247 1262 286 ix.
1868 245 1960 299 165

141 386 396 416 sermonem
429 377 752 425 intermissum,
787 388 1030 427 quaereus,
1066 376 1243 428 qualem
1277 389 1378 428 erga
1413 389 1483 418 me
1517 389 1564 418 se
1599 379 1811 430 praebeat
1842 381 1962 420 Mae-

140 456 295 486 cenas:
336 445 445 494 dixi,
481 458 583 487 eum
616 457 739 495 esse,
775 447 848 498 qui
880 447 920 486 in
946 458 1074 487 suam
1106 446 1446 488 familiaritatem
1478 460 1644 500 paucos
1675 450 1884 500 recipiat,
1920 454 1961 489 et

140 515 324 555 eosdem
353 515 481 555 valde
513 516 778 568 prudentes;
817 517 999 567 insuper
1029 517 1173 556 virum
1205 528 1330 565 csse,
1365 519 1438 568 qui
1471 517 1717 569 quamlibet
1739 518 1961 558 fortunam

139 586 252 626 ferre
285 587 398 625 norit
427 589 471 626 et
500 588 654 638 possit.
717 587 829 626 Sane
863 585 945 636 (ille
985 586 1127 636 dicit),
1163 589 1197 626 si
1230 589 1301 626 tua
1340 599 1477 639 opera
1518 588 1572 627 illi
1604 587 1827 628 familiaris
1860 600 1960 628 esse

139 667 344 707 possem,
379 667 482 696 eum
513 668 584 696 me
616 656 831 705 haberes,
866 657 940 706 qui
962 657 1211 696 secundum
1232 660 1331 708 post
1355 660 1394 697 te
1418 659 1460 697 in
1482 659 1750 698 Maecenatis
1773 659 1963 697 amicitia

140 726 286 766 locum
318 728 470 777 posset
501 726 724 766 obtinere:
773 727 937 766 moriar
967 729 1140 776 autem,
1189 728 1224 766 si
1255 738 1327 767 me
1359 726 1415 767 illi
1447 728 1766 768 commendare
1797 727 1958 775 velles,

139 797 217 837 nisi
249 797 504 848 quicunque
527 798 664 847 gratia
687 797 804 849 apud
835 798 1140 838 Maecenatem
1171 797 1248 837 tibi
1281 799 1526 846 antestant,
1562 808 1718 837 omnes
1741 809 1812 837 me
1835 797 1963 838 adiu-

139 869 231 906 tore
277 865 374 906 1000
415 866 722 918 depulissestn
782 869 924 917 Atque
966 866 1166 907 similiter
1204 867 1427 919 dialogum
1471 869 1542 908 hic
1582 869 1836 919 repperisse
1879 868 1961 908 sibi

136 938 216 977 visi
247 940 350 977 sunt
380 936 641 983 Lambinus,
677 938 750 988 qui
780 949 856 977 xv.
888 939 1124 977 Paucorum
1144 960 1161 966 -
1180 950 1346 979 -sanae
1377 939 1579 986 lloratiO,
1612 939 1742 979 Nemo
1764 940 1848 978 cet.
1876 937 1962 977 «lo-

137 1007 291 1059 quaci»
326 1007 496 1055 tribuit,
530 1006 757 1056 XVieland,
791 1009 923 1056 Voss,
958 1007 1168 1058 Gargallo.

247 1078 403 1117 Paucis
433 1077 619 1126 addam,
655 1088 756 1124 eos,
789 1079 863 1128 qui
894 1077 1206 1118 detestabilem
1230 1089 1469 1129 operarum
1491 1077 1888 1119 Mediolanensium
1918 1089 1959 1118 a.

140 1147 257 1188 1477.
293 1158 494 1187 errorem
531 1147 709 1187 (leterius
743 1158 824 1198 pro
865 1149 1078 1187 demeritis
1117 1148 1246 1188 nimis
1286 1149 1445 1200 cupide
1487 1148 1678 1200 amplexi
1722 1150 1847 1198 sunt,
1900 1150 1964 1189 sic

135 1218 227 1257 sere
258 1216 363 1257 illud
393 1218 647 1268 importuno
678 1217 926 1258 tribuentes
957 1218 1260 1269 interpretari:
1312 1220 1477 1258 «Nemo
1508 1220 1599 1259 tam
1629 1218 1776 1268 laeve,
1809 1219 1963 1270 utique

135 1286 272 1327 multo
303 1286 573 1336 modestius,
608 1297 744 1337 quam
774 1286 962 1327 fortasse
994 1286 1130 1327 talem
1150 1289 1295 1327 virum
1318 1287 1530 1334 decebat,
1566 1288 1765 1328 secunda
1788 1288 1962 1328 fortuna

134 1367 241 1397 usus
272 1359 361 1404 est3
396 1367 449 1396 ae
477 1367 618 1408 prope
649 1357 811 1407 miror,
845 1355 989 1406 illum,
1024 1357 1099 1408 qui
1130 1369 1424 1409 quoscunque
1455 1359 1739 1409 magistratus
1778 1363 1963 1410 cuperet

135 1437 291 1477 gerere
322 1427 411 1466 iam
439 1427 659 1478 potuisset
689 1429 752 1476 et,
796 1428 833 1468 si
862 1426 1016 1477 vellet⁷
1060 1428 1351 1479 postmodum
1391 1428 1613 1468 obtineret
1651 1427 1712 1477 (ut
1739 1430 1963 1480 Augustus

135 1498 189 1538 M.
223 1498 462 1548 Agrippam
504 1497 727 1548 geminatis
769 1497 1050 1536 consulatibus
1090 1498 1240 1537 eaetulic
1282 1510 1321 1537 a.
1362 1510 1405 1537 u.
1441 1509 1479 1538 0.
1515 1498 1594 1538 726
1632 1500 1676 1538 et
1719 1499 1812 1538 7⁶27.
1858 1500 1959 1540 Tac.

135 1571 246 1608 Ann.
275 1568 290 1606 1
314 1599 322 1615 ,
356 1566 430 1616 3.),
465 1567 664 1618 equestri
694 1567 848 1607 ordine
871 1578 1052 1619 semper
1080 1566 1212 1607 malle
1243 1579 1428 1609 manere
1451 1570 1751 1609 contentum.»
1797 1570 1964 1610 Verum

136 1636 377 1678 infeliciore
406 1636 628 1677 vocabulo
661 1637 718 1677 ad
757 1638 844 1678 hoc
875 1637 1238 1688 significandum,
1285 1640 1322 1679 si
1361 1637 1431 1678 vel
1471 1639 1663 1679 maxime
1695 1640 1963 1680 sententiam

133 1709 236 1748 huic
265 1706 362 1748 1000
394 1708 736 1750 convenientem
768 1707 1029 1757 iudicasset,
1078 1709 1141 1748 uti
1170 1710 1241 1747 vix
1277 1709 1497 1760 potuisset
1535 1709 1754 1748 Horatius.
1815 1708 1895 1749 Alii
1926 1715 1963 1750 te

134 1779 337 1830 precario
369 1777 629 1830 supplentes
668 1779 725 1818 ita
758 1777 998 1830 explicant:
1053 1779 1140 1817 «Tu
1170 1778 1373 1829 quidem,
1408 1777 1585 1829 Haece,
1618 1777 1750 1830 paulo
1781 1780 1816 1819 si
1839 1778 1959 1819 calli-

134 1849 230 1889 dior
260 1859 384 1889 esses
416 1849 648 1900 magisque
679 1849 945 1898 industrius,
987 1849 1256 1889 Maecenatis
1295 1849 1444 1889 favore
1475 1848 1532 1888 ad
1562 1850 1754 1890 maiores
1786 1849 1958 1890 divitias

135 1920 429 1972 acquirendas
461 1918 586 1960 facile
618 1919 680 1959 uti
716 1919 959 1971 potuisses,
1004 1918 1292 1969 demirorque
1329 1920 1371 1959 te
1411 1918 1456 1959 id
1485 1919 1632 1959 adhuc
1662 1918 1956 1970 neglexisse.»
