2231 3787
886 272 983 311 Lm.
1018 273 1046 310 l.

1110 273 1272 312 EPJST.
1308 273 1374 311 Xl.

1955 272 2056 323 4823

838 654 1282 704 EPleOLA
1318 655 1444 704 XI-

295 771 438 836 Quid
477 771 570 824 tibi
613 773 726 825 visa
769 772 955 833 Chios,
998 772 1215 834 Bullati,
1265 781 1501 845 notaque
1539 773 1769 836 LestS‚

295 872 437 937 Quid
477 873 740 928 concinna
787 875 1003 937 SamoS,
1049 875 1181 946 quid
1221 875 1407 929 Croesi
1448 876 1622 947 regia,
1667 876 1877 939 Sardis,

277 1073 345 1111 XI.
414 1071 648 1121 Bullatius,
720 1073 855 1112 homo
913 1072 1105 1124 alioquin

221 1136 418 1186 ignotus,
447 1136 613 1174 Horatii
635 1137 758 1176 certe
781 1136 950 1176 amicus
973 1136 1106 1187 (quod

222 1198 370 1249 ipsum
401 1198 673 1238 documento
707 1201 773 1239 est
805 1200 1032 1250 ingenium
1053 1211 1105 1239 ae

219 1260 492 1313 probitatem
525 1263 564 1301 ei
596 1273 684 1302 non
710 1262 943 1311 defuisse),
979 1274 1030 1301 ex
1053 1274 1106 1302 eo

220 1326 373 1363 tamen
404 1324 588 1363 divitum
620 1336 783 1374 genere
815 1324 948 1364 fuisse
980 1324 1107 1363 vide-

221 1389 310 1435 tur,
346 1388 420 1437 qui
450 1389 635 1438 propter
664 1388 816 1427 neseio
850 1398 984 1438 quem
1018 1388 1107 1426 ani-

220 1450 279 1489 mi
320 1449 580 1500 languorem
621 1462 704 1490 nec
735 1449 872 1489 rebus
905 1449 1105 1490 civilibus

221 1523 366 1562 neque
412 1511 565 1551 litteris
615 1524 763 1563 neque
809 1511 1104 1563 agriculturae

219 1573 288 1614 vel
325 1576 608 1626 negotiationi
651 1586 833 1627 operam
866 1577 1101 1624 navarent,

223 1637 303 1678 sed
334 1638 516 1677 tandem
548 1639 686 1690 ipsius
719 1639 809 1687 otii,
844 1638 912 1677 cui
945 1649 992 1679 se
1025 1637 1106 1677 de—

220 1700 444 1749 diderant,
478 1702 673 1752 pertaesi
703 1702 789 1741 hoe
811 1701 1010 1740 omnium
1032 1711 1106 1739 re-

221 1773 319 1802 rum
352 1762 525 1803 fastidio
555 1763 681 1803 aliter
702 1775 749 1804 se
772 1763 950 1803 liberari
972 1774 1104 1814 posse

221 1835 308 1863 non
341 1825 649 1876 opinarentur,
685 1827 763 1866 nisi
796 1827 832 1866 si
864 1826 904 1865 in
933 1825 1106 1876 longin—

220 1898 332 1938 quas
378 1889 584 1938 regiones
628 1889 813 1940 profecti
853 1889 968 1928 inter
998 1888 1104 1928 alios

221 1960 401 2001 semper
430 1951 635 1992 homiues
663 1953 977 1999 versarentur,
1028 1963 1105 1990 xe—

219 2014 339 2053 teres
390 2012 512 2053 locos
569 2026 620 2054 ae
667 2014 780 2054 fama
829 2013 1101 2061 celebratos,

220 2074 302 2114 alia
360 2077 556 2126 quotidie
612 2076 882 2127 antiquitatis
942 2086 1105 2115 monu—

220 2139 391 2186 menta,
438 2137 657 2177 artificum
702 2149 868 2189 opera,
917 2137 1104 2177 delubra

221 2199 408 2239 deorum
453 2200 664 2239 viserent.
740 2199 945 2239 Morbum
985 2201 1104 2239 hunc

222 2262 532 2314 peregrinandi
578 2261 658 2302 illis
704 2262 982 2313 temporibus
1015 2263 1105 2302 fre-

221 2327 433 2376 quentem
481 2326 538 2363 ita
583 2324 797 2365 describit
839 2326 1007 2364 Seneca
1048 2324 1102 2364 de

221 2388 379 2438 Tranq.
415 2399 485 2427 an.
519 2389 565 2437 ⁵2,
602 2389 678 2428 421:
726 2388 950 2437 Proprium
988 2388 1106 2439 aegri

222 2455 279 2489 est
309 2450 410 2488 nihil
440 2451 513 2489 diu
534 2451 632 2500 pati
670 2454 707 2490 et
734 2450 1033 2489 mutationibus
1060 2455 1107 2490 ut

222 2513 411 2551 remediis
454 2513 530 2551 uti.
609 2513 708 2552 Inde
744 2513 1107 2563 pereqrinationes

220 2575 501 2624 suscipiuntur
544 2586 681 2626 vagae
724 2580 760 2615 et
806 2576 933 2615 litora
962 2587 1107 2625 perer-

223 2641 375 2676 rantur
403 2642 440 2677 et
468 2639 590 2677 moclo
617 2639 729 2678 mari
749 2650 813 2688 se,
846 2640 968 2678 modo
989 2643 1106 2679 terra

220 2701 438 2750 experitur
466 2712 626 2751 semper
651 2701 937 2751 praesentibus
955 2703 1106 2753 infesta

220 2764 377 2803 levitas.
438 2765 560 2803 Nunc
591 2765 871 2814 Campaniam
893 2768 1100 2814 petamus.

220 2827 310 2865 Iam
353 2826 528 2866 delicata
571 2827 741 2878 fastidio
781 2831 904 2866 sunt:
947 2828 1105 2867 inculta

220 2889 442 2926 videantur
460 2900 471 2934 ‚·
516 2889 702 2928 Bruttios
732 2893 768 2928 et
797 2890 987 2929 Lucanos
1015 2891 1105 2929 sal-

225 2954 288 2988 tus
311 2961 642 2999 persequamur:
677 2952 838 3001 aliquid
868 2956 1006 2992 tamen
1035 2953 1103 2992 in-

224 3017 284 3051 ter
329 3012 488 3050 deserta
532 3014 695 3052 amoeni
746 3014 1012 3063 requiratur,
1059 3015 1103 3053 in

222 3085 303 3122 quo
346 3074 555 3113 luayuriosi
597 3076 704 3114 oculi
752 3076 873 3127 longo
917 3077 1103 3116 locorum

222 3136 480 3176 horrentium
507 3137 701 3185 squalore
727 3138 972 3178 releventur.
1023 3140 1103 3178 Ta-

221 3202 386 3238 rentum
433 3201 603 3247 petatur
645 3199 919 3249 laudatusque
955 3206 1105 3251 portus

224 3265 261 3301 et
302 3261 476 3300 hiberna
511 3260 613 3298 caeli
653 3261 851 3309 mitioris,
898 3264 1012 3313 reyio
1040 3265 1104 3303 vel

223 3324 423 3372 antiquae
442 3323 543 3361 satis
559 3322 753 3371 opulenta
769 3322 926 3362 turbae.
961 3324 1101 3365 Aliam

224 3383 612 3436 amplificationem
643 3384 772 3423 huius
803 3383 886 3423 loci
911 3384 966 3424 de
988 3398 1100 3426 vana

225 3447 534 3498 peregrinandi
565 3446 805 3498 cupiditate
826 3446 926 3485 vide
956 3447 999 3486 in
1021 3449 1101 3487 Se-

225 3519 361 3549 necae
405 3508 598 3561 Epistola
631 3507 723 3548 404„
785 3507 932 3548 Talem
972 3509 1102 3559 igitur

1171 1073 1400 1112 hominem
1447 1074 1588 1113 amice
1634 1073 1689 1112 ad
1741 1074 2056 1125 sapientiorem

1172 1135 1287 1174 sitae
1320 1145 1453 1174 usum
1485 1136 1746 1175 exhortatur
1763 1138 1807 1176 et
1827 1137 1868 1175 in
1894 1135 2055 1178 Urbem

1171 1197 1228 1237 ad
1259 1208 1363 1237 suos
1395 1201 1603 1246 revocat,
1652 1197 1782 1238 simul
1812 1197 2056 1239 lectoribus

1171 1260 1444 1310 significans,
1506 1260 1686 1300 sibimet
1743 1261 1824 1311 ipsi
1875 1263 2058 1313 propter

1172 1322 1370 1361 animum
1393 1332 1589 1372 aequum
1609 1321 1780 1374 ubique
1802 1322 1919 1364 hene
1938 1335 2053 1364 esse.

1170 1385 1281 1424 Vide
1313 1385 1577 1425 Excursum.

1228 1511 1319 1550 4-6.
1371 1510 1478 1560 Quid
1508 1510 1579 1549 tibi
1608 1510 1710 1562 cet.]
1742 1511 1918 1551 Terent.
1943 1512 2053 1551 Eun.

1170 1573 1210 1622 2,
1234 1573 1273 1622 2,
1299 1572 1371 1612 42:
1421 1574 1501 1612 Sed
1539 1574 1639 1623 quid
1677 1574 1845 1612 videtur
1872 1574 1958 1613 Hoc
1987 1574 2059 1613 tibi

1168 1635 1428 1685 «inaneipi'um
1445 1634 1466 1674 t>
1496 1634 1684 1675 formula
1707 1636 1928 1675 sermonis
1951 1647 2059 1687 quo-

1170 1698 1321 1737 tidiani
1359 1698 1496 1737 mixta
1530 1709 1581 1737 ex
1614 1698 1681 1737 his
1713 1697 1888 1738 duabus
1918 1698 2058 1737 inter-

1169 1761 1502 1812 rogationibus:
1556 1761 1704 1810 «Quid
1753 1761 1832 1800 tibi
1881 1761 2059 1801 videtur

1168 1825 1253 1864 hae
1295 1824 1350 1864 de
1390 1835 1438 1863 re
1455 1825 1506 1862 P»
1555 1825 1624 1862 et:
1677 1823 1851 1871 «Qualis
1883 1823 1960 1863 tibi
1990 1826 2057 1864 vi—

1171 1887 1301 1927 detur
1327 1887 1441 1926 haec
1461 1888 1598 1927 res‘?»
1636 1888 1705 1926 Sic
1729 1887 1861 1926 etiam
1885 1888 2053 1927 Graeci.

1170 1949 1291 1989 Plato
1338 1950 1530 2000 Euthyd.
1578 1960 1621 2000 p.
1658 1949 1752 1989 304.
1787 1951 1846 1989 E:
1896 1952 1939 1990 τί
1970 1943 2056 1990 οὖν

1169 2008 1430 2060 ἐφαίνοντό
1463 2024 1544 2051 σοι
1575 2011 1647 2063 (οἱ
1673 2006 1890 2068 ἄνδρες),·
1923 2012 2057 2052 Char-

1169 2073 1276 2113 mid.
1310 2085 1354 2125 p.
1386 2073 1480 2114 454.
1505 2074 1572 2113 D:
1618 2074 1664 2114 τί
1707 2086 1789 2113 σοι
1832 2075 2056 2124 φαίνεται

1170 2131 1196 2174 ὁ
1242 2137 1496 2186 νεανίσκος
1510 2149 1526 2184 ,·
1576 2159 1620 2164 —
1666 2140 1848 2186 notaque
1892 2137 2053 2189 Lesbos]

1169 2197 1261 2239 aliis
1304 2201 1489 2251 propter
1532 2197 1744 2238 Alcaeum
1785 2201 1828 2238 et
1858 2199 2057 2250 Sappho-

1169 2271 1298 2310 nem,
1333 2260 1425 2300 aliis
1456 2262 1642 2312 propter
1671 2261 1784 2300 vina.
1835 2260 1898 2300 Cf.
1933 2261 2050 2312 Virg.

1167 2325 1276 2362 Aen.
1302 2323 1341 2372 2,
1364 2323 1409 2363 211
1437 2334 1443 2360 :
1481 2323 1677 2372 Tenedos,
1701 2323 1918 2362 notissima
1936 2323 2055 2372 fama

1167 2385 1323 2423 Insula.
1384 2385 1518 2424 Tacit.
1564 2387 1676 2424 Ann.
1716 2384 1763 2433 6,
1801 2384 1853 2423 3:
1903 2384 2050 2434 Lesbo,

1167 2448 1305 2486 insula
1332 2446 1457 2486 nobili
1478 2450 1515 2486 et
1535 2457 1726 2486 amoena.
1755 2469 1799 2474 —
1833 2447 2051 2498 concinna]

1168 2509 1410 2550 Menander
1439 2509 1593 2548 rhetor
1624 2509 1678 2548 de
1706 2509 1813 2548 Ene.
1836 2519 1879 2560 p.
1905 2509 1971 2548 75.
1997 2509 2048 2549 H.

1168 2572 1283 2612 inter
1324 2574 1479 2623 portus
1524 2569 1678 2611 laudes
1725 2573 2054 2611 commemorat

1166 2634 1399 2688 μέγεθος,
1445 2631 1624 2684 κάλλος
1654 2633 1736 2672 καὶ
1780 2628 2052 2690 εὐρυθμί-

1168 2711 1250 2743 αν,
1310 2698 1385 2738 Est
1428 2697 1558 2748 igitur
1589 2695 1818 2746 «elegans,
1863 2697 2053 2735 venusta

1169 2759 1448 2813 (sehinuelc)
1476 2761 1661 2811 propter
1681 2757 1939 2807 aedificia,»
1971 2759 2052 2798 im-

1168 2824 1322 2876 primis
1343 2824 1528 2874 propter
1546 2822 1723 2861 Iunonis
1743 2820 1905 2860 aedem
1924 2820 2053 2872 (Stra-

1166 2886 1225 2926 bo
1249 2884 1314 2925 44,
1348 2896 1391 2936 p.
1420 2884 1514 2923 637.
1548 2882 1675 2935 Apul.
1711 2882 1869 2923 Florid.
1902 2884 1946 2931 ⁶2,
1982 2883 2047 2922 45.

1165 2961 1208 3001 p.
1233 2948 1299 2989 49.
1324 2947 1388 2998 Ο.)
1421 2948 1608 2999 Propter
1627 2947 1712 2988 loci
1733 2946 2050 2986 amoenitatem

1167 3006 1193 3050 ὁ
1238 3004 1518 3063 Αὔγουστος
1563 3003 1615 3060 ἔς
1657 3021 1707 3049 τε
1750 3005 1838 3060 τὴν
1881 3003 2048 3059 Σάμον

1165 3071 1405 3125 ἐπανῆλθε
1436 3073 1488 3123 (a.
1513 3084 1555 3111 u.
1581 3082 1618 3112 c.
1644 3071 1755 3122 734.)
1793 3065 2046 3110 κάνταῦθα

1165 3129 1306 3186 αὖθις
1327 3135 1556 3188 ἑχείμασε
1571 3146 1580 3154 ·
1604 3134 1686 3174 καὶ
1706 3132 1907 3182 ἐκείνοις
1924 3130 2049 3173 ἐλευ-

1167 3199 1332 3256 θερίαν
1360 3193 1544 3251 μισθὸν
1574 3193 1662 3250 τῆς
1693 3192 1946 3253 διατριβῆς
1965 3189 2049 3232 ἅν-

1164 3259 1337 3301 τέδωκε
1367 3260 1448 3301 καὶ
1479 3254 1601 3299 ἄλλα
1626 3254 1716 3299 οὐκ
1739 3253 1878 3311 ὀλίγα
1899 3267 2050 3313 προσ-

1164 3321 1415 3377 ὃιῴκησεν.
1456 3324 1536 3363 Dio
1560 3323 1683 3362 Cass.
1707 3320 1782 3369 54,
1807 3321 1846 3358 9.
1869 3341 1915 3347 —
1940 3318 2050 3356 Sar—

1165 3387 1238 3438 dis]
1270 3385 1403 3438 plur.,
1437 3381 1648 3442 Σάρδεις.
1704 3381 1861 3422 Strabo
1894 3380 1959 3419 43.
2001 3390 2046 3430 p.

1165 3449 1268 3488 6⁶25:
1302 3448 1356 3487 αἱ
1380 3444 1580 3504 Σάρδεις
1609 3441 1746 3493 πόλις
1775 3441 1877 3482 ἐστὶ
1905 3437 2051 3494 μεγά-

1164 3508 1238 3562 λη·
1258 3534 1282 3540 -
1297 3535 1320 3541 -
1336 3508 1583 3558 βασίλειον
1599 3501 1638 3546 δ’
1657 3501 1836 3563 ὑπῆρξε
1852 3500 1945 3544 τῶν
1956 3501 2048 3544 Λυ-
