2231 3787
232 291 334 340 1396

1039 282 1250 322 llORATll

301 417 509 470 Yiribus
552 425 603 468 et
642 423 849 468 versate
890 412 1006 472 diu,
1054 410 1183 482 quid
1223 410 1360 462 serre
1403 412 1677 459 recusent.

304 517 441 584 Quid
484 516 692 570 valeant
732 513 955 567 humeri.

1032 512 1126 565 Cui
1169 510 1304 562 lecta
1342 515 1585 578 potenter
1624 505 1724 558 erit
1763 521 1874 564 res„

1978 503 2045 554 40

303 621 410 672 Nec
450 616 694 671 facundia
734 615 949 669 deseret
987 612 1128 664 hunc
1167 626 1266 662 nec
1306 607 1516 662 lucidus
1556 605 1706 659 ordo.

307 720 524 774 Ordinis
563 718 695 771 haec
736 717 900 768 rirtus
940 713 1039 767 erit
1077 720 1129 765 et
1166 727 1364 771 venUS,
1407 717 1496 762 aut
1534 724 1634 778 ego
1674 700 1872 766 fallor,⁴

345 909 409 948 40.
439 908 640 957 pudenter
670 901 893 943 Markland
925 901 980 940 ad
1011 901 1114 940 Stat.
1152 897 1252 938 Silv.
1278 897 1319 945 4,
1345 897 1384 945 8,
1409 895 1475 936 24.
1503 919 1545 924 —
1572 895 1637 935 4⁶2.
1662 895 1774 934 haud
1803 905 1876 946 eqo
1905 892 1995 933 BeF

308 981 393 1009 non
424 969 511 1008 ST&
550 991 592 994 —
627 965 692 1006 43.
728 966 859 1012 dicat,
901 965 983 1002 ium
1023 972 1130 1001 nunc
1165 959 1351 1000 debentia
1382 958 1462 997 dici
1491 958 1691 1006 Pleraque
1729 955 2000 1006 distinguunt

238 1144 453 1180 xcstrae.»
492 1159 533 1165 —
570 1136 741 1188 versate]
773 1136 949 1181 animo,
986 1131 1117 1172 «deli-

241 1204 393 1242 berate
413 1233 420 1248 ,
442 1217 459 1235 υ
494 1201 681 1250 imagine
712 1202 861 1239 tamen
883 1197 1116 1247 desumpta

239 1277 261 1303 a
294 1261 471 1307 lJaiulis,
511 1263 585 1313 qui
615 1271 750 1300 onera
780 1258 985 1299 manibus
1014 1267 1117 1296 ver-

241 1329 359 1374 sant,
393 1327 631 1374 antequam
653 1324 694 1362 in
717 1323 928 1361 humeros
949 1318 1114 1359 tollant.

241 1390 409 1427 Seneca
441 1387 494 1425 de
527 1387 685 1436 Tranq.
720 1396 789 1424 an.
825 1385 871 1431 5,
908 1384 955 1421 4:
986 1381 1119 1421 Aesti-

243 1451 397 1489 manda
417 1453 510 1488 sunt
530 1449 672 1487 deinde
692 1447 806 1496 ipsa,
839 1456 946 1494 quae
965 1455 1119 1495 a99re-

243 1514 403 1559 dimur,
450 1516 486 1550 et
526 1511 632 1549 rire-s
666 1512 831 1547 nostrae
860 1518 954 1546 cum
983 1505 1118 1553 rebus,

243 1586 347 1623 quas
376 1573 575 1613 tentaturi
595 1581 757 1618 sumus,
789 1568 1117 1618 comparandae.

245 1637 370 1676 Debet
405 1636 515 1674 enim
544 1644 702 1683 semper
735 1632 830 1682 plus
858 1642 940 1670 esse
966 1630 1122 1669 virium

247 1700 287 1737 in
335 1701 474 1736 actore
514 1707 639 1745 quam
674 1695 717 1733 in
755 1704 891 1733 onere.
932 1713 975 1719 —
1024 1690 1122 1740 quid

243 1761 354 1810 ferre
384 1757 581 1808 recusent]
624 1757 731 1809 Epp.
756 1757 801 1803 ⁶2,
837 1757 881 1803 ’1,
909 1754 1012 1794 ⁶258:
1051 1762 1124 1791 nec

246 1834 359 1862 meus
379 1822 503 1860 audet
522 1821 619 1859 Rem·
637 1823 796 1858 tentare
814 1818 971 1867 pudor,
996 1825 1123 1863 quam

246 1886 353 1924 vires
371 1884 482 1934 ferre
502 1884 700 1921 recusent.
729 1902 772 1907 -
797 1878 999 1929 potenter]
1033 1886 1125 1916 «se-

248 1945 445 1986 cundum
493 1953 684 1995 posse,»
731 1941 997 1987 barbarum,
1045 1937 1124 1977 sed

248 2010 422 2047 rectum
443 2004 659 2056 glossema
686 2004 725 2042 in
749 2002 855 2042 Cod.
881 2000 1122 2047 Turicensi;

251 2066 404 2108 «κατὰ
433 2065 660 2119 δύναμιν,
694 2076 773 2117 pro
802 2065 892 2104 suis
914 2062 1124 2101 viribus.»

252 2131 405 2181 (Inutili
436 2130 639 2169 acumine
664 2125 939 2167 Marklandus
964 2125 1128 2174 puden—-

250 2200 332 2243 ter,
367 2192 593 2232 «modeste
627 2192 669 2229 et
699 2189 866 2228 ratione
899 2185 1047 2225 habita
1068 2185 1130 2223 vi-

252 2258 364 2295 rium
396 2265 627 2301 suarum,»
662 2254 708 2291 ut
729 2263 769 2289 v.
791 2250 874 2299 5¹.)
903 2273 944 2277 —
977 2249 1130 2300 facun-

222 2319 337 2367 Μία]
380 2318 469 2356 «Ea
500 2316 638 2355 virtus
673 2313 881 2353 orationis
913 2314 1001 2359 cst,
1043 2321 1128 2361 qua

253 2392 366 2431 quae
398 2379 604 2418 dicuntur
631 2388 717 2416 non
739 2387 763 2414 a
784 2375 1013 2426 scriptore,
1049 2371 1127 2411 sed

254 2443 381 2490 ultro,
416 2453 467 2480 ex
490 2452 536 2480 se
559 2440 663 2490 ipsis
684 2440 817 2489 atque
841 2436 952 2475 adeo
974 2437 1129 2474 natura

255 2503 431 2556 prodire
469 2501 730 2549 videantur,
791 2498 908 2538 unde
951 2497 1131 2536 Homeri

254 2568 458 2616 poemata
508 2567 551 2603 et
581 2564 778 2614 picturae
819 2559 1073 2600 Nicomachi
1107 2570 1128 2597 a

257 2627 433 2666 Graecis
482 2621 773 2672 αι’-τοσχέὸια
820 2621 1129 2662 dicebantur.»

259 2690 397 2728 Vici‘s.
423 2713 463 2716 —
490 2689 649 2727 lucidus
668 2685 783 2737 ordo]
803 2686 878 2725 Hic
900 2684 1055 2724 transit
1076 2682 1131 2721 ad

256 2752 481 2799 ordinem,
516 2761 650 2801 quem
682 2746 996 2798 technographi
1029 2742 1133 2785 διά-

258 2814 411 2862 θεσιν,
447 2813 805 2864 dispositionem,
840 2809 1128 2848 x·oca11t.Scr.

258 2878 311 2915 ,id
346 2878 445 2916 Iler.
473 2876 516 2922 4,
541 2875 590 2922 Ξ,
616 2875 661 2913 3:
695 2872 918 2922 Dispositio
948 2875 1003 2910 est
1032 2870 1134 2909 ordo

255 2945 290 2979 ct
309 2938 539 2978 distributio
555 2948 718 2985 rerum,
743 2947 849 2985 quae
865 2936 1130 2981 demonstrat,

257 3002 355 3051 quid
376 3000 519 3050 quibus
540 3000 637 3038 locis
657 3000 706 3037 sit
725 2998 1024 3037 collocandam.
1051 2996 1135 3046 Op-

257 3065 433 3116 pouitur
455 3059 508 3117 ts]
534 3056 737 3117 εὑρέσει,
772 3060 1022 3099 inventioni.
1057 3060 1135 3097 Lu-

257 3128 370 3165 siclus
400 3126 547 3163 autem
579 3125 679 3162 ordo
709 3123 889 3169 (licitur,
924 3122 1022 3171 quia
1055 3132 1135 3171 per

259 3202 304 3227 sc
332 3190 424 3239 ipse
446 3185 717 3238 permultum
740 3186 908 3224 confert
927 3184 980 3222 ad
1004 3194 1134 3233 argu-

259 3253 460 3289 mentum
492 3251 724 3300 ipsamque
758 3249 999 3287 orationem
1032 3257 1134 3296 per-

261 3313 457 3363 spicuam
489 3310 777 3350 reddendam.
819 3309 926 3347 Vitia
951 3310 1068 3347 l'o'ct.
1094 3308 1133 3355 3,

259 3376 335 3413 20:
384 3374 452 3413 Ille
492 3385 566 3424 090
596 3374 696 3419 sim,
744 3373 811 3411 cui
840 3372 1016 3411 Pierides
1045 3372 1137 3410 dent

259 3436 448 3474 suranna
492 3436 636 3473 illusae
674 3434 846 3473 Lumine
888 3433 1005 3471 clara
1046 3443 1133 3481 suo,

258 3502 454 3536 veternae
485 3497 586 3535 nihil
617 3497 758 3547 intliqa
789 3495 917 3535 tucis!

1235 1130 1380 1170 42-45.
1417 1129 1595 1180 Ordinis]
1626 1126 1834 1169 Consulto
1856 1126 2054 1178 quaesita

1180 1192 1354 1232 videtur
1399 1193 1509 1232 haec
1555 1191 1680 1242 quasi
1724 1184 1967 1245 ἀναφορά.
2009 1209 2052 1215 —-

1180 1254 1317 1306 venus]
1352 1254 1414 1294 Cf.
1440 1266 1480 1293 V.
1506 1254 1607 1293 320:
1641 1252 1803 1292 Fabula
1822 1251 1974 1291 nullius
1991 1260 2058 1288 ve-

1180 1318 1304 1357 neris.
1345 1315 1518 1364 Quintil.
1550 1315 1596 1363 6,
1629 1315 1677 1362 3,
1717 1315 1788 1354 48ε
1839 1314 2060 1353 Venustum

1182 1390 1286 1428 esse,
1333 1379 1442 1428 quod
1483 1389 1577 1416 cuni
1620 1377 1764 1428 qratia
1802 1376 1986 1426 quadam
2023 1377 2061 1413 et

1180 1452 1326 1481 venere
1356 1441 1545 1489 dicatur,
1579 1442 1771 1489 apparet.
1808 1461 1852 1466 —
1885 1441 1960 1477 aut
1987 1446 2061 1488 eqo

1180 1504 1319 1556 fallor]
1353 1504 1442 1543 Hac
1472 1501 1658 1542 formula
1689 1503 1872 1541 utuntur
1901 1501 1955 1548 ii,
1987 1499 2061 1550 qui

1183 1568 1249 1606 rei
1294 1578 1318 1606 a
1361 1577 1408 1606 se
1454 1565 1697 1605 affirmatae
1733 1573 1916 1615 prorsus
1953 1561 2062 1602 certi

1185 1631 1300 1669 sunt.
1347 1629 1515 1668 Seneca
1547 1627 1601 1667 de
1632 1627 1792 1676 Tranq.
1826 1636 1897 1664 an.
1931 1624 1980 1672 8,
2012 1623 2060 1663 3:

1183 1691 1265 1730 Aut
1299 1701 1372 1741 eqo
1410 1689 1537 1740 fallor
1567 1692 1642 1727 aut
1669 1698 1845 1738 regnu-m
1873 1690 1932 1726 est
1956 1686 2066 1725 inter

1186 1763 1361 1801 avaros,
1417 1751 1816 1800 circumscriptores,
1866 1749 2063 1797 latrones,

1182 1815 1419 1866 ptagyiarios
1446 1824 1577 1852 unum
1604 1823 1708 1861 esse,
1740 1812 1805 1851 cui
1823 1812 1965 1851 noceri
1982 1821 2066 1850 non

1181 1877 1323 1927 possit.
1370 1877 1556 1926 Propter
1586 1874 1903 1925 ignorationem
1936 1873 2066 1912 huius

1188 1949 1297 1979 usus
1330 1936 1453 1977 multi
1485 1938 1711 1976 mutarunt
1742 1936 1811 1975 in:
1849 1936 1962 1975 haud
1993 1945 2067 1986 eqo

1187 2001 1326 2052 fallor.
1375 2000 1447 2051 (Le
1482 2003 1551 2038 ton
1591 1998 1816 2038 tranchant
1844 1999 1942 2038 dont
1969 2001 2068 2036 cette

1189 2064 1302 2110 lecon
1331 2061 1457 2101 serait
1493 2061 1786 2110 l'eoepression‚
1827 2071 1877 2100 ne
1902 2060 2070 2099 'saurait

1189 2125 1385 2165 conve-nir
1413 2135 1471 2163 au
1497 2121 1712 2162 caractere
1740 2123 1958 2162 d'Horace.
1982 2123 2069 2161 Go-

1191 2187 1303 2237 non.)
1331 2208 1374 2214 —
1405 2187 1452 2226 Ut
1473 2187 1561 2225 iam
1578 2196 1687 2224 nunc
1704 2185 1814 2224 dicat
1831 2184 1933 2236 cet.]
1954 2184 2068 2224 Vera

1192 2251 1235 2290 h.
1255 2249 1282 2290 l.
1306 2249 1611 2300 interpretatio
1633 2248 1743 2287 haec
1761 2249 1851 2288 est:
1886 2248 1962 2289 «Ut
1981 2247 2070 2287 iam

1194 2322 1311 2352 nunc
1342 2310 1458 2350 dicat
1487 2320 1562 2357 ea,
1596 2319 1708 2360 quae
1740 2319 1787 2348 re
1818 2318 1922 2348 vera
1953 2318 2071 2347 nunc

1194 2375 1340 2425 ipsum
1371 2372 1455 2412 dici
1486 2370 1672 2420 debent,
1716 2371 1761 2410 id
1791 2371 1878 2420 est,
1910 2380 2072 2410 neces-

1194 2436 1329 2485 saria,
1379 2433 1585 2473 videlicet
1633 2444 1714 2482 ea,
1765 2433 1858 2473 sine
1907 2431 2073 2484 quibus,

1195 2498 1372 2538 omnino
1417 2507 1500 2536 nec
1537 2506 1695 2536 sensus
1734 2496 1893 2546 poetae
1923 2503 2070 2546 neque

1195 2560 1395 2607 historia,
1431 2569 1567 2609 quam
1589 2558 1781 2609 exponit,
1805 2567 1950 2608 neque
1966 2557 2073 2597 ima-

1195 2624 1318 2674 gines
1341 2623 1385 2660 et
1406 2621 1782 2672 comparationes,
1811 2617 1973 2670 quibus
1992 2619 2073 2659 uti-

1196 2688 1284 2733 tur,
1319 2696 1341 2723 a
1364 2683 1528 2724 lectore
1554 2681 1727 2733 intelligi
1748 2683 1952 2733 possent3
1978 2681 2072 2731 ple-

1196 2758 1330 2796 raque
1352 2745 1597 2798 (permulta)
1622 2747 1795 2799 autem,
1828 2753 1941 2793 quae
1963 2741 2072 2783 alius

1197 2812 1326 2862 poeta
1359 2809 1503 2848 minus
1534 2808 1725 2858 peritus,
1759 2809 1841 2844 toto
1869 2816 1987 2845 sacco
2015 2816 2074 2845 se-

1197 2884 1309 2920 renS,
1358 2872 1437 2911 etsi
1482 2881 1567 2909 non
1607 2879 1790 2920 prorsus
1821 2869 2073 2909 necessaria

1199 2937 1284 2973 iani
1317 2934 1386 2973 hic
1418 2931 1702 2979 inculcasset,
1739 2931 1914 2970 differat
1943 2931 1984 2970 in
2014 2929 2075 2970 lo-

1198 3007 1301 3037 cum
1332 2995 1470 3045 magis
1492 2996 1792 3045 opportunum
1814 2994 1947 3043 atque
1968 3003 2073 3044 pro-

1197 3061 1347 3110 pterea
1372 3057 1412 3096 in
1433 3056 1683 3108 praesentia
1705 3056 1901 3104 omittat,
1934 3055 2073 3105 magis

1198 3121 1433 3160 artificioso
1457 3121 1500 3159 et
1522 3119 1693 3170 poetico
1710 3117 1851 3158 ordini
1871 3117 2071 3166 studens,

1200 3188 1243 3223 ut
1275 3193 1541 3234 suspensum
1572 3182 1720 3221 teneat
1750 3179 1984 3227 lectorem;
2031 3181 2075 3218 et

1199 3245 1380 3297 quidem
1412 3244 1493 3292 ita,
1541 3244 1586 3282 ut
1617 3242 1909 3294 persentiscat
1935 3239 2075 3280 lector

1199 3310 1375 3355 acutus,
1401 3317 1480 3345 cur
1501 3306 1616 3345 hunc
1635 3301 1811 3356 μῦθον,
1834 3303 1947 3342 hano
1968 3312 2074 3342 sen-

1201 3369 1380 3409 tentiam
1402 3367 1468 3407 vel
1499 3367 1612 3406 hanc
1643 3366 1877 3416 imaginem
1898 3363 2071 3411 amarit,

1200 3444 1251 3472 ea
1282 3429 1482 3472 consulto
1505 3432 1548 3469 et
1568 3440 1671 3469 cum
1692 3426 1854 3468 dilectu
1874 3425 2070 3477 quodam

1200 3494 1290 3545 (con
1317 3492 1475 3544 amore)
1507 3502 1612 3545 usus
1644 3491 1720 3540 sit,
1753 3488 1879 3538 alias,
1912 3487 1955 3528 in
1979 3487 2074 3539 qui-
