2231 3787
814 221 910 260 LlB.
946 221 994 260 Il.

1058 220 1219 260 EPIST.
1257 222 1304 259 ll.

1879 218 1978 269 (3635

220 349 498 403 Adsciscet
538 367 698 408 nova,
744 368 885 421 quae
926 351 1135 421 genitor
1174 352 1487 422 produxerit
1526 368 1672 404 usus.

219 451 520 505 Vehemens
561 461 613 506 et
652 452 888 524 liquidus
928 470 1176 524 puroque
1217 453 1517 506 simillimus
1558 454 1698 505 amni

1878 454 1896 506 «1
1911 455 1978 507 20

219 553 427 606 Fundet
466 571 599 624 opes
639 554 957 625 Latiumque
996 554 1180 608 beabit
1218 554 1378 608 divite
1417 554 1624 625 lingua3

216 655 562 707 Luxuriantia
601 665 938 726 compescet,
982 657 1138 709 nimis
1177 674 1372 727 aspera
1412 673 1542 709 sano

222 755 441 809 Levabit
479 756 644 819 cultn,
686 757 879 810 virtute
920 759 1155 812 carentia
1195 758 1365 820 tollet,

257 906 350 946 420.
385 908 437 946 Et
467 906 649 954 liquidus
676 907 888 947 vehemens
918 908 1160 959 (superscr.
1205 910 1421 950 Vehemens
1459 915 1496 950 et
1532 911 1731 963 liquidus)
1769 913 1817 960 S,
1850 912 1925 952 Hic

203 968 435 1017 vehemens,
468 969 650 1018 liquidus
679 981 702 1008 e
726 970 866 1009 Codd.
893 972 936 1009 F.
974 972 1037 1020 (Ut
1067 983 1169 1019 nos,
1203 971 1265 1011 bd
1297 974 1337 1011 et
1369 975 1577 1023 quattuor
1607 974 1849 1023 Schmidii.)
1878 997 1920 1001 —ffl

202 1031 293 1071 1¹23.
318 1031 499 1072 calentia
530 1031 669 1072 Codd.
695 1031 795 1084 aliq.
821 1033 1036 1072 Torrentii
1068 1036 1111 1073 et
1143 1035 1254 1074 Feae
1288 1035 1389 1085 (non
1421 1036 1540 1086 bSd).

145 1155 299 1196 Tibull.
327 1157 368 1204 4,
394 1157 471 1205 40,
496 1157 573 1196 5οε
607 1157 753 1197 Militis
782 1158 825 1197 in
857 1157 1032 1198 tenebris

145 1223 322 1269 occupat
352 1230 478 1258 arma
497 1220 612 1259 situs.
661 1221 712 1262 Ut
732 1221 823 1270 hic,
858 1222 1028 1260 Seneca

145 1283 278 1334 Epist.
304 1283 379 1331 58,
411 1282 458 1321 3:
492 1286 538 1322 ut
566 1294 621 1322 ese
649 1283 724 1322 hoc
753 1284 941 1333 evemplo
961 1285 1030 1323 in-

143 1345 333 1396 telleqas,
381 1350 586 1395 quantum
631 1347 746 1395 apud
780 1347 964 1385 Ennium
995 1350 1032 1386 et

142 1406 312 1446 Accium
355 1407 577 1447 verborum
617 1408 718 1447 silus
747 1409 1025 1458 occupaverit.

145 1469 207 1509 Cf.
231 1472 281 1509 A.
306 1472 351 1510 P.
377 1470 421 1510 64
447 1482 454 1508 ;
495 1471 717 1510 verborum
745 1476 861 1510 vetus
890 1472 1031 1511 interit

144 1536 264 1571 aetas
299 1533 353 1571 Et
390 1532 587 1572 iuvenum
616 1534 704 1573 ritu
730 1536 880 1586 florent
908 1535 1029 1573 modo

141 1598 248 1634 nata
266 1595 500 1645 vigentque.
524 1619 567 1624 —
589 1596 763 1647 deserta]
790 1595 871 1635 «ab
891 1596 1031 1636 omni-

141 1656 227 1697 bus
265 1658 353 1696 iam
396 1656 650 1708 neglecta.»
679 1682 723 1686 —
767 1659 890 1710 nova]
939 1658 1026 1698 «ab

143 1720 240 1771 ipso
271 1717 341 1758 vel
374 1719 430 1759 ab
462 1719 556 1760 aliis
588 1722 646 1760 ita
678 1720 820 1769 facta,
868 1723 916 1760 ut
944 1720 1030 1761 lin-

142 1792 253 1833 guae
272 1782 451 1822 Latinae
473 1781 721 1833 analogiam
739 1785 1026 1834 sequantur.»

146 1867 190 1873 —
215 1846 379 1896 genitor
396 1846 544 1898 -usus]
579 1845 816 1897 Singularis
838 1844 1030 1896 brachyss

142 1907 255 1959 logia
285 1919 366 1959 pro
390 1909 487 1948 his:
525 1919 665 1960 «quae
698 1908 883 1949 simulac
913 1909 1026 1950 facta

143 1972 270 2017 sunt,
314 1970 370 2010 ab
409 1970 618 2011 omnibus
651 1971 956 2023 approbantur
986 1974 1029 2011 et

140 2034 438 2084 usurpantur,
486 2033 544 2072 ita
583 2034 632 2072 ut
676 2034 779 2073 inde
821 2034 876 2073 ab
923 2035 1029 2085 ipsis

140 2094 315 2145 linguae
345 2094 601 2146 primordiis
631 2096 674 2134 in
704 2096 1028 2136 consuetudine

143 2157 278 2198 fuisse
296 2157 573 2197 videantur.»
599 2157 662 2197 Cf.
678 2160 727 2197 A.
744 2160 788 2198 P.
807 2159 874 2198 70:
893 2159 1030 2199 Multa

141 2224 434 2269 renascentur,
469 2231 576 2269 quae
606 2221 694 2259 iam
722 2222 926 2270 cecidere,
959 2232 1032 2260 ca-

144 2284 320 2333 dentque
367 2284 482 2333 Quae
523 2294 634 2322 nunc
673 2287 768 2322 sunt
805 2284 849 2323 in
877 2284 1031 2323 honore

141 2346 367 2395 vocabula,
400 2346 433 2385 si
453 2346 560 2386 votet
589 2357 727 2394 usus,
764 2347 892 2396 Quem
905 2358 1032 2397 penes

144 2409 370 2448 arbitrium
414 2412 472 2448 est
515 2412 551 2448 et
594 2409 660 2447 ius
703 2412 741 2460 et
777 2421 930 2448 norma
967 2409 1030 2449 lo-

144 2472 308 2521 quendi.

202 2534 405 2573 iao-423.
453 2533 682 2584 Vehemens]
703 2545 787 2585 per
807 2534 1030 2583 synizesin

144 2598 187 2636 in
219 2595 472 2647 spondeum
500 2594 733 2644 coalescit,
766 2595 883 2635 unde
907 2597 1029 2636 ortae

144 2659 248 2698 sunt
277 2657 573 2709 corruptelae.
610 2657 672 2697 Cf.
699 2658 786 2696 Sat.
813 2659 827 2696 4
853 2689 860 2707 ,
885 2659 934 2706 5,
960 2658 1026 2697 67.

144 2724 343 2762 Passow:
376 2721 484 2761 volt
512 2722 701 2770 Feuer,
735 2720 899 2761 Merkel
919 2721 1030 2772 feu-

143 2784 241 2835 riq.
289 2784 401 2823 Sane
433 2783 495 2824 sic
525 2784 638 2823 verti
668 2785 837 2832 potest,
870 2794 1029 2822 verum

145 2846 257 2886 haec
274 2857 453 2897 quoque
470 2847 616 2897 imago
637 2846 784 2898 potius
808 2845 940 2885 ducta
964 2847 1032 2885 est

145 2907 201 2948 ab
234 2909 353 2948 amni
383 2909 548 2959 ingenti
578 2910 622 2948 et
661 2909 900 2960 propterea
932 2919 1032 2947 ma-

146 2981 229 3021 gna
262 2982 365 3011 cum
395 2972 438 3010 vi
468 2970 610 3010 undas
640 2970 863 3010 volvente.
900 2994 945 2999 -
979 2971 1032 3009 li-

146 3033 307 3084 quidus]
353 3033 504 3082 «hlar,
552 3033 666 3072 adeo
705 3035 753 3072 ut
784 3031 899 3072 nulla
930 3033 1032 3072 insit

144 3095 302 3135 vitiosa
333 3093 584 3135 obscuritas
614 3106 697 3134 nec
729 3093 840 3133 ullae
863 3105 1033 3133 sermo-

147 3157 213 3196 nis
245 3157 397 3197 rustici
430 3156 631 3196 sordes.»
678 3157 784 3196 Mira
805 3157 871 3195 his
894 3156 1032 3195 inter-

147 3218 266 3259 cedit
296 3217 535 3258 similitudo
571 3229 673 3258 cum
706 3219 932 3258 Ciceronis
964 3219 1031 3257 iu-

147 3281 260 3321 dicio
293 3281 348 3320 de
390 3281 444 3320 M.
478 3279 629 3320 Calidii
673 3281 871 3320 oratione
906 3282 1027 3319 Brut.

147 3343 214 3391 79,
238 3342 344 3383 274:
372 3343 560 3393 primum
586 3343 648 3381 ita
671 3353 811 3392 pura
841 3346 954 3390 erat,
986 3347 1032 3382 ut

0 3375 2 3402 ἰ
61 3444 69 3449 ,
147 3404 249 3444 nihit
278 3406 561 3454 liquidius,
585 3405 1028 3455 ilaliberefluebat,

148 3471 194 3506 ut
222 3479 429 3517 nusquam
459 3468 792 3513 adhaeresceret3
840 3478 922 3507 nec
963 3468 1031 3506 ta-

1097 1169 1201 1199 men
1242 1159 1297 1198 de
1333 1160 1574 1199 imitatione
1607 1161 1808 1201 consulto
1839 1173 1978 1213 quae-

1095 1223 1176 1262 sita
1210 1223 1456 1272 cogitarim.
1486 1246 1529 1250 —
1563 1224 1722 1262 Fundet
1750 1224 1857 1275 opes]
1893 1225 1980 1264 «in—

1098 1284 1232 1334 signis
1250 1285 1333 1323 erit
1352 1287 1481 1335 poeta
1502 1286 1544 1324 et
1561 1284 1803 1325 verborum
1823 1288 1866 1325 et
1881 1298 1981 1326 sen-

1096 1348 1337 1387 tentiarum
1369 1349 1495 1400 copia
1526 1349 1660 1399 atque
1688 1351 1874 1400 propter
1895 1350 1980 1389 hoc

1095 1411 1242 1461 ipsum
1274 1411 1474 1459 Latinos,
1509 1421 1702 1461 quorum
1721 1409 1915 1462 linguam
1938 1414 1980 1452 et

1097 1473 1225 1511 ornat
1256 1474 1300 1511 et
1331 1473 1487 1523 auget,
1527 1483 1814 1524 summopere
1855 1473 1980 1513 dele-

1096 1534 1275 1574 ctabit.»
1316 1559 1361 1562 —
1410 1536 1700 1576 Luxuria-ntia
1741 1537 1978 1589 compescet]

1097 1599 1248 1637 «Dum
1291 1597 1423 1638 beata
1465 1600 1592 1650 copia
1632 1600 1861 1651 praeditus
1897 1603 1977 1649 est,

1094 1658 1314 1699 luxuriem
1346 1661 1495 1700 tamen
1519 1662 1738 1701 sermonis
1759 1673 1810 1701 ac
1833 1664 1982 1701 tumo-

1095 1732 1193 1761 rem
1222 1721 1420 1761 vitabit.»
1472 1723 1682 1762 Luoeuries
1717 1734 1784 1774 pr.
1819 1724 1874 1763 de
1906 1735 1981 1764 se-

1096 1783 1268 1835 getibus
1290 1783 1544 1835 vitibusque
1568 1785 1660 1824 sine
1684 1784 1828 1825 fructu
1850 1787 1980 1827 nimis

1096 1846 1211 1886 laete
1256 1846 1530 1898 pubentibus
1576 1849 1618 1886 et
1654 1848 1978 1898 crescentibus,

1097 1921 1212 1961 quae
1243 1908 1440 1950 luxuries
1473 1911 1638 1959 depasci
1668 1910 1804 1950 debet
1834 1912 1876 1951 in
1908 1923 1982 1952 se-

1097 1974 1197 2022 gete
1232 1971 1335 2022 (Cic.
1363 1972 1417 2011 de
1451 1972 1566 2011 Orat.
1592 1973 1637 2021 2,
1668 1972 1735 2021 ⁶23,
1761 1973 1827 2012 96.
1860 1974 1978 2024 Virg.

1098 2036 1173 2074 Ge.
1210 2035 1250 2082 4,
1286 2034 1419 2084 442),
1465 2036 1665 2084 compesci
1694 2035 1735 2074 in
1766 2036 1855 2075 vite
1889 2037 1978 2087 (Ge.

1096 2098 1137 2144 ⁶2,
1163 2097 1293 2147 370),
1328 2097 1370 2136 in
1392 2096 1666 2137 carminibus
1683 2097 1781 2137 stilo
1805 2099 1984 2150 astrinqi

1100 2157 1290 2209 (Quintil.
1324 2159 1394 2207 40,
1426 2159 1472 2208 4,
1504 2159 1576 2208 4.).
1624 2159 1686 2199 Cf.
1719 2161 1768 2199 A.
1799 2163 1843 2200 P.
1874 2160 1977 2201 447:

1098 2221 1319 2260 ambitiosa
1348 2221 1500 2260 recidet
1531 2222 1802 2262 Ornamenta.
1830 2246 1874 2250 —
1904 2224 1982 2263 Le-

1096 2283 1224 2334 vabit]
1260 2283 1439 2333 «Utique
1473 2283 1666 2335 expoliet
1696 2287 1740 2325 et
1768 2281 1881 2325 levia
1908 2287 1983 2337 (ni-

1098 2345 1187 2385 tida
1221 2357 1273 2385 ac
1303 2344 1453 2397 plana)
1498 2346 1681 2396 reddet,
1729 2358 1844 2398 quae
1882 2350 1984 2388 sunt

1098 2408 1229 2448 nimis
1261 2419 1418 2460 aspera
1453 2411 1497 2448 et
1518 2408 1701 2457 scabra,
1735 2410 1792 2449 ita
1814 2411 1979 2459 tamen,

1097 2472 1146 2509 ut
1184 2470 1256 2510 hic
1295 2469 1438 2511 cultus
1480 2482 1514 2511 s.
1548 2470 1782 2523 perpolitio
1821 2484 1983 2513 nervos

1098 2543 1150 2572 ac
1195 2533 1431 2572 sanitatem
1485 2534 1548 2582 eis
1600 2545 1689 2573 non
1734 2534 1981 2574 detrahat.»

1097 2597 1144 2634 A.
1171 2596 1216 2634 P.
1242 2595 1321 2634 26:
1363 2599 1585 2635 sectantem
1614 2597 1722 2635 levia
1750 2597 1868 2636 nervi
1896 2598 1984 2636 De-

1093 2658 1240 2709 ficiunt
1269 2658 1493 2707 animique.
1559 2659 1630 2697 Bis
1668 2660 1790 2697 terve
1828 2660 1984 2698 cultum

1099 2721 1143 2759 et
1172 2720 1350 2758 nitorem
1377 2720 1582 2758 orationis
1602 2720 1826 2770 coniungit
1847 2722 1984 2769 Quin-

1097 2780 1295 2829 tilianus,
1336 2783 1384 2820 ut
1422 2782 1496 2831 42,
1536 2782 1610 2831 40,
1650 2782 1730 2821 79;
1778 2784 1890 2822 nitor
1918 2783 1984 2823 ille

1098 2843 1251 2896 (habet)
1295 2844 1452 2883 cultum
1481 2845 1668 2894 virilem,
1712 2846 1875 2885 Horatii
1909 2858 1984 2885 sa-

1096 2918 1210 2946 num.
1236 2927 1279 2933 -
1304 2906 1459 2945 virtute
1479 2907 1686 2959 carentia]
1710 2908 1758 2947 V.
1781 2909 1872 2948 442.
1898 2910 1984 2949 sine

1092 2970 1278 3019 pondere
1316 2969 1510 3009 refertur
1543 2971 1689 3022 potius
1728 2972 1783 3011 ad
1815 2971 1981 3023 singula

1097 3032 1265 3079 verba;
1308 3032 1394 3071 hoc
1424 3032 1480 3071 ad
1512 3035 1781 3083 sententias,
1831 3045 1980 3085 «quae

1097 3097 1282 3146 propter
1313 3095 1577 3136 tenuitatem
1608 3095 1772 3136 nullam
1794 3099 1867 3136 aut
1889 3098 1983 3135 exi—

1098 3167 1231 3208 guam
1262 3157 1351 3197 vim
1382 3160 1595 3198 exercent
1625 3159 1666 3198 in
1685 3157 1865 3198 lectoris
1887 3160 1983 3198 ani-

1098 3230 1266 3259 mum.»
1305 3242 1347 3246 —
1382 3219 1506 3271 tollet]
1554 3220 1772 3270 Equidem
1812 3219 1981 3271 explico

1098 3293 1151 3321 ex
1182 3280 1357 3329 Quintil.
1384 3282 1450 3330 40,
1475 3281 1514 3329 4,
1541 3283 1556 3320 4
1582 3294 1589 3320 ;
1622 3283 1820 3331 Sequitur
1845 3293 1982 3321 emen-

1097 3344 1228 3392 datio,
1243 3355 1349 3393 pars
1363 3344 1596 3383 studiorum
1609 3344 1727 3394 lonqe
1742 3343 1977 3383 utilissima.

1097 3427 1119 3434 -
1139 3427 1161 3432 —
1181 3406 1314 3445 Huius
1343 3410 1483 3445 autem
1523 3406 1659 3455 operis
1697 3409 1755 3445 est
1780 3428 1803 3434 -
1825 3427 1847 3433 -
1876 3417 1982 3455 pre-

1095 3479 1207 3508 mere
1226 3469 1449 3517 tumentia,
1473 3468 1692 3507 humilia
1714 3468 1979 3517 emouere,
