2231 3787
291 283 390 335 3:552

923 282 1135 322 ilORATu
1168 283 1466 324 SATJRARUM

364 416 549 466 Posset
588 421 875 466 coenantes
921 411 1218 470 offendere,
1262 421 1317 463 ut
1355 412 1521 464 Attica
1560 411 1707 482 virgo

363 517 492 569 Cum
533 515 698 568 saeris
739 513 974 570 Cereris,
1016 511 1259 583 procedit
1297 512 1476 564 fuscus
1520 512 1829 583 HydaspeS‚

363 615 609 670 Caecuba
648 616 768 667 vina
807 616 1008 671 serens,
1050 612 1212 666 Alcon
1253 611 1439 665 Chium
1478 612 1639 664 maris
1679 629 1888 682 expers.
2030 611 2094 663 115

364 719 457 770 llic
496 716 678 769 herus:
720 716 1003 775 Albanum,
1046 715 1353 772 MaecenaS‚
1397 712 1509 765 sive
1551 711 1833 765 Falernum

364 821 432 871 Te
473 818 640 887 magis
679 816 935 887 appositis
975 814 1229 876 delectat,
1272 813 1532 867 habemus
1571 822 1873 884 utrumque.

412 960 471 998 13.
505 959 716 997 coenantis
746 958 791 997 E.
832 980 875 985 —
914 957 977 996 46.
1010 967 1104 995 erus
1133 956 1178 995 E.
1216 978 1260 984 -
1296 955 1361 995 47.
1387 954 1449 994 1¹8.
1473 958 1719 1004 utrumque,
1750 955 1931 995 Divitias
1960 956 2044 994 mi-

348 1032 473 1060 seras.
535 1021 613 1059 Sed
644 1019 836 1059 distinxit
867 1017 1158 1058 Heindorfius.

293 1148 375 1185 cet.
439 1145 519 1192 Qui
562 1143 661 1183 talia
704 1141 993 1193 sublegebat,
1042 1137 1161 1180 ἀνα-

292 1207 481 1259 λὲκτης,
515 1207 706 1246 analecta
734 1205 991 1245 vocabatur.
1053 1206 1164 1245 Mar-

292 1268 402 1309 tialis
446 1270 493 1316 7,
541 1269 619 1315 ΞΟ,
669 1268 745 1307 46ῑ
799 1268 996 1318 Colligere
1039 1267 1163 1317 lonqa

291 1336 410 1380 turpe
430 1341 500 1369 nec
517 1333 642 1379 putat
661 1330 811 1368 (leattra
830 1328 1028 1368 Analecta
1049 1329 1164 1377 quid—

291 1394 389 1442 quid
419 1397 456 1431 et
482 1404 604 1431 canes
643 1392 911 1441 reliquerunt.
964 1391 1033 1429 Sic
1065 1389 1164 1429 Cal-

290 1457 399 1495 x’isio
441 1456 555 1504 (Sen.
580 1455 655 1505 Ep.
682 1454 763 1503 027.)
797 1453 931 1493 suasit
963 1451 1162 1492 Satellius

291 1516 560 1564 Quadratus,
603 1520 643 1554 nt
672 1515 968 1566 gyrammatieos
995 1513 1162 1552 haberet

290 1578 516 1616 analeelas.
577 1575 820 1615 Ridiculum
850 1577 963 1615 inest
984 1575 1026 1614 in
1049 1576 1159 1614 mira

291 1639 589 1679 analectarum
621 1637 872 1686 sedulitate,
921 1638 989 1677 cui
1021 1648 1162 1688 oppo-

291 1703 405 1741 nitur
446 1700 750 1752 pocillatorum
791 1699 906 1740 lente
939 1699 1161 1739 acceden-

292 1766 398 1803 tium
441 1774 581 1814 aeque
626 1763 735 1802 mira
780 1762 983 1812 gravitas.
1033 1783 1078 1789 —-
1122 1764 1164 1799 nt

290 1826 422 1864 Attica
462 1828 579 1875 rii-90
620 1824 729 1874 cet.]
772 1822 889 1862 lento
934 1823 1159 1873 ingressu,

293 1887 673 1937 quemadmodum
694 1881 981 1940 κανηφόροι.
1035 1884 1159 1923 Conf.

294 1949 379 1986 Sat.
408 1949 422 1987 l
444 1980 452 1996 ,
486 1948 533 1995 3,
568 1948 614 1986 9:
647 1957 770 1996 saepe
796 1947 904 1985 velut
925 1946 995 1995 qui
1017 1946 1165 1985 Curre-

294 2011 360 2049 bat
403 2010 564 2060 fugiens
606 2010 776 2056 hostem,
818 2019 1016 2057 persaepe
1057 2007 1165 2046 velut

295 2073 363 2122 qui
383 2072 550 2110 [nizonis
569 2082 690 2109 sacra
709 2071 849 2120 ferret.
873 2092 916 2097 —
940 2068 1163 2119 Hydaspes]

295 2134 423 2174 Indos
453 2132 521 2172 vel
562 2133 799 2183 Aethiopes
829 2133 872 2171 in
903 2130 1059 2171 familia
1091 2141 1166 2168 ur-

296 2196 408 2236 bana
457 2194 623 2234 hahere
674 2197 778 2233 tunc
822 2204 925 2245 pars
969 2191 1164 2231 luxuriae

295 2262 402 2298 erat.
462 2258 604 2297 Pueris
632 2256 928 2296 Alexandrinis
948 2265 1105 2302 aquam
1123 2254 1167 2292 in

292 2331 442 2360 manus
469 2323 656 2358 nivatam
686 2317 989 2368 infundentibus
1008 2315 1168 2355 uteba-

295 2386 365 2421 tur
394 2379 655 2420 Trimalchio
687 2380 876 2420 Petronii
907 2379 972 2418 34.
1034 2378 1111 2417 Hic
1143 2389 1167 2416 a

294 2444 475 2482 flumine
522 2442 661 2493 patrio
706 2452 869 2480 nomen
919 2439 1065 2479 habet.
1119 2460 1162 2466 —

295 2504 483 2545 Caecuba
509 2503 621 2554 vina]
654 2504 714 2543 Ex
741 2503 859 2542 Latio
880 2512 1018 2552 prope
1042 2502 1171 2540 Cam-

294 2570 448 2618 paniae
488 2567 611 2605 fines.
670 2567 787 2604 Inter
824 2563 1164 2614 generosissima

294 2629 429 2668 refert
470 2628 672 2667 Horatius
716 2626 806 2677 (Od.
841 2627 886 2673 ’1,
919 2625 994 2673 20,
1028 2624 1067 2663 9.
1119 2626 1164 2673 ’1,

296 2690 366 2737 37,
401 2691 438 2729 5.
473 2691 518 2736 Ξ,
554 2688 624 2736 lli,
658 2689 723 2727 25.
757 2687 802 2735 3,
836 2687 908 2735 28,
939 2686 976 2726 3.
1027 2686 1164 2737 Epod.

297 2752 344 2798 9,
377 2752 459 2799 36.)
510 2751 694 2789 Videtur
722 2749 943 2789 Nasidieni
973 2749 1166 2800 pravitas

298 2813 338 2850 in
371 2823 422 2850 eo
453 2813 639 2859 versari,
681 2810 799 2861 quod
830 2821 967 2849 unum
998 2811 1167 2848 tantum

296 2874 447 2912 vinum
477 2873 674 2912 Italicum
700 2883 925 2922 unumque
950 2874 1167 2910 Graecum

298 2935 444 2974 afferri
476 2935 681 2982 iusserat,
730 2945 816 2973 non
848 2932 975 2973 simul
1020 2931 1168 2972 Faler-

299 3006 403 3035 num
449 2999 491 3035 et
534 2995 756 3035 Lesbium.
818 2994 979 3034 Sordes
1019 2996 1167 3033 autem

299 3059 390 3109 ipse
423 3056 602 3096 ridicule
635 3058 780 3109 prodit
810 3056 891 3096 alia
912 3058 1010 3095 vina
1033 3066 1168 3106 gene-

297 3131 395 3159 rosa
441 3119 633 3159 offerens
678 3120 926 3166 dumtaxat,
983 3129 1095 3169 quae
1144 3129 1167 3157 a

298 3182 550 3221 Maecenate
574 3182 756 3231 petitum
775 3192 860 3220 non
881 3181 930 3219 iri
952 3191 1031 3231 pro
1048 3182 1168 3220 certo

299 3243 487 3289 sciebat3
521 3254 607 3293 quo
638 3243 819 3292 quidem
850 3243 1064 3280 renuente
1088 3253 1169 3281 nec

299 3306 433 3345 ceteri
475 3305 684 3344 convivae
726 3315 775 3342 ea
817 3314 1003 3354 poscere
1043 3305 1170 3353 pote—

299 3369 419 3414 rant,
468 3366 548 3405 nisi
585 3365 889 3405 inurbanitatis
921 3363 1096 3415 culpam
1128 3365 1169 3404 in

300 3439 347 3468 se
381 3428 613 3467 admittere
645 3425 822 3466 vellent.
859 3449 902 3454 —
935 3427 1067 3465 maris
1093 3438 1170 3466 ea:-

295 3490 402 3540 pers]
435 3485 490 3530 οὗ
521 3488 973 3540 τεθαλασσωμένον,
1007 3489 1073 3527 cui
1096 3499 1171 3538 op-

1226 1142 1403 1192 ponitur
1449 1142 1599 1181 vinum
1647 1143 1866 1181 Graecum
1915 1140 2094 1182 salsum.

1226 1204 1318 1242 Iam
1359 1203 1399 1241 in
1439 1202 1524 1242 hoc
1564 1213 1741 1253 quoque
1782 1204 1981 1254 perversi
2021 1202 2100 1243 ali-

1227 1264 1331 1316 quid
1351 1263 1477 1312 latet;
1511 1264 1591 1304 sed
1622 1264 1823 1304 diversae
1854 1265 1909 1304 de
1940 1265 2023 1305 hac
2051 1276 2098 1305 re

1227 1328 1329 1366 sunt
1387 1328 1681 1378 Interpretum
1741 1327 2008 1367 sententiae:
2061 1328 2097 1377 l)

1228 1390 1348 1427 «erat
1379 1389 1505 1438 igitur
1536 1389 1663 1428 nimis
1695 1387 1846 1437 dulce,
1887 1399 1989 1428 cum
2019 1387 2102 1429 sal-

1227 1460 1326 1488 sum
1363 1449 1602 1501 praelaturi
1646 1449 1829 1490 fuissent
1864 1451 2098 1499 convivae,

1226 1512 1378 1561 utpote
1410 1511 1465 1550 ad
1506 1511 1763 1551 irritandam
1802 1512 1918 1552 sitim
1958 1512 2101 1563 aptius

1228 1583 1362 1622 quam
1395 1572 1574 1620 dulcem
1609 1574 1693 1613 hoc
1723 1584 1881 1614 verum
1910 1573 2098 1613 videtur.

1227 1634 1264 1684 2)
1299 1636 1465 1675 «Herus
1504 1638 1734 1686 tamquam
1769 1647 1865 1675 rem
1895 1645 2102 1686 magnam

1229 1695 1387 1735 Chium
1418 1707 1578 1747 purum
1611 1696 1827 1746 exhibuit,
1875 1699 1921 1736 ut
1964 1695 2101 1736 multo

1229 1756 1493 1797 salubrius.»
1539 1759 1664 1797 Tomi.
1726 1757 1805 1798 Alii
1843 1759 1988 1799 minus
2021 1769 2103 1810 ap-

1228 1819 1392 1868 posite:
1435 1819 1473 1868 3)
1508 1819 1652 1870 «quod
1682 1831 1764 1871 per
1795 1821 1982 1869 terram,
2014 1831 2103 1859 non

1227 1891 1307 1931 per
1338 1891 1459 1920 mare
1492 1881 1728 1921 advectum
1751 1883 1859 1922 est.»
1891 1883 1993 1921 Aen.
2029 1882 2104 1932 (Ex

1230 1942 1336 1981 Chio
1391 1942 1529 1982 insula
1586 1954 1666 1994 per
1720 1945 1885 1983 terram
1942 1943 2102 1983 advehi

1229 2005 1406 2043 omnino
1439 2015 1525 2044 non
1555 2005 1759 2055 poterat.)
1802 2005 1839 2056 4)
1874 2006 2001 2045 «Erat
2037 2006 2104 2044 vi-

1231 2077 1336 2105 num
1367 2077 1454 2106 non
1493 2068 1735 2116 Graecum,
1782 2066 1863 2106 sed
1893 2066 2105 2107 adulteri-

1231 2139 1359 2176 num,
1421 2139 1474 2167 ex
1531 2127 1678 2167 Italico
1726 2130 2101 2180 praeparatum3»

1232 2200 1365 2239 quam
1396 2192 1537 2229 artem
1558 2201 1664 2230 sane
1696 2190 1966 2230 factitabant.
2014 2190 2102 2231 Cfr.

1232 2253 1445 2291 Catonem
1486 2251 1538 2292 24
1579 2254 1622 2292 et
1662 2253 1754 2292 405.
1821 2251 1991 2292 Colum.
2026 2252 2101 2300 42,

1231 2314 1296 2353 37.
1335 2337 1378 2342 —-
1409 2314 1629 2366 Albanum]
1664 2314 1726 2354 Cf.
1759 2314 1836 2354 Od.
1867 2314 1914 2364 4,
1955 2315 2028 2363 Μ,
2060 2314 2100 2354 2.

1231 2375 1387 2415 Athen.
1421 2377 1466 2424 l,
1507 2376 1588 2415 59:
1638 2371 1732 2415 τῶν
1767 2374 1806 2415 δ’
1839 2373 1982 2415 οἴνων
2011 2387 2102 2423 χα-

1229 2438 1475 2493 ριέστατος
1497 2432 1524 2476 ὁ
1546 2433 1668 2476 κατὰ
1688 2433 1775 2490 τὴν
1800 2432 2000 2478 Ἰταλίαν
2014 2432 2106 2477 Ἀλ-

1231 2496 1382 2549 βανὸς
1411 2499 1492 2538 καὶ
1524 2493 1550 2538 ὁ
1583 2497 1888 2555 Φαληρνίτης.

1291 2562 1355 2601 [18.
1392 2562 1456 2601 49.
1490 2562 1672 2601 Divitias
1698 2563 1909 2612 miserasl]
1941 2562 2104 2602 Horatii

1234 2634 1339 2662 sane
1380 2623 1493 2662 haec
1531 2625 1601 2663 est
1637 2622 1912 2663 exclamatio.
1972 2625 2106 2663 Bent-

1232 2683 1343 2724 leius
1373 2683 1473 2724 ideo
1511 2684 1684 2723 miseras
1725 2684 1810 2723 dici
1854 2684 2102 2733 contendit,

1233 2745 1352 2796 quod
1384 2747 1539 2784 nactae
1562 2746 1648 2785 sint
1678 2745 1905 2785 dominum
1936 2746 2106 2786 fatuum

1232 2810 1275 2846 et
1292 2807 1531 2856 indignum,
1557 2807 1628 2857 qui
1647 2818 1722 2846 eas
1740 2807 1977 2858 possideat.
2002 2809 2107 2848 Ges-

1231 2879 1331 2907 ner:
1357 2879 1496 2919 «quae
1514 2869 1575 2908 sic
1593 2868 1824 2909 sollicitum
1845 2868 2012 2910 habent
2028 2870 2105 2910 do-

1230 2931 1412 2977 minum,
1428 2941 1562 2980 quem
1579 2931 1701 2981 copia
1720 2932 1939 2971 incertum
1957 2931 2102 2981 faciat,

1232 2992 1336 3043 quid
1354 2992 1442 3040 det,
1466 2992 1570 3042 quid
1593 3004 1678 3032 non
1696 2993 1814 3032 det.»
1845 2992 1925 3032 Alii
1945 2993 2104 3033 eadem

1231 3054 1366 3094 verba
1390 3054 1611 3094 Nasidieni
1641 3055 1835 3095 sermoni
1867 3057 2108 3095 annecten-

1232 3117 1285 3156 da
1325 3118 1527 3166 censent,
1575 3116 1749 3156 reculas
1788 3127 1891 3157 suas
1931 3118 1988 3156 ita
2027 3128 2106 3157 ex—

1232 3179 1472 3226 tenuantis3
1517 3178 1673 3229 idque,
1725 3179 1806 3219 etsi
1846 3190 1870 3217 a
1910 3177 2106 3218 Bentleio

1234 3244 1460 3292 tamquam
1504 3241 1829 3291 ineptissimum
1872 3241 2103 3289 reiectum,

1234 3302 1513 3342 ileindorfius
1542 3302 1784 3353 patrocinio
1815 3311 1895 3341 suo
1926 3300 2106 3352 dignum

1234 3365 1404 3404 censuit
1442 3365 1626 3414 eiusque
1658 3373 1841 3404 causam
1871 3367 1961 3403 tam
1990 3362 2106 3402 acri-

1234 3428 1300 3465 ter
1331 3427 1436 3476 egit,
1483 3427 1530 3464 ut
1567 3425 1727 3473 verba,
1774 3425 1808 3465 si
1840 3423 1896 3463 ab
1929 3424 2104 3464 Horatio

1234 3498 1501 3538 quoeunque
1543 3498 1676 3527 sensu
1721 3485 1888 3538 prolata
1928 3486 2105 3537 accipe—
