2231 3787
142 317 244 369 500

751 317 964 357 HORATII
997 316 1367 358 EPISTOLARUM

710 687 1155 739 EPISOEOLA
1195 687 1396 735 xm-

214 806 277 861 Ut
315 802 747 874 proficiscentem
790 799 949 853 docui
989 807 1040 851 te
1081 813 1247 868 saepe
1286 781 1543 866 diuque,¹

211 908 450 976 Augusto
491 901 689 955 reddes
730 900 936 971 signata
973 898 1276 959 volumina,
1327 897 1470 959 Vini,

249 1056 330 1094 ΕΡ.
373 1053 480 1092 XIII.
542 1051 772 1102 Inscriptio
813 1050 989 1089 Codicis
1028 1049 1085 1088 E:
1133 1048 1195 1087 Ad
1229 1048 1423 1087 Vinnium
1449 1047 1630 1087 Asellum
1661 1047 1751 1099 (sic)
1780 1052 1917 1088 monet

193 1121 240 1156 ut
267 1115 464 1155 earmina
494 1114 666 1154 Caesari
694 1113 850 1152 tradat.
879 1135 923 1140 —
941 1114 980 1151 ἓ,
1005 1112 1126 1151 Vinm'
1147 1111 1346 1163 bSEcdp,
1370 1110 1507 1150 LCtO.
1535 1111 1572 1161 (0
1594 1112 1745 1150 tamen
1774 1111 1819 1150 in
1848 1111 1918 1150 in-

196 1179 434 1230 scriptione
469 1177 654 1224 Viniwm3
702 1187 785 1215 nec
827 1186 934 1216 sane
983 1175 1118 1214 Vinnii
1158 1175 1444 1225 reperiuntur
1488 1173 1606 1225 apud
1651 1175 1913 1218 Gruterum,

197 1241 476 1288 Fabrettum,
510 1238 641 1288 alios,
685 1249 866 1289 semper
900 1238 1020 1277 Vinii.
1068 1238 1238 1287 Atque,
1282 1238 1330 1276 ut
1359 1246 1460 1283 nos,
1497 1234 1745 1284 Bentleius,
1786 1235 1915 1284 FMs.)

194 1367 300 1407 XIII.
365 1366 522 1404 «Hanc
565 1361 806 1416 Epistolam
851 1361 906 1401 ad
945 1362 1024 1400 Vi-

140 1431 264 1470 nium
292 1426 484 1483 Asellam
518 1425 601 1477 (vel
631 1426 813 1465 Asinam
842 1436 884 1464 V.
914 1424 1020 1474 8.‘.›),

141 1491 342 1543 quisquis
363 1488 432 1528 iile
454 1489 554 1538 fuit,
579 1488 764 1528 missam
786 1497 885 1526 esse
909 1497 1025 1525 nun-

141 1564 277 1606 quam
307 1552 506 1592 adduear
533 1553 583 1591 ut
613 1550 809 1590 credam.
860 1551 906 1588 In
940 1551 1026 1588 Au-

140 1617 253 1669 gusti
292 1615 438 1667 potius
479 1615 664 1665 gratiam
705 1614 866 1664 scripta
898 1611 1025 1651 vide-

140 1683 210 1719 tur
236 1711 244 1728 ,
286 1679 356 1718 cui
386 1679 516 1729 poeta
546 1676 867 1716 verecundiam
897 1685 1023 1714 suam

139 1743 210 1781 v’nz
240 1743 415 1793 poterat
445 1739 766 1780 commendare
792 1737 1020 1777 urbanius.

139 1805 345 1843 Paratam
377 1802 535 1842 eadem
563 1800 759 1841 habebat
781 1799 1026 1840 excusatio-

141 1876 269 1914 nem,
303 1865 338 1904 si
366 1864 476 1903 forte
498 1866 703 1914 poemata
728 1874 806 1902 sua
827 1863 1023 1912 Augusto

141 1928 197 1968 ab
257 1927 410 1966 amicis
461 1926 591 1964 nimis
644 1925 852 1964 officiosis
907 1922 1023 1962 male

141 1991 292 2031 essent
324 1987 481 2029 tradita
513 1989 587 2026 aut
612 1987 759 2026 minus
782 1988 882 2037 apte
905 1995 1026 2024 com-

140 2052 397 2094 mendata.»
442 2052 603 2090 lAcosss.
675 2050 845 2089 Festive
895 2048 1025 2099 igitur

141 2113 319 2156 simulat
349 2124 397 2153 se
427 2114 608 2164 praeter
636 2111 870 2157 mandata,
910 2120 1023 2160 quae

141 2177 264 2217 domi
320 2176 410 2214 iam
459 2185 594 2225 saepe
645 2173 809 2224 diuque
857 2172 1024 2211 homini

141 2239 285 2286 bono,
332 2235 412 2276 sed
450 2235 693 2287 pinguioris
723 2233 909 2283 ingenii,
955 2233 1025 2271 in-

141 2299 348 2346 culcarit,
394 2309 450 2338 ne
495 2296 566 2337 illa
600 2298 688 2337 iam
718 2298 801 2336 iter
831 2296 1021 2343 faciens,

140 2363 281 2413 magis
326 2361 458 2400 etiam
503 2370 607 2399 cum
645 2360 690 2398 in
725 2357 889 2400 Urbem
918 2368 1026 2409 per-

139 2424 334 2473 venerit,
369 2421 674 2469 obliviscatur,
709 2420 869 2460 eadem
891 2420 1025 2459 etiam

141 2486 294 2527 litteris
344 2484 634 2535 consignare,
687 2484 858 2533 hasque
908 2481 1026 2521 litte-

142 2559 237 2597 ras,
272 2558 383 2598 quas
413 2545 581 2594 Asella,
615 2547 663 2584 ut
684 2544 916 2596 probabile
940 2546 1021 2593 est,

140 2619 370 2660 nunquam
391 2607 521 2656 vidit,
553 2609 655 2659 post
676 2607 770 2647 eius
791 2606 1027 2658 profectio-

140 2683 246 2712 nem
277 2683 331 2711 ex
350 2669 534 2722 praedio
556 2669 716 2709 Sabino
742 2680 824 2720 per
845 2667 1025 2708 tabella-

142 2735 259 2779 rium
299 2734 490 2773 mittere.
570 2732 665 2771 Fuit
707 2733 857 2770 autem
908 2731 1025 2781 (nam

143 2807 336 2848 persona
365 2796 461 2846 ipsa
489 2805 595 2834 vera
628 2796 715 2843 est,
763 2795 807 2833 et
836 2792 1024 2833 fortasse

144 2860 274 2898 notus
319 2858 453 2901 homo
493 2859 589 2896 erat
616 2856 825 2906 Augusto)
857 2854 929 2895 vel
958 2855 1026 2893 vi—

144 2921 268 2960 cinus
311 2919 498 2966 Horatii,
558 2917 628 2957 vel
670 2928 785 2957 unus
830 2918 1024 2968 quinque

142 2982 319 3023 illorum
348 2979 571 3019 bonorum
599 2982 803 3030 patrum,
845 2977 1027 3017 colono-

144 3055 245 3084 rum
274 3042 588 3094 partiariorum
632 3042 675 3079 in
707 3041 801 3080 eius
833 3039 1023 3079 Sabino:

145 3115 302 3146 servus
343 3106 463 3143 certe
507 3101 761 3142 tabellarius
802 3102 1023 3158 nonfuit,

146 3178 250 3208 cum
287 3167 368 3205 tria
408 3166 586 3204 nomina
623 3165 772 3203 Latina
804 3163 1023 3212 hahuerit,

147 3231 194 3268 C.
236 3229 388 3267 Vinius
438 3227 597 3265 Fronto
640 3224 711 3263 vel
756 3223 922 3273 Asella,
980 3226 1029 3264 ut

147 3292 269 3330 aiunt
299 3288 582 3329 scholiastae.
645 3287 813 3338 Scripta
853 3286 1028 3329 videtur

147 3351 339 3404 Epistola
371 3340 653 3390 Lachmanno
682 3348 753 3387 vel
784 3349 962 3388 ineunte
985 3360 1023 3388 a.

148 3414 242 3454 730.
276 3412 347 3452 vel
377 3415 479 3452 ante
510 3412 705 3451 hiemem
732 3421 770 3449 3.
795 3410 913 3458 732.;
947 3422 1029 3462 per

143 3475 345 3517 medium
377 3475 494 3514 enim
518 3475 695 3524 tempus
717 3473 838 3511 extra
859 3471 1027 3512 Italiam

149 3537 262 3587 degit
296 3538 530 3586 Augustus.
568 3535 731 3574 Franke
755 3535 795 3574 F.
822 3535 869 3574 H.
896 3545 937 3585 p.
959 3535 1025 3575 68.

1088 1360 1226 1400 refert
1257 1360 1312 1400 ad
1335 1372 1374 1400 3.
1399 1360 1492 1400 731.
1545 1361 1744 1400 Imitatus
1767 1362 1835 1401 est
1853 1361 1973 1402 Mar-

1088 1421 1199 1462 tialis
1231 1424 1279 1471 5,
1315 1423 1353 1462 6.
1408 1423 1644 1462 Parthenio
1676 1422 1969 1471 demandans,

1089 1485 1317 1535 quomodo
1377 1485 1753 1536 epigrammatum
1808 1483 1973 1525 librum

1089 1549 1325 1598 apportare
1358 1546 1523 1586 debeat
1551 1547 1816 1587 Domitiano.

1142 1610 1234 1649 2-5.
1295 1609 1480 1661 signata]
1531 1609 1763 1659 obsignata
1807 1609 1974 1649 Horatii

1088 1671 1245 1721 anulo,
1309 1675 1358 1712 ut
1415 1671 1608 1712 decebat
1654 1670 1756 1711 talia
1802 1672 1974 1724 potenti

1087 1734 1247 1775 fautori
1290 1736 1495 1774 mittere:
1558 1734 1762 1785 «integra
1816 1735 1970 1785 igitur,

1087 1800 1137 1837 ut
1167 1797 1410 1848 accepisti,
1454 1798 1498 1836 et
1534 1808 1557 1836 a
1589 1795 1707 1836 nullo
1739 1795 1823 1837 alio
1846 1807 1974 1848 aper-

1088 1862 1131 1899 ta
1175 1861 1372 1910 Augusto
1426 1860 1483 1898 ita
1527 1858 1718 1907 reddes,
1774 1859 1811 1898 si
1862 1857 1974 1898 vali-

1089 1923 1172 1963 dus
1204 1923 1329 1962 erit.»
1366 1946 1411 1950 —
1443 1921 1671 1974 volumina]
1714 1921 1841 1969 Quod
1881 1921 1974 1961 dis-

1087 1986 1245 2036 putant
1273 1985 1569 2035 Interpretes‚
1616 1985 1767 2023 utrum
1806 1983 1861 2023 de
1893 1985 1974 2022 Sa-

1087 2047 1180 2086 tiris
1211 2057 1266 2085 an
1297 2045 1352 2085 de
1375 2045 1516 2086 tribus
1537 2047 1692 2097 primis
1715 2046 1974 2086 Carminum

1087 2107 1233 2153 libris,
1277 2119 1333 2147 an
1364 2108 1419 2147 de
1451 2108 1518 2148 his
1548 2108 1654 2159 ipsis
1684 2108 1839 2160 primis
1868 2108 1974 2159 Epi-

1089 2168 1210 2210 stolis
1240 2169 1575 2221 intelligendum
1606 2172 1682 2217 sit,
1724 2181 1864 2222 prope
1895 2180 1973 2210 su-

1088 2242 1418 2284 pervacaneum
1462 2233 1666 2281 videtur;
1723 2243 1804 2284 pro
1849 2234 1972 2272 certo

1090 2295 1208 2335 enim
1240 2294 1345 2334 nihil
1377 2295 1461 2334 hae
1491 2293 1547 2334 de
1578 2305 1626 2334 re
1649 2294 1860 2334 affirmari
1889 2305 1974 2345 po-

1088 2359 1188 2397 test.
1252 2357 1362 2396 Satis
1392 2356 1624 2408 probabile
1657 2358 1747 2406 est,
1791 2357 1973 2408 poetam

1087 2418 1207 2470 loqui
1253 2418 1307 2458 de
1352 2418 1494 2459 tribus
1541 2419 1799 2459 Carminum
1849 2415 1972 2458 libris
2039 2463 2046 2469 ,

1088 2484 1195 2520 tunc
1234 2481 1382 2532 ipsum
1424 2481 1566 2521 editis.
1612 2505 1656 2509 —
1704 2481 1751 2520 Si
1792 2479 1970 2532 validus]

1091 2544 1177 2583 «Eo
1209 2545 1412 2594 tempore
1444 2554 1579 2595 saepe
1611 2543 1869 2594 aegrotabat
1887 2545 1975 2583 Au-

1089 2607 1264 2656 gustus,
1298 2615 1387 2645 non
1417 2604 1558 2645 solum
1590 2606 1634 2645 in
1661 2606 1869 2657 Hispania
1891 2604 1972 2645 sed

1090 2669 1225 2707 etiam
1281 2669 1446 2708 Romae
1505 2669 1765 2719 gravissimo
1811 2667 1972 2707 morbo

1090 2732 1367 2782 correptus.»
1415 2732 1579 2770 FRANKE
1610 2729 1637 2770 1.
1670 2730 1697 2770 l.
1764 2729 1972 2770 Martialis

1088 2791 1116 2832 l.
1148 2791 1174 2831 1.
1205 2804 1246 2831 v.
1277 2792 1315 2832 9.
1349 2792 1405 2831 ad
1444 2793 1730 2832 Parthenium
1773 2791 1972 2832 libellum

1090 2854 1350 2905 imperatori
1395 2852 1656 2894 allaturum:
1707 2855 1825 2894 Nosti
1867 2858 1973 2894 tem-

1082 2926 1197 2965 pora
1227 2919 1272 2954 tu
1299 2916 1408 2955 Iovis
1436 2917 1583 2956 sereni.
1621 2939 1665 2944 --
1691 2915 1848 2968 pecces]
1895 2917 1971 2956 «in

1091 2976 1267 3028 culpam
1317 2989 1369 3017 30
1416 2979 1815 3030 reprehensionem
1859 2979 1971 3019 inei-

1091 3039 1214 3078 das.»
1248 3060 1294 3067 —
1332 3040 1485 3092 odium]
1524 3041 1804 3089 «Unwillen,»
1848 3043 1898 3080 ut
1923 3051 1967 3080 v.

1090 3101 1220 3140 odisse
1263 3100 1495 3153 aliquoties
1538 3103 1742 3143 Horatius
1785 3104 1973 3154 usurpat

1091 3174 1171 3214 pro
1193 3174 1409 3213 spernere,
1426 3165 1537 3204 nicht
1557 3165 1686 3204 leiden
1700 3165 1876 3204 konnen.
1902 3163 1971 3203 «Si

1091 3226 1203 3265 forte
1221 3225 1421 3266 offendes
1433 3228 1694 3277 Augustum,
1713 3225 1809 3266 fieri
1822 3226 1972 3277 potest

1091 3289 1139 3327 ut
1167 3287 1525 3338 indignabundus
1547 3288 1732 3340 accipiat
1753 3297 1853 3326 mea
1875 3297 1971 3326 car-

1092 3350 1264 3391 mina.»
1306 3371 1350 3377 —
1373 3350 1563 3389 “Sedulus
1600 3348 1703 3400 cet]
1744 3349 1970 3388 «minister

1093 3413 1228 3451 nimio
1260 3411 1403 3452 studio
1434 3412 1758 3463 importunus.»
1791 3409 1854 3450 Cf.
1878 3412 1966 3451 Sat.

1091 3474 1131 3520 2,
1157 3474 1195 3521 5,
1220 3473 1291 3513 89:
1326 3473 1435 3524 Epp.
1459 3473 1506 3520 2,
1537 3474 1575 3521 4,
1606 3472 1715 3512 260:
1761 3471 1970 3512 Sedulitas

1093 3540 1231 3575 civitem
1259 3535 1400 3583 stulte,
1435 3545 1554 3585 quem
1583 3534 1739 3585 diligit,
1762 3539 1895 3585 urqet.
1921 3559 1964 3563 -
