<?xml version="1.0" encoding="UTF-8"?>
<!DOCTYPE html PUBLIC "-//W3C//DTD XHTML 1.0 Transitional//EN"
    "http://www.w3.org/TR/xhtml1/DTD/xhtml1-transitional.dtd">
<html xmlns="http://www.w3.org/1999/xhtml" xml:lang="en" lang="en">
 <head>
  <title>
</title>
<meta http-equiv="Content-Type" content="text/html;charset=utf-8" />
  <meta name='ocr-system' content='tesseract 3.04.00' />
  <meta name='ocr-capabilities' content='ocr_page ocr_carea ocr_par ocr_line ocrx_word'/>
</head>
<body>
  <div class='ocr_page' id='page_1' title='image "./qhoratiusflaccus02horauoft_0108.png"; bbox 0 0 2231 3787; ppageno 0'>
   <div class='ocr_carea' id='block_1_1' title="bbox 862 248 1403 289">
    <p class='ocr_par' dir='ltr' id='par_1_1' title="bbox 862 248 1403 289">
     <span class='ocr_line' id='line_1_1' title="bbox 862 248 1403 289; baseline -0.004 0"><span class='ocrx_word' id='word_1_1' title='bbox 862 249 1074 289; x_wconf 79' lang='lat' dir='ltr'>llORATlI</span> <span class='ocrx_word' id='word_1_2' title='bbox 1105 248 1403 289; x_wconf 78' lang='lat' dir='ltr'>SATIRARUM</span> 
     </span>
    </p>
   </div>
   <div class='ocr_carea' id='block_1_2' title="bbox 294 378 1694 449">
    <p class='ocr_par' dir='ltr' id='par_1_2' title="bbox 294 378 1694 449">
     <span class='ocr_line' id='line_1_2' title="bbox 294 378 1694 449; baseline -0.004 -15"><span class='ocrx_word' id='word_1_3' title='bbox 294 383 514 434; x_wconf 81' lang='lat' dir='ltr'>Postera</span> <span class='ocrx_word' id='word_1_4' title='bbox 552 380 640 433; x_wconf 88' lang='lat' dir='ltr'>lux</span> <span class='ocrx_word' id='word_1_5' title='bbox 680 380 847 433; x_wconf 85' lang='lat' dir='ltr'>oritur</span> <span class='ocrx_word' id='word_1_6' title='bbox 887 378 1050 432; x_wconf 89' lang='lat' dir='ltr'>multo</span> <span class='ocrx_word' id='word_1_7' title='bbox 1091 378 1420 449; x_wconf 78' lang='lat' dir='ltr'>gratissima,</span> <span class='ocrx_word' id='word_1_8' title='bbox 1462 392 1694 445; x_wconf 79' lang='lat' dir='ltr'>namque</span> 
     </span>
    </p>
   </div>
   <div class='ocr_carea' id='block_1_3' title="bbox 294 478 1541 549">
    <p class='ocr_par' dir='ltr' id='par_1_3' title="bbox 294 478 1541 549">
     <span class='ocr_line' id='line_1_3' title="bbox 294 478 1541 549; baseline -0.006 -13"><span class='ocrx_word' id='word_1_9' title='bbox 294 482 493 536; x_wconf 88' lang='lat' dir='ltr'>Plotius</span> <span class='ocrx_word' id='word_1_10' title='bbox 534 491 585 535; x_wconf 89' lang='lat' dir='ltr'>et</span> <span class='ocrx_word' id='word_1_11' title='bbox 623 481 809 535; x_wconf 79' lang='lat' dir='ltr'>Varius</span> <span class='ocrx_word' id='word_1_12' title='bbox 851 480 1140 533; x_wconf 78' lang='lat' dir='ltr'>Sinuessae</span> <span class='ocrx_word' id='word_1_13' title='bbox 1182 478 1541 549; x_wconf 81' lang='lat' dir='ltr'>Virgiliusque</span> 
     </span>
    </p>
   </div>
   <div class='ocr_carea' id='block_1_4' title="bbox 1972 473 2040 525">
    <p class='ocr_par' dir='ltr' id='par_1_4' title="bbox 1972 473 2040 525">
     <span class='ocr_line' id='line_1_4' title="bbox 1972 473 2040 525; baseline 0 0"><span class='ocrx_word' id='word_1_14' title='bbox 1972 473 2040 525; x_wconf 82' lang='lat'>40</span> 
     </span>
    </p>
   </div>
   <div class='ocr_carea' id='block_1_5' title="bbox 300 576 1734 653">
    <p class='ocr_par' dir='ltr' id='par_1_5' title="bbox 300 576 1734 653">
     <span class='ocr_line' id='line_1_5' title="bbox 300 576 1734 653; baseline -0.007 -15"><span class='ocrx_word' id='word_1_15' title='bbox 300 585 627 645; x_wconf 86' lang='lat' dir='ltr'>Occurrunt,</span> <span class='ocrx_word' id='word_1_16' title='bbox 672 583 901 640; x_wconf 87' lang='lat' dir='ltr'>animae,</span> <span class='ocrx_word' id='word_1_17' title='bbox 945 580 1133 653; x_wconf 85' lang='lat' dir='ltr'>quales</span> <span class='ocrx_word' id='word_1_18' title='bbox 1173 596 1351 650; x_wconf 88' lang='lat' dir='ltr'>neque</span> <span class='ocrx_word' id='word_1_19' title='bbox 1392 576 1734 632; x_wconf 85' lang='lat' dir='ltr'>candidiores</span> 
     </span>
    </p>
   </div>
   <div class='ocr_carea' id='block_1_6' title="bbox 297 678 1742 756">
    <p class='ocr_par' dir='ltr' id='par_1_6' title="bbox 297 678 1742 756">
     <span class='ocr_line' id='line_1_6' title="bbox 297 678 1742 756; baseline -0.007 -16"><span class='ocrx_word' id='word_1_20' title='bbox 297 688 459 740; x_wconf 82' lang='lat' dir='ltr'>Terra</span> <span class='ocrx_word' id='word_1_21' title='bbox 498 684 611 738; x_wconf 89' lang='lat' dir='ltr'>tulit</span> <span class='ocrx_word' id='word_1_22' title='bbox 650 702 828 756; x_wconf 84' lang='lat' dir='ltr'>neque</span> <span class='ocrx_word' id='word_1_23' title='bbox 870 683 991 755; x_wconf 83' lang='lat' dir='ltr'>quis</span> <span class='ocrx_word' id='word_1_24' title='bbox 1031 699 1115 735; x_wconf 92' lang='lat' dir='ltr'>me</span> <span class='ocrx_word' id='word_1_25' title='bbox 1156 681 1222 734; x_wconf 86' lang='lat' dir='ltr'>sit</span> <span class='ocrx_word' id='word_1_26' title='bbox 1261 680 1558 734; x_wconf 80' lang='lat' dir='ltr'>devinctior</span> <span class='ocrx_word' id='word_1_27' title='bbox 1596 678 1742 731; x_wconf 85' lang='lat' dir='ltr'>alter.</span> 
     </span>
    </p>
   </div>
   <div class='ocr_carea' id='block_1_7' title="bbox 295 780 1673 858">
    <p class='ocr_par' dir='ltr' id='par_1_7' title="bbox 295 780 1673 858">
     <span class='ocr_line' id='line_1_7' title="bbox 295 780 1673 858; baseline -0.007 -18"><span class='ocrx_word' id='word_1_28' title='bbox 295 789 341 841; x_wconf 83' lang='lat' dir='ltr'>O</span> <span class='ocrx_word' id='word_1_29' title='bbox 382 788 472 858; x_wconf 88' lang='lat' dir='ltr'>qui</span> <span class='ocrx_word' id='word_1_30' title='bbox 518 785 830 857; x_wconf 82' lang='lat' dir='ltr'>complexus</span> <span class='ocrx_word' id='word_1_31' title='bbox 875 793 926 839; x_wconf 84' lang='lat' dir='ltr'>et</span> <span class='ocrx_word' id='word_1_32' title='bbox 967 783 1162 855; x_wconf 84' lang='lat' dir='ltr'>gaudia</span> <span class='ocrx_word' id='word_1_33' title='bbox 1202 790 1401 853; x_wconf 86' lang='lat' dir='ltr'>quanta</span> <span class='ocrx_word' id='word_1_34' title='bbox 1438 780 1673 834; x_wconf 77' lang='lat' dir='ltr'>fuerunt!</span> 
     </span>
    </p>
   </div>
   <div class='ocr_carea' id='block_1_8' title="bbox 297 882 1589 960">
    <p class='ocr_par' dir='ltr' id='par_1_8' title="bbox 297 882 1589 960">
     <span class='ocr_line' id='line_1_8' title="bbox 297 882 1589 960; baseline -0.006 -17"><span class='ocrx_word' id='word_1_35' title='bbox 297 889 375 943; x_wconf 77' lang='lat' dir='ltr'>Nil</span> <span class='ocrx_word' id='word_1_36' title='bbox 420 906 522 960; x_wconf 85' lang='lat' dir='ltr'>ego</span> <span class='ocrx_word' id='word_1_37' title='bbox 562 886 881 942; x_wconf 77' lang='lat' dir='ltr'>contulerim</span> <span class='ocrx_word' id='word_1_38' title='bbox 918 885 1154 940; x_wconf 87' lang='lat' dir='ltr'>iucundo</span> <span class='ocrx_word' id='word_1_39' title='bbox 1195 901 1360 937; x_wconf 91' lang='lat' dir='ltr'>sanus</span> <span class='ocrx_word' id='word_1_40' title='bbox 1401 882 1589 937; x_wconf 88' lang='lat' dir='ltr'>amico.</span> 
     </span>
    </p>
   </div>
   <div class='ocr_carea' id='block_1_9' title="bbox 338 1080 1990 1136">
    <p class='ocr_par' dir='ltr' id='par_1_9' title="bbox 338 1080 1990 1136">
     <span class='ocr_line' id='line_1_9' title="bbox 338 1080 1990 1136; baseline -0.003 -10"><span class='ocrx_word' id='word_1_41' title='bbox 338 1086 403 1126; x_wconf 76' lang='lat'>40.</span> <span class='ocrx_word' id='word_1_42' title='bbox 443 1087 576 1125; x_wconf 64' lang='lat' dir='ltr'>Varus</span> <span class='ocrx_word' id='word_1_43' title='bbox 604 1083 693 1125; x_wconf 89' lang='lat' dir='ltr'>bcd</span> <span class='ocrx_word' id='word_1_44' title='bbox 723 1086 766 1125; x_wconf 89' lang='lat' dir='ltr'>et</span> <span class='ocrx_word' id='word_1_45' title='bbox 795 1086 975 1136; x_wconf 84' lang='lat' dir='ltr'>praeter</span> <span class='ocrx_word' id='word_1_46' title='bbox 1003 1092 1142 1123; x_wconf 87' lang='lat' dir='ltr'>unum</span> <span class='ocrx_word' id='word_1_47' title='bbox 1167 1082 1205 1121; x_wconf 78' lang='lat'>7.</span> <span class='ocrx_word' id='word_1_48' title='bbox 1241 1092 1397 1122; x_wconf 90' lang='lat' dir='ltr'>omnes</span> <span class='ocrx_word' id='word_1_49' title='bbox 1429 1081 1636 1121; x_wconf 84' lang='lat' dir='ltr'>Pottierii.</span> <span class='ocrx_word' id='word_1_50' title='bbox 1674 1080 1738 1132; x_wconf 87' lang='lat' dir='ltr'>(Ut</span> <span class='ocrx_word' id='word_1_51' title='bbox 1766 1091 1866 1130; x_wconf 86' lang='lat' dir='ltr'>nos,</span> <span class='ocrx_word' id='word_1_52' title='bbox 1902 1081 1990 1133; x_wconf 82' lang='lat' dir='ltr'>Sp.)</span> 
     </span>
    </p>
   </div>
   <div class='ocr_carea' id='block_1_10' title="bbox 224 1239 1112 3534">
    <p class='ocr_par' dir='ltr' id='par_1_10' title="bbox 224 1239 1112 3024">
     <span class='ocr_line' id='line_1_10' title="bbox 224 1239 1103 1293; baseline -0.007 -11"><span class='ocrx_word' id='word_1_53' title='bbox 224 1244 375 1283; x_wconf 71' lang='lat' dir='ltr'>Plotius</span> <span class='ocrx_word' id='word_1_54' title='bbox 405 1242 507 1293; x_wconf 64' lang='lat' dir='ltr'>cet]</span> <span class='ocrx_word' id='word_1_55' title='bbox 541 1242 626 1280; x_wconf 88' lang='lat' dir='ltr'>Sat.</span> <span class='ocrx_word' id='word_1_56' title='bbox 662 1242 704 1289; x_wconf 75' lang='lat' dir='ltr'>l,</span> <span class='ocrx_word' id='word_1_57' title='bbox 741 1240 813 1288; x_wconf 69' lang='lat'>110,</span> <span class='ocrx_word' id='word_1_58' title='bbox 847 1240 918 1279; x_wconf 39' lang='lat'><strong>81¹1:</strong></span> <span class='ocrx_word' id='word_1_59' title='bbox 950 1239 1103 1278; x_wconf 73' lang='lat' dir='ltr'>Plotius</span> 
     </span>
     <span class='ocr_line' id='line_1_11' title="bbox 225 1301 1098 1353; baseline -0.005 -10"><span class='ocrx_word' id='word_1_60' title='bbox 225 1310 263 1344; x_wconf 80' lang='lat' dir='ltr'>et</span> <span class='ocrx_word' id='word_1_61' title='bbox 313 1305 488 1353; x_wconf 67' lang='lat' dir='ltr'>Varius,</span> <span class='ocrx_word' id='word_1_62' title='bbox 537 1305 758 1343; x_wconf 77' lang='lat' dir='ltr'>Maecena-s</span> <span class='ocrx_word' id='word_1_63' title='bbox 810 1301 1098 1351; x_wconf 69' lang='lat' dir='ltr'>l&#39;irqiliusque.</span> 
     </span>
     <span class='ocr_line' id='line_1_12' title="bbox 225 1357 1099 1412; baseline -0.006 -5"><span class='ocrx_word' id='word_1_64' title='bbox 225 1368 300 1407; x_wconf 86' lang='lat' dir='ltr'>Est</span> <span class='ocrx_word' id='word_1_65' title='bbox 331 1369 481 1406; x_wconf 75' lang='lat' dir='ltr'>autem</span> <span class='ocrx_word' id='word_1_66' title='bbox 501 1366 652 1405; x_wconf 69' lang='lat' dir='ltr'>Plotius</span> <span class='ocrx_word' id='word_1_67' title='bbox 672 1365 726 1405; x_wconf 88' lang='lat' dir='ltr'>M.</span> <span class='ocrx_word' id='word_1_68' title='bbox 751 1363 912 1404; x_wconf 92' lang='lat' dir='ltr'>Plotius</span> <span class='ocrx_word' id='word_1_69' title='bbox 940 1357 1099 1412; x_wconf 74' lang='lat' dir='ltr'>Tucca,</span> 
     </span>
     <span class='ocr_line' id='line_1_13' title="bbox 227 1424 1105 1479; baseline -0.007 -11"><span class='ocrx_word' id='word_1_70' title='bbox 227 1429 404 1468; x_wconf 82' lang='lat' dir='ltr'>criticus</span> <span class='ocrx_word' id='word_1_71' title='bbox 448 1428 594 1479; x_wconf 83' lang='lat' dir='ltr'>potIus</span> <span class='ocrx_word' id='word_1_72' title='bbox 640 1437 775 1478; x_wconf 86' lang='lat' dir='ltr'>quam</span> <span class='ocrx_word' id='word_1_73' title='bbox 818 1426 976 1477; x_wconf 84' lang='lat' dir='ltr'>po&#39;e&#39;ta,</span> <span class='ocrx_word' id='word_1_74' title='bbox 1030 1424 1105 1476; x_wconf 89' lang='lat' dir='ltr'>qui</span> 
     </span>
     <span class='ocr_line' id='line_1_14' title="bbox 226 1487 1104 1543; baseline -0.007 -12"><span class='ocrx_word' id='word_1_75' title='bbox 226 1493 381 1543; x_wconf 87' lang='lat' dir='ltr'>postea</span> <span class='ocrx_word' id='word_1_76' title='bbox 420 1502 509 1530; x_wconf 88' lang='lat' dir='ltr'>una</span> <span class='ocrx_word' id='word_1_77' title='bbox 553 1500 656 1528; x_wconf 86' lang='lat' dir='ltr'>cum</span> <span class='ocrx_word' id='word_1_78' title='bbox 693 1490 738 1528; x_wconf 95' lang='lat' dir='ltr'>L.</span> <span class='ocrx_word' id='word_1_79' title='bbox 771 1488 903 1527; x_wconf 71' lang='lat' dir='ltr'>Vario</span> <span class='ocrx_word' id='word_1_80' title='bbox 940 1487 1104 1537; x_wconf 88' lang='lat' dir='ltr'>tragico</span> 
     </span>
     <span class='ocr_line' id='line_1_15' title="bbox 227 1548 1103 1603; baseline -0.005 -11"><span class='ocrx_word' id='word_1_81' title='bbox 227 1565 280 1592; x_wconf 80' lang='lat' dir='ltr'>ex</span> <span class='ocrx_word' id='word_1_82' title='bbox 294 1553 475 1603; x_wconf 79' lang='lat' dir='ltr'>Augusti</span> <span class='ocrx_word' id='word_1_83' title='bbox 495 1550 708 1591; x_wconf 87' lang='lat' dir='ltr'>mandatu</span> <span class='ocrx_word' id='word_1_84' title='bbox 725 1549 888 1600; x_wconf 80' lang='lat' dir='ltr'>Virgilii</span> <span class='ocrx_word' id='word_1_85' title='bbox 906 1548 1103 1588; x_wconf 80' lang='lat' dir='ltr'>Aeneida</span> 
     </span>
     <span class='ocr_line' id='line_1_16' title="bbox 228 1611 1105 1662; baseline -0.005 -8"><span class='ocrx_word' id='word_1_86' title='bbox 228 1614 379 1654; x_wconf 84' lang='lat' dir='ltr'>edidit.</span> <span class='ocrx_word' id='word_1_87' title='bbox 413 1615 476 1653; x_wconf 91' lang='lat' dir='ltr'>De</span> <span class='ocrx_word' id='word_1_88' title='bbox 513 1613 662 1661; x_wconf 72' lang='lat' dir='ltr'>Vario,</span> <span class='ocrx_word' id='word_1_89' title='bbox 707 1612 762 1651; x_wconf 93' lang='lat' dir='ltr'>de</span> <span class='ocrx_word' id='word_1_90' title='bbox 796 1623 882 1662; x_wconf 89' lang='lat' dir='ltr'>quo</span> <span class='ocrx_word' id='word_1_91' title='bbox 915 1611 1105 1651; x_wconf 84' lang='lat' dir='ltr'>diximus</span> 
     </span>
     <span class='ocr_line' id='line_1_17' title="bbox 227 1672 1106 1723; baseline -0.005 -7"><span class='ocrx_word' id='word_1_92' title='bbox 227 1676 284 1716; x_wconf 90' lang='lat' dir='ltr'>ad</span> <span class='ocrx_word' id='word_1_93' title='bbox 313 1675 391 1716; x_wconf 90' lang='lat' dir='ltr'>Od.</span> <span class='ocrx_word' id='word_1_94' title='bbox 428 1677 471 1723; x_wconf 80' lang='lat' dir='ltr'>l,</span> <span class='ocrx_word' id='word_1_95' title='bbox 513 1676 556 1723; x_wconf 87' lang='lat'>6,</span> <span class='ocrx_word' id='word_1_96' title='bbox 592 1675 648 1723; x_wconf 64' lang='lat' dir='ltr'>1l.,</span> <span class='ocrx_word' id='word_1_97' title='bbox 687 1672 986 1714; x_wconf 86' lang='lat' dir='ltr'>consulendus</span> <span class='ocrx_word' id='word_1_98' title='bbox 1017 1673 1106 1712; x_wconf 89' lang='lat' dir='ltr'>iam</span> 
     </span>
     <span class='ocr_line' id='line_1_18' title="bbox 226 1736 1103 1790; baseline -0.005 -12"><span class='ocrx_word' id='word_1_99' title='bbox 226 1738 443 1790; x_wconf 86' lang='lat' dir='ltr'>imprimis</span> <span class='ocrx_word' id='word_1_100' title='bbox 464 1736 672 1777; x_wconf 87' lang='lat' dir='ltr'>Welcker</span> <span class='ocrx_word' id='word_1_101' title='bbox 695 1737 948 1788; x_wconf 66' lang='lat' dir='ltr'>Trayocdz&#39;en</span> <span class='ocrx_word' id='word_1_102' title='bbox 967 1737 1037 1775; x_wconf 92' lang='grc' dir='ltr'>ΙΙΙ.</span> <span class='ocrx_word' id='word_1_103' title='bbox 1060 1746 1103 1786; x_wconf 93' lang='lat' dir='ltr'>p.</span> 
     </span>
     <span class='ocr_line' id='line_1_19' title="bbox 230 1797 1108 1850; baseline -0.006 -10"><span class='ocrx_word' id='word_1_104' title='bbox 230 1800 349 1841; x_wconf 66' lang='lat'>1426.</span> <span class='ocrx_word' id='word_1_105' title='bbox 384 1803 516 1850; x_wconf 87' lang='lat' dir='ltr'>atque</span> <span class='ocrx_word' id='word_1_106' title='bbox 549 1799 603 1838; x_wconf 88' lang='lat' dir='ltr'>de</span> <span class='ocrx_word' id='word_1_107' title='bbox 626 1800 719 1838; x_wconf 91' lang='lat' dir='ltr'>eius</span> <span class='ocrx_word' id='word_1_108' title='bbox 750 1799 941 1849; x_wconf 83' lang='lat' dir='ltr'>Thyeste</span> <span class='ocrx_word' id='word_1_109' title='bbox 965 1797 1108 1848; x_wconf 82' lang='lat' dir='ltr'>Bergk</span> 
     </span>
     <span class='ocr_line' id='line_1_20' title="bbox 227 1860 1108 1912; baseline -0.005 -10"><span class='ocrx_word' id='word_1_110' title='bbox 227 1862 417 1902; x_wconf 79' lang='lat' dir='ltr'>Zeitschr.</span> <span class='ocrx_word' id='word_1_111' title='bbox 440 1862 470 1912; x_wconf 82' lang='lat' dir='ltr'>f.</span> <span class='ocrx_word' id='word_1_112' title='bbox 492 1861 538 1900; x_wconf 83' lang='lat' dir='ltr'>A.</span> <span class='ocrx_word' id='word_1_113' title='bbox 567 1860 685 1901; x_wconf 69' lang='lat'>4845.</span> <span class='ocrx_word' id='word_1_114' title='bbox 709 1872 752 1912; x_wconf 90' lang='lat' dir='ltr'>p.</span> <span class='ocrx_word' id='word_1_115' title='bbox 778 1860 844 1900; x_wconf 74' lang='lat'>84.</span> <span class='ocrx_word' id='word_1_116' title='bbox 873 1860 983 1899; x_wconf 91' lang='lat' dir='ltr'>Iunii</span> <span class='ocrx_word' id='word_1_117' title='bbox 1003 1860 1108 1899; x_wconf 95' lang='lat' dir='ltr'>Phi—</span> 
     </span>
     <span class='ocr_line' id='line_1_21' title="bbox 228 1922 1108 1975; baseline -0.003 -11"><span class='ocrx_word' id='word_1_118' title='bbox 228 1924 393 1975; x_wconf 77' lang='lat' dir='ltr'>largyri</span> <span class='ocrx_word' id='word_1_119' title='bbox 412 1925 555 1963; x_wconf 89' lang='lat' dir='ltr'>aetate</span> <span class='ocrx_word' id='word_1_120' title='bbox 579 1923 750 1974; x_wconf 86' lang='lat' dir='ltr'>(quarto</span> <span class='ocrx_word' id='word_1_121' title='bbox 771 1934 814 1974; x_wconf 92' lang='lat' dir='ltr'>p.</span> <span class='ocrx_word' id='word_1_122' title='bbox 841 1922 943 1962; x_wconf 87' lang='lat' dir='ltr'>Chr.</span> <span class='ocrx_word' id='word_1_123' title='bbox 966 1933 1009 1961; x_wconf 89' lang='lat' dir='ltr'>n.</span> <span class='ocrx_word' id='word_1_124' title='bbox 1034 1933 1108 1962; x_wconf 88' lang='lat' dir='ltr'>se-</span> 
     </span>
     <span class='ocr_line' id='line_1_22' title="bbox 230 1985 1109 2038; baseline -0.006 -10"><span class='ocrx_word' id='word_1_125' title='bbox 230 1986 341 2038; x_wconf 81' lang='lat' dir='ltr'>culo)</span> <span class='ocrx_word' id='word_1_126' title='bbox 366 1987 652 2038; x_wconf 87' lang='lat' dir='ltr'>superstitem</span> <span class='ocrx_word' id='word_1_127' title='bbox 672 1985 805 2026; x_wconf 84' lang='lat' dir='ltr'>fuisse</span> <span class='ocrx_word' id='word_1_128' title='bbox 826 1986 946 2024; x_wconf 87' lang='lat' dir='ltr'>Varii</span> <span class='ocrx_word' id='word_1_129' title='bbox 966 1985 1109 2035; x_wconf 86' lang='lat' dir='ltr'>Thye-</span> 
     </span>
     <span class='ocr_line' id='line_1_23' title="bbox 230 2048 1109 2098; baseline -0.003 -8"><span class='ocrx_word' id='word_1_130' title='bbox 230 2053 346 2091; x_wconf 91' lang='lat' dir='ltr'>stem</span> <span class='ocrx_word' id='word_1_131' title='bbox 376 2049 527 2089; x_wconf 86' lang='lat' dir='ltr'>docuit</span> <span class='ocrx_word' id='word_1_132' title='bbox 546 2049 796 2098; x_wconf 80' lang='lat' dir='ltr'>Wagnerus</span> <span class='ocrx_word' id='word_1_133' title='bbox 818 2048 861 2087; x_wconf 90' lang='lat' dir='ltr'>in</span> <span class='ocrx_word' id='word_1_134' title='bbox 883 2048 1036 2087; x_wconf 82' lang='lat' dir='ltr'>Co-mm.</span> <span class='ocrx_word' id='word_1_135' title='bbox 1062 2048 1109 2087; x_wconf 84' lang='lat' dir='ltr'>dc</span> 
     </span>
     <span class='ocr_line' id='line_1_24' title="bbox 229 2109 1103 2163; baseline -0.005 -11"><span class='ocrx_word' id='word_1_136' title='bbox 229 2113 477 2163; x_wconf 60' lang='lat' dir='ltr'>Philargyro</span> <span class='ocrx_word' id='word_1_137' title='bbox 492 2114 536 2151; x_wconf 91' lang='lat' dir='ltr'>P.</span> <span class='ocrx_word' id='word_1_138' title='bbox 554 2112 583 2150; x_wconf 95' lang='lat' dir='ltr'>I.</span> <span class='ocrx_word' id='word_1_139' title='bbox 601 2122 643 2162; x_wconf 93' lang='lat' dir='ltr'>p.</span> <span class='ocrx_word' id='word_1_140' title='bbox 659 2110 724 2149; x_wconf 89' lang='lat'>30.</span> <span class='ocrx_word' id='word_1_141' title='bbox 740 2111 911 2161; x_wconf 74' lang='lat' dir='ltr'>(Paneg.</span> <span class='ocrx_word' id='word_1_142' title='bbox 927 2110 970 2150; x_wconf 90' lang='lat' dir='ltr'>in</span> <span class='ocrx_word' id='word_1_143' title='bbox 984 2109 1103 2161; x_wconf 90' lang='lat' dir='ltr'>Calp.</span> 
     </span>
     <span class='ocr_line' id='line_1_25' title="bbox 230 2173 1110 2223; baseline -0.006 -8"><span class='ocrx_word' id='word_1_144' title='bbox 230 2177 315 2216; x_wconf 90' lang='lat' dir='ltr'>Pis.</span> <span class='ocrx_word' id='word_1_145' title='bbox 349 2175 449 2214; x_wconf 65' lang='lat'>226:</span> <span class='ocrx_word' id='word_1_146' title='bbox 482 2175 703 2213; x_wconf 77' lang='lat' dir='ltr'>Maecenas</span> <span class='ocrx_word' id='word_1_147' title='bbox 732 2173 894 2223; x_wconf 59' lang='lat' dir='ltr'>tragico</span> <span class='ocrx_word' id='word_1_148' title='bbox 916 2173 1110 2222; x_wconf 74' lang='lat' dir='ltr'>quatien-</span> 
     </span>
     <span class='ocr_line' id='line_1_26' title="bbox 231 2234 1105 2287; baseline -0.003 -10"><span class='ocrx_word' id='word_1_149' title='bbox 231 2242 311 2277; x_wconf 77' lang='lat' dir='ltr'>tem</span> <span class='ocrx_word' id='word_1_150' title='bbox 334 2237 501 2287; x_wconf 79' lang='lat' dir='ltr'>pulpita</span> <span class='ocrx_word' id='word_1_151' title='bbox 530 2240 646 2286; x_wconf 61' lang='lat' dir='ltr'>{festu</span> <span class='ocrx_word' id='word_1_152' title='bbox 672 2236 809 2275; x_wconf 70' lang='lat' dir='ltr'>evexit</span> <span class='ocrx_word' id='word_1_153' title='bbox 833 2234 1039 2287; x_wconf 74' lang='lat' dir='ltr'>Varium.)</span> <span class='ocrx_word' id='word_1_154' title='bbox 1060 2258 1105 2262; x_wconf 90' lang='lat'>—</span> 
     </span>
     <span class='ocr_line' id='line_1_27' title="bbox 231 2297 1110 2349; baseline -0.005 -10"><span class='ocrx_word' id='word_1_155' title='bbox 231 2301 426 2339; x_wconf 78' lang='lat' dir='ltr'>Sinuessa</span> <span class='ocrx_word' id='word_1_156' title='bbox 456 2300 523 2337; x_wconf 87' lang='lat' dir='ltr'>est</span> <span class='ocrx_word' id='word_1_157' title='bbox 554 2297 757 2336; x_wconf 88' lang='lat' dir='ltr'>ultimum</span> <span class='ocrx_word' id='word_1_158' title='bbox 787 2298 829 2336; x_wconf 92' lang='lat' dir='ltr'>in</span> <span class='ocrx_word' id='word_1_159' title='bbox 860 2298 998 2349; x_wconf 82' lang='lat' dir='ltr'>Appia</span> <span class='ocrx_word' id='word_1_160' title='bbox 1032 2298 1110 2336; x_wconf 91' lang='lat' dir='ltr'>La-</span> 
     </span>
     <span class='ocr_line' id='line_1_28' title="bbox 231 2360 1109 2412; baseline -0.003 -11"><span class='ocrx_word' id='word_1_161' title='bbox 231 2362 277 2401; x_wconf 84' lang='lat' dir='ltr'>tii</span> <span class='ocrx_word' id='word_1_162' title='bbox 307 2360 545 2412; x_wconf 90' lang='lat' dir='ltr'>oppidum,</span> <span class='ocrx_word' id='word_1_163' title='bbox 579 2360 723 2399; x_wconf 80' lang='lat' dir='ltr'>XVIII.</span> <span class='ocrx_word' id='word_1_164' title='bbox 747 2361 801 2399; x_wconf 77' lang='lat' dir='ltr'>M.</span> <span class='ocrx_word' id='word_1_165' title='bbox 827 2361 872 2399; x_wconf 94' lang='lat' dir='ltr'>P.</span> <span class='ocrx_word' id='word_1_166' title='bbox 897 2360 1063 2400; x_wconf 90' lang='lat' dir='ltr'>distans</span> <span class='ocrx_word' id='word_1_167' title='bbox 1085 2370 1109 2397; x_wconf 92' lang='lat' dir='ltr'>a</span> 
     </span>
     <span class='ocr_line' id='line_1_29' title="bbox 232 2420 1106 2472; baseline -0.003 -8"><span class='ocrx_word' id='word_1_168' title='bbox 232 2424 436 2471; x_wconf 83' lang='lat' dir='ltr'>Formiis,</span> <span class='ocrx_word' id='word_1_169' title='bbox 483 2422 616 2461; x_wconf 89' lang='lat' dir='ltr'>hodie</span> <span class='ocrx_word' id='word_1_170' title='bbox 659 2422 839 2472; x_wconf 67' lang='lat' dir='ltr'>Baqnolt</span> <span class='ocrx_word' id='word_1_171' title='bbox 885 2420 1106 2472; x_wconf 82' lang='lat' dir='ltr'>&lt;Walck.),</span> 
     </span>
     <span class='ocr_line' id='line_1_30' title="bbox 231 2483 1111 2538; baseline -0.003 -13"><span class='ocrx_word' id='word_1_172' title='bbox 231 2497 370 2538; x_wconf 87' lang='lat' dir='ltr'>prope</span> <span class='ocrx_word' id='word_1_173' title='bbox 402 2485 644 2524; x_wconf 77' lang='lat' dir='ltr'>Minturnas</span> <span class='ocrx_word' id='word_1_174' title='bbox 667 2483 909 2535; x_wconf 82' lang='lat' dir='ltr'>(Tavcrna).</span> <span class='ocrx_word' id='word_1_175' title='bbox 938 2507 982 2512; x_wconf 90' lang='lat'>—-</span> <span class='ocrx_word' id='word_1_176' title='bbox 1007 2494 1111 2532; x_wconf 80' lang='lat' dir='ltr'>qua-</span> 
     </span>
     <span class='ocr_line' id='line_1_31' title="bbox 232 2547 1109 2598; baseline -0.003 -10"><span class='ocrx_word' id='word_1_177' title='bbox 232 2549 299 2598; x_wconf 76' lang='lat' dir='ltr'>les]</span> <span class='ocrx_word' id='word_1_178' title='bbox 324 2547 483 2587; x_wconf 90' lang='lat' dir='ltr'>eadem</span> <span class='ocrx_word' id='word_1_179' title='bbox 505 2547 852 2594; x_wconf 87' lang='lat' dir='ltr'>constructione,</span> <span class='ocrx_word' id='word_1_180' title='bbox 887 2557 974 2596; x_wconf 89' lang='lat' dir='ltr'>qua</span> <span class='ocrx_word' id='word_1_181' title='bbox 1002 2557 1109 2586; x_wconf 90' lang='lat' dir='ltr'>usus</span> 
     </span>
     <span class='ocr_line' id='line_1_32' title="bbox 234 2607 1109 2661; baseline -0.005 -11"><span class='ocrx_word' id='word_1_182' title='bbox 234 2614 301 2651; x_wconf 89' lang='lat' dir='ltr'>est</span> <span class='ocrx_word' id='word_1_183' title='bbox 320 2609 458 2661; x_wconf 87' lang='lat' dir='ltr'>Epod.</span> <span class='ocrx_word' id='word_1_184' title='bbox 483 2610 528 2657; x_wconf 81' lang='lat'>5,</span> <span class='ocrx_word' id='word_1_185' title='bbox 558 2608 642 2656; x_wconf 58' lang='lat'>59„</span> <span class='ocrx_word' id='word_1_186' title='bbox 675 2619 757 2659; x_wconf 86' lang='lat' dir='ltr'>pro</span> <span class='ocrx_word' id='word_1_187' title='bbox 781 2609 978 2647; x_wconf 86' lang='lat' dir='ltr'>«animae</span> <span class='ocrx_word' id='word_1_188' title='bbox 1001 2607 1109 2647; x_wconf 85' lang='lat' dir='ltr'>tales</span> 
     </span>
     <span class='ocr_line' id='line_1_33' title="bbox 234 2669 1111 2723; baseline -0.003 -11"><span class='ocrx_word' id='word_1_189' title='bbox 234 2672 421 2723; x_wconf 90' lang='lat' dir='ltr'>quibus»</span> <span class='ocrx_word' id='word_1_190' title='bbox 455 2672 537 2709; x_wconf 87' lang='lat' dir='ltr'>cet.</span> <span class='ocrx_word' id='word_1_191' title='bbox 574 2692 621 2698; x_wconf 97' lang='lat'>—</span> <span class='ocrx_word' id='word_1_192' title='bbox 647 2670 752 2721; x_wconf 75' lang='lat' dir='ltr'>tulit]</span> <span class='ocrx_word' id='word_1_193' title='bbox 786 2669 1004 2721; x_wconf 87' lang='lat' dir='ltr'>«protulit,</span> <span class='ocrx_word' id='word_1_194' title='bbox 1038 2680 1111 2720; x_wconf 80' lang='lat' dir='ltr'>ge-</span> 
     </span>
     <span class='ocr_line' id='line_1_34' title="bbox 234 2732 1105 2783; baseline -0.003 -9"><span class='ocrx_word' id='word_1_195' title='bbox 234 2736 368 2783; x_wconf 85' lang='lat' dir='ltr'>nuit‚»</span> <span class='ocrx_word' id='word_1_196' title='bbox 400 2735 447 2773; x_wconf 90' lang='lat' dir='ltr'>ut</span> <span class='ocrx_word' id='word_1_197' title='bbox 477 2732 555 2772; x_wconf 88' lang='lat' dir='ltr'>Od.</span> <span class='ocrx_word' id='word_1_198' title='bbox 591 2732 638 2779; x_wconf 88' lang='lat'>3,</span> <span class='ocrx_word' id='word_1_199' title='bbox 673 2733 720 2781; x_wconf 82' lang='lat'>6,</span> <span class='ocrx_word' id='word_1_200' title='bbox 753 2732 820 2773; x_wconf 77' lang='lat'>46.</span> <span class='ocrx_word' id='word_1_201' title='bbox 855 2733 970 2783; x_wconf 83' lang='lat' dir='ltr'>VIrg.</span> <span class='ocrx_word' id='word_1_202' title='bbox 998 2734 1105 2772; x_wconf 92' lang='lat' dir='ltr'>Aen.</span> 
     </span>
     <span class='ocr_line' id='line_1_35' title="bbox 236 2795 1110 2845; baseline -0.003 -9"><span class='ocrx_word' id='word_1_203' title='bbox 236 2798 311 2845; x_wconf 78' lang='lat' dir='ltr'>ll,</span> <span class='ocrx_word' id='word_1_204' title='bbox 358 2796 463 2835; x_wconf 63' lang='lat'>285:</span> <span class='ocrx_word' id='word_1_205' title='bbox 516 2796 560 2834; x_wconf 76' lang='lat' dir='ltr'>Si</span> <span class='ocrx_word' id='word_1_206' title='bbox 605 2796 685 2834; x_wconf 75' lang='lat' dir='ltr'>cluo</span> <span class='ocrx_word' id='word_1_207' title='bbox 730 2799 958 2844; x_wconf 77' lang='lat' dir='ltr'>praeterea</span> <span class='ocrx_word' id='word_1_208' title='bbox 1009 2795 1110 2834; x_wconf 75' lang='lat' dir='ltr'>tales</span> 
     </span>
     <span class='ocr_line' id='line_1_36' title="bbox 232 2857 1112 2899; baseline -0.005 0"><span class='ocrx_word' id='word_1_209' title='bbox 232 2860 359 2899; x_wconf 80' lang='lat' dir='ltr'>Idaea</span> <span class='ocrx_word' id='word_1_210' title='bbox 390 2858 543 2897; x_wconf 73' lang='lat' dir='ltr'>tulisset</span> <span class='ocrx_word' id='word_1_211' title='bbox 574 2858 703 2896; x_wconf 78' lang='lat' dir='ltr'>Terra</span> <span class='ocrx_word' id='word_1_212' title='bbox 732 2857 845 2896; x_wconf 68' lang='lat' dir='ltr'>viros</span> <span class='ocrx_word' id='word_1_213' title='bbox 865 2859 948 2896; x_wconf 85' lang='lat' dir='ltr'>cet.</span> <span class='ocrx_word' id='word_1_214' title='bbox 977 2880 1020 2884; x_wconf 97' lang='lat'><strong>—</strong></span> <span class='ocrx_word' id='word_1_215' title='bbox 1045 2868 1112 2896; x_wconf 85' lang='lat' dir='ltr'>sa-</span> 
     </span>
     <span class='ocr_line' id='line_1_37' title="bbox 235 2919 1107 2973; baseline -0.003 -14"><span class='ocrx_word' id='word_1_216' title='bbox 235 2922 323 2973; x_wconf 82' lang='lat' dir='ltr'>nus]</span> <span class='ocrx_word' id='word_1_217' title='bbox 359 2919 595 2971; x_wconf 78' lang='lat' dir='ltr'>«quamdiu</span> <span class='ocrx_word' id='word_1_218' title='bbox 630 2930 736 2959; x_wconf 85' lang='lat' dir='ltr'>sana</span> <span class='ocrx_word' id='word_1_219' title='bbox 777 2921 925 2959; x_wconf 89' lang='lat' dir='ltr'>mente</span> <span class='ocrx_word' id='word_1_220' title='bbox 964 2930 1107 2959; x_wconf 88' lang='lat' dir='ltr'>sum.»</span> 
     </span>
     <span class='ocr_line' id='line_1_38' title="bbox 234 2987 389 3024; baseline -0.019 0"><span class='ocrx_word' id='word_1_221' title='bbox 234 2987 389 3024; x_wconf 68' lang='lat' dir='ltr'>Pomm.</span> 
     </span>
    </p>

    <p class='ocr_par' dir='ltr' id='par_1_11' title="bbox 235 3044 1112 3534">
     <span class='ocr_line' id='line_1_39' title="bbox 290 3044 1112 3096; baseline -0.001 -11"><span class='ocrx_word' id='word_1_222' title='bbox 290 3045 429 3085; x_wconf 76' lang='lat'>45-50.</span> <span class='ocrx_word' id='word_1_223' title='bbox 464 3046 677 3094; x_wconf 79' lang='lat' dir='ltr'>Campano</span> <span class='ocrx_word' id='word_1_224' title='bbox 690 3044 823 3096; x_wconf 74' lang='lat' dir='ltr'>ponti]</span> <span class='ocrx_word' id='word_1_225' title='bbox 848 3047 962 3084; x_wconf 91' lang='lat' dir='ltr'>Pons</span> <span class='ocrx_word' id='word_1_226' title='bbox 985 3046 1112 3085; x_wconf 86' lang='lat' dir='ltr'>Cam-</span> 
     </span>
     <span class='ocr_line' id='line_1_40' title="bbox 237 3107 1111 3160; baseline -0.002 -13"><span class='ocrx_word' id='word_1_227' title='bbox 237 3119 377 3160; x_wconf 82' lang='lat' dir='ltr'>panus</span> <span class='ocrx_word' id='word_1_228' title='bbox 427 3107 570 3157; x_wconf 85' lang='lat' dir='ltr'>(hodie</span> <span class='ocrx_word' id='word_1_229' title='bbox 614 3112 739 3156; x_wconf 78' lang='lat' dir='ltr'>ponte</span> <span class='ocrx_word' id='word_1_230' title='bbox 787 3107 982 3158; x_wconf 66' lang='lat' dir='ltr'>Ceppani)</span> <span class='ocrx_word' id='word_1_231' title='bbox 1032 3108 1111 3146; x_wconf 85' lang='lat' dir='ltr'>Sa-</span> 
     </span>
     <span class='ocr_line' id='line_1_41' title="bbox 235 3170 1109 3220; baseline -0.002 -11"><span class='ocrx_word' id='word_1_232' title='bbox 235 3171 335 3210; x_wconf 68' lang='lat' dir='ltr'>voni</span> <span class='ocrx_word' id='word_1_233' title='bbox 365 3170 534 3209; x_wconf 88' lang='lat' dir='ltr'>flumini</span> <span class='ocrx_word' id='word_1_234' title='bbox 567 3170 797 3220; x_wconf 86' lang='lat' dir='ltr'>impositus</span> <span class='ocrx_word' id='word_1_235' title='bbox 827 3171 894 3208; x_wconf 83' lang='grc' dir='ltr'><strong>ΙΙΙ.</strong></span> <span class='ocrx_word' id='word_1_236' title='bbox 930 3170 983 3210; x_wconf 82' lang='lat' dir='ltr'>M.</span> <span class='ocrx_word' id='word_1_237' title='bbox 1017 3171 1061 3208; x_wconf 92' lang='lat' dir='ltr'>P.</span> <span class='ocrx_word' id='word_1_238' title='bbox 1088 3180 1109 3207; x_wconf 91' lang='lat' dir='ltr'>a</span> 
     </span>
     <span class='ocr_line' id='line_1_42' title="bbox 236 3231 1112 3281; baseline -0.003 -8"><span class='ocrx_word' id='word_1_239' title='bbox 236 3234 457 3273; x_wconf 81' lang='lat' dir='ltr'>Sinuessa.</span> <span class='ocrx_word' id='word_1_240' title='bbox 526 3233 608 3281; x_wconf 81' lang='lat' dir='ltr'>(Sic</span> <span class='ocrx_word' id='word_1_241' title='bbox 648 3232 837 3271; x_wconf 75' lang='lat' dir='ltr'>correxit</span> <span class='ocrx_word' id='word_1_242' title='bbox 875 3231 1112 3271; x_wconf 87' lang='lat' dir='ltr'>Romanel—</span> 
     </span>
     <span class='ocr_line' id='line_1_43' title="bbox 236 3293 1106 3342; baseline -0.002 -9"><span class='ocrx_word' id='word_1_243' title='bbox 236 3294 341 3342; x_wconf 85' lang='lat' dir='ltr'>lius;</span> <span class='ocrx_word' id='word_1_244' title='bbox 391 3295 432 3333; x_wconf 91' lang='lat' dir='ltr'>in</span> <span class='ocrx_word' id='word_1_245' title='bbox 471 3295 566 3333; x_wconf 88' lang='lat' dir='ltr'>Itin.</span> <span class='ocrx_word' id='word_1_246' title='bbox 612 3293 823 3333; x_wconf 85' lang='lat' dir='ltr'>Hierosol.</span> <span class='ocrx_word' id='word_1_247' title='bbox 865 3295 930 3333; x_wconf 84' lang='lat' dir='ltr'>cst</span> <span class='ocrx_word' id='word_1_248' title='bbox 967 3295 1021 3334; x_wconf 83' lang='lat' dir='ltr'>M.</span> <span class='ocrx_word' id='word_1_249' title='bbox 1062 3295 1106 3332; x_wconf 92' lang='lat' dir='ltr'>P.</span> 
     </span>
     <span class='ocr_line' id='line_1_44' title="bbox 237 3354 1110 3396; baseline -0.002 -1"><span class='ocrx_word' id='word_1_250' title='bbox 237 3358 303 3396; x_wconf 82' lang='lat' dir='ltr'>IX.</span> <span class='ocrx_word' id='word_1_251' title='bbox 352 3368 438 3396; x_wconf 90' lang='lat' dir='ltr'>non</span> <span class='ocrx_word' id='word_1_252' title='bbox 484 3357 637 3396; x_wconf 88' lang='lat' dir='ltr'>contra</span> <span class='ocrx_word' id='word_1_253' title='bbox 682 3355 856 3395; x_wconf 82' lang='lat' dir='ltr'>dicente</span> <span class='ocrx_word' id='word_1_254' title='bbox 902 3354 1110 3394; x_wconf 81' lang='lat' dir='ltr'>Walcke-</span> 
     </span>
     <span class='ocr_line' id='line_1_45' title="bbox 239 3417 1110 3469; baseline -0.002 -11"><span class='ocrx_word' id='word_1_255' title='bbox 239 3420 419 3469; x_wconf 77' lang='lat' dir='ltr'>naerio.)</span> <span class='ocrx_word' id='word_1_256' title='bbox 475 3420 622 3460; x_wconf 46' lang='lat' dir='ltr'>ls&#39;illula</span> <span class='ocrx_word' id='word_1_257' title='bbox 659 3420 808 3459; x_wconf 86' lang='lat' dir='ltr'>autem</span> <span class='ocrx_word' id='word_1_258' title='bbox 844 3418 915 3457; x_wconf 65' lang='lat' dir='ltr'>xix</span> <span class='ocrx_word' id='word_1_259' title='bbox 945 3417 1110 3468; x_wconf 82' lang='lat' dir='ltr'>signifi-</span> 
     </span>
     <span class='ocr_line' id='line_1_46' title="bbox 240 3479 1107 3534; baseline 0 -13"><span class='ocrx_word' id='word_1_260' title='bbox 240 3493 338 3522; x_wconf 64' lang='lat' dir='ltr'>care</span> <span class='ocrx_word' id='word_1_261' title='bbox 370 3485 528 3534; x_wconf 79' lang='lat' dir='ltr'>potest,</span> <span class='ocrx_word' id='word_1_262' title='bbox 576 3484 620 3522; x_wconf 78' lang='lat' dir='ltr'>ut</span> <span class='ocrx_word' id='word_1_263' title='bbox 666 3480 753 3521; x_wconf 76' lang='lat' dir='ltr'>volt</span> <span class='ocrx_word' id='word_1_264' title='bbox 799 3479 1107 3531; x_wconf 80' lang='lat' dir='ltr'>Romanellius,</span> 
     </span>
    </p>
   </div>
   <div class='ocr_carea' id='block_1_11' title="bbox 1165 1235 2054 3470">
    <p class='ocr_par' dir='ltr' id='par_1_12' title="bbox 1165 1235 2054 3470">
     <span class='ocr_line' id='line_1_47' title="bbox 1165 1235 2042 1279; baseline -0.002 -1"><span class='ocrx_word' id='word_1_265' title='bbox 1165 1236 1389 1279; x_wconf 82' lang='lat' dir='ltr'>Urbanam</span> <span class='ocrx_word' id='word_1_266' title='bbox 1420 1236 1638 1277; x_wconf 86' lang='lat' dir='ltr'>coloniam</span> <span class='ocrx_word' id='word_1_267' title='bbox 1669 1247 1825 1277; x_wconf 87' lang='lat' dir='ltr'>rursus</span> <span class='ocrx_word' id='word_1_268' title='bbox 1852 1237 1922 1277; x_wconf 93' lang='lat' dir='ltr'>III.</span> <span class='ocrx_word' id='word_1_269' title='bbox 1954 1235 2042 1276; x_wconf 90' lang='lat' dir='ltr'>mil.</span> 
     </span>
     <span class='ocr_line' id='line_1_48' title="bbox 1165 1299 2043 1351; baseline 0 -12"><span class='ocrx_word' id='word_1_270' title='bbox 1165 1310 1283 1351; x_wconf 87' lang='lat' dir='ltr'>pass.</span> <span class='ocrx_word' id='word_1_271' title='bbox 1318 1299 1557 1339; x_wconf 89' lang='lat' dir='ltr'>distantem</span> <span class='ocrx_word' id='word_1_272' title='bbox 1587 1310 1611 1338; x_wconf 90' lang='lat' dir='ltr'>a</span> <span class='ocrx_word' id='word_1_273' title='bbox 1642 1300 1778 1339; x_wconf 80' lang='lat' dir='ltr'>Ponte</span> <span class='ocrx_word' id='word_1_274' title='bbox 1802 1300 2043 1351; x_wconf 87' lang='lat' dir='ltr'>Campano,</span> 
     </span>
     <span class='ocr_line' id='line_1_49' title="bbox 1167 1360 2042 1413; baseline -0.001 -12"><span class='ocrx_word' id='word_1_275' title='bbox 1167 1361 1247 1402; x_wconf 88' lang='lat' dir='ltr'>sed</span> <span class='ocrx_word' id='word_1_276' title='bbox 1276 1363 1454 1413; x_wconf 86' lang='lat' dir='ltr'>proprie</span> <span class='ocrx_word' id='word_1_277' title='bbox 1487 1361 1657 1413; x_wconf 87' lang='lat' dir='ltr'>accipio</span> <span class='ocrx_word' id='word_1_278' title='bbox 1689 1361 1744 1400; x_wconf 91' lang='lat' dir='ltr'>de</span> <span class='ocrx_word' id='word_1_279' title='bbox 1773 1360 1876 1401; x_wconf 77' lang='lat' dir='ltr'>villa</span> <span class='ocrx_word' id='word_1_280' title='bbox 1898 1360 2042 1412; x_wconf 88' lang='lat' dir='ltr'>aliqua</span> 
     </span>
     <span class='ocr_line' id='line_1_50' title="bbox 1167 1423 2049 1476; baseline -0.001 -13"><span class='ocrx_word' id='word_1_281' title='bbox 1167 1423 1341 1464; x_wconf 89' lang='lat' dir='ltr'>modica</span> <span class='ocrx_word' id='word_1_282' title='bbox 1358 1425 1479 1476; x_wconf 91' lang='lat' dir='ltr'>ponti</span> <span class='ocrx_word' id='word_1_283' title='bbox 1495 1423 1552 1464; x_wconf 89' lang='lat' dir='ltr'>illi</span> <span class='ocrx_word' id='word_1_284' title='bbox 1567 1424 1792 1475; x_wconf 78' lang='lat' dir='ltr'>proxima,</span> <span class='ocrx_word' id='word_1_285' title='bbox 1816 1424 1861 1463; x_wconf 93' lang='lat' dir='ltr'>in</span> <span class='ocrx_word' id='word_1_286' title='bbox 1882 1434 1969 1475; x_wconf 88' lang='lat' dir='ltr'>qua</span> <span class='ocrx_word' id='word_1_287' title='bbox 1986 1424 2049 1462; x_wconf 90' lang='lat' dir='ltr'>Si-</span> 
     </span>
     <span class='ocr_line' id='line_1_51' title="bbox 1166 1486 2048 1538; baseline -0.001 -13"><span class='ocrx_word' id='word_1_288' title='bbox 1166 1497 1329 1526; x_wconf 88' lang='lat' dir='ltr'>nuessa</span> <span class='ocrx_word' id='word_1_289' title='bbox 1351 1487 1451 1526; x_wconf 86' lang='lat' dir='ltr'>ante</span> <span class='ocrx_word' id='word_1_290' title='bbox 1472 1497 1712 1538; x_wconf 89' lang='lat' dir='ltr'>vesperam</span> <span class='ocrx_word' id='word_1_291' title='bbox 1730 1486 1916 1537; x_wconf 84' lang='lat' dir='ltr'>profecti</span> <span class='ocrx_word' id='word_1_292' title='bbox 1941 1496 2048 1538; x_wconf 88' lang='lat' dir='ltr'>per—</span> 
     </span>
     <span class='ocr_line' id='line_1_52' title="bbox 1168 1547 2050 1588; baseline -0.002 -1"><span class='ocrx_word' id='word_1_293' title='bbox 1168 1550 1416 1588; x_wconf 86' lang='lat' dir='ltr'>noctarunt.</span> <span class='ocrx_word' id='word_1_294' title='bbox 1462 1547 1667 1587; x_wconf 87' lang='lat' dir='ltr'>Nonnulli</span> <span class='ocrx_word' id='word_1_295' title='bbox 1688 1548 1881 1588; x_wconf 75' lang='lat' dir='ltr'>villulam</span> <span class='ocrx_word' id='word_1_296' title='bbox 1909 1549 1954 1588; x_wconf 91' lang='lat' dir='ltr'>et</span> <span class='ocrx_word' id='word_1_297' title='bbox 1974 1547 2050 1586; x_wconf 73' lang='lat' dir='ltr'><em>voe’l-</em></span> 
     </span>
     <span class='ocr_line' id='line_1_53' title="bbox 1168 1609 2050 1662; baseline 0.001 -13"><span class='ocrx_word' id='word_1_298' title='bbox 1168 1611 1254 1650; x_wconf 83' lang='lat' dir='ltr'>lam</span> <span class='ocrx_word' id='word_1_299' title='bbox 1264 1622 1304 1652; x_wconf 73' lang='lat' dir='ltr'>v.</span> <span class='ocrx_word' id='word_1_300' title='bbox 1320 1611 1386 1651; x_wconf 90' lang='lat'>80.</span> <span class='ocrx_word' id='word_1_301' title='bbox 1412 1610 1467 1650; x_wconf 88' lang='lat' dir='ltr'>de</span> <span class='ocrx_word' id='word_1_302' title='bbox 1488 1609 1601 1650; x_wconf 76' lang='lat' dir='ltr'>villis</span> <span class='ocrx_word' id='word_1_303' title='bbox 1620 1610 1809 1662; x_wconf 87' lang='lat' dir='ltr'>publicis</span> <span class='ocrx_word' id='word_1_304' title='bbox 1829 1611 2050 1662; x_wconf 86' lang='lat' dir='ltr'>interpre—</span> 
     </span>
     <span class='ocr_line' id='line_1_54' title="bbox 1170 1672 2051 1725; baseline 0.001 -14"><span class='ocrx_word' id='word_1_305' title='bbox 1170 1674 1339 1722; x_wconf 86' lang='lat' dir='ltr'>tantur,</span> <span class='ocrx_word' id='word_1_306' title='bbox 1382 1673 1427 1712; x_wconf 92' lang='lat' dir='ltr'>in</span> <span class='ocrx_word' id='word_1_307' title='bbox 1458 1684 1569 1725; x_wconf 88' lang='lat' dir='ltr'>quas</span> <span class='ocrx_word' id='word_1_308' title='bbox 1601 1672 1837 1713; x_wconf 83' lang='lat' dir='ltr'>devertere</span> <span class='ocrx_word' id='word_1_309' title='bbox 1866 1674 2051 1725; x_wconf 87' lang='lat' dir='ltr'>possent</span> 
     </span>
     <span class='ocr_line' id='line_1_55' title="bbox 1170 1733 2050 1787; baseline 0 -13"><span class='ocrx_word' id='word_1_310' title='bbox 1170 1735 1477 1786; x_wconf 80' lang='lat' dir='ltr'>magistratus,</span> <span class='ocrx_word' id='word_1_311' title='bbox 1509 1735 1641 1787; x_wconf 82' lang='lat' dir='ltr'>legati</span> <span class='ocrx_word' id='word_1_312' title='bbox 1672 1737 1756 1776; x_wconf 90' lang='lat' dir='ltr'>cet.</span> <span class='ocrx_word' id='word_1_313' title='bbox 1789 1736 1874 1775; x_wconf 87' lang='lat' dir='ltr'>iter</span> <span class='ocrx_word' id='word_1_314' title='bbox 1903 1733 2050 1786; x_wconf 89' lang='lat' dir='ltr'>aliquo</span> 
     </span>
     <span class='ocr_line' id='line_1_56' title="bbox 1170 1797 2052 1850; baseline 0 -13"><span class='ocrx_word' id='word_1_315' title='bbox 1170 1797 1404 1839; x_wconf 88' lang='lat' dir='ltr'>habentes.</span> <span class='ocrx_word' id='word_1_316' title='bbox 1455 1799 1585 1850; x_wconf 88' lang='lat' dir='ltr'>Apud</span> <span class='ocrx_word' id='word_1_317' title='bbox 1605 1799 1846 1850; x_wconf 87' lang='lat' dir='ltr'>scriptores</span> <span class='ocrx_word' id='word_1_318' title='bbox 1868 1797 2052 1849; x_wconf 87' lang='lat' dir='ltr'>quidem</span> 
     </span>
     <span class='ocr_line' id='line_1_57' title="bbox 1171 1859 2052 1912; baseline 0.001 -13"><span class='ocrx_word' id='word_1_319' title='bbox 1171 1861 1343 1900; x_wconf 89' lang='lat' dir='ltr'>constat</span> <span class='ocrx_word' id='word_1_320' title='bbox 1373 1860 1429 1900; x_wconf 91' lang='lat' dir='ltr'>de</span> <span class='ocrx_word' id='word_1_321' title='bbox 1459 1872 1546 1900; x_wconf 91' lang='lat' dir='ltr'>una</span> <span class='ocrx_word' id='word_1_322' title='bbox 1575 1861 1804 1901; x_wconf 82' lang='lat' dir='ltr'>dumtaxat</span> <span class='ocrx_word' id='word_1_323' title='bbox 1831 1859 1933 1901; x_wconf 90' lang='lat' dir='ltr'>villa</span> <span class='ocrx_word' id='word_1_324' title='bbox 1966 1871 2052 1912; x_wconf 92' lang='lat' dir='ltr'>pu-</span> 
     </span>
     <span class='ocr_line' id='line_1_58' title="bbox 1169 1921 2050 1974; baseline 0 -12"><span class='ocrx_word' id='word_1_325' title='bbox 1169 1921 1286 1963; x_wconf 86' lang='lat' dir='ltr'>blica</span> <span class='ocrx_word' id='word_1_326' title='bbox 1306 1927 1431 1963; x_wconf 63' lang='lat' dir='ltr'>eastra</span> <span class='ocrx_word' id='word_1_327' title='bbox 1453 1924 1619 1974; x_wconf 81' lang='lat' dir='ltr'>Urbem,</span> <span class='ocrx_word' id='word_1_328' title='bbox 1654 1925 1697 1963; x_wconf 81' lang='lat' dir='ltr'>in</span> <span class='ocrx_word' id='word_1_329' title='bbox 1726 1935 1873 1974; x_wconf 78' lang='lat' dir='ltr'>campo</span> <span class='ocrx_word' id='word_1_330' title='bbox 1891 1923 2050 1964; x_wconf 79' lang='lat' dir='ltr'>Martio</span> 
     </span>
     <span class='ocr_line' id='line_1_59' title="bbox 1171 1985 2047 2036; baseline -0.001 -12"><span class='ocrx_word' id='word_1_331' title='bbox 1171 1989 1371 2025; x_wconf 67' lang='lat' dir='ltr'>extremo.</span> <span class='ocrx_word' id='word_1_332' title='bbox 1425 1986 1576 2036; x_wconf 85' lang='lat' dir='ltr'>(Varro</span> <span class='ocrx_word' id='word_1_333' title='bbox 1597 1987 1645 2025; x_wconf 86' lang='lat' dir='ltr'>R.</span> <span class='ocrx_word' id='word_1_334' title='bbox 1669 1986 1716 2025; x_wconf 93' lang='lat' dir='ltr'>R.</span> <span class='ocrx_word' id='word_1_335' title='bbox 1741 1985 1786 2035; x_wconf 89' lang='lat'>3,</span> <span class='ocrx_word' id='word_1_336' title='bbox 1819 1986 1867 2034; x_wconf 71' lang='lat'>2,</span> <span class='ocrx_word' id='word_1_337' title='bbox 1903 1985 1918 2024; x_wconf 70' lang='lat'>4</span> <span class='ocrx_word' id='word_1_338' title='bbox 1948 1995 2047 2035; x_wconf 89' lang='lat' dir='ltr'>sqq.</span> 
     </span>
     <span class='ocr_line' id='line_1_60' title="bbox 1173 2047 2053 2099; baseline 0 -13"><span class='ocrx_word' id='word_1_339' title='bbox 1173 2048 1264 2087; x_wconf 88' lang='lat' dir='ltr'>Liv.</span> <span class='ocrx_word' id='word_1_340' title='bbox 1299 2047 1374 2096; x_wconf 89' lang='lat'>33,</span> <span class='ocrx_word' id='word_1_341' title='bbox 1416 2047 1499 2098; x_wconf 68' lang='lat'>24..)</span> <span class='ocrx_word' id='word_1_342' title='bbox 1547 2048 1828 2099; x_wconf 83' lang='lat' dir='ltr'>Quamquam</span> <span class='ocrx_word' id='word_1_343' title='bbox 1868 2048 2053 2098; x_wconf 86' lang='lat' dir='ltr'>propter</span> 
     </span>
     <span class='ocr_line' id='line_1_61' title="bbox 1172 2108 2052 2161; baseline -0.001 -12"><span class='ocrx_word' id='word_1_344' title='bbox 1172 2109 1473 2161; x_wconf 86' lang='lat' dir='ltr'>parochorum</span> <span class='ocrx_word' id='word_1_345' title='bbox 1515 2110 1816 2158; x_wconf 88' lang='lat' dir='ltr'>mentionem,</span> <span class='ocrx_word' id='word_1_346' title='bbox 1865 2110 1941 2159; x_wconf 90' lang='lat' dir='ltr'>qui</span> <span class='ocrx_word' id='word_1_347' title='bbox 1982 2108 2052 2149; x_wconf 89' lang='lat' dir='ltr'>vel</span> 
     </span>
     <span class='ocr_line' id='line_1_62' title="bbox 1172 2170 2053 2223; baseline -0.001 -11"><span class='ocrx_word' id='word_1_348' title='bbox 1172 2173 1215 2212; x_wconf 92' lang='lat' dir='ltr'>in</span> <span class='ocrx_word' id='word_1_349' title='bbox 1261 2171 1335 2211; x_wconf 91' lang='lat' dir='ltr'>tali</span> <span class='ocrx_word' id='word_1_350' title='bbox 1377 2171 1477 2211; x_wconf 78' lang='lat' dir='ltr'>villa</span> <span class='ocrx_word' id='word_1_351' title='bbox 1520 2173 1615 2223; x_wconf 88' lang='lat' dir='ltr'>ipsa</span> <span class='ocrx_word' id='word_1_352' title='bbox 1644 2171 1716 2212; x_wconf 71' lang='lat' dir='ltr'>vel</span> <span class='ocrx_word' id='word_1_353' title='bbox 1760 2170 1918 2212; x_wconf 87' lang='lat' dir='ltr'>saltem</span> <span class='ocrx_word' id='word_1_354' title='bbox 1945 2182 2053 2223; x_wconf 87' lang='lat' dir='ltr'>pro-</span> 
     </span>
     <span class='ocr_line' id='line_1_63' title="bbox 1171 2232 2052 2284; baseline 0 -11"><span class='ocrx_word' id='word_1_355' title='bbox 1171 2235 1289 2274; x_wconf 75' lang='lat' dir='ltr'>xime</span> <span class='ocrx_word' id='word_1_356' title='bbox 1320 2233 1521 2274; x_wconf 88' lang='lat' dir='ltr'>habitare</span> <span class='ocrx_word' id='word_1_357' title='bbox 1554 2233 1807 2284; x_wconf 89' lang='lat' dir='ltr'>debebant,</span> <span class='ocrx_word' id='word_1_358' title='bbox 1838 2232 1945 2273; x_wconf 88' lang='lat' dir='ltr'>illud</span> <span class='ocrx_word' id='word_1_359' title='bbox 1963 2245 2052 2274; x_wconf 90' lang='lat' dir='ltr'>non</span> 
     </span>
     <span class='ocr_line' id='line_1_64' title="bbox 1171 2295 2054 2348; baseline 0 -12"><span class='ocrx_word' id='word_1_360' title='bbox 1171 2307 1354 2348; x_wconf 90' lang='lat' dir='ltr'>prorsus</span> <span class='ocrx_word' id='word_1_361' title='bbox 1376 2295 1670 2348; x_wconf 86' lang='lat' dir='ltr'>improbabile</span> <span class='ocrx_word' id='word_1_362' title='bbox 1687 2308 1771 2336; x_wconf 89' lang='lat' dir='ltr'>nec</span> <span class='ocrx_word' id='word_1_363' title='bbox 1791 2298 1941 2336; x_wconf 88' lang='lat' dir='ltr'>tamen</span> <span class='ocrx_word' id='word_1_364' title='bbox 1958 2307 2054 2337; x_wconf 88' lang='lat' dir='ltr'>cer-</span> 
     </span>
     <span class='ocr_line' id='line_1_65' title="bbox 1172 2354 2053 2416; baseline 0 -18"><span class='ocrx_word' id='word_1_365' title='bbox 1172 2362 1268 2399; x_wconf 91' lang='lat' dir='ltr'>tum</span> <span class='ocrx_word' id='word_1_366' title='bbox 1298 2361 1380 2398; x_wconf 82' lang='lat' dir='ltr'>est.</span> <span class='ocrx_word' id='word_1_367' title='bbox 1418 2381 1462 2386; x_wconf 91' lang='lat'>—</span> <span class='ocrx_word' id='word_1_368' title='bbox 1489 2359 1680 2411; x_wconf 77' lang='lat' dir='ltr'>parochi]</span> <span class='ocrx_word' id='word_1_369' title='bbox 1715 2354 1943 2416; x_wconf 77' lang='grc' dir='ltr'><em>πάροχοι,</em></span> <span class='ocrx_word' id='word_1_370' title='bbox 1975 2359 2053 2398; x_wconf 92' lang='lat' dir='ltr'>ho-</span> 
     </span>
     <span class='ocr_line' id='line_1_66' title="bbox 1172 2419 2053 2472; baseline 0.001 -13"><span class='ocrx_word' id='word_1_371' title='bbox 1172 2421 1337 2469; x_wconf 91' lang='lat' dir='ltr'>mines,</span> <span class='ocrx_word' id='word_1_372' title='bbox 1381 2421 1456 2472; x_wconf 91' lang='lat' dir='ltr'>qui</span> <span class='ocrx_word' id='word_1_373' title='bbox 1485 2419 1662 2472; x_wconf 90' lang='lat' dir='ltr'>publico</span> <span class='ocrx_word' id='word_1_374' title='bbox 1700 2422 1882 2472; x_wconf 90' lang='lat' dir='ltr'>sumptu</span> <span class='ocrx_word' id='word_1_375' title='bbox 1911 2421 2053 2472; x_wconf 86' lang='lat' dir='ltr'>magi-</span> 
     </span>
     <span class='ocr_line' id='line_1_67' title="bbox 1173 2481 2052 2534; baseline 0.001 -12"><span class='ocrx_word' id='word_1_376' title='bbox 1173 2481 1384 2522; x_wconf 89' lang='lat' dir='ltr'>stratibus</span> <span class='ocrx_word' id='word_1_377' title='bbox 1413 2494 1465 2522; x_wconf 90' lang='lat' dir='ltr'>ac</span> <span class='ocrx_word' id='word_1_378' title='bbox 1493 2482 1647 2534; x_wconf 84' lang='lat' dir='ltr'>legatis</span> <span class='ocrx_word' id='word_1_379' title='bbox 1676 2483 1760 2522; x_wconf 90' lang='lat' dir='ltr'>iter</span> <span class='ocrx_word' id='word_1_380' title='bbox 1788 2483 2052 2523; x_wconf 89' lang='lat' dir='ltr'>facientibus</span> 
     </span>
     <span class='ocr_line' id='line_1_68' title="bbox 1172 2543 2050 2596; baseline 0.002 -13"><span class='ocrx_word' id='word_1_381' title='bbox 1172 2543 1482 2584; x_wconf 86' lang='lat' dir='ltr'>ministrabant</span> <span class='ocrx_word' id='word_1_382' title='bbox 1502 2556 1554 2585; x_wconf 90' lang='lat' dir='ltr'>ea</span> <span class='ocrx_word' id='word_1_383' title='bbox 1574 2544 1791 2595; x_wconf 87' lang='lat' dir='ltr'>utensilia,</span> <span class='ocrx_word' id='word_1_384' title='bbox 1820 2556 1934 2596; x_wconf 89' lang='lat' dir='ltr'>quae</span> <span class='ocrx_word' id='word_1_385' title='bbox 1956 2545 2050 2585; x_wconf 88' lang='lat' dir='ltr'>sine</span> 
     </span>
     <span class='ocr_line' id='line_1_69' title="bbox 1172 2606 2051 2659; baseline 0.001 -14"><span class='ocrx_word' id='word_1_386' title='bbox 1172 2608 1364 2646; x_wconf 80' lang='lat' dir='ltr'>maxima</span> <span class='ocrx_word' id='word_1_387' title='bbox 1396 2606 1599 2647; x_wconf 85' lang='lat' dir='ltr'>molestia</span> <span class='ocrx_word' id='word_1_388' title='bbox 1636 2606 1691 2646; x_wconf 91' lang='lat' dir='ltr'>ab</span> <span class='ocrx_word' id='word_1_389' title='bbox 1736 2607 1842 2658; x_wconf 89' lang='lat' dir='ltr'>ipsis</span> <span class='ocrx_word' id='word_1_390' title='bbox 1885 2608 2051 2659; x_wconf 88' lang='lat' dir='ltr'>portari</span> 
     </span>
     <span class='ocr_line' id='line_1_70' title="bbox 1172 2667 2052 2720; baseline 0.002 -13"><span class='ocrx_word' id='word_1_391' title='bbox 1172 2680 1259 2707; x_wconf 91' lang='lat' dir='ltr'>non</span> <span class='ocrx_word' id='word_1_392' title='bbox 1289 2670 1510 2720; x_wconf 89' lang='lat' dir='ltr'>poterant,</span> <span class='ocrx_word' id='word_1_393' title='bbox 1543 2671 1591 2708; x_wconf 92' lang='lat' dir='ltr'>ut</span> <span class='ocrx_word' id='word_1_394' title='bbox 1609 2668 1744 2719; x_wconf 85' lang='lat' dir='ltr'>ligna,</span> <span class='ocrx_word' id='word_1_395' title='bbox 1778 2667 1937 2719; x_wconf 86' lang='lat' dir='ltr'>salem,</span> <span class='ocrx_word' id='word_1_396' title='bbox 1962 2669 2052 2709; x_wconf 89' lang='lat' dir='ltr'>foe-</span> 
     </span>
     <span class='ocr_line' id='line_1_71' title="bbox 1173 2730 2048 2783; baseline 0.002 -14"><span class='ocrx_word' id='word_1_397' title='bbox 1173 2741 1294 2769; x_wconf 91' lang='lat' dir='ltr'>num.</span> <span class='ocrx_word' id='word_1_398' title='bbox 1356 2730 1572 2780; x_wconf 78' lang='lat' dir='ltr'>Copiarios</span> <span class='ocrx_word' id='word_1_399' title='bbox 1613 2733 1744 2772; x_wconf 74' lang='lat' dir='ltr'>vocat</span> <span class='ocrx_word' id='word_1_400' title='bbox 1787 2732 2048 2783; x_wconf 80' lang='lat' dir='ltr'>Porphyrio.</span> 
     </span>
     <span class='ocr_line' id='line_1_72' title="bbox 1175 2792 2048 2844; baseline 0.002 -12"><span class='ocrx_word' id='word_1_401' title='bbox 1175 2792 1261 2832; x_wconf 89' lang='lat' dir='ltr'>Cfr.</span> <span class='ocrx_word' id='word_1_402' title='bbox 1296 2793 1512 2844; x_wconf 89' lang='lat' dir='ltr'>imprimis</span> <span class='ocrx_word' id='word_1_403' title='bbox 1553 2794 1642 2833; x_wconf 89' lang='lat' dir='ltr'>Cic.</span> <span class='ocrx_word' id='word_1_404' title='bbox 1681 2793 1736 2832; x_wconf 89' lang='lat' dir='ltr'>ad</span> <span class='ocrx_word' id='word_1_405' title='bbox 1770 2795 1855 2833; x_wconf 88' lang='lat' dir='ltr'>Att.</span> <span class='ocrx_word' id='word_1_406' title='bbox 1888 2795 1937 2843; x_wconf 78' lang='lat'>5,</span> <span class='ocrx_word' id='word_1_407' title='bbox 1983 2795 2048 2834; x_wconf 70' lang='lat'>⁴6.</span> 
     </span>
     <span class='ocr_line' id='line_1_73' title="bbox 1176 2855 2050 2908; baseline 0.003 -14"><span class='ocrx_word' id='word_1_408' title='bbox 1176 2879 1220 2884; x_wconf 93' lang='lat'>—-</span> <span class='ocrx_word' id='word_1_409' title='bbox 1265 2856 1370 2894; x_wconf 80' lang='lat' dir='ltr'>Hinc</span> <span class='ocrx_word' id='word_1_410' title='bbox 1415 2855 1522 2907; x_wconf 74' lang='lat' dir='ltr'>cot]</span> <span class='ocrx_word' id='word_1_411' title='bbox 1571 2856 1711 2895; x_wconf 91' lang='lat' dir='ltr'>«Hinc</span> <span class='ocrx_word' id='word_1_412' title='bbox 1754 2858 1933 2908; x_wconf 85' lang='lat' dir='ltr'>postero</span> <span class='ocrx_word' id='word_1_413' title='bbox 1978 2856 2050 2897; x_wconf 87' lang='lat' dir='ltr'>die</span> 
     </span>
     <span class='ocr_line' id='line_1_74' title="bbox 1171 2916 2051 2969; baseline 0.002 -13"><span class='ocrx_word' id='word_1_414' title='bbox 1171 2916 1356 2969; x_wconf 86' lang='lat' dir='ltr'>profecti</span> <span class='ocrx_word' id='word_1_415' title='bbox 1383 2929 1486 2958; x_wconf 89' lang='lat' dir='ltr'>cum</span> <span class='ocrx_word' id='word_1_416' title='bbox 1508 2928 1730 2968; x_wconf 90' lang='lat' dir='ltr'>essemus,</span> <span class='ocrx_word' id='word_1_417' title='bbox 1763 2922 1959 2968; x_wconf 69' lang='lat' dir='ltr'>tempore,</span> <span class='ocrx_word' id='word_1_418' title='bbox 1983 2929 2051 2958; x_wconf 88' lang='lat' dir='ltr'>sa-</span> 
     </span>
     <span class='ocr_line' id='line_1_75' title="bbox 1173 2979 2050 3032; baseline 0.001 -13"><span class='ocrx_word' id='word_1_419' title='bbox 1173 2980 1226 3020; x_wconf 85' lang='lat' dir='ltr'>tis</span> <span class='ocrx_word' id='word_1_420' title='bbox 1264 2980 1529 3031; x_wconf 78' lang='lat' dir='ltr'>tempestive</span> <span class='ocrx_word' id='word_1_421' title='bbox 1561 2979 1665 3031; x_wconf 83' lang='lat' dir='ltr'>(bei</span> <span class='ocrx_word' id='word_1_422' title='bbox 1693 2980 1916 3032; x_wconf 79' lang='lat' dir='ltr'>Zeitcn),</span> <span class='ocrx_word' id='word_1_423' title='bbox 1964 2981 2050 3021; x_wconf 91' lang='lat' dir='ltr'>Ca-</span> 
     </span>
     <span class='ocr_line' id='line_1_76' title="bbox 1173 3043 2051 3095; baseline 0.002 -14"><span class='ocrx_word' id='word_1_424' title='bbox 1173 3053 1329 3093; x_wconf 88' lang='lat' dir='ltr'>puam,</span> <span class='ocrx_word' id='word_1_425' title='bbox 1364 3053 1477 3093; x_wconf 87' lang='lat' dir='ltr'>quae</span> <span class='ocrx_word' id='word_1_426' title='bbox 1509 3053 1533 3081; x_wconf 89' lang='lat' dir='ltr'>a</span> <span class='ocrx_word' id='word_1_427' title='bbox 1565 3044 1701 3083; x_wconf 91' lang='lat' dir='ltr'>Ponte</span> <span class='ocrx_word' id='word_1_428' title='bbox 1733 3044 1959 3095; x_wconf 89' lang='lat' dir='ltr'>Campano</span> <span class='ocrx_word' id='word_1_429' title='bbox 1983 3043 2051 3083; x_wconf 90' lang='lat' dir='ltr'>di-</span> 
     </span>
     <span class='ocr_line' id='line_1_77' title="bbox 1174 3104 2049 3158; baseline -0.003 -13"><span class='ocrx_word' id='word_1_430' title='bbox 1174 3104 1319 3145; x_wconf 84' lang='lat' dir='ltr'>stabat</span> <span class='ocrx_word' id='word_1_431' title='bbox 1357 3105 1482 3144; x_wconf 83' lang='lat' dir='ltr'>XXII.</span> <span class='ocrx_word' id='word_1_432' title='bbox 1517 3106 1572 3145; x_wconf 83' lang='lat' dir='ltr'>M.</span> <span class='ocrx_word' id='word_1_433' title='bbox 1614 3108 1677 3155; x_wconf 91' lang='lat' dir='ltr'>P.‚</span> <span class='ocrx_word' id='word_1_434' title='bbox 1719 3106 2049 3158; x_wconf 79' lang='lat' dir='ltr'>pervenimus.»</span> 
     </span>
     <span class='ocr_line' id='line_1_78' title="bbox 1173 3167 2048 3220; baseline 0.001 -14"><span class='ocrx_word' id='word_1_435' title='bbox 1173 3167 1344 3207; x_wconf 85' lang='lat' dir='ltr'>Veteris</span> <span class='ocrx_word' id='word_1_436' title='bbox 1386 3169 1536 3207; x_wconf 84' lang='lat' dir='ltr'>autem</span> <span class='ocrx_word' id='word_1_437' title='bbox 1575 3169 1751 3220; x_wconf 89' lang='lat' dir='ltr'>Capuae</span> <span class='ocrx_word' id='word_1_438' title='bbox 1792 3168 1901 3207; x_wconf 90' lang='lat' dir='ltr'>situs</span> <span class='ocrx_word' id='word_1_439' title='bbox 1933 3169 2048 3218; x_wconf 88' lang='lat' dir='ltr'>erat,</span> 
     </span>
     <span class='ocr_line' id='line_1_79' title="bbox 1174 3229 2051 3271; baseline 0.001 -3"><span class='ocrx_word' id='word_1_440' title='bbox 1174 3229 1249 3269; x_wconf 88' lang='lat' dir='ltr'>ubi</span> <span class='ocrx_word' id='word_1_441' title='bbox 1280 3241 1397 3270; x_wconf 91' lang='lat' dir='ltr'>nunc</span> <span class='ocrx_word' id='word_1_442' title='bbox 1428 3232 1495 3270; x_wconf 84' lang='lat' dir='ltr'>est</span> <span class='ocrx_word' id='word_1_443' title='bbox 1524 3231 1648 3271; x_wconf 70' lang='lat' dir='ltr'>vicus</span> <span class='ocrx_word' id='word_1_444' title='bbox 1678 3230 1814 3270; x_wconf 76' lang='lat' dir='ltr'>Sama</span> <span class='ocrx_word' id='word_1_445' title='bbox 1840 3230 1988 3270; x_wconf 77' lang='lat' dir='ltr'>Maria</span> <span class='ocrx_word' id='word_1_446' title='bbox 2010 3231 2051 3270; x_wconf 73' lang='lat' dir='ltr'>&lt;zi</span> 
     </span>
     <span class='ocr_line' id='line_1_80' title="bbox 1174 3292 2050 3343; baseline -0.001 -10"><span class='ocrx_word' id='word_1_447' title='bbox 1174 3294 1316 3343; x_wconf 81' lang='lat' dir='ltr'>Capoa</span> <span class='ocrx_word' id='word_1_448' title='bbox 1362 3294 1446 3343; x_wconf 88' lang='lat' dir='ltr'>(sic</span> <span class='ocrx_word' id='word_1_449' title='bbox 1492 3292 1708 3343; x_wconf 84' lang='lat' dir='ltr'>Walck.),</span> <span class='ocrx_word' id='word_1_450' title='bbox 1749 3294 1817 3332; x_wconf 92' lang='lat' dir='ltr'>III.</span> <span class='ocrx_word' id='word_1_451' title='bbox 1857 3292 1911 3334; x_wconf 90' lang='lat' dir='ltr'>M.</span> <span class='ocrx_word' id='word_1_452' title='bbox 1946 3294 1990 3332; x_wconf 91' lang='lat' dir='ltr'>P.</span> <span class='ocrx_word' id='word_1_453' title='bbox 2025 3303 2050 3332; x_wconf 89' lang='lat' dir='ltr'>a</span> 
     </span>
     <span class='ocr_line' id='line_1_81' title="bbox 1173 3355 2051 3407; baseline -0.001 -13"><span class='ocrx_word' id='word_1_454' title='bbox 1173 3356 1396 3407; x_wconf 82' lang='lat' dir='ltr'>praesenti</span> <span class='ocrx_word' id='word_1_455' title='bbox 1435 3355 1545 3395; x_wconf 88' lang='lat' dir='ltr'>urbe</span> <span class='ocrx_word' id='word_1_456' title='bbox 1586 3355 1767 3396; x_wconf 88' lang='lat' dir='ltr'>distans.</span> <span class='ocrx_word' id='word_1_457' title='bbox 1811 3376 1857 3382; x_wconf 97' lang='lat'><strong>—</strong></span> <span class='ocrx_word' id='word_1_458' title='bbox 1896 3355 2051 3394; x_wconf 83' lang='lat' dir='ltr'>Lusum</span> 
     </span>
     <span class='ocr_line' id='line_1_82' title="bbox 1174 3416 2050 3470; baseline -0.001 -13"><span class='ocrx_word' id='word_1_459' title='bbox 1174 3441 1196 3446; x_wconf 95' lang='lat'>-</span> <span class='ocrx_word' id='word_1_460' title='bbox 1226 3441 1248 3446; x_wconf 92' lang='lat'>-</span> <span class='ocrx_word' id='word_1_461' title='bbox 1280 3418 1516 3470; x_wconf 67' lang='lat' dir='ltr'>dormitum]</span> <span class='ocrx_word' id='word_1_462' title='bbox 1548 3418 1662 3458; x_wconf 85' lang='lat' dir='ltr'>Scite</span> <span class='ocrx_word' id='word_1_463' title='bbox 1693 3418 1886 3457; x_wconf 84' lang='lat' dir='ltr'>Diintzer</span> <span class='ocrx_word' id='word_1_464' title='bbox 1909 3416 2050 3456; x_wconf 88' lang='lat' dir='ltr'>adno-</span> 
     </span>
    </p>
   </div>
   <div class='ocr_carea' id='block_1_12' title="bbox 1141 3479 2049 3532">
    <p class='ocr_par' dir='ltr' id='par_1_13' title="bbox 1141 3479 2049 3532">
     <span class='ocr_line' id='line_1_83' title="bbox 1141 3479 2049 3532; baseline -0.001 -13"><span class='ocrx_word' id='word_1_465' title='bbox 1141 3494 1144 3511; x_wconf 87' lang='lat'>·</span> <span class='ocrx_word' id='word_1_466' title='bbox 1175 3481 1256 3519; x_wconf 83' lang='lat' dir='ltr'>tat.</span> <span class='ocrx_word' id='word_1_467' title='bbox 1291 3480 1357 3521; x_wconf 84' lang='lat' dir='ltr'>his</span> <span class='ocrx_word' id='word_1_468' title='bbox 1388 3480 1536 3520; x_wconf 78' lang='lat' dir='ltr'>verbis</span> <span class='ocrx_word' id='word_1_469' title='bbox 1560 3480 1787 3532; x_wconf 84' lang='lat' dir='ltr'>aptissime</span> <span class='ocrx_word' id='word_1_470' title='bbox 1808 3479 1893 3520; x_wconf 89' lang='lat' dir='ltr'>hoc</span> <span class='ocrx_word' id='word_1_471' title='bbox 1914 3479 2049 3531; x_wconf 83' lang='lat' dir='ltr'>signi-</span> 
     </span>
    </p>
   </div>
  </div>
 </body>
</html>
