2231 3787
199 291 301 344 416
802 288 1018 330 HORATII
1047 287 1414 329 EPISTOLARUM

270 422 446 476 Prima
486 420 629 474 feres
667 419 907 474 hederae
947 419 1179 473 victricis
1221 417 1474 489 praemia.

1553 414 1758 480 Quodsi
1955 411 2024 463 ⁶25

271 522 482 595 Frigida
522 539 776 576 curarum
815 521 1050 574 fomenta
1089 519 1397 591 relinquere
1435 534 1656 589 posseS‚

272 626 392 691 Quo
434 633 484 678 te
524 622 772 678 caelestis
813 622 1075 693 sapientia
1116 621 1364 683 duceret,
1408 620 1529 674 ires

274 728 389 781 Hoc
428 743 591 797 opUS‚
634 724 737 777 hoc
775 722 1013 776 studium
1051 722 1201 794 parvi
1240 737 1599 794 properemus
1639 727 1692 773 et
1729 717 1915 789 ampli,

278 830 331 883 Si
372 828 577 900 patriae
614 825 890 888 volumuS,
935 825 978 879 si
1017 824 1174 878 nobis
1211 824 1395 878 vivere
1436 823 1562 878 cari.

313 1026 380 1065 029.
414 1025 510 1065 kari
540 1035 582 1075 p.
640 1047 665 1052 -
699 1022 765 1063 30.
799 1023 847 1073 si]
879 1022 931 1062 sit
959 1022 1100 1074 bcEp,
1131 1033 1199 1075 pr.
1234 1022 1276 1071 S,
1304 1019 1366 1075 βγ
1387 1022 1431 1061 et
1451 1030 1606 1060 omnes
1629 1017 1823 1059 Pottierii
1842 1027 1976 1069 prae-

258 1090 326 1127 ter
348 1097 486 1126 unum
511 1084 625 1136 (42),
649 1086 757 1126 item
779 1085 863 1125 CO.
900 1084 964 1135 (Ut
990 1095 1088 1135 nos,
1111 1084 1164 1135 d,
1197 1086 1250 1136 ζκ
1271 1086 1315 1124 et
1335 1095 1450 1124 corr.
1475 1082 1532 1133 S.)
1557 1104 1605 1110 —
1629 1092 1757 1121 curae
1775 1083 1833 1120 est
1850 1080 1979 1120 Bent-

258 1151 367 1192 leius
386 1151 655 1191 coniectura.
672 1172 717 1178 -
737 1149 805 1189 34.
828 1149 1043 1189 numatius
1064 1147 1104 1188 d.
1133 1167 1177 1175 —
1204 1147 1270 1188 32.
1290 1146 1545 1197 nequiquam
1560 1143 1674 1184 bcE:
1697 1143 1978 1193 nequicquam

202 1340 443 1380 venustum
486 1338 619 1388 atque
666 1335 844 1387 elegans
889 1335 1084 1376 cuiusvis

203 1402 379 1452 generis
411 1410 637 1440 carmen.»
664 1420 709 1426 —
732 1399 908 1439 hederae
926 1409 1088 1448 -prae-

202 1465 303 1517 mia]
336 1465 520 1516 Proprie
550 1462 745 1503 refertur
775 1462 831 1501 ad
861 1462 1086 1514 poetiCam

203 1525 458 1567 facultatem
496 1527 681 1577 propter
715 1525 962 1573 Bacchum,
1011 1524 1087 1574 qui

202 1589 391 1629 Pindaro
422 1588 592 1638 Dithyr.
627 1588 695 1627 Fr.
728 1586 774 1636 3,
808 1588 847 1627 7.
882 1588 951 1628 est
979 1598 1086 1625 κισ-

203 1649 406 1701 σοὸέτας
444 1647 573 1700 θεός.
628 1649 691 1690 Cf.
727 1649 806 1689 Od.
842 1649 891 1698 ¹1,
934 1649 982 1698 ’1,
1014 1648 1083 1687 29.

204 1716 314 1754 Tum
343 1725 425 1765 per
454 1723 640 1764 zeugma
662 1712 856 1764 pertinet
877 1711 1010 1750 etiam
1031 1710 1087 1750 ad

206 1779 354 1817 cetera
376 1775 488 1816 Flori
510 1775 655 1815 studia
673 1806 681 1823 ,
707 1775 750 1814 in
767 1773 928 1825 quibus
949 1774 1089 1813 omni-

206 1839 290 1879 bus
336 1849 438 1878 eum
486 1838 654 1889 primas
697 1838 851 1888 partes
894 1835 1088 1876 laturum

207 1900 457 1953 pollicetur.

262 1963 411 2003 26-29.
456 1962 632 2013 Frigida
660 1971 864 2001 curarum
890 1960 1087 2013 fomenta]

207 2028 350 2068 Unum
378 2025 537 2064 xitium
576 2025 620 2064 in
651 2024 795 2063 amico
836 2022 974 2063 libere
1015 2034 1091 2063 re-

206 2088 464 2141 prehendit,
499 2086 620 2138 quod
649 2087 684 2126 is
712 2096 914 2137 quoque,
948 2087 996 2125 ut
1016 2097 1091 2125 ae-

208 2149 405 2202 qualium
444 2148 672 2201 plerique,
722 2149 856 2187 nimio
896 2147 1007 2188 lucri
1047 2149 1091 2188 et

209 2214 421 2264 quaestus
451 2210 597 2251 studio
626 2208 898 2260 indulgebat.
953 2210 1091 2250 Cura-

206 2287 304 2315 rum
331 2275 516 2326 fomenta
536 2273 580 2312 h.
604 2271 632 2312 l.
657 2271 892 2312 manifesto
915 2273 1017 2312 sunt
1038 2283 1089 2312 ea

207 2338 423 2385 fomenta,
469 2346 583 2386 quae
623 2345 756 2374 curae
788 2333 912 2374 Floro
943 2335 1092 2386 impo-

209 2401 341 2449 nunt,
387 2399 432 2438 id
477 2398 566 2448 est,
612 2397 831 2449 pecuniae
873 2396 1089 2448 cupiditas

209 2465 343 2514 atque
375 2460 578 2508 ambiti03
626 2460 711 2500 hae
743 2460 893 2499 autem
934 2458 1092 2511 paula-

209 2525 331 2565 latim
360 2524 617 2575 refriqerant
645 2533 697 2563 ac
733 2522 962 2562 retardant
999 2523 1091 2574 spi-

210 2588 318 2627 ritus
350 2586 680 2638 generosiores,
712 2584 928 2625 hebetant
964 2585 1091 2635 inge-

210 2651 353 2698 nium,
396 2648 665 2688 imminuunt
700 2647 918 2698 poeticam
952 2645 1092 2686 facul-

210 2714 363 2752 tatem.
396 2709 524 2762 Apul.
547 2711 723 2751 Metam.
748 2710 788 2759 8,
820 2710 866 2749 ⁶2:
913 2709 1092 2760 fomento

211 2774 516 2814 consuetudinis
551 2776 815 2812 eoeaestuans.
881 2772 1092 2812 Ceterum

213 2838 256 2876 in
276 2836 466 2887 fomentis
483 2835 649 2886 friqidis
665 2833 832 2874 nullum
855 2834 970 2873 inest
987 2827 1094 2884 ‹3525-

212 2910 402 2955 μωρον,
436 2908 539 2937 cum
570 2895 725 2936 Celsus
756 2897 965 2947 quattuor
994 2906 1093 2934 me—

213 2962 359 3000 moret
389 2970 576 3010 genera,
611 2957 751 2997 calida
772 2957 941 3008 frigida,
975 2958 1093 2997 sicca

213 3022 411 3063 humida.
465 3020 557 3071 (Alii
597 3020 801 3071 quidem,
848 3022 897 3059 ut
934 3019 1092 3059 Iacobs

215 3084 333 3137 apud
382 3082 646 3131 Obbarium,
713 3083 1089 3134 interpretantur:

216 3148 424 3199 «fomenta
454 3146 606 3184 contra
638 3154 790 3193 curas,
833 3144 890 3183 ad
921 3154 997 3184 eas
1027 3143 1094 3183 le-

214 3207 407 3256 vandas,
450 3206 678 3257 imposita,
718 3203 800 3245 sed
827 3205 1005 3256 frigida,
1049 3205 1093 3245 id

218 3272 306 3318 est,
348 3268 549 3309 remedia
577 3278 712 3316 vana,
761 3267 925 3316 inania,
972 3265 1093 3306 θαλ-

218 3329 393 3390 πτήρια
434 3326 607 3388 ψυχρὰ
650 3326 936 3386 μεριμνῶν.»
1003 3330 1093 3370 Ve-

217 3406 336 3444 rum,
369 3395 428 3434 ita
450 3394 486 3434 si
507 3391 881 3444 interpretabere,
915 3402 1003 3430 non
1026 3402 1093 3431 sa-

218 3457 272 3497 tis
294 3456 539 3497 sententiae
561 3454 766 3494 convenit
784 3465 825 3493 v.
843 3453 1089 3504 relinquere.

221 3518 332 3567 Quid
364 3518 480 3558 enim
519 3516 621 3558 inde
653 3516 963 3568 consequitur?
1002 3516 1093 3555 Fri-

1150 1334 1261 1386 gidis
1292 1333 1385 1374 istis
1407 1343 1618 1373 curarum
1646 1330 1882 1379 fomentis,
1915 1340 2031 1380 quae

1148 1408 1261 1437 vana
1290 1395 1498 1436 videntur
1526 1396 1709 1447 poetae,
1742 1392 1908 1433 relictis
1939 1391 2035 1432 nul-

1149 1459 1248 1500 lane
1280 1459 1460 1499 omnino
1490 1457 1691 1498 remedia
1722 1456 1937 1497 adhibere
1964 1456 2034 1495 iu-

1149 1522 1284 1562 betur
1332 1521 1531 1560 amicus‘?
1580 1521 1701 1559 Tunc
1746 1530 1852 1570 ergo
1897 1529 2032 1558 curae

1152 1595 1256 1625 eum
1277 1593 1440 1623 vexare
1462 1583 1663 1634 pergent.
1726 1580 1891 1629 Quodsi
1910 1581 2032 1621 hunc

1151 1656 1336 1688 sensum
1367 1646 1617 1697 exprimere
1647 1643 1860 1685 voluisset
1889 1644 2031 1684 Hora-

1151 1711 1264 1757 tius,
1310 1708 1464 1759 utique
1503 1707 1588 1746 hoo
1627 1706 1777 1746 dicere
1809 1704 2029 1746 debebat:

1154 1770 1393 1822 «Relinque
1422 1780 1562 1818 vana,
1595 1764 1792 1826 ψυχρά,
1825 1769 1938 1807 haec
1967 1778 2036 1808 re-

1153 1833 1325 1883 media,
1360 1834 1403 1872 et
1432 1831 1547 1871 illico
1579 1843 1746 1883 quaere
1769 1830 2033 1880 efficaciora,

1154 1907 1284 1937 curas
1333 1905 1517 1947 prorsus
1567 1893 1811 1946 depulsura
1831 1895 1868 1932 1»
1930 1893 2036 1944 (Iam

1155 1960 1344 1999 Cerutus
1365 1958 1428 1997 sic
1448 1956 1540 1996 fere
1563 1955 1832 2008 explanavit,
1857 1955 1907 1995 ut
1926 1964 2033 1994 nos:

1156 2020 1349 2069 «Quodsi
1388 2031 1442 2061 ex
1481 2019 1628 2058 animo
1672 2020 1747 2057 tuo
1788 2016 2036 2069 expelleres

1154 2084 1370 2136 pecuniae
1402 2081 1599 2122 studium
1630 2082 1705 2120 aut
1741 2079 1860 2121 nulla
1890 2079 2037 2120 ambi-

1154 2147 1271 2186 tione
1303 2145 1588 2193 detinereris,
1622 2154 1738 2194 quae
1770 2144 1872 2184 sunt
1902 2152 2035 2182 cura-

1153 2220 1276 2258 rum,
1312 2207 1474 2259 quibus
1504 2207 1703 2255 vexaris,
1737 2205 1957 2255 fomenta,
1992 2205 2037 2244 et

1155 2282 1269 2323 quae
1299 2269 1427 2322 plane
1459 2271 1501 2310 te
1532 2269 1738 2320 frigidum
1764 2268 1960 2308 reddunt
1979 2267 2036 2308 ad

1153 2333 1271 2374 bene
1302 2332 1526 2384 agendum
1558 2331 1687 2382 cet»)
1722 2353 1769 2359 —
1801 2331 2036 2381 relinquere

1147 2395 1300 2447 posses]
1334 2395 1435 2435 «His
1457 2406 1479 2434 a
1503 2393 1670 2443 curis,»
1702 2393 1862 2443 inquit,
1897 2392 1961 2432 «si
1989 2391 2037 2431 li-

1153 2459 1315 2499 berare
1347 2460 1389 2498 te
1420 2468 1599 2510 posses,
1633 2455 1737 2497 nihil
1768 2457 1855 2496 iam
1886 2458 1928 2496 te
1950 2456 2036 2496 im-

1154 2522 1329 2574 pediret
1359 2532 1447 2572 quo
1488 2521 1635 2560 minus
1665 2520 1850 2559 caelestis
1882 2519 2037 2570 (maxi-

1154 2595 1228 2624 me
1277 2581 1483 2623 sublimia
1531 2592 1736 2632 quaeque
1786 2581 2035 2633 appetentis

1155 2648 1413 2696 terramque
1473 2643 1778 2695 despicientis)
1837 2642 2036 2695 philoso-

1156 2709 1286 2761 phiae
1316 2707 1568 2759 praeceptis
1599 2705 1879 2746 satisfaceres
1899 2707 2033 2756 atque

1157 2770 1539 2821 obtemperares.»
1585 2788 1628 2795 —
1669 2768 1755 2807 Hoc
1799 2768 1914 2820 opus]
1961 2778 2036 2808 sa—

1155 2832 1370 2884 pientiae;
1418 2841 1519 2880 opus
1557 2828 1613 2868 ad
1653 2830 1900 2880 actionem,
1946 2834 2036 2870 stu-

1156 2895 1271 2933 dium
1300 2893 1357 2932 ad
1385 2892 1592 2949 θεωρίαν
1614 2891 1820 2932 refertur.
1843 2916 1888 2921 —
1906 2893 2036 2943 parvi

1154 2961 1235 2997 -et
1279 2955 1423 3007 ampli]
1472 2966 1630 2994 «verae
1669 2955 1913 3007 sapientiae
1953 2966 2035 2996 nos

1156 3019 1381 3059 tenuiores
1413 3028 1597 3070 operam
1625 3017 1732 3058 dare
1764 3028 1907 3068 aeque
1928 3028 2036 3070 pos-

1156 3091 1311 3121 sumus
1341 3091 1393 3120 ac
1430 3081 1586 3121 divites
1626 3082 1669 3120 et
1707 3080 1952 3120 honorati.»
1987 3103 2032 3108 -

1150 3143 1435 3195 properemus]
1470 3143 1557 3183 Cfr.
1589 3142 1646 3182 ad
1677 3143 1785 3195 Epp.
1811 3143 1848 3192 ⁴,
1882 3143 1930 3191 2,
1964 3142 2031 3181 6⁴.

1159 3229 1205 3234 —
1238 3205 1354 3246 nobis
1372 3228 1395 3234 —
1414 3206 1521 3257 cari]
1553 3205 1641 3244 Sibi
1670 3216 1795 3244 carus
1824 3205 1912 3252 est,
1957 3204 2033 3254 qui

1156 3278 1312 3308 secum
1342 3269 1436 3320 ipse
1460 3278 1547 3307 non
1568 3267 1755 3307 dissidet
1774 3276 1858 3306 nec
1878 3264 2031 3315 habet,

1157 3341 1236 3369 cur
1265 3329 1509 3381 quidquam
1540 3339 1811 3380 magnopere
1833 3329 1876 3367 in
1898 3338 1946 3367 se
1967 3338 2037 3367 re-

1155 3391 1405 3442 prehendat
1448 3394 1533 3431 cet.
1580 3392 1689 3443 Epp.
1728 3391 1774 3440 4,
1814 3389 1887 3438 48,
1931 3389 2030 3429 404:

1159 3454 1266 3503 Quid
1292 3454 1456 3493 minuat
1485 3464 1631 3502 curas,
1665 3452 1764 3502 quid
1793 3455 1829 3492 te
1849 3451 1920 3492 tibi
1939 3451 2032 3492 red-

1156 3517 1229 3555 dat
1257 3516 1452 3555 amicum.
