2231 3787
928 216 1026 255 LlB.
1062 217 1091 254 l.
1154 216 1264 255 SAT.
1299 217 1348 254 11.

1984 216 2014 266 Ν.)

2022 216 2050 265 *i

216 347 480 419 Iuppiter!
524 346 817 408 exclamat,
862 346 1019 399 simul
1060 355 1223 418 atque
1264 345 1506 399 audivit?
1544 348 1607 399 At
1646 347 1696 398 in
1737 364 1795 400 se

214 453 317 503 Pro
358 459 590 522 quaestu
631 457 905 520 sumptum
945 448 1068 502 facit
1107 449 1208 503 hic.

213 554 387 617 Quam
427 552 528 605 sibi
568 570 674 605 non
716 551 782 604 sit
823 551 1054 612 amicus,
1099 551 1168 604 ita
1208 559 1266 603 ut
1304 559 1459 622 pater
1498 550 1610 607 ille,
1657 553 1866 605 Terenti

1286 449 1380 502 Vix
1419 448 1648 502 credere
1687 449 1885 520 possis,

1983 552 2052 604 ΞΟ

212 654 415 708 Fabula
457 672 621 726 quem
661 654 922 707 miserum
960 662 1119 725 gnato
1160 653 1361 707 vixisse
1400 653 1580 725 fugato

212 757 447 818 lnducit,
492 774 599 810 non
640 774 698 810 se
737 757 894 828 peius
936 756 1260 810 cruciaverit
1300 764 1462 828 atque
1500 755 1601 810 hic.

213 860 266 914 Si
307 860 429 932 quis
470 877 613 913 nunc
653 867 880 931 quaerat
919 860 1038 924 Quo
1079 876 1167 912 res
1207 858 1343 913 haec
1381 859 1680 930 pertinet?:
1724 858 1876 913 illuc:

211 965 351 1015 Dum
388 963 556 1028 ritant
596 962 739 1016 stulti
778 962 926 1024 vitia,
974 962 1026 1013 in
1066 961 1334 1015 contraria
1375 969 1611 1016 currunt.

212 1065 458 1120 Maltinus
498 1065 694 1119 tunicis
736 1064 990 1118 demissis
1031 1064 1292 1129 ambulat3
1334 1073 1416 1118 est
1455 1065 1546 1136 qui
1981 1067 2049 1117 625

322 1186 388 1225 48.
421 1186 627 1226 eat-clamet
659 1184 720 1224 SC
748 1184 848 1235 (non
880 1184 1067 1236 Bbc-dp).
1107 1207 1151 1212 —
1184 1184 1235 1223 At
1264 1185 1350 1234 ipse
1380 1183 1472 1236 bdp
1496 1186 1539 1224 et
1561 1196 1676 1225 corr.
1702 1196 1740 1225 c.
1769 1209 1812 1214 —
1840 1186 1904 1225 1¹9.
1927 1186 1994 1237 fa-

263 1250 318 1288 cit
345 1249 420 1288 hoc
450 1258 677 1300 superscr.
713 1247 725 1286 i
755 1246 808 1296 b,
839 1247 943 1298 facit
972 1247 1066 1287 hic?
1094 1248 1170 1287 vix
1191 1249 1244 1297 L,
1277 1248 1402 1299 facit,
1435 1249 1525 1298 hic,
1557 1249 1633 1288 vix
1665 1249 1720 1298 C,
1752 1249 1875 1300 facit,
1908 1250 1994 1289 heic

260 1312 336 1351 vir
366 1316 395 1352 t.
422 1333 462 1340 —
492 1312 559 1351 21.
583 1315 683 1351 *nato
706 1311 748 1350 d.
777 1333 822 1339 -
847 1311 914 1350 ⁶25.
938 1311 1142 1351 Maturius
1170 1312 1305 1364 Bp‚y:
1339 1312 1570 1351 Malthinus
1597 1309 1852 1362 S‚‚3,LCtM,
1886 1314 1995 1353 Mal-

262 1375 406 1414 chinus
434 1374 575 1424 body,
607 1386 738 1415 «cum
768 1373 970 1425 pluribus
1002 1373 1121 1414 aliis»

205 1488 322 1528 qen,
356 1476 621 1528 obliyations.
660 1500 704 1505 —
735 1476 939 1528 sectatur]
975 1478 1099 1517 «stu-

207 1540 330 1581 diose
352 1542 557 1590 venatur,
589 1541 763 1592 quaerit
784 1540 1095 1582 adolescentes

209 1605 386 1644 circiter
413 1605 520 1645 XVI.
547 1615 794 1654 annorum,
829 1605 992 1656 quibus
1014 1617 1096 1657 pa-

207 1671 298 1708 tres
329 1669 453 1719 parci
492 1669 536 1707 et·
573 1668 719 1708 severi
758 1678 847 1707 non
877 1669 983 1709 satis
1013 1680 1097 1720 pe-

207 1731 363 1770 cuniae
396 1730 453 1770 ad
483 1731 688 1782 sumptus
719 1730 947 1772 faciendos
968 1742 1098 1784 prae-

204 1792 335 1842 bent,
383 1793 542 1844 hisque
586 1792 733 1833 illicito
765 1793 901 1834 modo
934 1797 978 1834 et
1013 1805 1095 1835 suo

206 1868 310 1896 cum
341 1855 540 1908 periculo
571 1857 811 1908 pecuniam
847 1857 989 1898 fenori
1020 1858 1096 1897 dat

203 1918 273 1959 vel
304 1921 349 1959 in
370 1921 564 1959 mortem
594 1922 834 1972 parentum
855 1920 927 1961 vel
949 1921 1095 1961 donec

204 1981 301 2033 lege
334 1983 560 2031 Laetoria,
596 1994 710 2034 quae
741 1983 925 2024 vetabat
954 1985 1097 2024 mino-

204 2057 301 2086 rem
345 2047 470 2087 annis
514 2046 641 2086 XXV.
690 2045 914 2099 stipulari,
963 2048 1095 2089 soluti

205 2111 400 2150 essent.»
461 2108 651 2150 Tabulas
674 2110 897 2151 conficere
922 2112 965 2151 et
991 2123 1095 2162 syn-

205 2173 395 2224 graphas
437 2183 541 2213 cum
578 2184 808 2225 quoquam
847 2174 994 2215 facere
1030 2176 1089 2225 is,

205 2237 281 2287 qui
309 2237 353 2276 in
396 2237 535 2288 patris
579 2238 802 2288 potestate
835 2240 954 2287 erat,
1004 2250 1093 2278 non

204 2300 394 2350 poterat.
457 2299 549 2339 Cic.
582 2310 664 2350 pro
697 2299 815 2340 Cael.
849 2301 894 2349 7,
939 2301 1004 2340 47.
1043 2324 1088 2329 —

205 2361 409 2413 tironum]
458 2363 575 2412 Toga
618 2372 730 2413 pura
777 2361 907 2413 (veste
951 2362 1090 2413 virili)

205 2426 383 2476 sumpta
412 2425 540 2476 pueri
571 2435 596 2463 a
626 2426 752 2476 patre
784 2425 828 2464 in
849 2424 995 2464 forum
1017 2424 1094 2464 de-

206 2486 489 2527 ducebantur
519 2487 702 2527 tirones.
765 2488 885 2526 Suet.
914 2489 1016 2527 Ner.
1042 2489 1088 2527 7:

207 2550 349 2601 (Nero)
383 2551 580 2590 deductus
598 2551 642 2590 in
661 2551 803 2601 forum
829 2551 910 2590 tiro
934 2552 1093 2601 populo

204 2614 494 2665 conqiarizim,
518 2614 640 2652 militi
663 2615 908 2653 donativum
930 2625 1094 2664 propo—

203 2676 297 2715 suit.
359 2675 485 2716 Idem
515 2676 661 2716 Tiber.
695 2676 772 2718 54:
818 2678 1029 2717 Neronem
1057 2681 1095 2717 et

203 2736 391 2779 Drusum
404 2739 605 2789 patribus
624 2740 870 2790 conscriptis
889 2751 1096 2780 commen-

204 2803 321 2842 davit
341 2803 529 2852 diemque
548 2804 768 2853 utriusque
789 2804 973 2844 tirocinii
993 2816 1095 2844 con-

203 2865 343 2916 giario
366 2865 478 2915 plebi
505 2867 603 2906 dato
624 2866 860 2906 celebravit.
924 2867 1011 2908 Cfr.
1037 2867 1093 2907 ad

205 2927 356 2977 Od.1l,
391 2928 464 2977 36,
504 2929 543 2968 9.
582 2952 627 2956 —
659 2930 739 2969 Pro
771 2931 959 2981 quaestu]
994 2943 1094 2971 «ra-

206 2989 322 3028 tione
362 2992 576 3041 quaestus
613 2991 824 3042 habita,»
858 2994 964 3033 clem
993 2996 1093 3034 Er-

204 3051 371 3091 werbe
398 3058 611 3104 qeinciSS.
642 3076 686 3082 —-
707 3056 782 3094 sibi
812 3067 895 3103 uon
916 3057 969 3096 sit
987 3058 1094 3097 ami-

204 3116 289 3168 ctis]
313 3117 388 3156 «ut
409 3117 483 3167 qui
514 3120 735 3169 perpetuo
757 3119 937 3170 genium
958 3131 1091 3160 suum

206 3178 484 3228 defraudet,»
534 3202 578 3208 —
620 3185 746 3230 pater
784 3183 879 3232 ille,
933 3184 1093 3223 Terenti

206 3242 310 3294 cet.]
342 3241 633 3283 Menedemus
665 3244 708 3283 in
741 3245 933 3285 Terentii
959 3241 1094 3287 Ἑαυ-

207 3300 290 3344 τὸν
312 3305 671 3362 τιμωρουμένῳ,
698 3307 823 3347 cuius
845 3307 902 3347 ob
925 3309 1094 3349 severi-

207 3369 345 3408 tatem
367 3366 505 3408 Clinia
536 3366 650 3407 filius
681 3368 725 3407 in
755 3370 905 3409 Asiam
936 3369 1094 3411 milita-

206 3432 302 3469 tum
340 3430 570 3482 profectus
603 3432 711 3470 erat.
753 3454 795 3458 —
821 3433 1088 3484 cruciaverit]

209 3493 335 3532 Hand
376 3494 500 3540 Turs,
534 3493 603 3533 Ill.
639 3504 680 3544 p.
717 3492 809 3534 474.
845 3495 974 3535 nimis
1008 3495 1094 3536 for-

1133 1406 1140 1423 ,
1177 1376 1205 1415 F
1239 1377 1283 1415 et
1312 1374 1551 1415 Bentleius.

1162 1480 1282 1518 tasse
1314 1476 1534 1518 subtiliter
1565 1476 1758 1529 explicat
1788 1478 2046 1519 «cruciasse

1160 1540 1377 1580 Videatur.
1389 1557 1407 1575 »

1198 1604 1364 1658 ,23-26.
1416 1606 1504 1654 Quo
1534 1616 1571 1643 r.
1602 1605 1641 1644 h.
1671 1604 1899 1655 pertinetP]
1946 1605 2047 1645 «His

1160 1667 1368 1708 omnibus
1398 1668 1443 1707 in
1483 1668 1682 1708 medium
1722 1667 1905 1720 prolatis
1941 1667 2045 1720 quid

1160 1731 1344 1770 tandem
1374 1730 1453 1770 tibi
1483 1731 1610 1771 vis‘?»
1647 1753 1691 1759 ——
1725 1732 1940 1783 Maltinus]
1978 1731 2047 1771 Sic

1160 1805 1264 1833 cum
1296 1793 1435 1833 Codd.
1472 1793 1763 1834 scribendum
1792 1795 2045 1843 videbatur,

1159 1859 1207 1896 ut
1235 1857 1440 1897 Maltinus
1470 1859 1537 1896 est
1576 1856 1721 1897 Manlii
1754 1869 1844 1898 cos.
1879 1870 2048 1910 cogno-

1160 1932 1265 1960 men
1310 1919 1429 1972 apud
1473 1920 1691 1960 Iustinum
1721 1921 1795 1969 38,
1830 1921 1868 1960 3.
1918 1923 1962 1961 et
2004 1921 2047 1960 in

1159 1984 1286 2035 Trogi
1328 1982 1515 2034 Prologo
1546 1983 1630 2031 38.,
1665 1995 1689 2023 a
1719 1984 1877 2033 malta,
1925 1983 2047 2035 quod

1159 2058 1257 2087 voc.
1292 2058 1373 2098 per
1411 2047 1560 2087 iocum
1598 2058 1679 2098 pro
1716 2047 1896 2087 homine
1927 2045 2047 2086 molli

1159 2113 1293 2162 atque
1328 2109 1582 2149 effeminato
1613 2109 1905 2161 usurpabant.
1958 2111 2047 2149 Lu—

1159 2172 1226 2213 cil.
1260 2174 1335 2222 ⁶27,
1368 2173 1441 2212 ⁶22:
1485 2174 1688 2212 Insanum
1716 2176 1889 2222 vocant,
1923 2183 2045 2221 que-m

1157 2237 1334 2276 'maltam
1392 2247 1443 2275 ac
1495 2236 1698 2287 feminam
1757 2236 1837 2274 clici
1889 2236 2044 2275 vident.

1156 2300 1336 2348 Postea,
1370 2301 1419 2338 ut
1451 2299 1494 2338 in
1524 2297 1741 2339 similibus
1770 2299 2047 2349 cognomini-

1157 2362 1241 2401 bus
1264 2373 1288 2401 a
1308 2362 1424 2400 vitiis
1446 2363 1489 2401 et
1509 2362 1643 2401 animi
1674 2363 1719 2400 et
1739 2362 1940 2412 corporis
1960 2362 2048 2412 pri-

1157 2435 1282 2464 mum
1312 2424 1483 2472 inditis,
1518 2434 1652 2463 nemo
1683 2424 1772 2462 iam
1803 2424 1846 2463 in
1878 2435 1930 2463 eo
1954 2425 2045 2463 ori-

1158 2489 1306 2538 ginem
1335 2486 1631 2538 respiciebat,
1673 2497 1756 2526 nec
1788 2486 1909 2537 quod
1946 2487 2044 2537 quis

1156 2551 1359 2591 Maltinus
1403 2549 1725 2601 appellaretur,
1779 2551 2040 2601 propterea,

1159 2625 1262 2655 cum
1308 2612 1520 2653 audiebat
1563 2613 1649 2652 hoc
1692 2624 1884 2662 nomen,
1939 2625 2044 2654 eum

1158 2675 1369 2717 mollitiae
1406 2674 1649 2716 insimulari
1682 2676 1918 2726 quisquam
1952 2677 2045 2715 exi-

1158 2739 1381 2781 stimabat.
1443 2739 1512 2778 Sic
1550 2739 1634 2778 hoc
1671 2737 1769 2777 loco
1802 2749 1855 2777 ex
1889 2738 2043 2779 habitu

1159 2803 1408 2851 dumtaxat,
1453 2803 1527 2854 qui
1559 2803 1602 2841 in
1634 2813 1687 2841 eo
1719 2803 1914 2850 notatur,
1962 2813 2044 2853 ap-

1156 2867 1285 2918 paret
1305 2866 1536 2905 hominem
1558 2865 1693 2905 fuisse
1715 2863 1911 2915 aliquem
1934 2864 2044 2904 mol—

1155 2929 1245 2969 lem
1293 2931 1428 2980 atque
1481 2928 1812 2972 effeminatun13
1865 2926 2042 2968 aliunde

1155 2994 1287 3032 notus
1327 3003 1415 3032 non
1453 2994 1534 3032 est.
1596 2993 1708 3031 Nam
1740 2991 1860 3042 quod
1900 2992 2042 3031 Scho-

1156 3054 1309 3097 liastae
1343 3056 1555 3095 afferunt:
1604 3053 1713 3096 «sub
1759 3053 1921 3095 Maltini
1962 3066 2043 3094 no·-

1156 3120 1276 3159 mine
1318 3119 1501 3170 quidam
1542 3120 1851 3159 Maecenatem
1894 3119 2042 3169 suspi—

1157 3184 1313 3222 cantur
1342 3181 1621 3233 significari»⁷
1657 3181 1726 3220 cui
1757 3181 1952 3232 opinioni
1982 3181 2043 3219 fa-

1155 3246 1262 3285 vent
1293 3246 1426 3285 etiam
1457 3246 1729 3297 Interpretes
1756 3243 1953 3284 nonnulli
1974 3255 2042 3283 re—

1157 3309 1400 3356 centiores,
1443 3319 1588 3359 nuper
1629 3309 1761 3348 etiam
1799 3308 1965 3347 Franke
1997 3308 2041 3346 et

1154 3370 1325 3411 &Veber
1368 3382 1411 3422 p.
1457 3370 1570 3420 446,
1618 3371 1792 3421 egregie
1836 3369 2041 3409 refutavit

1156 3433 1331 3485 Madvig
1368 3435 1556 3485 Opuscc.
1592 3435 1621 3473 Ι.
1663 3444 1762 3484 pag.
1798 3432 1849 3472 64
1891 3443 2034 3483 seqq:

1159 3498 1297 3537 «Sane
1330 3495 1525 3537 scurrilis
1558 3498 1598 3535 et
1630 3495 1684 3534 ab
1720 3496 1882 3535 Horatii
1918 3496 2038 3535 Mae—
