2231 3787
226 289 322 339 438

291 417 537 471 Desodiet
574 416 877 487 condetque
916 416 1150 469 nitentia.

826 287 1039 327 HORATll
1070 286 1435 326 EPISTOLARUM

1971 411 2038 464 25

1240 415 1371 468 Cum
1411 413 1550 466 bene
1590 421 1774 465 notum

292 519 534 572 Porticus
574 519 839 589 Agrippae
882 526 934 570 et
971 517 1056 569 via
1094 525 1144 568 te
1185 514 1528 585 conspexerit
1568 513 1726 584 Appi,

294 623 375 674 Ire
416 630 593 673 tamen
633 628 819 674 restat,
860 620 1031 671 Numa
1070 633 1178 687 quo
1218 615 1434 669 devenit
1472 623 1524 669 et
1560 617 1754 669 Ancus,

296 724 348 776 Si
389 722 524 775 latus
564 730 653 773 aut
693 737 850 773 renes
889 717 1078 773 morbo
1121 726 1388 771 tentantur
1433 725 1613 777 acuto,

294 827 506 889 Quaere
546 822 724 892 fugam
762 820 951 874 morbi.

1027 820 1115 874 Vis
1154 827 1302 873 recte
1339 819 1550 872 vivere:
1593 818 1715 889 quis
1755 818 1900 871 non?

332 967 397 1005 ⁴26.
441 962 485 1015 et]
514 975 600 1003 om.
634 963 737 1003 bed.
777 985 820 992 —
855 962 921 1002 31¹.
957 966 1078 1012 putes
1113 962 1161 1010 E,
1193 959 1295 1012 βζκ,
1338 961 1532 1011 quinque
1564 959 1750 1000 Codices
1782 960 1985 1010 Cruquii‚

276 1027 511 1068 Bentleius.
545 1050 588 1055 -
622 1030 659 1065 et
683 1035 907 1077 superscr.
928 1029 975 1064 ut
1003 1026 1045 1073 S,
1066 1027 1111 1064 ut
1135 1024 1371 1076 (superscr.
1403 1022 1458 1075 et)
1487 1021 1532 1071 b,
1563 1026 1610 1062 ut
1635 1034 1680 1074 p,
1710 1023 1817 1062 item
1848 1022 1984 1071 LCtO,

223 1157 339 1184 pura.
377 1168 421 1173 —-
455 1144 551 1183 bene
578 1143 735 1195 nolum]
769 1143 870 1193 quia
902 1141 1098 1192 quotidie

222 1209 312 1248 fere
335 1207 394 1246 ibi
415 1208 458 1246 te
481 1205 787 1245 ambulantem
806 1204 960 1244 vident
980 1204 1099 1244 cives

222 1271 297 1309 tui.
334 1293 378 1297 -—
410 1269 598 1309 Porticus
633 1267 860 1318 Agyrippae]
900 1267 1100 1306 Porticus

221 1333 411 1383 Neptuni
440 1342 475 1371 s.
500 1331 857 1381 Argonautarum
880 1329 947 1380 (cf.
973 1330 1103 1369 Hein-

222 1395 315 1433 rich
337 1394 392 1433 ad
412 1395 562 1432 Iuven.
583 1393 627 1441 6,
654 1391 763 1442 453.)
787 1403 811 1430 a
831 1393 887 1432 M.
909 1392 1101 1443 Agrippa

223 1469 261 1495 a.
300 1468 343 1495 u.
382 1467 419 1495 c.
459 1455 552 1494 7⁴29.
589 1456 813 1494 exstructa
845 1456 889 1494 et
917 1455 1102 1506 picturis

222 1529 374 1558 rerum
406 1517 460 1557 ab
492 1518 754 1567 Argonautis
785 1518 1009 1567 gestarum
1031 1528 1104 1555 ex-

224 1583 393 1620 ornata.
454 1577 546 1628 (Dio
592 1580 713 1619 Cass.
752 1579 826 1627 53,
871 1579 955 1629 27.)
1013 1577 1102 1618 Sub

224 1645 308 1682 hac
337 1643 598 1693 frequenter
628 1639 979 1681 deambulabant
1016 1642 1105 1681 Ro·—

225 1706 357 1745 mani.
408 1703 488 1744 Alii
527 1705 674 1744 minus
705 1705 827 1743 recte
856 1702 1105 1753 intelligunt

225 1769 280 1807 <le
337 1767 513 1818 pol-ficu
570 1777 711 1817 prope
768 1766 998 1805 Pantheon
1047 1764 1102 1804 ab

224 1830 416 1880 Agrippa
474 1828 634 1867 eodem
690 1839 805 1867 anno
861 1829 1100 1867 exstructa.

228 1894 320 1943 <Dio
362 1890 485 1940 ibid.)
531 1914 574 1919 —
612 1891 686 1929 via
720 1890 841 1941 Appi]
872 1890 1012 1941 Epod.
1053 1889 1100 1938 4,

229 1954 292 1995 44.
338 1955 424 1993 Sat.
461 1955 505 2002 11,
545 1955 592 2002 ὅ,
633 1953 671 1992 6.
721 1952 1106 2004 Frequentabatur

227 2028 407 2068 semper
445 2028 469 2054 a
508 2015 716 2055 divitibus
756 2015 800 2054 in
839 2014 964 2055 villas
1002 2026 1105 2055 suas

226 2091 308 2131 per
343 2079 631 2129 Campaniam
670 2079 774 2118 sitas
813 2079 1107 2118 commeanti-

229 2143 329 2182 bus.
371 2165 415 2169 —-
462 2142 604 2180 Numa
632 2163 654 2168 —
686 2164 708 2170 -
734 2141 889 2192 Ancus]
928 2141 956 2179 ii
993 2141 1107 2180 inter

228 2207 391 2255 Reges,
426 2215 616 2254 quorum
649 2214 752 2243 cara
782 2205 990 2244 Romanis
1025 2215 1107 2243 no—

229 2268 347 2306 mina
368 2265 486 2305 velut
514 2267 558 2305 in
578 2265 868 2318 proverbium
889 2265 1102 2306 abierant.

228 2329 325 2368 Yid.
351 2328 407 2367 ad
438 2328 516 2368 Od.
541 2328 587 2377 4,
621 2329 666 2377 7,
703 2330 767 2368 115.

285 2391 352 2430 ⁶28.
372 2391 439 2430 29.
463 2391 508 2430 Si
529 2391 638 2430 latus
654 2395 728 2430 aut
745 2402 862 2431 renes
878 2392 983 2441 cet]
1005 2392 1109 2430 Sen-

231 2454 469 2494 tentiarum
488 2464 626 2493 nexus
649 2454 721 2494 hic
743 2456 831 2494 est:
862 2454 1109 2502 «Quemad-

233 2517 439 2565 modum,
480 2516 556 2555 ubi
589 2517 787 2568 corporis
818 2517 977 2557 morbo
1010 2519 1109 2557 ten-

233 2580 361 2627 taris,
390 2579 589 2618 remedia
611 2578 690 2618 tibi
712 2580 967 2630 quaerenda
989 2581 1106 2628 sunt,

236 2652 349 2692 quae
394 2640 696 2681 valetudinem
739 2643 992 2682 restituant:
1046 2642 1110 2681 sic

235 2702 311 2742 ubi
340 2702 606 2743 intellexeris
637 2702 778 2743 solam
797 2704 1006 2744 virtutem
1027 2705 1111 2744 du-

236 2777 337 2805 cere
365 2765 420 2804 ad
440 2767 561 2805 recte
591 2765 815 2817 beateque
845 2767 1107 2816 vivendum,

235 2829 349 2866 hanc
387 2830 566 2867 strenue
605 2829 793 2868 sectare.
848 2829 1033 2877 Contra,
1076 2829 1112 2869 si

237 2900 463 2930 summum
493 2889 661 2930 bonum
694 2891 737 2930 in
759 2892 954 2930 externis
974 2890 1111 2931 rebus

235 2953 430 3003 positum
460 2954 606 3002 putas,
639 2953 731 2992 sive
762 2954 806 2992 in
836 2953 994 2992 divitiis
1026 2954 1109 3003 (VV.

238 3013 418 3063 31-48.),
451 3015 543 3053 sive
574 3016 617 3053 in
645 3014 889 3056 honoribus
911 3018 954 3055 et
974 3016 1111 3066 gratia

240 3075 440 3127 populari
472 3077 555 3125 (vv.
588 3076 769 3128 49—55.),
802 3079 893 3117 sive
925 3078 968 3117 in
993 3078 1113 3117 victu

240 3149 374 3189 quam
404 3137 648 3179 lautissimo
681 3140 765 3189 (vv,
798 3139 985 3189 56-64.),
1020 3140 1111 3179 sive

241 3202 281 3240 in
320 3201 546 3241 amoribus
586 3203 666 3245 (vv.
699 3202 881 3251 65-67.),
921 3202 1112 3252 agedum

240 3265 319 3305 has
358 3276 430 3305 res
469 3263 783 3317 amplectere.»
817 3286 863 3292 —
898 3266 1007 3304 lacus
1040 3268 1115 3303 aut

239 3327 366 3378 renes]
399 3325 634 3385 πλευρῖτις
665 3322 697 3378 ἢ
726 3330 950 3383 ιἐφρῑτις.
988 3327 1113 3366 Idem

241 3388 485 3430 versiculus
517 3393 584 3430 est
613 3391 699 3429 Sat.
723 3390 766 3438 2,
791 3389 836 3438 3,
864 3389 974 3437 463„
1009 3400 1114 3440 qua-

241 3454 423 3502 propter
464 3464 566 3492 eum
611 3453 695 3491 hoc
737 3451 833 3491 loco
875 3450 1113 3490 delendum

242 3515 393 3553 censet
426 3514 471 3553 C.
506 3516 546 3553 F.
580 3515 858 3554 Hermannus
889 3514 929 3553 in
963 3516 1110 3563 Progr.

1162 1139 1385 1191 Marburg.
1410 1139 1530 1180 4838.
1554 1150 1598 1191 p.
1623 1140 1688 1179 45.
1739 1139 1794 1179 At
1823 1140 1928 1180 satis
1959 1139 2042 1180 de-

1164 1203 1358 1243 fenditur
1399 1201 1606 1242 membro
1651 1198 1938 1258 παραλλήλῳ
1980 1203 2044 1242 vis

1163 1270 1272 1306 recte
1307 1266 1466 1313 viver03
1499 1266 1548 1304 ut
1577 1266 1772 1314 taceam,
1807 1276 1860 1305 eo
1890 1263 2044 1305 subla-

1164 1330 1209 1368 to
1238 1328 1367 1368 nimis
1397 1326 1588 1378 abrupta
1616 1325 1686 1367 illa
1718 1326 1835 1368 fore:
1881 1328 2045 1378 Quaere

1163 1392 1310 1443 fuglam
1341 1390 1491 1430 morbi.

1221 1453 1369 1493 30-33.
1402 1453 1448 1492 Si
1467 1452 1600 1491 virtus
1621 1451 1722 1504 cet]
1747 1453 1871 1500 Nota,
1906 1462 2045 1502 quan-

1168 1519 1209 1555 ta
1252 1526 1353 1555 cum
1398 1516 1491 1554 arte
1534 1514 1664 1554 unice
1705 1525 1865 1554 verum
1907 1514 2044 1554 finem

1166 1577 1447 1629 paucissimis
1476 1575 1627 1616 verbis
1657 1577 1868 1627 tetigerit3
1909 1575 2045 1617 noluit

1168 1641 1286 1681 enim
1316 1640 1371 1679 de
1409 1640 1496 1679 1100
1532 1638 1630 1679 loco
1667 1640 1894 1679 communi
1932 1640 2046 1679 Stoi-

1168 1714 1324 1743 corum
1352 1699 1567 1742 θύλακον
1596 1701 1738 1753 plenis
1759 1701 1964 1742 manibus
1987 1701 2047 1742 ef-

1168 1765 1376 1813 fundere;
1410 1775 1494 1804 nec
1522 1775 1631 1804 vero
1652 1764 1738 1805 ioci
1759 1767 1893 1815 atque
1916 1765 2047 1822 εἰρω-

1168 1829 1319 1877 νείας,
1351 1829 1400 1866 ut
1426 1828 1680 1878 sequentia,
1714 1837 1870 1867 ansam
1891 1826 2042 1868 dabat.

1172 1912 1216 1919 —
1251 1890 1409 1929 omissis
1427 1911 1490 1918 --—
1510 1888 1677 1940 deliciis]
1707 1885 1777 1941 μὴ
1808 1886 2043 1946 θρύπτου.

1171 1951 1555 1992 «Renuntiandum
1613 1953 1681 1991 est
1744 1950 2047 2003 voluptatibus

1169 2014 1419 2064 harumque
1459 2013 1682 2052 desiderio
1724 2013 1918 2063 occulto;
1965 2027 2048 2055 ne-

1171 2087 1256 2127 que
1279 2087 1478 2127 unquam
1498 2075 1853 2126 lamentandum,
1888 2076 2047 2118 duram

1172 2138 1346 2178 vivendi
1374 2139 1594 2178 rationem
1625 2150 1650 2178 a
1680 2140 1723 2178 te
1754 2138 1943 2180 electam
1975 2151 2048 2181 es—

1171 2212 1262 2242 se.»
1297 2223 1344 2229 —
1375 2201 1462 2240 Hoc
1492 2201 1582 2252 aye]
1617 2202 1717 2240 «uni
1745 2202 1894 2242 virtuti
1924 2202 2048 2243 forti-

1170 2260 1239 2302 tei·
1268 2261 1443 2302 stude.»
1488 2263 1598 2303 Vide
1622 2263 1679 2303 ad
1699 2264 1786 2304 Sat.
1810 2265 1856 2314 2,
1880 2264 1926 2314 3,
1951 2265 2043 2305 452.

1175 2347 1218 2354 -
1247 2327 1448 2365 Virtutem
1465 2325 1593 2365 verba
1607 2330 1734 2376 putas
1754 2326 1858 2378 cet]
1878 2327 2048 2368 Eadem

1172 2389 1351 2430 omissio
1381 2388 1623 2440 particulae
1661 2390 1695 2428 si
1732 2391 1799 2430 est
1838 2390 1973 2442 Epist.
2003 2391 2044 2439 2,

1172 2453 1217 2500 2,
1257 2452 1358 2491 204:
1406 2452 1500 2491 Non
1539 2452 1709 2503 aqimur
1747 2453 1914 2492 tumidis
1949 2453 2050 2492 velis

1172 2514 1366 2564 aquilone
1393 2515 1594 2563 secundo,
1629 2515 1673 2554 et
1701 2513 1804 2554 alibi
1835 2515 1954 2554 haud
1973 2526 2050 2554 ra-

1172 2588 1237 2616 ro.
1264 2600 1306 2607 -
1334 2576 1549 2627 («Transit
1580 2575 1636 2615 ad
1667 2575 1856 2617 alterum
1886 2577 2050 2617 summi

1173 2639 1279 2679 boni
1309 2650 1472 2690 genus,
1514 2639 1634 2690 quod
1671 2640 1869 2690 positum
1899 2641 1967 2680 est
2005 2640 2049 2679 in

1175 2702 1348 2750 divitiis,
1381 2712 1424 2740 v.
1448 2700 1594 2741 34-48.
1637 2702 1870 2742 Connectit
1898 2704 2050 2742 autem

1173 2775 1246 2804 res
1269 2764 1466 2803 diversas
1495 2765 1753 2814 poetarum,
1786 2775 1874 2803 non
1903 2764 2050 2815 philo-

1175 2827 1419 2877 sophorum
1448 2836 1573 2865 more
1604 2826 1739 2876 idque
1773 2837 1855 2877 per
1891 2836 2050 2877 perso-

1174 2900 1278 2928 nam
1309 2887 1554 2928 secundam
1581 2887 1647 2939 (cf.
1672 2888 1779 2939 Epp.
1805 2889 1821 2927 4
1843 2919 1851 2937 ,
1885 2889 1900 2928 4
1922 2920 1930 2937 ,
1963 2887 2047 2938 42.)

1169 2955 1316 3001 putas;
1351 2961 1489 3001 quare
1520 2950 1733 2991 dissentio
1763 2950 1818 2990 ab
1841 2949 1950 2999 aliis,
1975 2951 2048 3001 qui

1174 3014 1466 3065 praeceptum
1495 3013 1581 3052 1100
1612 3014 1694 3064 ipsi
1723 3013 1946 3062 Numicio,
1978 3014 2051 3052 ut-

1174 3077 1276 3127 pote
1321 3076 1489 3115 homini
1533 3074 1734 3114 mutabili
1775 3085 1921 3125 neque
1966 3073 2050 3115 sibi

1176 3139 1414 3186 constanti,
1448 3138 1617 3177 dictum
1645 3139 1801 3189 putant
1822 3138 1934 3176 cet.»
1966 3137 2048 3176 ΟΒ-

1177 3200 1282 3250 BAR.)
1334 3200 1524 3248 «Quodsi
1546 3201 1720 3248 contra,
1754 3210 1867 3250 quae
1889 3198 1944 3238 de
1966 3200 2050 3238 vir·

1176 3265 1267 3303 tute
1290 3262 1568 3314 disputantur
1588 3273 1612 3301 a
1632 3261 1927 3314 philosophis,
1962 3261 2051 3300 ina—

1176 3327 1246 3364 nia
1277 3324 1414 3365 verba
1443 3327 1595 3376 putas,
1639 3326 1686 3364 ut
1713 3323 1916 3363 lucorum
1946 3321 2051 3362 reli-

1177 3389 1353 3439 gionem
1383 3387 1507 3428 multi
1538 3388 1847 3434 contemnunt,
1880 3396 2047 3437 eosque

1179 3450 1280 3490 nihil
1320 3451 1400 3490 nisi
1438 3450 1623 3490 arbores
1659 3450 1813 3500 putant
1848 3459 1934 3487 non
1965 3459 2050 3488 nu-

1179 3514 1283 3553 mini
1306 3512 1430 3552 alicui
1459 3514 1672 3558 sacratas,
1709 3510 1787 3551 sed
1819 3511 2046 3550 hominum
