2231 3787
931 227 1028 265 l.ll'›.
1063 228 1092 265 l.

1155 226 1265 265 MT.
1303 226 1366 266 W.
2000 229 2063 279 ἦ]

903 544 1254 593 ΞΑΤῙΒΑ
1289 545 1412 593 1v.

315 663 536 735 Eupolis
579 672 739 734 atquc
785 661 1032 715 Cratinus
1072 661 1570 734 Aristophanesque
1612 671 1803 734 poetae

314 768 486 837 Atque
528 764 642 822 alii,
686 781 916 836 quorum
958 763 1242 817 comoedia
1280 764 1457 835 prisca
1497 766 1733 819 virorum
1775 775 1879 821 cst.

298 917 365 956 IV.
411 917 637 967 Octoginta
679 917 853 955 circiter
891 917 991 954 ante
1035 915 1125 953 llo-

243 981 403 1019 ratium
454 980 579 1019 annis
630 978 819 1018 Lucilius
868 979 1007 1017 veleri
1069 976 1123 1015 illi

243 1043 366 1082 Ennii
399 1043 557 1081 satirae
597 1042 785 1080 formam
827 1051 1008 1091 prorsus
1045 1050 1126 1078 no—

243 1115 346 1144 vam
377 1104 583 1151 dederat,
618 1114 720 1142 cum
752 1114 857 1142 suae
882 1103 1037 1140 aetatis
1058 1102 1126 1140 vi-

243 1169 331 1207 tam
378 1176 615 1215 moresque
666 1164 779 1204 salse
830 1163 1122 1203 describeret.

243 1232 395 1280 Neque
436 1228 575 1268 ullum
605 1228 976 1279 impedimentum
1006 1227 1123 1265 diviti

241 1303 383 1332 venae
416 1294 457 1331 et
491 1291 656 1332 salibus
695 1292 790 1331 eius
831 1290 1001 1338 offecit,
1043 1291 1125 1329 tlo-

240 1358 366 1396 rente
396 1354 598 1407 populari
630 1356 694 1395 rei
715 1353 920 1406 publicae
944 1356 1060 1394 statu
1083 1356 1126 1393 et

241 1429 417 1459 summa
463 1418 674 1469 loquendi
718 1417 1034 1468 scribendique
1073 1416 1126 1456 li—

241 1481 413 1521 bertate
457 1492 686 1521 concessa.
749 1481 839 1521 Etsi
881 1481 1011 1531 igitur
1045 1491 1126 1519 an-

242 1545 389 1595 tiquae
422 1544 682 1584 comoediae
718 1545 887 1584 Atticae
920 1545 1124 1583 auctores

241 1606 487 1647 aemulat-us
538 1608 703 1646 nemini
752 1619 807 1647 ne
847 1606 1124 1658 principibus

241 1670 422 1720 quidem
465 1670 506 1709 in
538 1670 711 1709 civitate
743 1670 845 1710 viris
885 1669 1122 1720 parcebat,

242 1735 389 1773 tamen
421 1744 567 1784 neque
595 1733 710 1784 apud
746 1734 864 1772 cives
886 1743 991 1772 suos
1015 1733 1125 1771 invi-

241 1795 358 1836 diam
396 1795 477 1835 sihi
510 1795 742 1844 conflavit,
792 1806 873 1834 nec
911 1794 1124 1834 nobilium

239 1859 485 1898 amicorum
526 1859 713 1908 gratiam
756 1857 960 1909 perdidit.
1021 1857 1121 1908 (Cfr.

241 1921 327 1960 Sat.
352 1922 400 1967 ⁶2,
436 1922 450 1960 l
473 1954 479 1967 ,
506 1922 589 1972 62.)
627 1923 730 1961 Post
752 1919 969 1960 Lucilium
991 1931 1123 1959 nemo

240 1984 282 2022 in
312 1983 397 2022 hoc
429 1994 592 2034 genere
624 1994 725 2023 cum
762 1982 892 2022 laude
927 1981 1126 2021 elabora-

240 2045 320 2092 vit,
361 2045 523 2085 frustra
554 2045 597 2084 id
631 2047 814 2096 experto
846 2047 891 2084 P.
917 2046 1123 2084 Terentio

240 2108 436 2147 Varrone
468 2109 649 2148 Atacino
683 2109 782 2156 [Sat.
819 2109 862 2155 l,
905 2108 977 2154 llO,
1020 2107 1121 2158 ta),

241 2168 383 2209 donec
433 2171 637 2210 Horatius
689 2170 924 2210 exsisteret
981 2179 1124 2208 novus

241 2232 441 2272 satiricae
483 2233 631 2283 poesis
663 2234 842 2279 auctor,
886 2232 966 2271 sed
1007 2234 1124 2271 tem—

241 2304 349 2343 pore
398 2305 421 2332 a
467 2294 689 2333 Luciliana
740 2295 884 2332 aetate
935 2293 1124 2333 multum

242 2355 433 2394 diverso.
496 2355 674 2396 Sublata
725 2357 843 2395 enim
893 2358 988 2394 erat
1037 2367 1122 2394 una

242 2429 344 2458 cum
374 2419 526 2457 vetere
566 2429 613 2457 re
654 2416 831 2469 publica
872 2416 1123 2458 felicissima

243 2480 311 2520 illa
343 2480 544 2529 dicendi,
577 2480 772 2528 iocandi,
808 2480 1042 2519 deridendi
1072 2479 1124 2519 li-

240 2544 413 2589 bertas,
462 2542 592 2583 simul
631 2554 808 2583 morum
844 2543 1123 2594 perditorum

240 2606 377 2658 pestis
410 2607 454 2645 et
485 2607 628 2646 omnis
660 2606 836 2656 generis
866 2606 990 2654 vitia,
1036 2606 1122 2644 iani

241 2669 362 2721 prius
408 2667 523 2707 illata
568 2680 649 2720 per
690 2667 804 2708 bella
852 2667 1011 2713 civilia,
1065 2668 1123 2706 ita

243 2733 346 2770 tunc
378 2742 558 2771 omnem
598 2731 822 2770 civitatem
861 2731 1124 2781 inquinave—

243 2796 362 2842 rant,
419 2795 467 2833 ut
515 2805 733 2845 perquam
779 2794 905 2845 pauci
952 2793 1125 2844 reperi-

243 2859 395 2896 rentur
435 2856 489 2895 ah
532 2858 615 2895 hac
653 2856 790 2896 seculi
828 2856 926 2896 labe
958 2856 1124 2895 immu-

244 2929 323 2958 nes
356 2919 520 2969 quique
558 2920 672 2958 hanc
703 2919 939 2958 satirarum
971 2918 1124 2957 candi-

245 2981 348 3020 dam
369 2979 623 3020 libertatem
653 2993 741 3021 non
763 2981 1120 3020 reformidarent.

244 3044 396 3092 Neque
428 3043 574 3082 minus
611 3044 696 3082 iam
736 3045 825 3083 tota
855 3044 1001 3094 poesis
1041 3044 1124 3082 La-

245 3105 358 3144 tinae
390 3105 500 3143 ratio
533 3107 626 3144 erat
669 3106 922 3154 immutata,
969 3107 1122 3157 utpote

244 3167 287 3206 in
328 3177 414 3218 qua
454 3167 621 3217 patrius
653 3166 774 3206 color
804 3170 847 3207 et
885 3166 1123 3207 vernacula

245 3230 512 3280 antiquitatis
567 3230 790 3269 Romanae
846 3229 1018 3270 indoles
1066 3231 1124 3270 ita

245 3292 522 3339 evanuisset,
570 3292 619 3330 ut
656 3292 800 3331 omnis
836 3291 932 3331 laus
968 3303 1022 3331 ex
1052 3303 1125 3331 ar-

244 3352 429 3393 tificiosa
460 3354 731 3392 Graecorum
761 3353 1003 3393 imitatione
1042 3365 1125 3405 pe-

246 3416 426 3455 teretur.
488 3417 583 3455 Non
627 3415 756 3466 igitur
794 3416 958 3456 mirum
998 3416 1124 3455 nohis

246 3475 383 3515 videri
414 3478 562 3528 potest
592 3476 647 3516 ab
682 3476 774 3518 aliis
806 3488 857 3517 ea
879 3479 1023 3517 aetate
1046 3489 1126 3517 na-

1190 917 1324 955 tivam
1365 917 1626 957 Horatianac
1667 919 1825 958 satirae
1860 918 2073 970 simpliei—

1191 981 1327 1018 tatem
1373 981 1415 1018 et
1460 982 1631 1031 gratam
1676 982 1897 1021 sermonis
1936 981 2074 1032 negli-

1191 1044 1382 1092 gentiam
1423 1054 1529 1094 prae
1569 1042 1635 1082 illa
1668 1044 1806 1093 magis
1838 1044 2073 1083 artificiosa

1191 1107 1440 1145 carminum
1506 1107 1846 1157 pangendorum
1904 1108 2073 1146 ratione

1192 1169 1430 1208 fastiditam
1478 1180 1605 1214 esse,
1654 1168 1710 1207 al)
1757 1169 1848 1209 aliis
1894 1173 2073 1220 poetam

1191 1233 1238 1270 ut
1268 1231 1507 1279 acerbum,
1555 1230 1757 1277 lividum,
1806 1231 2075 1272 malitiosum

1191 1305 1291 1334 esse
1322 1296 1639 1346 vituperatum.
1701 1296 1793 1334 Iam
1819 1297 1970 1334 contra
1993 1295 2074 1333 hos

1190 1358 1393 1398 sinistros
1425 1368 1630 1397 rumores
1663 1359 1705 1396 et
1742 1369 1877 1408 prava
1914 1358 2073 1397 iudicia

1189 1422 1238 1459 ut
1285 1431 1332 1460 se
1384 1420 1674 1467 defenderet,
1728 1419 1843 1459 hanc
1892 1421 2074 1460 satiram

1191 1483 1468 1535 conscripsit.
1532 1484 1715 1534 (Scripta
1754 1483 1929 1522 videtur
1966 1485 2076 1523 We-

1189 1545 1300 1585 bero
1322 1557 1360 1584 a.
1386 1545 1498 1592 7⁴5,
1533 1545 1717 1585 Frankio
1747 1557 1832 1584 non
1860 1546 1916 1584 ita
1938 1544 2076 1585 multo

1190 1609 1293 1660 post
1335 1607 1510 1647 tertiam
1554 1619 1592 1646 a.
1636 1608 1749 1655 7l6.,
1793 1608 2075 1648 Grotesendio

1191 1683 1228 1710 a.
1274 1670 1387 1717 718„
1430 1669 1672 1709 Kirchnero
1715 1681 1753 1709 a.
1799 1671 1911 1719 722,
1954 1670 2077 1709 Wal-

1191 1734 1427 1773 ckenaerio
1460 1744 1498 1771 a.
1534 1731 1645 1782 724..)

1248 1797 1337 1835 01-5.
1372 1795 1542 1844 Eupolis
1573 1794 1675 1846 cet]
1708 1793 1883 1842 Quintil.
1921 1795 1992 1842 tlO,
2029 1796 2073 1843 4,

1191 1858 1266 1898 65:
1314 1858 1500 1905 Antiqua
1542 1857 2076 1907 comoedia-“facundis-

1189 1922 1320 1960 simae
1360 1920 1587 1968 libertatis,
1621 1942 1643 1948 —
1673 1943 1695 1948 -
1725 1920 1976 1959 insectandis
2010 1921 2077 1959 υἰ-

1190 1984 1257 2023 tiis
1293 1984 1542 2033 praecipua.
1577 2004 1600 2011 -
1629 2005 1652 2011 -
1681 1983 1824 2022 Plures
1864 1983 1951 2022 eius
1993 1994 2075 2022 an-

1189 2051 1346 2086 ctores:
1390 2046 1687 2096 Aristophanes
1726 2050 1861 2085 tamen
1904 2050 1941 2085 et
1983 2047 2073 2085 En-

1183 2110 1292 2159 polis
1323 2110 1600 2158 Cratinusque
1624 2108 1861 2157 praecipui.
1917 2108 2075 2156 Quanti

1189 2173 1395 2212 Horatius
1440 2171 1594 2211 fecerit
1637 2170 1845 2222 Eupolin,
1894 2169 2074 2221 colliges

1190 2246 1243 2274 ex
1265 2236 1351 2274 Sat.
1376 2236 1424 2282 2,
1450 2234 1489 2283 3,
1525 2235 1608 2280 la,
1642 2232 1718 2272 ubi
1748 2233 1941 2283 iungitur
1972 2244 2075 2272 cuni

1189 2296 1389 2344 Platone,
1427 2295 1692 2343 Menandro,
1716 2294 1997 2335 Archilocho.
2025 2318 2072 2323 —

1185 2358 1339 2408 prisca]
1375 2358 1523 2397 Critici
1553 2356 1858 2404 Alexandrini,
1902 2358 1950 2395 ut
1992 2368 2074 2395 no-

1189 2422 1282 2459 tum
1322 2422 1409 2468 est,
1457 2419 1749 2459 distinxerant
1790 2419 2072 2459 comoediam

1188 2483 1415 2534 antiquam
1461 2475 1737 2538 (domimi),
1784 2492 1898 2532 quae
1944 2482 2075 2521 desiit

1189 2546 1230 2584 in
1262 2545 1579 2596 Aristophane,
1624 2544 1839 2592 mediam,
1884 2555 2069 2591 novam,

1188 2609 1313 2647 cuius
1338 2607 1565 2658 praecipui
1587 2608 1793 2645 auctores
1811 2606 2069 2652 Menander,

1187 2669 1409 2721 Diphilus,
1447 2668 1667 2717 Philemo,
1700 2667 1846 2708 Alexis
1878 2670 1962 2708 cet.
1988 2669 2074 2708 Ce-

1188 2735 1335 2772 terum
1376 2732 1568 2772 similem
1608 2731 1938 2771 distinctionem
1970 2730 2074 2770 fecit

1188 2796 1274 2835 iam
1318 2793 1577 2834 Aristoteles
1623 2794 1718 2832 Eth.
1764 2793 1856 2832 Nic.
1896 2792 1942 2841 4,
1991 2793 2069 2833 44:

1187 2855 1280 2896 ῗδοι
1318 2854 1356 2896 δ’
1387 2851 1448 2896 ἄν
1478 2845 1660 2906 τις-’καὶ
1690 2854 1742 2895 ἐκ
1773 2852 1866 2893 τῶν
1897 2868 2071 2908 κωμῳ-

1186 2917 1301 2959 διῶν
1322 2915 1416 2958 τῶν
1447 2916 1703 2958 παλαιῶν
1732 2917 1814 2957 καὶ
1842 2914 1935 2956 τῶν
1957 2930 2074 2957 και-

1187 2979 1320 3020 νῶν·
1369 2986 1470 3031 τοῖς
1512 2980 1601 3034 μὲν
1641 2977 1731 3035 γὰρ
1776 2973 1837 3033 ἦν
1880 2978 2071 3033 γελοῖον

1188 3039 1217 3097 ἡ
1260 3042 1602 3100 αἰσχρολογία,
1649 3046 1752 3092 τοῖς
1792 3041 1843 3083 δὲ
1884 3037 2071 3094 μᾶλλον

1187 3101 1217 3158 ἡ
1251 3101 1472 3145 ὑπόνοια·
1505 3103 1720 3161 διαφέρει
1747 3102 1782 3143 δ’
1805 3099 1860 3144 οὐ
1892 3101 2071 3161 μικρὸν

1187 3165 1339 3208 ταῦτα
1397 3164 1517 3225 πρὸς
1572 3162 1966 3219 εὐσχημοσύνην.
2025 3190 2068 3195 -

1186 3233 1317 3281 Atque
1338 3232 1425 3282 alti]
1449 3231 1583 3271 veluti
1605 3231 1912 3279 Pherecrates,
1934 3229 2069 3278 Plato,

1189 3293 1376 3333 fortasse
1405 3293 1539 3332 etiam
1569 3292 1885 3343 Epicharmus,
1919 3290 2074 3330 itidem

1189 3356 1232 3395 in
1282 3367 1500 3395 canonem
1549 3355 1752 3395 criticum
1798 3353 1966 3404 recepti
2015 3351 2071 3390 ab

1190 3416 1510 3457 Alexandrinis.
1549 3440 1592 3445 —
1624 3426 1803 3466 quorum
1833 3425 1866 3453 c.
1887 3425 1931 3464 p.
1954 3414 2073 3453 viro-

1190 3490 1284 3518 rum
1314 3479 1384 3530 est]
1417 3480 1503 3517 Sat.
1532 3479 1575 3527 i,
1613 3478 1686 3525 40,
1722 3477 1794 3516 46:
1843 3476 1932 3525 Illi,
1964 3477 2072 3515 scri-
