2231 3787
248 250 350 302 ‘2208

878 251 1092 292 HORATII
1122 252 1422 294 SATIRARUM

320 380 592 443 RusticuS,
634 380 903 434 abnormis
943 381 1157 451 sapiens
1197 398 1488 452 crassaque
1528 381 1786 442 Minerva,
1827 413 1896 420 —-

319 482 516 536 Discite
555 499 661 535 non
701 481 835 534 inter
872 481 1053 535 lances
1093 499 1420 553 mensasque
1461 480 1716 542 nitentes,

320 584 452 637 Cum
492 591 669 653 stupet
708 583 906 636 insanis
946 583 1090 636 acies
1129 581 1425 652 fulgoribus
1464 590 1516 636 et
1554 599 1677 636 cum

2025 585 2056 634 ωε

320 684 548 738 Acclinis
588 683 731 737 salsis
772 683 979 736 animus
1018 682 1240 736 meliora
1278 692 1514 746 recusat,

320 787 514 839 Verum
552 785 637 839 hic
677 784 928 855 impransi
968 801 1179 837 mecum
1218 783 1516 855 disquirite.

320 887 528 947 Dicam,
570 886 613 939 si
653 894 857 956 potero.

1595 785 1702 839 Cur
1740 785 1883 839 hoc?

934 884 1068 938 Male
1106 901 1296 938 verum
1335 885 1601 939 examinat
1637 886 1809 940 omnis

359 1005 397 1045 3.
431 1005 621 1044 abnormi
650 1003 707 1043 bc
738 1005 781 1043 et
811 1005 901 1044 tres
931 1002 1143 1043 Blandinii
1175 1003 1373 1043 omnium
1392 1004 1619 1044 veterrimi
1641 1004 1768 1056 prob.
1793 1005 2004 1057 Cruquio,

305 1081 370 1120 yco
402 1070 443 1108 et
475 1070 563 1107 tres
594 1065 663 1106 alii
692 1065 889 1106 Bentleii.

251 1168 356 1209 falsa
385 1169 633 1216 videretur,
675 1167 756 1208 sed
786 1179 874 1207 non
903 1168 1124 1208 memine-

249 1235 344 1272 rant
385 1232 524 1283 gentis
563 1233 786 1270 Romanae
825 1241 988 1270 nomen
1023 1240 1122 1270 esse

250 1295 416 1335 dehere
439 1294 625 1344 Ofellius‚
658 1296 707 1333 ut
733 1295 802 1334 est
820 1294 987 1344 Ofellius
1007 1291 1124 1344 apud

252 1360 370 1397 Grut.
405 1355 504 1403 463,
538 1357 595 1403 2.,
624 1349 867 1405 Ὀφέλλιος
898 1355 1017 1406 apud
1042 1357 1124 1394 Ar-

251 1421 358 1459 rian.
383 1420 519 1470 Epict.
545 1418 594 1467 3,
627 1419 701 1467 22,
735 1419 800 1458 27.
854 1419 1014 1458 Contra
1039 1418 1126 1456 Lu—

250 1483 400 1521 cretius
438 1481 569 1530 Ofella
604 1482 877 1520 memoratur
906 1490 931 1518 a
960 1477 1124 1518 Velleio

251 1545 296 1591 ⁴2,
344 1544 410 1582 Ξῖ.
459 1542 656 1593 aliisque.
716 1544 938 1582 Acronem
982 1540 1037 1580 ad
1079 1552 1121 1579 v.

253 1607 345 1645 1142.
379 1604 483 1645 falsa
505 1604 559 1644 de
583 1603 715 1644 Ofella
746 1604 996 1644 tradentem
1017 1602 1124 1642 scite

250 1668 409 1708 refutat
439 1666 641 1706 Wieland
671 1668 720 1706 ΙΙ.
753 1678 796 1718 p.
828 1666 894 1706 54.
944 1665 1128 1704 Videtur

251 1731 384 1771 fuisse
414 1730 583 1768 vicinus
624 1731 667 1768 et
704 1728 926 1768 familiaris
962 1727 1127 1768 Horatii

252 1793 443 1839 iuvenis,
489 1792 556 1830 vir
586 1792 762 1842 sapiens
799 1792 955 1830 natura
994 1792 1126 1840 atque

252 1856 378 1895 insita
409 1855 589 1900 virtute,
629 1853 753 1892 cuius
785 1853 952 1892 candor
981 1853 1129 1902 grata-

253 1929 339 1969 que
370 1914 624 1966 simplicitas
655 1916 801 1954 iuncta
831 1925 934 1953 cum
973 1913 1129 1963 insigni

251 1981 402 2031 lepore
434 1979 537 2017 satis
568 1977 721 2017 festi-ve
752 1977 986 2027 opponitur
1015 1975 1128 2014 Stoi-

254 2043 317 2082 cis
371 2039 450 2080 illis
494 2038 747 2088 aretalogis,
800 2037 952 2089 quales
1004 2038 1130 2076 erant

255 2104 481 2154 Crispinus
525 2103 568 2140 et
618 2101 926 2151 Damasippus.
1003 2099 1129 2139 Haud

255 2163 475 2206 dissimilis
521 2165 586 2202 est
630 2162 896 2203 Philemonis
939 2163 1129 2202 rusticus

254 2230 297 2268 in
318 2226 487 2277 Pyrrho
508 2236 550 2276 p.
575 2225 667 2265 378.
697 2225 844 2272 Mein,
877 2223 1128 2274 Virgiliique

255 2290 465 2339 Tassique
496 2298 649 2335 senes,
682 2289 915 2338 praeterea
946 2285 1013 2325 ille
1044 2287 1131 2325 Fa-

254 2352 422 2399 bianus,
455 2361 537 2388 non
566 2360 620 2388 ea:
649 2349 710 2387 his
738 2348 1012 2387 cathedrariis
1032 2348 1131 2397 phi-

254 2413 450 2462 losophis,
498 2412 567 2450 sed
610 2422 663 2450 eoe
700 2412 809 2450 veris
850 2415 888 2450 et
929 2411 1127 2460 antiquis.

254 2476 425 2515 Seneca
453 2473 508 2512 de
538 2474 665 2512 Brev.
687 2473 763 2512 vit.
789 2473 854 2512 10.

311 2536 402 2576 3-6.
435 2535 657 2586 abnormis]
691 2545 898 2586 «prorsus
930 2533 1130 2576 diversus

256 2610 281 2637 a
312 2608 467 2637 norma
497 2595 588 2643 illa,
635 2606 770 2646 quam
799 2595 952 2646 volgus
983 2598 1132 2636 statuit

257 2660 326 2705 iis,
362 2669 473 2709 quos
503 2656 788 2708 philosophos
810 2657 1039 2697 nominare
1061 2669 1131 2697 so-

257 2720 338 2767 let;
387 2718 518 2758 Ofella
560 2720 678 2758 enim
709 2717 823 2758 nulla
855 2721 977 2759 certa
1008 2721 1130 2759 secta

257 2784 303 2822 et
333 2779 561 2831 disciplina
592 2781 794 2828 nutritus,
828 2780 908 2820 sed
930 2792 954 2820 a
976 2783 1130 2820 natura

257 2842 442 2882 edoctus
473 2843 586 2890 erat,
620 2842 726 2892 quid
753 2852 911 2881 verum
941 2845 1132 2882 rectum-

257 2915 346 2955 que
379 2905 541 2943 esset.»
583 2903 671 2942 Cic.
696 2902 810 2942 Lael.
834 2904 878 2951 5,
913 2903 984 2943 48:
1016 2905 1133 2944 Nun-

258 2978 387 3017 quam
417 2977 489 3016 eyo
524 2965 658 3003 dicam
689 2964 731 3004 C.
754 2964 1018 3015 Fabricium,
1054 2967 1130 3006 Μ.)

260 3030 455 3077 Curium,
492 3028 548 3066 Ti.
583 3028 914 3078 Coruncanium,
947 3041 1048 3078 quos
1065 3041 1135 3069 sa-

256 3093 412 3143 pientes
432 3091 560 3129 nostri
581 3090 757 3129 maiores
785 3090 1043 3141 iudicabant,
1077 3093 1133 3131 ad

259 3155 434 3193 istorum
454 3163 644 3191 normam
671 3152 796 3201 fuisse
815 3153 1028 3201 sapientes.
1064 3153 1133 3193 Al-

262 3217 356 3254 tera
385 3212 513 3253 lectio
549 3212 758 3261 abnormi,
806 3214 886 3253 etsi
923 3215 967 3253 in
1003 3214 1130 3255 bonis

262 3275 401 3317 Codd.
433 3276 672 3326 reperitur,
721 3276 907 3326 antiquis
937 3287 1040 3316 sane
1071 3278 1132 3316 ri-

262 3348 362 3378 sum
406 3337 629 3377 movisset.
667 3357 710 3363 —
752 3337 928 3388 sapiens]
975 3338 1131 3379 Similis

262 3400 485 3439 rusticano
522 3399 623 3438 huic
660 3399 844 3449 sapienti
882 3399 959 3438 fuit
998 3402 1129 3441 etiam

261 3460 386 3509 Myso
415 3459 484 3500 ille
515 3460 782 3507 Chenensis,
829 3471 963 3511 quem
993 3472 1131 3502 unum

1186 1168 1302 1207 inter
1341 1169 1532 1208 Graecos
1570 1168 1812 1209 admiratus
1844 1179 1943 1208 esse
1974 1168 2063 1208 ser-

1187 1232 1258 1269 tur
1300 1230 1566 1270 Anacharsis
1610 1242 1664 1270 ex
1706 1231 1859 1270 vetere
1904 1229 2063 1270 fabella

1188 1291 1306 1342 apud
1333 1293 1571 1332 Maximum
1591 1293 1692 1342 Tyr.
1717 1292 1760 1331 34
1785 1323 1792 1340 ‚
1828 1293 1884 1341 1.,
1916 1304 2063 1344 neque

1187 1352 1314 1403 longe
1358 1355 1529 1393 remota
1574 1355 1641 1394 est
1684 1353 1739 1393 ab
1780 1353 1940 1394 Ofellae
1976 1355 2064 1394 vita

1188 1417 1276 1454 tota
1307 1417 1569 1455 venatorum
1608 1414 1770 1455 familia
1806 1415 1925 1467 apud
1960 1416 2066 1455 Dio-

1189 1488 1294 1516 nem
1333 1477 1561 1528 Chrysost.
1603 1478 1674 1517 Or.
1708 1478 1766 1526 7.‚
1807 1478 1932 1518 cuius
1963 1489 2066 1517 ora-

1189 1539 1317 1578 tionis
1365 1539 1556 1590 primam
1606 1540 1783 1590 partem
1833 1535 2067 1579 εἰὸύλλιον

1189 1602 1490 1649 venatorium,
1531 1602 1575 1640 et
1604 1601 1830 1651 egregium
1867 1601 2063 1652 quidem,

1191 1664 1350 1703 merito
1395 1663 1572 1704 dixeris.
1623 1686 1668 1691 —
1714 1674 1938 1712 crassaque
1982 1664 2068 1704 Mi-

1190 1726 1333 1776 nerva]
1378 1723 1529 1776 «longe
1568 1725 1734 1765 distans
1765 1737 1789 1765 a
1827 1725 2066 1766 subtilitate

1191 1788 1258 1827 illa
1282 1799 1415 1840 saepe
1438 1799 1669 1839 perversa,
1701 1799 1836 1838 quam
1855 1788 2064 1828 affectare

1192 1850 1335 1891 solent
1396 1849 1695 1902 philosophi.»
1776 1850 2066 1890 proverbium

1191 1924 1357 1962 crassa,
1397 1913 1548 1963 pinyui
1583 1913 1776 1952 Minerva
1813 1913 1914 1963 (Cic.
1946 1910 2065 1952 Lael.

1192 1976 1230 2023 5,
1258 1975 1338 2024 49.)
1362 1986 1386 2013 a
1406 1977 1579 2014 textura
1600 1974 1697 2014 rudi
1716 1976 1956 2026 repetitum
1983 1976 2095 2017 esta

1195 2059 1240 2064 —
1263 2036 1412 2088 lances]
1437 2048 1594 2076 aureas
1616 2040 1659 2076 et
1680 2039 1910 2087 argenteas
1928 2069 1935 2087 ,
1957 2048 2070 2077 men-

1190 2110 1259 2138 sas
1286 2110 1561 2139 marmoreas
1590 2098 1660 2138 vel
1691 2100 1870 2144 citreas;
1917 2102 2069 2139 utrae-

1193 2172 1279 2211 que
1311 2164 1459 2200 autem
1487 2162 1616 2200 nitent
1645 2163 1688 2200 et
1715 2162 1894 2213 proprio
1924 2160 2071 2213 splen-

1193 2224 1300 2263 dore
1338 2225 1382 2262 et
1419 2225 1563 2263 tersae
1595 2234 1620 2262 a
1650 2224 1805 2263 servis.
1865 2225 2070 2263 Iunctum

1192 2287 1367 2336 utrique
1400 2286 1565 2324 nomini
1595 2287 1662 2325 est
1683 2284 1925 2335 ἐπίθετον,
1956 2285 2005 2324 ut
2024 2297 2065 2325 v.

1194 2348 1258 2387 95.
1291 2348 1471 2398 grandes
1488 2347 1648 2387 rhombi
1669 2348 1937 2398 patinaeque.
1977 2346 2068 2399 (Alii

1195 2408 1433 2461 explicant:
1483 2410 1622 2449 «inter
1649 2420 1830 2450 mensas
1868 2409 2069 2451 lancibus

1195 2471 1414 2522 argenteis
1459 2471 1705 2519 nitentes;»
1751 2472 1891 2522 magis
1935 2473 2068 2514 etiam

1194 2534 1304 2573 mire
1345 2532 1414 2573 alii
1458 2534 1629 2573 nitentes
1671 2544 1752 2584 pro
1791 2544 1889 2584 gen.
1926 2544 2066 2574 masc.

1194 2594 1380 2642 habent,
1420 2596 1468 2633 ut
1504 2595 1559 2634 sit
1590 2595 1795 2643 «uncti,»
1828 2594 1990 2646 quibus
2025 2606 2066 2635 v.

1194 2657 1232 2695 7.
1281 2657 1560 2707 opponantur
1600 2656 1839 2707 impransi.)
1881 2679 1926 2685 —
1969 2657 2070 2697 Cum

1192 2721 1325 2768 stupet
1368 2717 1477 2766 cet.]
1524 2728 1663 2757 «cum
1707 2716 1861 2758 oculus
1905 2717 2068 2771 (acies)

1194 2778 1359 2830 fulgore
1391 2778 1461 2818 illo
1497 2779 1741 2819 incredibili
1778 2781 2070 2832 praestringi-

1194 2844 1306 2881 tur.»
1348 2862 1393 2869 -
1436 2841 1616 2892 insanis]
1653 2842 1815 2882 «nimis
1845 2843 2065 2894 magnis.»

1194 2906 1294 2943 Acii.
1322 2926 1365 2931 —
1387 2903 1577 2954 Acclinis]
1597 2915 1681 2943 vox
1702 2914 1801 2943 rara
1831 2906 1875 2944 et
1894 2905 2067 2956 poetica

1195 2967 1324 3017 (Virg.
1357 2967 1464 3006 Aen.
1505 2966 1578 3014 40,
1621 2965 1749 3016 835.)‚
1791 2966 1976 3006 formata
2020 2969 2069 3007 ut

1192 3028 1376 3077 inclinis,
1420 3028 1607 3077 reclinis,
1654 3039 1789 3080 saepe
1834 3028 2069 3069 confundi-

1195 3093 1264 3129 tur
1285 3100 1387 3130 cum
1405 3101 1446 3129 v.
1466 3090 1655 3138 acclivis;
1679 3090 1722 3129 h.
1741 3089 1768 3130 l.
1788 3091 1956 3142 tropice
1981 3091 2069 3131 «in-

1195 3151 1399 3202 clinatus,
1446 3163 1694 3204 propensus
1724 3151 1780 3191 ad
1815 3151 1921 3192 falsa
1960 3162 2068 3203 pro-

1194 3214 1382 3254 banda.»
1445 3213 1592 3254 Verbo
1642 3225 1818 3265 quoque
1858 3215 2068 3255 acclinare

1196 3277 1496 3329 metaphorice
1525 3288 1632 3318 usus
1663 3279 1730 3317 est
1750 3277 1894 3317 Livius
1914 3276 1961 3326 4,
1994 3277 2062 3318 48.

1249 3340 1271 3378 7
1293 3338 1403 3378 -13,
1443 3338 1520 3390 hic]
1555 3339 1622 3378 «in
1650 3337 1849 3378 familiari
1879 3338 1963 3378 hoc
1983 3349 2066 3379 no-

1195 3402 1285 3439 stro
1329 3392 1515 3450 circulo,
1562 3402 1606 3440 et
1641 3399 1822 3451 quidem
1859 3401 1960 3439 ante
1999 3401 2064 3440 ci-

1193 3462 1275 3503 bos
1319 3463 1584 3515 appositos.»
1621 3485 1664 3491 -
1700 3462 1920 3514 impransi]
1964 3472 2064 3503 «so-
