2231 3787
859 259 955 299 ΗΒ.
991 260 1019 298 1.
1081 259 1193 299 SAT.
1228 258 1295 298 lX.

246 390 402 456 Quod
444 407 611 461 puero
653 390 846 444 cecinit
884 389 1062 442 divina
1101 397 1242 442 mota
1283 405 1418 442 anus
1457 403 1616 439 urna:

1888 252 1982 305 153

1917 385 1982 437 30

240 492 392 545 Hunc
433 509 610 563 neque
650 491 765 545 dira
804 508 1012 545 venena
1057 508 1156 544 nec
1195 490 1434 544 hosticus
1473 488 1678 542 auferet
1717 487 1862 540 ensis

237 594 345 646 Nec
386 592 610 647 laterum
651 592 805 646 dolor
843 600 933 645 aut
971 592 1134 646 tussis
1174 608 1274 645 nec
1313 590 1463 644 tarda
1505 590 1772 661 podagra3

240 694 496 747 Garrulus
535 694 677 747 hunc
716 693 934 765 quando
973 701 1254 747 consumet
1292 709 1538 763 cunque,
1581 691 1862 762 loquaces,

236 796 288 848 Si
335 795 532 866 sapiat,
575 796 725 857 xitet,
769 795 924 848 simul
965 803 1125 866 atque
1166 793 1463 849 adoleverit
1501 802 1664 847 aetas.

236 898 461 951 Ventum
500 905 614 950 erat
653 896 719 950 ad
759 899 975 953 Vestae.
1019 903 1210 968 quarta
1249 895 1354 950 iam
1391 904 1543 967 parte
1583 894 1688 949 diei

1920 895 1987 948 35

275 1054 341 1094 30.
366 1054 511 1093 cecinit
528 1065 658 1104 puero
681 1055 721 1093 S.
760 1077 802 1082 —
839 1058 948 1093 mota
980 1055 1123 1093 divina
1154 1055 1351 1105 Cruquio
1382 1055 1563 1095 auctore
1593 1052 1831 1094 Bentleius.
1872 1054 1934 1101 (Ut

221 1127 324 1164 nos,
360 1127 517 1156 omnes
548 1116 685 1156 nostri
717 1118 760 1156 et
789 1116 1013 1166 Pottierii.)
1046 1138 1089 1144 —
1124 1117 1189 1156 34.
1224 1118 1335 1156 dura
1363 1115 1408 1156 b.

164 1249 334 1296 minat,
381 1248 424 1288 id
471 1250 559 1296 est,
608 1249 854 1296 commota,
897 1246 1044 1288 furore
1113 1270 1157 1275 —
1196 1246 1418 1299 consumet]
1462 1247 1686 1288 interitum
1729 1246 1899 1289 lentum
1936 1259 1988 1289 ac

163 1313 351 1365 percita,
384 1312 477 1362 vel,
509 1315 558 1352 ut
578 1311 646 1351 alii
671 1311 913 1364 explicant,
946 1323 1046 1364 per-

163 1378 305 1424 mota,
358 1375 559 1424 inducta)
604 1377 717 1413 urna
762 1374 927 1423 divina,
975 1373 1044 1414 vel

164 1448 268 1479 cum
284 1436 499 1477 Bentleio:
525 1448 632 1476 anus
648 1437 790 1476 divina
807 1436 1040 1488 (sortilega)

163 1502 277 1539 mota
303 1503 430 1538 urna.
492 1498 652 1538 «Anum
673 1498 860 1538 divinam
881 1509 1043 1538 vocare

163 1563 359 1615 poterat,
384 1561 464 1602 sed
485 1573 640 1601 urnam
659 1560 837 1601 maluit:
862 1561 905 1600 id
927 1562 1045 1601 enim

168 1621 543 1680 ποιητικώτερον
574 1625 664 1673 est,
711 1623 897 1675 perinde
929 1634 980 1663 ac
1011 1623 1047 1663 si

164 1698 275 1727 urna
320 1688 415 1739 ipsa
457 1687 695 1735 divinaret,
742 1686 862 1726 unde
902 1687 1046 1726 sortes

164 1749 468 1801 legebantur.»
517 1750 723 1789 TORRENT.
768 1748 855 1789 Csr.
889 1748 968 1789 Od.
993 1749 1043 1797 2,

164 1813 210 1862 3,
244 1813 310 1853 ⁶26.
355 1812 402 1862 3,
436 1813 479 1861 4,
513 1812 580 1851 46.
621 1810 692 1851 Sil.
726 1810 818 1851 Ital.
851 1811 900 1860 3,
942 1809 1042 1852 344:

165 1875 391 1915 Fibrarum
438 1878 475 1914 eb
514 1885 681 1924 pennae
725 1874 1046 1923 divinarumque

164 1937 679 1990 sayacemFlammarum.
725 1936 792 1976 Ad
815 1935 1044 1977 elisionem

165 2003 314 2041 autem
332 1999 489 2051 longae
512 1997 710 2050 syllabae
732 2000 833 2038 ante
856 1998 1046 2038 brevem

165 2063 243 2104 csr.
268 2063 353 2102 Sat.
381 2064 394 2102 4
420 2094 427 2112 ,
463 2063 478 2101 4
502 2093 510 2111 ,
545 2062 616 2101 404
640 2073 648 2100 ;
684 2061 791 2111 Quid
810 2061 869 2100 mi
901 2061 1041 2112 iyitur.

164 2125 212 2172 ⁶2,
244 2125 292 2173 2,
326 2124 399 2164 63:
438 2124 562 2174 Quali
590 2124 734 2175 igitur.
792 2124 880 2163 Sat.
914 2124 961 2172 ἱ),
995 2123 1043 2172 3,

168 2187 241 2226 46:
287 2187 524 2226 Ponendum
562 2196 694 2234 aequo
725 2186 880 2225 animo.
933 2185 1042 2236 Epp.

169 2249 211 2295 4,
243 2249 293 2297 2,
325 2249 401 2288 ⁶29:
436 2260 570 2298 aequo
600 2252 790 2298 operata.
816 2248 864 2296 4,
887 2247 934 2296 7,
968 2246 1044 2287 24:

166 2321 231 2349 me
260 2311 399 2350 ctiam.
425 2311 469 2359 4,
505 2309 580 2356 44,
614 2309 686 2348 37:
721 2309 884 2358 obliquo
913 2309 1048 2349 oculo.

167 2372 283 2423 Virg.
315 2374 424 2412 Aen.
458 2373 504 2422 2,
544 2372 644 2412 482:
691 2371 912 2421 Improvisi
947 2371 1049 2410 ade-

166 2439 280 2474 runt.
315 2435 528 2486 Reisigius
551 2434 739 2474 coniecit
757 2437 929 2482 motum,
961 2433 1049 2473 hoc

168 2508 324 2538 sensu:
371 2498 507 2548 fatum
535 2501 693 2537 motum
726 2496 932 2547 (eiectum
961 2506 1048 2534 una

170 2570 273 2599 curn
316 2561 435 2600 sorte
481 2560 547 2609 ex)
593 2571 705 2599 urna
748 2559 905 2598 divina.
959 2557 1045 2598 Cfr.

169 2622 310 2662 Haase
343 2621 398 2661 ad
428 2621 540 2662 illius
572 2622 645 2662 Gr.
678 2622 769 2661 Lat.
803 2633 846 2673 p.
875 2620 971 2661 276.
1000 2641 1044 2647 —

168 2683 357 2735 hosticus]
399 2683 495 2724 Vid.
529 2683 586 2724 ad
622 2683 699 2724 Od.
743 2683 790 2732 3,
833 2683 880 2731 2,
925 2682 963 2722 6.
1001 2704 1046 2710 —

170 2747 350 2786 laterum
392 2745 522 2797 dolor]
572 2744 843 2797 «pleuritis»
895 2745 1046 2784 Senon.

171 2808 260 2848 Cic.
295 2808 350 2848 de
383 2808 452 2847 Or.
478 2807 527 2855 3,
560 2808 608 2857 2,
647 2808 692 2847 6:
740 2807 883 2846 lateris
912 2806 1051 2846 dolore

170 2873 434 2919 consumptus
476 2873 545 2909 est.
594 2892 637 2897 —
671 2869 805 2918 tussis]
852 2867 1047 2918 φθίσις,

174 2931 369 2971 «tabes»
391 2953 435 2959 —
455 2930 595 2982 tarda]
624 2932 873 2979 transitive,
909 2941 1049 2982 «quae

173 2994 322 3034 tardos
352 2993 539 3034 reddit.»
592 2993 745 3034 Catull.
780 2995 854 3043 74,
890 2995 938 3034 2:
971 2994 1052 3034 Aut

172 3057 207 3096 si
236 3067 356 3107 quem
384 3056 531 3095 merito
559 3057 686 3095 tarda
708 3057 906 3107 podayra
925 3060 1048 3096 secat.

177 3141 220 3147 —
254 3119 421 3168 quando
452 3138 475 3145 -
503 3117 684 3170 cunque]
729 3117 1047 3169 «aliquando»,

172 3180 350 3232 proprie
400 3178 781 3230 «quandocunque
831 3180 875 3219 id
914 3179 1010 3228 fiet,
1030 3195 1048 3215 υ

175 3245 223 3283 ut
252 3241 374 3282 ovid.
400 3242 501 3281 Met.
527 3241 575 3285 6,
608 3239 714 3281 543:
749 3242 782 3280 si
812 3253 894 3280 non
915 3242 1051 3291 perie-

173 3308 273 3344 runt
304 3304 446 3344 omnia
483 3313 666 3349 mecum,
715 3303 1051 3352 Quandocunque

174 3367 273 3406 mihi
298 3377 456 3417 poenas
476 3365 604 3405 dabis.
656 3365 781 3404 Trist.
808 3365 855 3413 3,
891 3366 906 3404 4
932 3397 938 3413 ,
972 3365 1049 3404 57:

178 3429 535 3478 Quandocunque,
577 3437 748 3478 precor,
796 3448 817 3454 —
858 3449 879 3455 -
910 3427 1053 3476 adspi-

178 3491 304 3531 ciare.
355 3491 417 3531 De
450 3490 578 3531 tmesi
610 3488 721 3529 conf.
748 3487 824 3529 Od.
854 3489 894 3536 4,
930 3489 977 3537 6,
1011 3488 1048 3528 3.

1110 1308 1272 1351 doloris
1311 1308 1493 1361 plenum
1523 1310 1753 1361 significat.
1790 1334 1836 1339 ——
1867 1311 1991 1350 simul

1110 1376 1235 1422 atque
1278 1372 1503 1412 adoleverit
1542 1372 1682 1422 aetas]
1726 1372 1843 1423 Virg.
1877 1373 1986 1412 Aen.

1111 1435 1186 1483 42,
1219 1433 1323 1474 438:
1355 1445 1457 1473 mox
1486 1445 1580 1474 cum
1608 1438 1781 1474 matura
1802 1434 1991 1474 adoleve-

1108 1496 1166 1535 rit
1195 1500 1326 1536 aetas.
1378 1496 1521 1536 Etiam
1543 1497 1585 1536 in
1605 1507 1739 1548 prosa
1771 1497 1984 1536 oratione.

1110 1558 1201 1598 Liv.
1237 1559 1281 1607 4,
1316 1557 1363 1607 4,
1396 1558 1444 1599 8:
1478 1570 1573 1598 cum
1594 1560 1784 1609 primum
1812 1559 1992 1598 adolevit

1110 1624 1240 1660 aetas.
1304 1621 1392 1661 Cic.
1436 1622 1596 1662 Accus.
1637 1622 1764 1661 Verr,
1812 1621 1861 1670 3,
1908 1620 1987 1670 68,

1112 1684 1212 1723 46οῑ
1246 1687 1381 1723 aetate
1411 1684 1573 1722 adulta.
1610 1704 1655 1711 —
1690 1684 1808 1723 Fieto
1839 1684 1992 1723 autem

1110 1747 1195 1785 hoc
1210 1746 1415 1785 vaticmio
1439 1745 1643 1786 omnibus
1661 1746 1783 1786 istius
1800 1745 1990 1785 hominis

1111 1807 1326 1849 similibus
1344 1807 1561 1859 significat
1578 1819 1625 1848 se
1643 1807 1746 1847 nihil
1763 1808 1903 1858 magis
1916 1807 1992 1846 ab-

1110 1871 1297 1911 ominari
1328 1881 1463 1921 quam
1485 1871 1659 1922 ineptos
1681 1881 1733 1911 ac
1759 1869 1988 1910 molestos.

1165 1932 1306 1973 35-37.
1331 1934 1388 1973 ad
1412 1933 1565 1985 Vestae]
1590 1935 1637 1973 ut
1658 1935 1729 1973 Gr.
1753 1933 1820 1982 εἰς
1834 1927 1995 1972 Ἀπόλ-

1109 1994 1277 2046 λωνος.
1313 1996 1405 2036 «Ad
1434 1996 1652 2036 fornicem
1673 1995 1916 2035 Fabianum
1939 2005 1992 2034 ex

1111 2059 1245 2098 Sacra
1273 2059 1343 2098 via
1380 2058 1685 2098 sinistrorsum
1723 2068 1772 2098 se
1804 2067 1995 2097 conver-

1110 2122 1256 2160 terant
1294 2122 1524 2172 tamquam
1565 2119 1760 2160 Tiberim
1789 2119 1990 2171 petituri,

1113 2184 1235 2223 trans
1280 2194 1416 2233 quem
1461 2182 1628 2223 cubare
1667 2182 1838 2223 dixerat
1881 2182 1994 2221 ami-

1112 2256 1239 2294 cun13
1288 2246 1376 2285 iam
1406 2245 1752 2297 progrediuntur
1782 2256 1835 2284 eo
1868 2244 1991 2292 vico,

1113 2319 1249 2359 quem
1279 2308 1362 2347 sub
1402 2306 1523 2346 Velia
1565 2309 1775 2347 vocatum
1806 2305 1995 2345 arbitra-

1112 2380 1235 2419 mur,
1283 2371 1327 2409 et
1364 2369 1546 2408 tandem
1588 2369 1645 2408 ad
1682 2369 1842 2408 Vestae
1878 2370 1995 2407 tem-

1112 2430 1236 2483 plum
1279 2432 1589 2483 pervenIunt.»
1653 2432 1892 2470 GOETTleG
1937 2428 1994 2468 de

1114 2495 1247 2533 Sacra
1278 2494 1348 2533 via
1380 2494 1422 2533 in
1454 2493 1591 2533 Iahnii
1622 2493 1733 2532 Ann.
1768 2492 1806 2531 3.
1841 2490 1992 2543 Suppl.

1113 2567 1155 2607 p.
1180 2555 1274 2596 634.
1326 2556 1489 2595 Vestae
1512 2557 1663 2594 autem
1695 2552 1911 2604 templum
1939 2553 1995 2592 ad

1114 2619 1276 2658 Forum
1297 2618 1411 2656 inter
1431 2615 1693 2668 Capitolium
1717 2617 1761 2655 et
1780 2614 1995 2654 Palatium

1115 2681 1222 2720 erat.
1298 2679 1476 2719 Nardini
1527 2680 1573 2719 R.
1623 2680 1673 2718 Α.
1719 2678 1769 2716 11.
1816 2688 1858 2728 p.
1898 2677 1991 2717 482.

1112 2743 1282 2783 Becker
1302 2742 1357 2782 de
1388 2743 1553 2782 Romae
1574 2742 1662 2780 vet.
1688 2740 1827 2780 muris
1849 2750 1892 2791 p.
1917 2740 1993 2779 ⁶25:

1118 2805 1237 2845 «Fuit
1277 2803 1516 2844 delubrum
1554 2802 1737 2850 Vestae,
1791 2812 1879 2852 quo
1916 2812 1998 2841 no—

1114 2868 1233 2907 mine
1265 2866 1399 2906 etiam
1428 2866 1608 2916 Regiam
1639 2862 1992 2914 comprehendo,

1114 2930 1231 2969 iuxta
1264 2930 1425 2968 Forum
1464 2928 1735 2974 Romanum,
1785 2926 1903 2974 sive,
1950 2928 1998 2964 ut

1115 2991 1258 3032 solent
1278 2990 1485 3038 Romani,
1520 2988 1737 3040 quidquid
1767 2987 1998 3028 aedificio-

1114 3065 1215 3094 rum
1245 3054 1362 3093 circa
1393 3062 1547 3091 aream
1579 3051 1675 3091 Fori
1706 3053 1823 3099 erat,
1859 3050 1999 3101 ipsius

1118 3116 1211 3156 Fori
1242 3116 1419 3167 partem
1448 3123 1632 3162 vocare,
1680 3113 1723 3152 in
1762 3113 1871 3152 Foro
1912 3113 2000 3151 Ro-

1114 3188 1291 3218 mano.»
1342 3177 1393 3217 Et
1422 3176 1624 3227 proxime
1653 3174 1835 3225 quidem
1857 3173 1996 3213 aedes

1114 3241 1276 3281 Vestae
1322 3237 1565 3289 attingebat
1610 3236 1786 3277 Libonis
1822 3235 1995 3288 puteal,

1115 3301 1192 3341 ubi
1236 3300 1394 3340 iudicia
1440 3300 1638 3340 exerceri
1683 3297 1807 3339 solita
1857 3299 1995 3337 erant.

1117 3356 1240 3404 Coris.
1266 3362 1321 3402 ad
1348 3362 1426 3402 Od.
1454 3363 1498 3410 4,
1532 3362 1578 3410 2,
1615 3362 1678 3400 45.
1711 3383 1754 3388 -
1782 3363 1995 3409 quartap.

1117 3425 1174 3477 d.]
1208 3426 1341 3465 «hora
1373 3426 1544 3464 tertia.»
1577 3421 1756 3463 Martial.
1783 3420 1828 3469 4,
1862 3421 1909 3470 8,
1943 3422 1995 3460 2:

1115 3488 1293 3528 Exercet
1338 3497 1488 3527 raucos
1531 3484 1654 3526 tertia
1687 3484 1821 3534 (liora)
1856 3483 1998 3523 causi-
