2231 3787
854 289 952 327 .st
990 289 1232 328 POET111A.
1867 286 1967 336 709

211 420 319 473 Sed
361 429 535 473 tamen
580 421 627 471 in
670 420 840 490 pretio
881 427 985 472 est:
1027 416 1394 470 mediocribus
1435 434 1557 470 csse
1599 419 1769 488 po'e‘tis

210 523 324 575 Non
364 521 634 575 homines.
678 538 782 573 non
823 521 904 582 di,
947 537 1052 573 non
1092 536 1415 573 concessere
1456 519 1753 572 columnae.

209 624 274 678 Ut
312 630 488 693 gratas
533 623 666 674 inter
707 639 920 674 mensas
959 620 1281 694 symphonia
1321 621 1530 675 discors

1867 723 1968 774 375

212 725 274 777 Et
300 740 544 777 crassum
570 733 902 793 unguentum
932 733 984 776 et
1012 722 1184 776 Sardo
1206 741 1327 777 cum
1353 723 1510 777 melle
1542 740 1782 794 papaver

213 825 528 886 Offendunt,
573 833 780 895 poterat
819 824 940 876 duci
982 825 1107 895 quia
1150 842 1321 878 coena
1360 826 1476 878 sine
1519 825 1656 878 istis:

215 927 302 980 Sic
341 926 530 979 animis
571 934 752 978 natum
792 926 1176 996 inventumque
1216 932 1410 996 po'e'ma
1450 926 1718 989 iuvandis,

215 1028 269 1081 Si
309 1027 528 1099 paulum
567 1044 778 1080 summo
818 1026 1078 1081 decessit.
1122 1028 1293 1097 vergit
1331 1028 1398 1080 ad
1440 1029 1619 1080 imum.

255 1193 347 1234 '7:3.
379 1195 473 1234 Non
493 1194 555 1241 di,
588 1205 669 1233 non
699 1194 881 1232 homines
910 1204 952 1244 p,
984 1193 1154 1245 primus
1177 1193 1451 1238 Hochederi.
1486 1191 1669 1232 Aldinae
1693 1195 1736 1232 et
1758 1193 1910 1233 Lamb.

200 1258 264 1307 (Ut
305 1267 409 1305 nos,
456 1256 674 1306 BbSTcd.)
722 1279 764 1285 —
813 1256 906 1296 374.
939 1256 1074 1307 gyratis
1105 1257 1150 1295 B.
1189 1278 1233 1284 —
1282 1256 1376 1296 376.
1410 1257 1505 1295 duci
1535 1266 1622 1294 om.
1657 1256 1703 1295 B.
1741 1279 1785 1284 —
1819 1256 1913 1294 377.

198 1319 365 1358 animus
392 1319 439 1358 B.
468 1341 509 1348 —
547 1318 641 1358 378.
675 1330 703 1357 a
731 1329 891 1357 summo
923 1319 1004 1358 LC.
1034 1339 1076 1346 —
1105 1319 1274 1357 discedit
1304 1318 1351 1365 d,
1386 1318 1564 1357 discessit
1597 1318 1695 1356 LCt.
1734 1319 1794 1367 (Ut
1817 1328 1913 1363 nos,

198 1379 386 1430 BbSTc.)
423 1402 467 1409 —
495 1382 636 1432 perqit
666 1382 713 1420 B.

143 1522 249 1560 iuris
284 1521 418 1560 civilis
452 1521 626 1560 scientia
661 1520 802 1560 clarus
832 1520 910 1561 suit
941 1522 1029 1560 iam
1060 1522 1062 1533 ²
1093 1520 1221 1562 nullis
1267 1520 1487 1573 explicare
1532 1520 1705 1561 «lautas
1746 1519 1974 1572 solitisque

143 1583 477 1623 triumvirorum
507 1585 712 1634 tempore
735 1594 773 1622 a.
798 1593 840 1622 u.
867 1593 904 1622 c.
931 1584 1025 1622 742.

144 1648 257 1686 teste
280 1644 371 1684 Val.
397 1646 509 1685 Max.
534 1646 574 1694 6,
599 1646 638 1695 2,
665 1646 748 1693 42,
783 1644 1027 1684 admodum
1060 1637 1063 1656 ¹

145 1710 275 1760 igitur
305 1719 442 1749 senex
464 1719 516 1748 eo
538 1719 654 1748 anno
672 1740 681 1757 ‚
715 1719 802 1759 quo
824 1708 895 1748 hic
918 1707 1031 1747 liber

145 1772 336 1823 scriptus
368 1773 450 1811 est.
498 1770 585 1810 Sed
616 1772 652 1810 si
682 1770 751 1809 vel
788 1772 1031 1820 octogena-

145 1835 236 1875 rius
267 1833 367 1882 fuit,
411 1834 451 1873 in
484 1833 594 1873 vivis
626 1833 870 1873 etiamtunc
901 1832 1031 1871 suerit

146 1906 334 1936 necesse
375 1897 463 1944 est;
510 1894 616 1934 nihil
654 1895 770 1934 enim
803 1895 1032 1934 inconcin-

146 1960 244 1999 nius
274 1958 429 1999 fuisset
449 1969 584 2009 quam
617 1968 888 2009 componere
909 1968 1033 1997 mor-

147 2024 273 2061 tuum
305 2032 408 2061 cum
430 2019 631 2061 Messalla
662 2021 784 2068 vivo,
817 2022 866 2059 ut
895 2010 1034 2059 mani-

145 2084 259 2124 festo
291 2083 457 2122 Horatii
487 2082 628 2122 verba
659 2082 921 2133 significant.
965 2082 1030 2122 Cf.

147 2144 361 2186 Streuber
403 2145 505 2184 uber
549 2146 612 2184 die
652 2145 924 2196 Chii-onoloyie
961 2145 1035 2183 der

147 2209 429 2248 Horazischen
447 2208 720 2259 Dichtunyen.
744 2206 888 2256 Basel,
910 2205 1029 2246 4843.

147 2283 190 2324 p.
216 2271 309 2311 ⁴92.
343 2272 406 2311 De
439 2271 669 2311 nominum
700 2271 951 2310 inversione
974 2268 1029 2308 cf.

148 2333 227 2374 Od.
250 2334 301 2382 2,
328 2334 393 2382 44,
418 2334 457 2372 ⁶2.
496 2355 540 2361 —-
573 2334 667 2373 Non
697 2333 903 2379 hom-ines,
949 2342 1034 2370 uon

148 2397 211 2446 di]
244 2397 453 2436 Inversus
484 2395 595 2435 ordo
625 2396 719 2435 Non
749 2396 811 2443 di,
845 2405 925 2434 non
957 2394 1032 2432 ho-

146 2459 277 2498 mines
305 2457 361 2498 ab
394 2459 446 2498 iis
477 2458 684 2498 inductus
716 2460 809 2507 est,
843 2457 916 2508 qui
948 2457 1034 2495 mi-

149 2533 232 2562 nus
272 2520 435 2561 decere
475 2521 798 2561 arbitrarentur
825 2520 1033 2559 homines

150 2584 216 2624 dis
262 2584 475 2636 praeponi
513 2595 565 2623 ac
602 2584 883 2636 praeferrent
912 2582 1033 2622 ordi—

149 2657 254 2686 nem
284 2645 485 2694 solitum,
529 2648 575 2685 ut
605 2648 674 2686 est
703 2645 822 2698 apud
854 2645 942 2685 Cic.
977 2643 1034 2684 ad

151 2710 270 2749 Fam.
299 2710 338 2757 4,
363 2709 408 2748 9;
444 2709 506 2748 dis
534 2708 845 2758 hominibusque
873 2718 1035 2758 appro-

149 2770 354 2810 bantibus.
389 2772 477 2810 Liv.
498 2771 536 2820 3,
563 2772 628 2811 47.
653 2770 721 2819 40,
742 2771 828 2819 42.;
853 2769 923 2810 cui
945 2769 1036 2808 for-

150 2833 298 2873 mulae
321 2830 450 2891 παρὰ
471 2831 769 2891 προσδοκίαν
788 2832 930 2873 addit:
952 2842 1036 2871 non

150 2907 382 2935 concessere
409 2896 650 2945 columnae,
682 2895 887 2945 eaedem,
920 2903 1036 2946 quae

151 2960 240 2998 Sat.
266 2959 282 2997 4
303 2990 310 3006 ,
343 2956 392 3005 4,
417 2958 484 2996 74.
508 2959 726 2997 vocantur
748 2958 887 3008 pilae,
933 2959 1036 2996 ante

153 3018 496 3071 bibliopolarum
516 3018 750 3067 tabernas;
781 3018 944 3070 quibus
966 3029 1038 3058 co·

152 3082 314 3122 lumnis
358 3080 574 3121 librorum
615 3079 837 3122 venalium
867 3081 1037 3121 indices

152 3144 460 3195 affigebantur.
495 3144 664 3184 «Etiam
693 3142 925 3184 columnas
944 3142 1038 3183 illas

154 3207 417 3247 inanimatas
446 3205 586 3258 pudet
609 3206 903 3246 mediocrium
933 3209 1042 3257 poe·-

156 3272 301 3309 tarum
332 3270 378 3308 et
406 3268 567 3308 horum
600 3269 778 3308 nomina
811 3267 895 3308 sibi
923 3267 1039 3317 affigi

156 3331 438 3381 indignantur
458 3341 547 3370 non
568 3341 699 3370 secus
721 3333 854 3380 atque
877 3329 927 3369 iis
943 3329 1040 3368 irati

159 3395 262 3433 sunt
291 3393 335 3432 di
359 3393 701 3443 hominesque.»
727 3390 890 3443 (Nullos
920 3391 1042 3433 vide-

158 3455 260 3496 licet
288 3456 518 3508 reperiunt
548 3456 808 3506 emptores.)

214 3517 415 3559 374—378.
461 3517 622 3569 yratas]
659 3516 753 3556 Noli
795 3527 897 3556 cum
927 3526 1042 3554 non-

303 3596 455 3632 Honu.
484 3604 575 3630 vor.
604 3594 648 3629 ll.
704 3603 767 3628 sn.
798 3602 882 3628 sur.
915 3592 975 3627 lll.

1093 1584 1496 1636 sumptuosiores‚»
1536 1584 1616 1624 sed
1647 1582 1974 1635 simplicissime

1095 1645 1337 1686 «iucundas
1369 1648 1502 1697 atque
1534 1644 1740 1686 hilares.»
1779 1667 1823 1674 -
1857 1657 1977 1686 cras—

1092 1720 1183 1748 sum
1202 1708 1472 1760 unquentum]
1499 1710 1653 1748 «nimis
1675 1709 1871 1760 spissum
1895 1720 1977 1749 nec

1094 1772 1198 1812 satis
1229 1771 1556 1811 defaecatum.»
1591 1770 1712 1821 (Plin.
1743 1772 1793 1811 H.
1827 1773 1875 1810 N.
1908 1771 1973 1813 43,

1096 1835 1142 1881 4,
1176 1834 1223 1873 ⁶2:
1273 1834 1426 1873 Omnia
1468 1838 1683 1885 unquenla
1726 1834 1978 1873 acutiora

1091 1897 1198 1948 fiunt
1226 1900 1357 1945 costo,
1391 1907 1555 1935 amomo
1576 1906 1668 1943 —-‚·
1699 1897 1977 1936 crassiora

1093 1959 1265 2007 myrrho
1299 1959 1582 2008 suavioraque
1621 1960 1705 1997 cet.
1758 1958 1821 1997 lb.
1855 1958 1896 2007 3,
1928 1958 1975 1998 4:

1096 2021 1307 2075 Quosdam
1349 2021 1649 2060 crassitudo
1689 2021 1876 2060 manime
1906 2021 1979 2060 de·-

1092 2084 1236 2132 lectal,
1269 2084 1491 2133 spissum.
1511 2083 1791 2132 appellantes,
1824 2083 1980 2132 linique

1094 2146 1205 2193 iam,
1252 2157 1334 2184 non
1374 2145 1506 2184 solu-m
1530 2145 1731 2195 perfundi
1760 2147 1982 2197 unquentis

1093 2206 1312 2259 gaudent.)
1333 2231 1378 2235 —
1403 2207 1540 2246 Sardo
1561 2218 1655 2246 cum
1679 2206 1809 2258 melle]
1840 2208 1981 2248 «Cor-

1095 2271 1238 2309 sicum
1270 2273 1313 2308 et
1343 2269 1532 2308 Sardum
1565 2267 1652 2307 mel
1690 2269 1874 2318 pessimi
1906 2279 1981 2307 sa-

1095 2332 1216 2383 poris
1248 2332 1358 2370 est.»
1392 2332 1546 2370 ponpa.
1580 2329 1698 2379 Virg.
1724 2327 1812 2368 Ecl.
1837 2329 1876 2376 7,
1901 2328 1945 2369 44
1968 2341 1976 2366 ;

1096 2405 1170 2446 eqo
1188 2392 1410 2433 Sardoniis
1423 2392 1566 2431 videor
1586 2391 1659 2430 libi
1678 2391 1873 2430 amarior
1892 2391 1983 2430 her-

1096 2457 1168 2496 bis.
1216 2457 1306 2495 Nec
1335 2455 1482 2494 minus
1508 2454 1589 2493 mel
1609 2454 1822 2494 Corsicam
1841 2465 1984 2504 asper-

1095 2520 1250 2559 rimum
1280 2517 1511 2557 habebatur
1542 2515 1662 2567 (Plin.
1687 2517 1737 2556 H.
1762 2518 1811 2556 N.
1836 2516 1914 2565 30,
1940 2515 1978 2563 4,

1098 2582 1206 2631 40.),
1241 2579 1362 2631 quod
1394 2580 1548 2630 infame
1573 2580 1705 2618 vocat
1734 2578 1857 2618 Ovid.
1881 2580 1978 2618 Am.

1099 2644 1136 2691 4,
1163 2643 1229 2690 ⁴2,
1255 2643 1318 2681 40.
1347 2642 1416 2681 Sic
1438 2643 1572 2681 etiam
1587 2642 1818 2681 Ponticum
1841 2641 1977 2691 (Diog.

1098 2716 1168 2757 ap.
1188 2705 1309 2744 Stob.
1336 2706 1381 2744 T.
1403 2704 1468 2750 43,
1491 2704 1554 2743 48.
1583 2715 1626 2755 p.
1646 2703 1741 2743 0263.
1767 2702 1979 2751 Tauchn.)

1098 2763 1270 2823 πικρὸν
1299 2767 1381 2806 καὶ
1411 2761 1585 2819 ἀηδές,
1619 2766 1839 2818 optimum
1871 2775 1980 2804 con-

1098 2833 1164 2869 tra
1182 2830 1456 2880 Hymettium
1480 2832 1523 2869 et
1550 2827 1816 2880 Hyblaeum.
1841 2851 1885 2855 -
1903 2838 1984 2876 pa-

1091 2892 1241 2944 paver]
1277 2891 1385 2932 Plin.
1411 2892 1460 2931 H.
1489 2893 1534 2931 N.
1562 2891 1632 2938 49,
1657 2891 1706 2939 8,
1731 2890 1808 2929 53;
1839 2891 1983 2939 Papa-

1097 2956 1207 2994 veris
1227 2955 1396 2993 candidi
1417 2965 1551 2993 semen
1571 2957 1722 2992 tostum
1738 2953 1781 2991 in
1802 2952 1984 2992 secunda

1097 3027 1240 3056 mensa
1269 3027 1363 3055 cum
1392 3016 1508 3055 melle
1537 3016 1653 3065 apud
1681 3016 1876 3065 antiquos
1904 3015 1985 3053 da—

1099 3079 1236 3119 batur.
1265 3102 1310 3106 —-
1335 3077 1442 3129 duci]
1477 3079 1676 3129 «poterat
1705 3088 1847 3128 aeque
1878 3074 1985 3115 hila-

1101 3143 1209 3182 riter
1243 3141 1429 3193 produci
1465 3151 1605 3180 coena
1645 3141 1738 3180 sine
1771 3140 1862 3179 istis
1893 3150 1985 3176 πα·-

1101 3206 1309 3262 ρέργοις,
1357 3214 1494 3254 quae,
1541 3213 1644 3242 cum
1694 3201 1984 3252 praepostera

1102 3269 1226 3316 sunt,
1270 3265 1472 3306 molestia
1503 3264 1697 3304 afficiunt
1729 3262 1983 3302 convivas.»

1106 3352 1151 3357 —-
1184 3328 1363 3379 decessit]
1411 3327 1586 3367 Rectior
1616 3326 1727 3364 haec
1759 3326 1827 3364 est
1855 3322 1986 3363 lectio

1103 3401 1239 3441 quam
1277 3390 1473 3433 discessit,
1522 3398 1624 3427 cum
1664 3385 1880 3437 significet
1925 3395 1983 3424 «a

1104 3463 1282 3492 summo
1328 3451 1496 3500 fastigio
1535 3449 1769 3489 demittere
1811 3459 1860 3488 se
1900 3448 1987 3488 hu·-

1105 3525 1226 3554 mum
1258 3524 1429 3553 versus.
1449 3529 1466 3548 υ
1505 3530 1548 3540 ·—
1593 3513 1726 3563 vergil
1755 3512 1812 3551 ad
1839 3510 1983 3563 imum]

1627 3588 1670 3625 49
