2231 3787
878 254 976 294 ΑΒΕ
1009 253 1250 294 POETICA.

229 385 292 440 L't
331 384 563 455 pictura,
606 383 813 455 poesis:
857 384 983 446 erit,
1028 400 1191 454 quae,
1235 383 1278 435 si
1318 383 1541 453 propius
1580 393 1711 442 stes,

228 487 298 539 Te
338 486 514 556 capiat
552 486 744 556 magis,
787 495 840 539 et
877 484 1171 556 quaedam,
1215 484 1259 537 si
1299 484 1510 554 longius
1551 485 1748 539 absteS.

226 587 372 640 Haec
411 596 553 639 amat
590 586 911 645 obscurum,
954 586 1098 640 volet
1137 585 1273 640 haec
1311 586 1413 640 sub
1451 586 1572 641 luce
1611 587 1806 646 videri,

224 687 420 741 Iudicis
458 697 706 758 argutum
745 705 885 758 quae
925 705 1032 741 non
1071 687 1320 744 formidat
1359 705 1613 752 acumen,

259 822 353 861 364.
390 823 439 861 Ut
468 822 664 872 pictura,
704 823 843 871 poesis
870 822 948 861 erit
978 833 1085 871 quae
1114 821 1338 873 distinguit
1377 824 1431 862 M.
1486 845 1528 850 ——
1577 823 1671 863 362.
1704 824 1839 874 capiet
1868 824 1919 867 d.

204 885 323 935 Regii
354 887 467 932 tres,
501 887 546 924 et
574 883 774 924 Aldinae.
826 906 870 912 —
917 888 1024 923 astes
1063 884 1181 935 Regii
1219 884 1335 930 duo.
1369 896 1484 926 unus
1522 886 1632 926 Feae
1670 897 1693 925 a
1732 897 1799 938 pr.
1833 898 1920 934 m.,

203 947 338 986 adstes
373 948 475 998 post
509 946 801 998 Desprezium
833 946 915 986 Fea
958 946 1096 997 (quod
1134 946 1312 986 defendi
1350 958 1484 998 posse
1524 947 1763 988 arbitratur
1798 949 1924 989 Hand

203 1008 328 1048 Turs.
351 1008 423 1048 IV.
446 1018 489 1060 p.
513 1007 648 1059 593.),
683 1012 799 1058 aptes
826 1008 874 1048 B.
909 1009 975 1056 (Ut
1003 1018 1108 1055 nos,
1144 1010 1281 1048 ceteri
1312 1011 1483 1059 nostri.)

148 1128 286 1157 merus
315 1118 400 1168 ipse
427 1118 636 1158 videatur.
673 1138 717 1146 —
753 1118 869 1168 operi
893 1118 1029 1169 longo]
1095 1115 1146 1157 lis
1166 1118 1323 1168 pictis,
1358 1118 1540 1166 accidit,
1575 1120 1629 1158 ita
1654 1121 1785 1160 etiam
1805 1121 1845 1160 in
1868 1125 1978 1172 poe-

147 1178 227 1219 Alii
257 1191 380 1230 opere
403 1181 446 1220 in
467 1181 603 1232 lonyo.
639 1182 908 1232 «Utrumque
931 1182 1032 1232 qui-

146 1241 251 1282 dem
283 1241 454 1294 probe:
500 1253 605 1282 nam
643 1242 838 1293 obrepere
873 1245 918 1282 et
948 1242 1031 1282 ab-

147 1303 289 1344 solute
319 1306 510 1357 ponitur.
559 1305 681 1345 Ovid.
714 1306 850 1357 Epist.
885 1306 1029 1346 Herus

147 1366 339 1416 (Heroid.
375 1367 447 1415 ⁴9,
479 1366 596 1417 46.):
638 1368 718 1407 Sed
746 1373 880 1408 movet
910 1367 1030 1408 obre-

138 1440 244 1480 pens
271 1441 438 1469 somnus
466 1430 577 1470 anile
605 1435 744 1481 caput.
794 1431 845 1471 Et
880 1430 1027 1471 dativo

143 1503 324 1545 quoque
354 1494 561 1544 iungitur.
595 1493 718 1533 ovid.
743 1494 772 1533 F
776 1495 858 1534 ast.
883 1493 922 1541 3,
948 1493 1023 1533 ⁴9:

142 1555 308 1595 Blanda
351 1556 465 1605 quies
503 1555 652 1605 furtim
692 1557 813 1595 victis
851 1555 1029 1606 obrepsit

142 1617 292 1657 ocellis.
340 1618 486 1666 Quare
527 1627 629 1657 cum
667 1619 887 1658 utrumvis
917 1617 1026 1669 legi-

142 1680 299 1720 timum
328 1680 406 1729 sit,
448 1678 506 1719 ob
539 1679 755 1720 Codicum
785 1681 1026 1720 auctorita-

141 1744 234 1782 tem
262 1743 511 1783 retinemus
541 1742 614 1782 hic
635 1742 849 1783 dativum.
882 1746 937 1782 At
957 1754 1027 1784 so—

140 1814 298 1854 mnus,
328 1805 526 1857 inquies,
559 1816 648 1845 non
675 1806 814 1856 operi,
847 1805 928 1846 sed
950 1817 1026 1846 au-

140 1867 271 1914 ctori,
305 1866 522 1920 subrepit.
568 1869 702 1909 Recte
735 1868 945 1919 quidem:
981 1871 1022 1907 et

139 1929 306 1970 idcirco
350 1941 455 1970 cum
498 1929 586 1969 boc
623 1929 851 1979 figuratius
890 1929 947 1968 sit
980 1930 1025 1968 et

139 1991 260 2032 dictu
288 1989 571 2038 insolentius,
604 2001 626 2029 a
650 1989 838 2030 librariis
859 1991 1022 2030 immu-

137 2057 279 2094 tatum
310 2063 410 2094 esse
440 2051 652 2092 credibile
685 2055 772 2101 est,
805 2051 910 2092 illud
932 2055 1022 2092 tam

136 2115 320 2169 planum
350 2118 395 2155 et
425 2114 549 2156 facile
582 2126 828 2167 numquam
859 2114 1023 2155 sollici-

137 2179 310 2226 taturis,
342 2179 378 2219 si
408 2189 433 2217 a
464 2178 679 2229 principio
709 2179 751 2217 in
783 2177 1022 2218 Codicibus

138 2242 428 2294 reperissent.
475 2241 687 2281 Ceterum
723 2239 851 2280 simili
882 2240 1019 2292 figura

138 2305 301 2345 Statius
322 2303 462 2344 Theb.
481 2303 522 2352 8,
544 2304 620 2343 ΞΠ
638 2315 646 2341 :
677 2303 816 2354 facilis
835 2303 1024 2342 lacrimis

135 2369 322 2418 irrepere
349 2378 537 2415 somnus;
568 2367 776 2416 lacrimis,
811 2368 860 2406 ut
888 2367 1019 2416 operi,

137 2430 225 2470 hoc
264 2431 354 2478 est,
401 2429 508 2469 dum
538 2429 723 2478 flemus,
770 2428 878 2469 dum
908 2439 1020 2480 opus

137 2492 349 2533 facimus:
380 2503 485 2532 nam
514 2491 718 2531 lacrimae
747 2492 899 2542 utique
931 2503 1019 2532 non

136 2555 278 2605 magis
294 2554 520 2594 dormiunt
537 2564 673 2604 quam
693 2565 796 2604 opus
811 2553 1018 2594 dormit.»

135 2618 290 2657 Bmm.

189 2740 392 2782 364-365.
427 2739 640 2787 «Verum,
673 2741 722 2779 ut
749 2739 852 2780 iusti
878 2739 1018 2780 simus

135 2804 392 2857 poematum
433 2803 780 2848 existimatores,
827 2800 873 2840 id
903 2811 1018 2852 quo-

135 2877 224 2917 que
252 2865 516 2915 requiritur,
561 2865 611 2903 ut
640 2875 730 2904 nou
758 2864 908 2904 omnia
938 2874 1011 2904 eo·

135 2929 242 2969 dem
270 2928 438 2968 modulo
458 2939 509 2968 ac
523 2928 628 2978 pede
646 2928 901 2977 metiamur,
934 2927 1017 2968 sed

133 3002 216 3042 pro
246 2990 424 3031 diverso
454 2999 621 3040 genere
651 2991 698 3029 et
719 2987 820 3029 stilo
840 2989 1015 3030 diversa

134 3053 270 3094 etiam
290 3052 347 3092 de
368 3049 550 3102 singulis
575 3050 737 3091 iudicia
755 3051 1015 3092 faciamus.»

138 3138 184 3144 —
220 3115 270 3154 Ut
296 3115 494 3164 pictura,
528 3113 688 3165 poesis]
727 3114 917 3165 Antiqua
946 3116 1018 3154 est

133 3176 422 3228 comparatio,
454 3185 590 3227 saepe
610 3185 749 3227 prave
776 3173 1012 3225 intellecta,

131 3239 351 3287 maxime,
396 3230 474 3277 ubi
511 3238 554 3277 in
593 3239 785 3287 τέχναις
826 3249 1015 3290 ποιητι-

132 3304 243 3350 καῖς
270 3299 443 3340 divolso
472 3310 577 3339 cum
609 3298 902 3351 sequentibus
933 3310 1017 3339 ne-

132 3373 216 3411 xu,
256 3363 322 3403 sic
361 3361 587 3402 interdum
616 3362 818 3402 affert-ur:
869 3363 918 3402 Ut
938 3363 1014 3412 pi-

132 3427 276 3474 ctum,
300 3425 442 3475 poesis
459 3425 553 3464 erit.
597 3426 653 3465 At
672 3423 906 3465 manifesto
926 3425 1013 3465 boc

135 3485 259 3526 dicit:
294 3488 373 3529 «Ut
399 3487 443 3526 in
472 3487 666 3539 pictura,
699 3486 744 3526 id
765 3488 854 3533 est,
887 3485 1014 3527 tabu-

1095 1181 1225 1220 matis
1255 1191 1340 1220 usu
1369 1181 1522 1220 venire
1544 1180 1655 1221 solet
1676 1185 1791 1221 cet.»
1824 1184 1976 1234 [tique

1094 1240 1314 1282 Plutarch.
1349 1242 1404 1282 de
1436 1242 1572 1294 gloria
1603 1245 1761 1284 Athen.
1796 1256 1833 1284 c.
1857 1245 1896 1285 3.
1929 1257 1972 1297 p.

1094 1303 1188 1344 346.
1215 1306 1243 1345 F
1265 1317 1272 1345 2
1302 1299 1351 1345 Ὀ
1380 1303 1652 1359 Σιμωνίδης
1680 1304 1768 1359 τὴν
1786 1307 1876 1359 μὲν
1896 1310 1978 1358 ζω-

1091 1369 1302 1423 γραφίαν
1324 1370 1521 1421 ποίησιν
1543 1366 1804 1409 σιωπῶσαν
1825 1383 1973 1426 προς-

1091 1427 1337 1487 αγορεύει,
1370 1427 1457 1483 τήν
1487 1429 1534 1471 δὲ
1568 1433 1767 1484 ποίησιν
1796 1435 1975 1489 ζωγρα-

1091 1494 1211 1542 φίαν
1254 1490 1516 1534 λαλοῦσαν.
1564 1496 1657 1534 Scr.
1691 1495 1745 1535 ad
1777 1496 1970 1535 Herenn.

1090 1555 1141 1603 4,
1176 1556 1249 1604 28,
1283 1556 1363 1596 39:
1411 1558 1563 1597 Poe'ma
1591 1558 1762 1606 loquens
1784 1559 1972 1608 pictura,

1083 1619 1255 1668 pictura
1299 1620 1476 1659 tacitum
1519 1623 1678 1670 poema
1719 1620 1832 1661 debet
1874 1631 1970 1662 esse.

1090 1680 1177 1720 Sed
1208 1681 1251 1721 hi
1282 1692 1334 1722 ac
1364 1681 1531 1723 similes
1561 1681 1643 1722 loci
1677 1684 1738 1733 (ut
1767 1684 1897 1724 Tusc.
1929 1686 1970 1733 5,

1089 1744 1164 1792 39,
1200 1743 1311 1794 4⁴4.)
1352 1745 1408 1785 ad
1449 1746 1692 1793 internam,
1740 1748 1786 1785 ut
1817 1747 1873 1786 ita
1905 1747 1974 1787 di-

1091 1818 1216 1855 cam,
1250 1809 1482 1859 utriusque
1513 1810 1619 1848 artis
1640 1807 1972 1848 similitudinem

1089 1870 1235 1916 potius
1274 1869 1552 1912 referuntur3
1596 1867 1652 1905 de
1694 1871 1875 1906 externa
1905 1867 1972 1906 lo-

1089 1928 1237 1978 quitur
1257 1928 1479 1974 Horatius,
1514 1927 1555 1967 id
1579 1927 1764 1975 docens,
1795 1927 1971 1970 diversa

1087 1991 1319 2041 utriusque
1351 1991 1456 2030 artis
1478 2001 1614 2042 opera
1636 1989 1815 2030 diverso
1836 1991 1971 2030 etiam

1088 2053 1223 2093 modo
1267 2054 1461 2105 spectari
1506 2056 1639 2104 atque
1684 2052 1915 2094 diiudicari
1946 2065 1969 2093 a

1086 2115 1238 2166 peritis
1269 2119 1495 2166 oportere.
1525 2138 1570 2143 —
1594 2114 1740 2167 abstes]
1771 2114 1970 2155 Verbum

1085 2175 1252 2216 abstare
1292 2176 1471 2217 videtur
1511 2171 1643 2228 ἅπαξ
1691 2174 1968 2230 λεγόμενον,

1085 2239 1203 2279 unde
1235 2238 1513 2291 corruptelae
1535 2240 1692 2287 adstes,
1718 2239 1849 2286 absis3
1883 2239 1971 2279 for-

1085 2305 1254 2342 matum
1273 2305 1341 2342 est
1355 2301 1411 2342 ad
1429 2301 1675 2354 analogiam
1691 2313 1734 2341 v.
1752 2297 1969 2352 ἀφίστα-

1083 2376 1198 2416 μαι,
1232 2364 1311 2404 sed
1348 2367 1533 2416 propter
1571 2375 1732 2405 sonum
1770 2365 1970 2416 asperio-

1084 2437 1180 2466 rem
1204 2429 1382 2478 praeter
1403 2426 1445 2466 h.
1465 2425 1493 2466 l.
1512 2437 1614 2466 raro
1638 2430 1713 2466 aut
1739 2436 1969 2478 nunquam

1083 2491 1374 2540 usurpatum,
1420 2500 1605 2541 prorsus
1633 2493 1683 2529 ut
1711 2490 1895 2529 Vitruvii
1925 2489 1964 2538 9,

1085 2553 1130 2597 4,
1166 2552 1231 2591 ll.
1273 2551 1416 2592 subst.
1458 2551 1685 2592 abstantia.
1745 2553 1849 2592 Tota
1887 2562 1968 2591 au-

1084 2616 1174 2653 tem
1218 2615 1364 2665 imago
1410 2614 1466 2654 ad
1510 2616 1716 2666 poemata
1757 2612 1968 2655 translata

1084 2676 1303 2727 significat
1346 2675 1585 2717 lectionem
1625 2676 1724 2730 plus
1763 2678 1967 2718 minusve

1083 2742 1342 2780 accuratam
1363 2742 1497 2792 atque
1517 2741 1663 2780 acrius
1684 2739 1753 2780 vel
1775 2739 1968 2781 clemen-

1083 2803 1168 2842 tius
1199 2801 1434 2850 iudicium,
1482 2801 1603 2854 quod
1633 2801 1690 2842 de
1720 2804 1877 2854 quovis
1907 2803 1967 2844 fa-

1083 2874 1186 2903 cere
1218 2863 1482 2904 debeamus.
1524 2887 1569 2892 —
1601 2865 1714 2904 Haec·
1742 2870 1862 2905 amat
1889 2866 1966 2906 ob-

1080 2926 1271 2979 scurum]
1318 2937 1472 2978 «quae
1513 2927 1751 2968 virtutibus
1781 2928 1964 2979 quidem

1081 3000 1171 3029 non
1215 2991 1366 3037 caret,
1422 2989 1502 3029 sed
1547 2992 1696 3030 tamen
1742 3001 1824 3031 suo
1867 2992 1963 3032 iure

1079 3050 1274 3104 postulat
1301 3052 1488 3103 partim,
1530 3063 1586 3092 ne
1617 3053 1748 3093 nimis
1777 3052 1964 3104 diligen-

1080 3116 1150 3153 ter
1178 3114 1501 3165 investigentur
1533 3113 1618 3154 loci
1649 3115 1795 3156 minus
1825 3126 1963 3167 expo-

1078 3175 1161 3224 liti,
1194 3178 1356 3228 partim
1385 3180 1435 3216 ut
1467 3178 1716 3230 φαντασίᾳ
1744 3178 1891 3228 potius
1918 3180 1963 3217 et

1077 3239 1172 3278 miti
1198 3238 1395 3289 quodam
1416 3239 1700 3280 humanitatis
1721 3250 1855 3280 sensu
1877 3240 1963 3291 (90-

1076 3301 1291 3353 machlich)
1322 3312 1422 3341 eam
1443 3300 1790 3353 amplectamur,
1823 3311 1960 3352 quam

1076 3361 1226 3403 subtili
1267 3361 1518 3403 intellectus
1558 3361 1720 3402 iudicio
1751 3361 1962 3403 subiicia-

1076 3435 1221 3466 mus.»
1259 3447 1306 3454 —-
1339 3429 1536 3476 amulum
1558 3447 1575 3455 -
1593 3445 1612 3453 -
1631 3425 1831 3474 acunwn]
1858 3425 1959 3476 fei-

1075 3498 1167 3528 ner
1193 3485 1550 3537 Scharfblick.
