2231 3787
899 245 995 284 ΜΒ.
1030 244 1077 282 ΙΙ.
1142 243 1252 282 ΞΑΤ.
1288 242 1352 280 lV.

287 378 396 432 Ede
440 378 669 431 hominis
708 391 926 436 nomen,
971 372 1126 426 simul
1168 382 1220 425 et
1259 374 1527 425 Romanus
1566 387 1631 421 an
1671 369 1884 439 hospes,

285 483 405 552 Ipsa
446 497 652 533 memor
690 485 978 549 praecepta
1017 491 1227 536 canam,
1273 472 1533 527 celabitur
1573 479 1774 524 auctor.

284 584 468 653 Longa
507 581 705 651 quihus
746 579 909 633 facies
948 577 1063 631 ovis
1103 576 1231 638 erit,
1274 573 1361 628 illa
1400 581 1692 633 memento,

290 684 353 739 Ut
393 684 508 738 suci
548 682 786 735 melioris
825 689 878 734 et
916 689 971 732 ut
1009 679 1179 749 magis
1221 675 1341 730 alba
1382 674 1651 735 rotundiS‚

290 787 528 849 Ponere3
572 801 804 855 namque
847 799 1049 836 marem
1089 779 1342 835 cohibent
1379 777 1577 832 callosa
1616 775 1866 830 vitellum.

332 999 396 1038 110.
431 1010 486 1037 an
516 999 726 1037 Romanus
745 994 924 1035 Aldinae
948 997 990 1034 et
1011 995 1039 1033 t.
1078 1014 1120 1020 —
1164 993 1222 1031 ll.
1256 994 1343 1042 Ipse
1364 993 1412 1034 S,
1447 1002 1558 1030 corr.
1584 990 1635 1038 h,

1670 990 1835 1029 Veneta
1859 988 1976 1029 4844.

279 1084 323 1090 —-
371 1060 436 1100 43.
485 1061 601 1099 alma
630 1057 854 1098 Bentleius
886 1057 1138 1096 coniectura
1171 1058 1215 1095 et
1243 1057 1306 1099 M,
1356 1055 1444 1094 olla
1477 1058 1519 1105 (a
1549 1053 1688 1093 verbo
1720 1052 1856 1103 alere)
1894 1052 1982 1092 Cu—

277 1124 571 1175 ninghamius,
605 1122 748 1171 ampla
779 1119 989 1160 Clericus.

223 1295 351 1347 lioris]
385 1293 585 1345 Plerique
619 1291 837 1345 explicant
870 1285 1102 1342 «εῦχυιιό-
1129 1296 1242 1337 {que
1287 1299 1399 1337 pour
1452 1287 1486 1326 le
1535 1286 1728 1335 ridicule,

222 1370 358 1415 τερα,
405 1368 518 1408 quae
563 1355 730 1396 facilius
762 1355 1101 1405 concoquuntm

224 1419 535 1470 salubriusque
592 1418 912 1458 nutrimentum
966 1426 1102 1467 prae-

223 1482 374 1524 bent.»
426 1480 580 1523 Celsus
600 1482 647 1530 2,
671 1480 744 1520 G'02
779 1480 883 1519 Boni
903 1479 991 1518 suci
1010 1481 1104 1516 sunt

224 1546 422 1595 triticum,
445 1546 580 1596 siligo,
603 1543 729 1592 alica,
754 1554 902 1592 oryza,
920 1563 966 1570 --
981 1552 1104 1580 ovum

224 1609 385 1650 sorbile.
446 1609 500 1648 At
530 1606 655 1647 aliter
684 1617 792 1646 sane
823 1607 886 1653 et,
930 1606 977 1643 ut
1007 1604 1104 1655 opi-

228 1682 330 1720 nor,
376 1671 541 1710 rectius
578 1667 789 1709 intellexit
818 1666 924 1708 Plin.
963 1667 1012 1706 H.
1051 1667 1100 1705 N.

228 1733 292 1773 ⁴0.
329 1733 367 1785 S.
399 1732 474 1773 74:
524 1734 638 1782 Quae
677 1731 854 1782 oblonqa
889 1730 969 1769 sint
997 1740 1102 1778 ova,

226 1796 428 1848 qratioris
448 1796 611 1845 saporis
625 1798 748 1845 putat
771 1794 970 1833 Horatius
989 1793 1107 1832 Flac-

227 1870 311 1898 cus.
349 1882 393 1886 —
435 1859 571 1910 mayis
614 1857 724 1908 alba]
770 1858 923 1907 Neque
969 1854 1106 1895 artifi-

228 1921 347 1960 ciose.
380 1919 639 1972 explicanda
674 1919 851 1959 videtur
889 1919 1001 1959 haec
1041 1917 1106 1957 le-

229 1983 313 2023 ctio
338 1981 419 2033 (alii
442 1984 560 2022 enim
584 1984 930 2034 interpretantur
952 1992 1103 2033 «pura,

229 2056 419 2097 quorum
450 2045 622 2086 vitellus
644 2045 699 2084 ab
723 2044 946 2085 albumine
978 2055 1108 2096 pror-

230 2119 305 2148 sus
336 2110 566 2159 separatus
599 2110 722 2156 est,»
756 2107 824 2147 alii
848 2118 987 2158 «quae
1010 2117 1108 2146 ma-

230 2172 294 2221 gis
316 2170 544 2210 abundant
570 2169 843 2218 albumine,»
882 2169 952 2210 alii
982 2169 1108 2209 deni-

231 2243 318 2283 que
349 2232 404 2272 de
436 2231 568 2272 vitelli
599 2231 744 2272 colore
768 2231 1000 2282 albicante)
1033 2243 1109 2271 ne-

231 2306 318 2347 que
350 2306 452 2334 cum
486 2294 680 2334 Bentleio
717 2293 899 2344 aliisque
929 2296 1108 2333 mutan-

232 2358 310 2405 da3
345 2357 425 2397 sed
446 2356 693 2397 audiendus
715 2359 781 2396 est
807 2357 987 2396 Dacier:
1023 2358 1105 2396 «M.

231 2420 408 2469 Bentlei,
450 2420 519 2469 qui
559 2431 586 2458 a
610 2420 702 2469 pris
731 2430 774 2459 ce
802 2423 996 2469 precepte
1025 2417 1110 2457 tres

231 2483 536 2531 scriezcsement,
588 2493 635 2521 ne
677 2485 774 2531 peut
819 2482 990 2531 souff1·ir
1034 2491 1110 2531 que

235 2545 376 2586 Catius
403 2545 486 2584 dise
515 2556 591 2594 que
630 2545 685 2584 les
729 2545 830 2595 aeuss
867 2545 983 2595 lonas
1021 2547 1111 2582 sont

229 2608 323 2659 plus
352 2607 491 2646 blancs
520 2618 597 2657 que
630 2607 684 2646 les
712 2608 862 2655 ronds,
908 2618 985 2646 car
1024 2606 1112 2645 cela

233 2675 291 2712 esc
317 2671 440 2722 faur.
500 2671 553 2710 Ει
592 2663 638 2709 il'
659 2674 802 2710 trouve
826 2670 921 2720 plus
957 2670 1110 2719 imper-

234 2736 363 2775 tinent
406 2745 551 2775 encore
594 2733 695 2783 qu’il
738 2733 821 2772 dise
860 2732 981 2783 qu'ils
1023 2735 1112 2772 sont

230 2798 327 2848 plus
369 2797 530 2846 blancs,
569 2808 701 2847 parce
745 2795 866 2846 qu'ils
905 2796 1015 2847 fonts
1057 2795 1112 2835 les

231 2861 391 2911 poulets
417 2861 560 2900 males.
623 2859 727 2899 C'est
762 2859 974 2909 pourquoi
1018 2858 1047 2898 il
1085 2870 1112 2898 a

237 2923 404 2974 corrige
431 2925 476 2962 et
503 2924 552 2961 ut
579 2922 719 2973 magis
749 2921 863 2962 alma
894 2921 1108 2961 rotundis.

239 2987 291 3025 Et
306 2985 336 3024 il
354 2985 544 3034 aptique
562 2986 704 3035 magis
719 2983 848 3032 alma,
868 2982 965 3035 plus
983 2994 1113 3023 nour-

240 3049 382 3088 risans
404 3047 465 3098 (ut
485 3045 598 3086 alma
618 3046 778 3094 ubera,
813 3045 927 3086 alma
949 3046 1109 3095 nutrix,

240 3109 382 3150 almus
409 3120 527 3160 ager,
551 3107 662 3158 alia).
686 3109 795 3148 Mais
814 3109 1115 3148 malheureuse-

239 3177 350 3213 ment
372 3184 484 3223 pour
512 3172 591 3220 lui,
624 3169 738 3210 alma
759 3175 816 3210 est
843 3183 902 3211 un
929 3175 1015 3211 mot
1043 3172 1114 3220 qui

240 3248 295 3276 va
322 3236 509 3285 toujours
537 3233 622 3273 seul
658 3237 695 3272 et
734 3234 804 3283 qui
836 3244 887 3272 ne
915 3234 1043 3280 recoit
1069 3235 1114 3273 ni

242 3299 277 3338 le
299 3298 396 3348 plus
424 3299 466 3337 ni
495 3297 530 3336 le
558 3296 704 3335 moins.
763 3296 926 3334 Jamais
953 3296 1008 3335 les
1035 3296 1115 3335 La-

243 3361 322 3400 tins
340 3362 454 3401 n'ont
479 3360 539 3398 dit
567 3358 706 3409 magis
727 3356 862 3405 alma,
897 3358 939 3396 ni
968 3358 1113 3398 minus

245 3421 373 3463 alma.
432 3423 467 3462 Il
493 3433 545 3461 ¹ne
577 3421 669 3471 faut
698 3420 786 3459 rien
810 3419 1004 3470 chanyer.
1035 3420 1116 3458 Ho-

246 3496 344 3525 race
372 3497 422 3526 ne
451 3486 582 3525 don-ne
610 3495 654 3523 ce
680 3483 893 3522 sentiment
923 3481 950 3521 ὰ
977 3481 1116 3522 Catius

1793 1291 1830 1326 ec
1871 1287 1967 1336 plus
2013 1287 2043 1325 ic

1164 1355 1221 1391 est
1268 1350 1467 1398 ridicule,
1525 1349 1619 1399 plus
1666 1349 1695 1387 il
1740 1353 1822 1388 seit
1869 1360 1927 1388 au
1974 1349 2043 1388 but

1165 1413 1390 1461 α’·,Ηοιασθ
1442 1412 1511 1461 qui
1555 1415 1649 1450 veut
1695 1422 1735 1450 se
1776 1422 1949 1461 moquer
1996 1412 2045 1450 dc

1165 1476 1237 1515 lui.
1310 1476 1372 1514 La
1409 1475 1586 1524 ρίιιρα)ι
1624 1475 1692 1513 des
1722 1477 1936 1524 picceptcs
1975 1474 2045 1523 qui

1164 1538 1343 1586 suivent,
1366 1549 1415 1576 ne
1435 1541 1526 1576 sont
1542 1548 1622 1586 pas
1640 1536 1891 1575 meilleurs.»
1926 1537 2038 1587 (Ipse

1167 1599 1387 1640 Bentleius
1436 1599 1492 1638 ad
1540 1598 1756 1638 librorum
1804 1597 2041 1638 lectionem

1167 1665 1352 1704 rediisse
1375 1663 1561 1703 videtur.
1619 1663 1737 1702 Haec
1759 1663 1878 1701 enim
1898 1660 2048 1713 legun·

1167 1732 1237 1769 tur
1266 1730 1309 1768 in
1341 1729 1436 1767 eius
1468 1727 1594 1767 Curis
1624 1726 1894 1766 novissimis:
1929 1725 2045 1765 «Ova

1167 1790 1356 1831 rotunda
1390 1788 1530 1840 longis
1566 1788 1705 1838 magis
1739 1786 1838 1827 alba
1874 1789 1917 1827 et
1950 1798 2046 1827 ma-

1168 1866 1265 1894 rem
1308 1851 1506 1892 vitellum
1550 1850 1776 1891 cohibent.
1853 1851 1914 1889 De
1960 1850 2046 1890 hoc

1168 1917 1268 1956 vide
1314 1915 1549 1956 Historiam
1594 1914 1750 1953 Foetus
1799 1912 2047 1964 Mussipon-

1169 1980 1258 2019 tani
1279 1990 1323 2030 p.
1348 1978 1414 2018 73.
1440 1979 1483 2017 et
1503 1978 1665 2016 iterum
1686 1987 1728 2027 p.
1755 1976 1892 2026 452»)
1912 1998 1955 2003 —
1974 1977 2048 2015 Po-

1168 2043 1279 2092 nere]
1313 2051 1564 2093 «apponere
1597 2040 1638 2079 in
1670 2048 1869 2078 mensa.»
1947 2037 2043 2077 Vid.

1171 2107 1257 2145 Sat.
1281 2105 1330 2153 2,
1365 2105 1412 2152 2,
1444 2102 1510 2142 23.
1549 2125 1592 2130 —
1623 2112 1785 2141 marem
1815 2101 1917 2150 cet.]
1959 2101 2048 2142 Uti-

1171 2179 1257 2219 que
1281 2179 1334 2206 ex
1365 2166 1569 2218 opinione
1599 2165 1867 2205 rusticorum
1893 2165 2050 2203 Roma-

1172 2240 1345 2269 norum.
1422 2226 1591 2268 Colum.
1631 2227 1677 2275 8,
1723 2228 1773 2276 5,
1820 2227 1894 2265 44:
1947 2225 2049 2265 Cum

1173 2292 1264 2341 quis
1291 2291 1396 2330 volet
1427 2301 1553 2340 quam
1577 2289 1783 2339 plurimos
1811 2298 1950 2327 mares
1971 2299 2048 2326 ea:—

1172 2354 1302 2402 cludi,
1335 2352 1576 2403 lonyissima
1604 2360 1792 2399 quaeque
1819 2353 1857 2388 et
1893 2349 2050 2389 acutis-

1172 2417 1278 2455 sima
1322 2426 1401 2454 ova
1443 2414 1647 2460 subiiciet,·
1691 2416 1729 2452 et
1768 2422 1916 2451 rursus
1956 2422 2050 2450 cum

1173 2478 1368 2529 feminas,
1402 2487 1529 2526 quam
1566 2473 1876 2515 rotundissima.
1937 2472 2044 2514 Plin.

1175 2542 1224 2580 ll.
1259 2541 1308 2579 N.
1344 2539 1409 2578 40.
1444 2537 1482 2588 g.
1515 2537 1588 2578 74:
1639 2537 1855 2576 Feminam
1897 2536 2047 2585 edunt,

1175 2613 1283 2652 quae
1310 2600 1561 2640 rotundiora
1589 2600 1838 2651 qiqnuntum
1884 2598 2048 2647 reliqua

1173 2676 1348 2705 marem.
1411 2663 1713 2710 Contrarium,
1755 2663 1803 2700 ut
1831 2660 1880 2700 fit
1910 2661 1951 2700 in
1982 2660 2048 2700 his

1174 2727 1380 2768 historiae
1413 2737 1463 2766 ac
1506 2723 1809 2777 philosophiae
1841 2721 2050 2763 naturalis

1175 2785 1463 2836 ὑποθέσεσι,
1496 2786 1629 2826 tradit
1656 2784 1915 2826 Aristoteles
1937 2786 2045 2826 Hist.

1175 2853 1318 2893 Anim.
1343 2852 1388 2899 6,
1422 2852 1469 2898 2,
1502 2851 1547 2890 2.
1581 2843 1683 2890 ἐστι
1704 2846 1751 2888 δὲ
1774 2844 1833 2888 τὰ
1852 2847 1942 2900 μὲν
1961 2860 2051 2900 μα-

1176 2912 1267 2973 κρὰ
1296 2916 1378 2955 καὶ
1409 2909 1485 2965 ὀξε
1469 2913 1525 2954 aa
1554 2909 1646 2952 τῶν
1665 2905 1772 2950 ὠῶν
1791 2907 1958 2963 θήὶεα,
1991 2907 2050 2949 τὰ

1175 2977 1223 3018 δὲ
1284 2972 1554 3034 στοογγύὶα
1609 2975 1692 3014 καὶ
1748 2972 2050 3030 τεοιφέοειαν

1174 3037 1352 3090 ἔχοντα
1380 3035 1503 3080 κατὰ
1534 3034 1588 3078 τὸ
1628 3032 1712 3089 ὀξὺ
1744 3031 1934 3093 ἄὸῥενα.
1975 3035 2049 3076 ubi

1175 3105 1399 3146 Bekkerus
1463 3102 1688 3153 sapienter
1751 3099 1960 3141 abstinuit
2027 3110 2050 3137 a

1175 3167 1516 3219 transpositione
1547 3163 1909 3204 Schneideriana:
1944 3158 2051 3214 ᾠῶν

1175 3225 1390 3287 ἅῦὁενα-
1409 3223 1536 3280 -ὂξυ
1573 3224 1740 3279 θηλεα.
1787 3249 1830 3254 —
1871 3224 2054 3264 cohibent

1176 3293 1399 3344 callosaJ«
1381 3290 1704 3337 «circumdant,
1738 3291 1780 3328 et
1806 3288 1987 3339 propter
2008 3284 2049 3324 id

1177 3356 1339 3407 ipsum,
1359 3353 1478 3405 quod
1499 3353 1702 3399 callosaff
1693 3350 1886 3401 «spissae
1909 3358 1960 3386 ac
1982 3346 2053 3386 fir-

1180 3428 1278 3457 mae
1311 3417 1573 3464 materiae»,
1607 3414 1730 3459 sunt,
1776 3409 1893 3449 haud
1926 3408 2048 3449 saciie

1181 3491 1284 3522 cum
1323 3478 1545 3520 albumine
1586 3476 1800 3516 miscetur
1838 3470 2051 3512 vitellus.»
