2231 3787
760 253 857 291 LIB,
892 253 921 291 Ι.
984 253 1147 293 ΕΡΙΞΤ.
1181 254 1286 293 xlx.

184 382 331 436 Scire
371 382 529 439 velis,
573 399 693 436 mea
733 400 829 437 cur
868 383 1106 454 ingratus
1146 383 1408 454 opuscula
1448 382 1615 437 lector

1839 253 1942 304 579

1876 386 1944 438 ΒΓ)

182 483 388 537 Laudet
427 493 678 556 ametque
718 484 888 547 domi,
932 494 1141 556 premat
1179 493 1328 538 extra
1367 485 1528 539 limen
1569 486 1825 557 iniquus?

183 587 298 638 Non
344 603 445 656 ego
485 595 742 640 ventosae
780 587 954 658 plebis
995 587 1249 658 suffragia
1287 605 1456 641 venor

184 687 446 757 Impensis
487 705 782 741 coenarum
822 698 874 742 et
914 690 1066 742 tritae
1106 706 1332 743 munere
1373 690 1562 753 vestis,

183 790 298 841 Non
337 805 462 859 eg0,
506 788 767 842 nobilium
804 790 1127 860 scriptorum
1168 790 1380 844 auditor
1419 800 1472 845 et
1510 791 1678 846 ultor.

187 890 572 943 Grammaticas
614 891 819 943 ambire
860 890 1029 943 tribus
1071 901 1122 944 et
1160 892 1363 963 pulpita
1402 892 1619 964 dignor:
1879 895 1944 945 40

166 1041 346 1093 Inyeniis
382 1039 446 1079 bd
490 1047 598 1091 <non
646 1041 764 1087 SEc).
804 1064 846 1068 —
882 1041 948 1081 39.
981 1042 1115 1093 ultor]
1155 1042 1223 1081 Sic
1255 1044 1389 1082 etiam
1420 1044 1507 1082 mei
1540 1043 1678 1083 Codd.
1713 1044 1887 1084 bSEcd:

167 1106 288 1142 actor
318 1102 550 1143 Canterus.
589 1126 633 1130 —
670 1101 737 1143 40.
772 1102 946 1154 ambire]
978 1104 1128 1143 audire
1157 1114 1224 1155 pr.
1259 1104 1300 1143 d.

113 1242 249 1292 velis,
284 1254 363 1283 cur
393 1254 495 1282 mea
528 1244 727 1283 carmina
762 1243 997 1295 (opuscula,

113 1309 161 1346 ut
184 1307 294 1358 Epp.
320 1307 358 1354 i,
383 1305 422 1354 4,
448 1305 504 1356 3.)
538 1306 617 1357 ipsi
637 1305 799 1345 aemuli
821 1307 909 1346 mei
931 1307 1000 1345 in—

113 1371 179 1408 tra
221 1369 493 1408 domesticos
534 1369 729 1420 parietes
760 1379 899 1420 prope
932 1369 1000 1408 in-

113 1431 189 1470 viti
209 1430 511 1479 admirentur,
545 1431 649 1479 sed,
684 1441 789 1470 cum
811 1431 853 1469 in
876 1431 1000 1471 simi-

112 1493 221 1534 lium
265 1494 519 1544 iniquorum
563 1503 768 1533 meorum
811 1492 999 1533 circulos

114 1556 397 1604 devenerint,
423 1556 625 1595 certatim
650 1556 699 1595 iis
722 1555 998 1600 obtrectenti

114 1621 198 1660 hoc
228 1619 329 1658 ideo
360 1618 456 1658 fieri
487 1620 620 1667 scito,
656 1618 808 1669 quod»
842 1621 927 1658 cet.
954 1641 989 1646 —

113 1682 321 1734 inyratus]
363 1682 465 1732 «qui
496 1692 601 1721 cum
633 1680 821 1721 deberet
851 1683 1001 1731 gratus

115 1745 223 1786 mihi
254 1755 355 1784 esse
385 1754 468 1795 pro
492 1743 764 1783 carminibus
787 1744 914 1791 meis,
949 1754 1003 1782 ea

114 1810 157 1848 in
188 1805 580 1857 congressionibus
616 1804 897 1845 familiarium
928 1817 1004 1844 re-

116 1869 400 1922 prehendere
423 1867 578 1908 solet.»
606 1892 650 1897 ——
678 1869 861 1918 premat]
896 1867 1007 1907 «de-

117 1933 281 1984 primat
301 1932 436 1981 atque
455 1929 644 1970 elevet.»
666 1931 783 1981 Virg.
803 1933 913 1970 Aen.
934 1931 1001 1978 44,

40 2003 50 2012 ·
115 1996 188 2037 404
208 2008 216 2034 τ
249 1997 311 2035 Ne
330 2006 444 2034 cessa
463 2017 487 2023 -
503 2015 527 2022 -
547 1994 744 2034 extollere
770 1995 880 2034 vires
900 1995 1006 2035 Gen-

116 2059 168 2098 tis
197 2058 257 2096 bis
282 2058 440 2105 victae,
487 2061 636 2096 contra
657 2068 852 2107 premere
881 2068 1005 2096 arma

117 2120 272 2160 Latini.
338 2118 514 2167 Quintil.
546 2120 614 2167 Μ,
654 2120 692 2167 4,
732 2120 808 2159 46:
857 2120 937 2169 Qui
965 2129 1006 2158 se

117 2194 250 2233 supra
292 2183 461 2221 modum
506 2181 688 2230 extollit,
727 2192 921 2230 premere
955 2192 1006 2220 ac

118 2247 323 2296 despicere
353 2246 538 2285 creditur
567 2243 771 2296 (ceteros).
832 2244 895 2283 Id.
936 2244 1002 2292 42,

121 2310 196 2358 tlO,
237 2307 313 2348 44:
373 2307 600 2357 Praecipue
639 2310 880 2357 presserunt
914 2317 1007 2346 eum

123 2374 193 2423 (M.
217 2370 444 2421 Tullium),
492 2371 564 2419 qui
607 2371 739 2410 videri
775 2370 1007 2409 Atticorum

119 2436 354 2474 imitatores
372 2434 605 2484 capierunt.
630 2455 676 2461 —-
699 2434 794 2472 Non
811 2444 884 2483 e90
901 2431 1004 2483 cet]

120 2498 227 2537 Tota
271 2497 416 2547 imago
460 2507 484 2535 a
528 2495 776 2536 candidatis
810 2496 1007 2534 honores

121 2558 379 2611 petentibus
424 2558 557 2599 ducta
596 2560 679 2598 est.
722 2581 765 2587 —
799 2558 1005 2609 ventosae]

124 2619 325 2660 «mobilis
371 2622 504 2672 atque
544 2621 833 2661 inconstantis
864 2619 1009 2660 falsis-

123 2694 209 2734 que
255 2693 437 2734 semper
479 2682 652 2722 iudiciis
695 2682 912 2731 utentis‚»
959 2682 1009 2720 ut

122 2745 232 2796 Epp.
258 2745 298 2794 ⁴,
321 2745 363 2794 8,
388 2745 455 2784 ⁴⁶3.
483 2768 527 2773 ——
556 2744 699 2795 plebis]
748 2745 1009 2795 «poetarum

125 2809 169 2847 et
198 2809 593 2858 grammaticorum
626 2808 766 2848 infimi
797 2807 1007 2848 ordinis.»

129 2892 174 2898 --
206 2871 415 2921 suffra·9ia
440 2873 584 2924 venor]
619 2873 670 2910 ut
701 2867 1008 2928 (ιθηρῶμαι,»

128 2942 387 2982 «aucupor,
421 2935 595 2984 capto.»
626 2934 749 2985 (Epp.
774 2934 813 2982 2,
838 2934 878 2980 Ξ,
904 2932 1005 2972 ⁴03:

120 2993 270 3043 populi
296 2995 506 3044 suffrayia
529 2994 686 3046 capto.)
718 2995 788 3034 Sic
816 2997 1011 3034 Prover-

127 3055 252 3095 bium
280 3054 445 3095 Zenob.
481 3057 519 3105 4,
554 3057 632 3096 29:
659 3051 890 3098 Ἀδύνατα
917 3056 1010 3110 θη-

127 3113 228 3174 ρᾷς.
277 3117 472 3168 Scriptor
501 3117 558 3156 ad
588 3119 690 3158 Her.
716 3119 754 3167 4,
787 3119 826 3168 3,
860 3121 907 3159 5:
943 3131 1012 3160 ve—

126 3189 244 3227 reor,
287 3190 360 3228 ne,
409 3190 493 3228 qua
527 3179 571 3218 in
605 3191 651 3219 re
680 3180 846 3221 laudem
873 3183 1012 3222 mode-

128 3241 232 3281 stiae
273 3245 496 3290 venentur,
543 3241 587 3280 in
630 3252 680 3281 ea
722 3243 815 3291 ipsa
848 3255 895 3283 re
929 3244 1012 3283 sint

129 3303 397 3354 impudentes.
433 3326 477 3331 —
525 3303 648 3343 tritae
676 3314 848 3344 munere
874 3305 1009 3356 vestis]

132 3366 292 3414 «Nam,
340 3366 375 3407 si
422 3363 585 3406 vellem
629 3365 892 3406 muneribus
939 3365 1010 3406 vel

132 3425 353 3468 vilissimis
384 3438 540 3468 eorum
566 3428 752 3478 gratiam
773 3427 881 3467 mihi
902 3439 1011 3468 con-

134 3485 295 3538 ciliare,
319 3488 444 3530 facile
467 3499 691 3542 possem.»
724 3489 922 3529 Imitatus
944 3491 1012 3530 est

1065 1245 1242 1285 Persius
1274 1246 1312 1293 4,
1352 1245 1426 1284 53:
1473 1245 1657 1285 calidum
1690 1247 1769 1285 scis
1791 1258 1947 1296 ponere

1062 1317 1233 1355 sumen,
1294 1307 1384 1347 Scis
1441 1309 1630 1348 comitem
1685 1309 1948 1348 horridulum

1064 1369 1195 1407 trita
1225 1369 1384 1409 donare
1413 1370 1610 1417 lacerna,
1657 1371 1733 1419 Et,
1779 1371 1945 1418 Verum,

1065 1431 1222 1480 inquis,
1242 1443 1338 1471 amo
1350 1445 1363 1470 .·
1388 1444 1535 1472 verum
1550 1433 1650 1472 mihi
1667 1433 1790 1472 dicito
1806 1434 1854 1473 de
1867 1445 1944 1473 me.

1119 1493 1185 1533 39.
1211 1493 1278 1534 40.
1310 1494 1511 1534 nobilium
1539 1495 1805 1547 scriptorum]
1837 1507 1951 1546 qua-

1065 1554 1128 1595 les
1160 1558 1264 1596 tunc
1286 1559 1412 1596 erant
1432 1556 1592 1605 Pollio,
1615 1556 1838 1608 Virgilius,
1861 1559 1950 1596 Va-

1064 1619 1176 1667 rius,
1211 1618 1432 1668 Tibullus,
1467 1619 1719 1661 Fundanius
1741 1622 1825 1660 cet.
1864 1622 1952 1660 Ma-

1067 1682 1225 1721 nit'esto
1256 1693 1296 1721 v.
1320 1682 1521 1722 >nobilium
1552 1685 1676 1722 extra
1706 1684 1951 1740 εἰρωνείαν

1066 1744 1262 1795 positum
1312 1739 1558 1785 ἀντίθεσιν
1608 1745 1744 1786 efficit
1797 1757 1949 1797 gyram-

1067 1807 1324 1847 maticarum
1359 1807 1557 1847 tribuum.
1600 1831 1643 1836 —
1686 1808 1812 1860 ultor]
1854 1807 1949 1856 Alii,

1067 1871 1116 1908 ut
1145 1868 1373 1918 Wieland,
1407 1871 1523 1910 serio
1554 1870 1801 1922 accipiunt:
1839 1871 1954 1910 «Hos

1069 1933 1309 1984 scriptores
1340 1933 1396 1973 ab
1428 1934 1590 1984 iniquis
1619 1934 1956 1985 vituperationi—

1068 1995 1153 2035 bus
1195 1995 1439 2035 defendere
1482 2006 1730 2046 eorumque
1760 1996 1956 2047 patroci-

1069 2057 1193 2097 nium
1209 2058 1441 2109 suscipere
1464 2056 1630 2098 soleo.»
1656 2058 1781 2106 Quod
1804 2060 1956 2098 tamen

1070 2131 1172 2159 cum
1211 2120 1489 2170 arrogantius
1529 2119 1699 2159 dictum
1735 2120 1954 2167 videatur,

1070 2184 1245 2232 gratum
1285 2193 1404 2220 nunc
1449 2193 1642 2232 agnosco
1673 2183 1822 2222 iocum
1853 2193 1956 2222 cum

1070 2242 1306 2291 LambinO,
1353 2243 1574 2292 Bentleio,
1619 2244 1737 2293 aliis,
1771 2246 1819 2284 ut
1846 2245 1959 2284 ultor

1071 2317 1176 2346 eum
1221 2305 1465 2356 significet,
1519 2307 1594 2357 qui
1636 2307 1833 2347 vicissim
1877 2306 1958 2346 illis

1071 2369 1269 2408 carmina
1301 2380 1380 2409 sua
1409 2370 1568 2408 recitet
1599 2378 1768 2418 eosque
1800 2369 1859 2408 ita
1880 2380 1956 2408 ve-

1070 2430 1147 2470 luti
1176 2431 1351 2482 puniat,
1388 2431 1780 2482 Wiederveryelter3
1819 2442 1957 2482 quam

1071 2493 1338 2533 sententiam
1360 2494 1581 2544 expressit
1608 2491 1828 2533 Iuvenalis
1847 2495 1884 2544 l,
1907 2495 1922 2533 4
1946 2506 1952 2531 :

1071 2557 1244 2606 Semper
1286 2568 1360 2607 eqo
1398 2557 1569 2595 auditor
1608 2556 1811 2596 tantum?
1854 2569 1961 2597 nun-

1073 2630 1252 2668 quamne
1271 2630 1475 2668 reponam
1495 2620 1679 2659 rexatus
1701 2620 1819 2658 toties
1836 2620 1958 2659 rauci

1075 2681 1260 2720 Theseide
1290 2679 1452 2720 Codri?
1497 2679 1734 2731 (Bentleius
1776 2679 1960 2720 contulit

1073 2744 1183 2794 Epp.
1217 2744 1267 2791 2,
1298 2743 1347 2792 2,
1382 2743 1447 2782 97.
1497 2743 1696 2782 Conferri
1726 2744 1875 2794 potest
1905 2755 1960 2783 ex

1073 2807 1199 2857 parte
1247 2806 1381 2844 etiam
1426 2805 1515 2844 Cic.
1552 2816 1633 2856 pro
1675 2804 1846 2845 Cluent.
1886 2807 1954 2854 5⁴,

1075 2866 1146 2906 ¹144
1175 2879 1183 2905 t
1233 2867 1407 2907 Crassus
1436 2871 1524 2906 tum
1551 2868 1612 2906 ita
1641 2868 1822 2907 Brutum
1849 2868 1961 2907 ultus

1074 2933 1149 2977 est,
1181 2933 1227 2968 ut
1246 2929 1364 2968 illum
1383 2929 1642 2969 recitationis
1659 2941 1761 2969 suae
1774 2930 1960 2979 poenite-

1071 2990 1172 3043 ret.)
1206 3013 1251 3019 —
1286 2991 1600 3031 Grammaticas
1628 2992 1732 3044 cet]
1764 2992 1958 3042 Imagine

1072 3065 1229 3095 rursus
1273 3054 1328 3094 ab
1369 3054 1541 3095 ambitu
1578 3056 1714 3107 petita
1743 3065 1961 3106 qramma·

1073 3118 1180 3157 ticae
1222 3117 1353 3156 trib-as
1393 3119 1497 3157 sunt
1527 3118 1654 3168 quasi
1684 3118 1834 3157 sectae
1865 3116 1959 3168 (cli-

1073 3178 1186 3231 ques)
1216 3179 1636 3230 grammaticorum,
1669 3178 1715 3218 id
1745 3181 1836 3227 est,
1871 3178 1958 3217 cri-

1073 3243 1265 3282 ticorum
1305 3240 1693 3293 (Aesthetiker),
1740 3239 1955 3291 imprimis

1075 3304 1308 3355 antiquarii
1337 3302 1414 3352 illi,
1463 3304 1539 3354 qui
1568 3304 1745 3342 veteres
1782 3302 1954 3352 poetas,

1073 3368 1286 3417 Ennium,
1325 3367 1588 3414 Pacuvium,
1631 3364 1835 3411 Accium,
1869 3363 1957 3402 Lu-

1075 3427 1251 3478 cilium,
1301 3427 1563 3479 aequalibus
1612 3426 1727 3474 suis‚
1776 3422 1954 3474 Virgilio

1074 3492 1266 3531 maxime
1297 3493 1430 3541 atque
1463 3489 1658 3529 Horatio.
1707 3488 1954 3538 antepone-
