2231 3787
909 270 1005 308 [2113.
1042 272 1069 309 l.

1133 272 1242 310 >uxr
1280 272 1343 310 ix.
1938 273 2035 325 ,147

857 533 1208 583 SATIRA
1262 536 1388 585 :tx-

283 651 430 704 lbam
470 651 602 706 sorte
644 653 727 704 via
767 654 956 714 Sacra,
999 653 1136 706 sicut
1174 671 1327 707 meus
1367 664 1449 708 est
1488 674 1629 713 mos,

282 753 475 807 Nescio
517 753 649 825 quid
688 753 953 809 meditans
993 772 1284 826 nugarum,
1329 765 1468 810 totus
1511 758 1561 809 in
1602 757 1723 812 illis:

319 897 431 936 SAT.
455 897 524 936 IX.
560 898 597 936 vl.
625 897 923 948 Ibaiwzitforte
939 897 1160 938 Bentleius
1189 899 1302 939 coni.
1332 898 1448 940 nullo
1480 899 1627 941 adhuc
1658 900 1770 942 libro
1793 901 1979 942 firmata.

275 983 319 988 —
353 961 392 999 2.
426 972 641 1012 nugarum
670 965 708 1000 et
737 965 845 1000 tolus
876 962 957 1001 LC.

263 1078 332 1117 IX.
379 1076 576 1128 Volgaris
623 1078 794 1128 opinio,
845 1089 932 1129 qua
976 1079 1088 1118 haec

209 1141 364 1188 satira,
399 1140 490 1179 sive
523 1140 687 1179 mimus
711 1141 777 1179 est
809 1151 861 1180 ex
892 1141 1091 1191 Sophro-

208 1205 274 1243 nis
305 1213 497 1253 genere,
545 1201 705 1252 garruli
741 1202 1089 1253 descriptionem

208 1266 434 1306 continere
464 1266 668 1316 putatur,
708 1263 863 1316 procul
895 1265 1030 1304 dubio
1064 1277 1087 1305 e

206 1327 321 1368 male
343 1326 564 1367 intellecto
584 1338 626 1367 v.
652 1326 718 1366 33.
744 1330 839 1367 orta
861 1329 941 1367 est.
975 1329 1087 1367 Nam

205 1389 360 1431 lectori
380 1390 551 1440 integro
574 1390 782 1429 continuo
804 1389 992 1441 patebit,
1017 1390 1088 1430 hic

206 1464 295 1493 non
348 1451 509 1503 garruli
557 1449 842 1510 χαρακτῆρα
891 1452 1085 1504 depingi,

207 1514 366 1567 qualis,
413 1516 461 1554 ut
503 1515 590 1555 hoc
619 1517 740 1565 utar,
789 1515 908 1567 apud
942 1516 1088 1556 Theo-

204 1580 407 1631 prastum
439 1578 585 1629 (Char.
609 1578 665 1629 3.)
689 1578 970 1627 describitur,
1005 1578 1087 1619 sed

204 1640 350 1692 potius
381 1639 425 1680 id
455 1640 539 1681 sibi
568 1642 749 1692 poetam
779 1641 1083 1693 proposuisse,

205 1704 297 1744 sive
327 1714 484 1743 veram
513 1715 609 1744 rem
631 1706 781 1744 narrat
801 1705 894 1744 sive
916 1704 1082 1753 fictam,

204 1767 253 1806 ut
301 1768 447 1806 certos
485 1766 706 1818 quosdam
758 1767 964 1807 homines
1006 1767 1088 1806 de-

204 1828 374 1869 rideret
425 1830 558 1880 atque
605 1830 647 1869 in
691 1831 923 1881 posterum
966 1841 991 1869 a
1036 1840 1084 1869 se

205 1891 423 1943 abigeret,
458 1893 532 1943 qui
562 1893 711 1932 iudicii
742 1892 1007 1944 elegantiam
1043 1893 1087 1932 et

203 1955 426 2007 poeticam
456 1954 710 1995 facultatem
740 1955 998 1995 affectantes
1025 1957 1088 1995 at-

204 2028 292 2068 que
324 2017 579 2069 exemplum
618 2017 783 2069 Virgilii
826 2019 1085 2068 Horatiique

203 2079 410 2120 aemulati
438 2082 482 2120 in
511 2082 779 2122 Maecenat1s
813 2080 1088 2122 familiarita-

204 2145 296 2183 tem
340 2154 387 2183 se
432 2144 660 2183 intrudere
703 2146 972 2184 conarentur
1011 2145 1083 2193 et,

205 2216 293 2256 quo
351 2206 516 2246 certius
568 2206 656 2245 hoc
711 2207 1081 2257 assequerentur,

205 2268 299 2308 sine
328 2265 416 2306 ullo
447 2267 618 2319 pudore
641 2267 837 2319 nihilque
857 2270 1082 2318 verentes,

206 2340 261 2369 ne
303 2328 438 2368 vilem
478 2340 610 2370 suum
647 2332 691 2370 et
734 2331 960 2370 abiectum
991 2332 1086 2369 ani-

204 2402 329 2431 mum
373 2391 637 2442 proderent,
689 2392 896 2432 omnibus
941 2392 1085 2432 modis

205 2454 368 2494 Horatii
399 2454 639 2494 amicitiam
679 2465 934 2506 expugnare
976 2465 1087 2493 con-

205 2516 454 2556 tenderent.
520 2517 663 2556 Hosce
708 2517 839 2567 igitur
881 2517 1085 2557 homines

205 2577 321 2619 male
353 2576 532 2618 sedulos
562 2580 735 2628 monet,
769 2590 824 2618 ne
847 2578 983 2619 solitis
1004 2590 1086 2630 pa—

203 2641 442 2681 rasitorum
471 2641 639 2682 artibus
661 2652 708 2681 se
740 2642 783 2681 in
813 2642 1085 2682 Maecenatis

205 2704 444 2744 amicitiam
482 2704 681 2755 irrepere
711 2714 846 2755 posse
877 2707 1081 2756 sperent;

206 2777 255 2805 «a
284 2777 357 2805 me
389 2768 554 2816 certe,»
593 2767 759 2817 inquit,
802 2766 937 2807 «tales
969 2779 1086 2807 nun-

205 2838 341 2879 quam
394 2828 881 2868 commendabuntur.»
949 2828 1086 2869 Simul

206 2889 360 2930 callide
389 2890 474 2930 hac
505 2902 685 2942 quoque
723 2892 959 2932 occasione
998 2892 1087 2931 uti-

206 2954 298 3000 tur,
344 2954 393 2991 ut
437 2953 607 2992 civibus
647 2955 737 2994 suis
779 2953 1082 3002 demonstret,

207 3012 347 3065 qualis
378 3014 461 3054 sibi
490 3014 759 3055 familiaritas
792 3027 895 3056 cum
915 3017 1087 3056 Maece-

207 3078 308 3116 nate
340 3077 584 3116 intercedat
604 3089 628 3117 a
656 3077 857 3129 plurimis
887 3079 1086 3129 ignorata

207 3139 282 3178 aut
302 3137 417 3178 male
440 3139 652 3189 iudicata,
677 3142 810 3191 atque
833 3139 1086 3180 cuiusmodi

207 3211 356 3240 mores
386 3200 444 3240 illi
464 3200 684 3252 placeant.
722 3202 873 3242 HmND.
897 3203 940 3242 et
961 3203 1084 3240 ZELL.

209 3263 322 3302 Sane
344 3274 431 3302 non
451 3264 596 3303 minus
620 3263 760 3303 odiosi
786 3264 965 3304 Horatio
988 3274 1086 3303 esse

209 3324 436 3365 debebant
485 3325 795 3365 huiuscemodi
840 3327 1090 3366 assentato-

209 3398 305 3437 res,
339 3389 413 3439 qui
436 3388 530 3428 eius
552 3386 710 3427 auxilio
733 3387 1001 3427 Maecenatis
1023 3387 1089 3426 fa—

210 3460 366 3490 vorem
386 3450 597 3502 aucupari
618 3448 917 3498 conabantur,
953 3459 1088 3500 quam

213 3510 347 3551 invidi
391 3523 442 3556 ac
476 3510 681 3553 malevoli
724 3510 782 3551 illi
825 3511 1086 3562 antiquarii,

1154 1089 1266 1129 quos
1289 1090 1423 1131 saepe
1443 1079 1617 1120 deridet
1638 1083 1771 1131 atque
1794 1082 2035 1133 impugnat.

1153 1140 1362 1181 Notabilis
1382 1144 1501 1182 esset
1515 1144 1888 1183 Commentatoris
1900 1145 2036 1196 Cruq.

1153 1203 1403 1254 inscriptio:
1434 1200 1636 1258 Ἐκλογὴ
1670 1206 1776 1262 περὶ
1797 1204 2039 1260 ἐπαγομέ-

1154 1277 1240 1305 νου
1281 1266 1364 1306 καὶ
1405 1266 1758 1325 ἐπιφερομένου
1790 1265 1874 1308 τὸν
1899 1264 2039 1327 Ὁρά-

1152 1339 1276 1377 τιον,
1312 1330 1348 1369 si
1379 1340 1427 1369 re
1459 1341 1566 1370 vera
1597 1332 1777 1382 antiquo
1809 1333 2039 1372 Gramma-

1150 1391 1236 1430 tico
1269 1390 1535 1441 deberetur,
1579 1404 1662 1433 nec
1692 1394 1839 1445 potius
1871 1404 1894 1432 a
1923 1395 2039 1434 Cru-

1150 1454 1254 1505 quio
1300 1465 1354 1494 ex
1397 1456 1517 1494 tenui
1568 1454 1638 1495 illo
1682 1457 1868 1506 vestigio
1914 1457 2036 1508 apud

1148 1518 1368 1557 Acronem
1421 1517 1510 1558 «de
1559 1519 1847 1569 Epagomeno
1898 1519 2035 1559 dicit»

1149 1579 1282 1619 ducta
1314 1581 1448 1620 esset.
1509 1581 1610 1620 Sine
1643 1591 1778 1621 causa
1807 1592 1914 1621 vero
1936 1581 2037 1622 Vol-

1149 1643 1248 1694 pius
1280 1642 1513 1682 Patavinus
1539 1642 1743 1694 opinatus
1766 1644 1834 1683 est
1862 1643 1947 1683 hac
1969 1654 2039 1683 sa-

1149 1705 1232 1743 tira
1263 1703 1457 1744 derideri
1488 1705 1788 1756 Propertium3
1824 1705 1906 1744 etsi
1937 1716 2039 1756 pro-

1149 1766 1264 1807 fecto
1295 1767 1460 1806 mirum
1489 1778 1636 1818 neque
1669 1765 1794 1806 facile
1817 1767 2035 1818 explicatu

1150 1830 1238 1878 est,
1287 1840 1368 1869 cur
1407 1839 1638 1880 nunquam
1679 1829 1884 1869 Horatius
1926 1831 2035 1869 Pro-

1147 1891 1305 1944 pertii,
1352 1892 1608 1942 Propertius
1641 1891 1808 1930 Horatii
1840 1892 2036 1931 mentio-

1149 1964 1255 1994 nem
1292 1953 1468 2002 fecerit‚
1517 1964 1620 1993 cum
1665 1952 1734 1993 ille
1779 1952 2032 2004 Virgilium,

1148 2017 1352 2065 Varium,
1412 2014 1654 2064 Tibullum,
1717 2014 1822 2055 alios
1876 2017 2033 2067 poetas

1150 2079 1418 2119 amicissime
1440 2079 1683 2127 memoret,
1713 2077 1784 2116 hic
1806 2076 2034 2128 Virgilium

1150 2141 1394 2181 admiratus
1425 2142 1494 2181 sit.
1559 2140 1664 2180 Vide
1692 2141 1824 2180 etiam
1846 2140 1902 2179 ad
1923 2141 2032 2192 Epp.

1149 2205 1196 2252 2,
1230 2204 1274 2252 2,
1309 2204 1402 2243 llOO.
1465 2203 1634 2254 Scripta
1655 2202 1831 2242 videtur
1859 2213 1897 2241 a.
1921 2213 1965 2242 u.
1991 2213 2031 2242 c.

1149 2265 1353 2306 748-749.
1391 2265 1571 2316 (Franke
1595 2267 1638 2304 et
1666 2263 1867 2315 XVeber.)
1920 2265 2035 2305 «Me-

1149 2326 1377 2367 morabilis
1400 2330 1469 2366 est
1488 2328 1671 2366 imitatio
1693 2325 1863 2374 Lucilii,
1897 2337 2034 2376 quam

1151 2389 1193 2428 in
1225 2389 1370 2440 primo
1400 2399 1536 2428 versu
1567 2398 1670 2427 cum
1701 2386 1925 2427 Luciliano
1948 2388 2031 2438 (46,

1150 2452 1187 2490 4.
1223 2450 1336 2490 Gerl.
1371 2461 1414 2501 p.
1449 2449 1533 2500 411.)
1567 2451 1828 2500 comparato
1859 2451 2030 2489 tantam

1149 2513 1400 2553 invenimus
1430 2514 1479 2551 ut
1507 2511 1701 2551 verbum
1731 2510 1897 2560 verbo,
1932 2523 2032 2552 cae-

1149 2586 1280 2615 surae
1299 2585 1484 2614 caesura
1501 2573 1794 2625 respondeat:
1818 2573 1910 2612 Ibat
1926 2574 2033 2624 forte

1149 2638 1275 2686 arieS,
1308 2637 1459 2686 inquit,
1483 2637 1571 2675 iam
1591 2636 1701 2686 quod
1719 2634 1872 2687 qenu'?
1901 2646 2034 2685 quan-

1148 2700 1199 2739 tis
1231 2698 1458 2739 Testibzt’P»
1499 2700 1697 2739 D1LLENB.

1204 2762 1296 2801 4-5.
1328 2762 1446 2800 Ibam
1465 2783 1484 2790 -
1500 2783 1519 2790 -
1538 2760 1746 2813 Accurrit]
1776 2761 2032 2801 Gratissima

1149 2823 1413 2875 negligentia
1444 2824 1487 2863 in
1518 2822 1740 2862 narrando
1762 2823 1911 2862 omisit
1930 2824 2030 2862 iun-

1149 2888 1321 2927 cturam
1371 2887 1600 2935 Horatius,
1665 2886 1850 2925 inseruit
1898 2886 2032 2924 Bent—

1148 2950 1282 2999 leius,
1316 2952 1363 2988 ut
1391 2948 1623 3000 aliquoties
1655 2949 1697 2988 in
1728 2947 1946 2987 Phaedro.
1975 2948 2027 2998 (l,

1150 3013 1221 3060 47,
1255 3012 1294 3052 8.
1328 3012 1373 3060 2,
1399 3012 1444 3060 ¹1,
1471 3012 1507 3050 l.
1534 3012 1635 3061 cet.)
1686 3010 1859 3060 Insigne
1878 3019 2033 3049 exem-

1147 3072 1272 3125 plum
1306 3074 1561 3113 huiusmodi
1591 3068 1856 3113 ἀσυνδέτου
1896 3082 2031 3124 prae-

1148 3136 1227 3176 bet
1256 3135 1414 3186 Odyss.
1446 3150 1499 3185 κ,
1546 3137 1619 3176 251
1649 3147 1657 3174 ;
1694 3130 1916 3187 3Ήιομειι,
1964 3127 2029 3181 ὦς

1150 3196 1363 3248 ἐκέλευε-ς
1381 3229 1391 3248 ,
1452 3193 1546 3237 ἀνὰ
1593 3194 1750 3255 δρυμά
1771 3228 1781 3247 ,
1841 3193 2027 3247 φαίδιμ’

1145 3257 1397 3302 Ὀδυσσεῦ·
1452 3254 1675 3318 Εὕρομεν
1719 3259 1769 3300 ἐν
1811 3255 2033 3314 βήσῃσσι

1152 3326 1414 3378 τετυγμένα
1443 3321 1645 3377 δώματα
1675 3319 1815 3362 καλά.
1843 3344 1888 3349 ——
1910 3319 2030 3370 forte]

1154 3387 1438 3438 «aliquandO,
1491 3388 1585 3428 sine
1637 3387 1758 3425 certo
1804 3380 2030 3422 consilio.»

1154 3449 1277 3489 Conf.
1310 3449 1418 3500 Epp.
1454 3450 1500 3498 l,
1535 3448 1581 3496 7,
1616 3448 1682 3487 29.
1712 3469 1755 3473 -
1778 3445 1850 3484 via
1879 3443 2030 3494 Sacra]

1153 3523 1233 3564 per
1263 3522 1398 3562 quam
1438 3510 1564 3550 otiosi
1595 3505 1884 3550 deambulare
1917 3504 2034 3547 sole-
