2231 3787
812 276 909 314 LIB.
944 275 992 314 11.
1056 275 1166 314 SAT.
1201 274 1287 314 Vll.

1861 272 1961 323 337

220 410 332 462 Non
374 426 457 468 es,
501 407 646 479 quod
687 406 945 460 simulas?
985 407 1226 458 Metuens
1267 403 1537 456 induceris
1578 412 1736 472 atque

219 510 517 563 Altercante
557 508 865 562 libidinibus
908 508 1090 561 tremis
1131 524 1256 560 ossa
1294 523 1510 576 pavore.

220 612 360 676 Quid
401 611 584 669 refert,
627 612 734 664 uri.
778 610 940 680 virgis
980 610 1231 680 ferroque
1276 608 1456 662 necari

222 716 542 767 Auctoratus
584 730 699 775 eas,
743 730 809 765 an
849 712 986 782 turpi
1029 710 1245 764 clausus
1286 710 1338 762 in
1376 726 1525 771 arca,

221 816 340 880 Quo
379 824 429 868 tc
470 814 683 868 demisit
722 814 926 885 pcccati
967 813 1183 866 conscia
1222 811 1430 874 herilis,

1902 813 1967 864 60

225 918 564 971 Contractum
603 916 829 985 genibus
870 925 1053 986 tangas
1093 914 1292 985 caput?
1329 914 1489 966 Estne
1530 913 1718 966 marito

260 1109 327 1148 58.
359 1108 427 1146 uri
459 1108 607 1158 rirssis,
638 1107 832 1157 ferroque
863 1106 1006 1145 necari
1036 1106 1089 1145 M.
1124 1105 1270 1156 {rimis
1298 1105 1366 1143 uri
1398 1115 1420 1142 e
1454 1103 1560 1143 Cod‚
1585 1104 1741 1142 Tosan.
1775 1103 1839 1153 C.)
1867 1124 1911 1131 —-

207 1171 273 1210 59.
298 1181 393 1211 eras
408 1183 450 1218 κ,
475 1172 587 1210 teste
610 1168 804 1209 Bentleio
821 1167 876 1207 ad
897 1170 983 1207 Sat.
1004 1169 1044 1215 ⁶2,
1064 1168 1103 1216 ⁵2,
1126 1167 1218 1206 406.
1239 1189 1281 1195 —
1299 1166 1364 1205 60.
1381 1166 1534 1205 dimisit
1554 1164 1627 1204 bS.
1649 1186 1692 1193 —
1710 1165 1820 1205 erilis
1840 1165 1911 1204 bc.

152 1330 319 1366 ratos.»
378 1328 488 1366 Item
535 1328 781 1366 Gesnerus:

151 1387 358 1441 postulat,
391 1391 438 1428 ut
469 1388 551 1429 sibi
581 1387 709 1428 liceat
740 1386 871 1427 salvis
900 1388 1035 1426 cruri-

152 1450 237 1491 bus
276 1451 465 1490 recitare
505 1451 727 1502 quaedam
759 1449 813 1489 dc
847 1450 1033 1501 Crispini

153 1512 521 1564 disputationibus
571 1512 798 1562 sublecta,
850 1524 938 1552 non
991 1513 1033 1551 in

153 1576 379 1616 Horatium
424 1575 561 1625 dicta,
614 1575 695 1616 sed
740 1577 782 1614 in
824 1576 1029 1623 vitiosos,

153 1648 266 1689 quae
300 1640 446 1677 tamen
469 1637 624 1678 vernili
656 1637 923 1689 malignitate
946 1640 1034 1676 tor-

153 1702 259 1752 quet
288 1702 330 1739 in
360 1702 563 1741 herum.»
614 1703 709 1741 Non
739 1701 879 1750 magis
902 1701 1032 1750 igitur

152 1763 263 1802 haec
303 1762 357 1802 de
403 1764 581 1802 Horatio
626 1762 886 1814 accipienda
932 1764 1035 1802 sunt

154 1836 288 1876 quam
318 1824 386 1864 illa
418 1836 458 1864 v.
485 1825 564 1866 46:
615 1826 664 1864 Te
703 1826 859 1864 coniux
895 1824 1034 1863 aliena

153 1889 278 1938 capit.
310 1912 353 1916 —-
388 1889 622 1937 odoratum]
658 1889 769 1927 Cum
801 1887 1030 1937 ceteroqui

155 1951 210 1990 sit
239 1950 392 1990 habitu
413 1949 582 1999 servili,
615 1951 944 2000 unguentorum
966 1951 1034 1987 ta—

155 2022 258 2052 men
291 2012 426 2052 odore
457 2011 633 2064 placere
664 2011 755 2052 volt
797 2011 1030 2051 moechae.

159 2098 203 2103 —
227 2075 320 2113 Non
341 2086 382 2114 es
401 2075 504 2124 cet.]
538 2077 714 2114 «Nonne
746 2077 852 2114 tunc
873 2084 1032 2125 reapse

156 2147 226 2185 es,
269 2136 389 2186 quod
420 2138 462 2175 te
494 2147 594 2176 esse
627 2136 829 2185 simulas,
878 2146 1034 2176 servus

157 2200 406 2249 nequam&
441 2221 485 2226 —
517 2199 752 2238 Auen-cante
781 2198 884 2249 cet.]
924 2209 1035 2249 «pu-

156 2262 315 2311 gnante
347 2259 590 2300 identidem
621 2272 786 2312 pavore
809 2271 913 2300 cum
942 2258 1037 2298 libi-

157 2322 281 2370 dine,
329 2322 398 2361 cui
427 2323 637 2362 resistere
669 2334 756 2362 non
789 2322 910 2373 quis,
957 2331 1036 2360 us—

157 2396 244 2436 que
267 2383 322 2422 ad
344 2394 445 2423 ossa
467 2384 664 2423 tremis.»
691 2406 735 2411 —
760 2386 900 2423 tremis
927 2381 1034 2433 ossa]

156 2447 272 2496 Virg.
307 2447 463 2497 Georg.
497 2446 543 2495 3,
583 2445 656 2486 84:
703 2446 830 2485 micat
865 2445 1038 2484 auribus

160 2507 329 2559 (pullus)
362 2512 398 2547 et
428 2508 565 2547 tremit
595 2512 726 2547 artus.

212 2570 357 2609 58-64.
393 2571 500 2619 Quid
528 2570 656 2621 refert
686 2570 788 2621 cet.]
814 2569 954 2618 «Quid
974 2570 1037 2609 in-

158 2634 324 2682 terest,
381 2635 531 2672 utrum
580 2631 836 2683 gladiatorio
884 2643 1036 2671 sacra-

158 2696 308 2734 mento
338 2694 539 2735 addictus
570 2696 630 2735 sis
661 2693 866 2742 lanistae,
901 2695 971 2734 cui
994 2695 1035 2733 te

159 2757 483 2805 auctoraveris,
518 2768 572 2797 an
596 2759 738 2797 cetft»
786 2758 929 2796 «Inter
951 2755 1038 2807 gla-

160 2819 377 2858 diatorem
406 2821 738 2871 moechumque
769 2818 874 2859 nihil
905 2820 1039 2858 inter-

160 2883 241 2920 est.
310 2881 362 2920 Et
410 2882 523 2920 haec
565 2882 703 2922 verba
751 2884 854 2922 suut
898 2881 1036 2921 verba

161 2952 337 2990 eorum,
361 2943 435 2993 qui
456 2943 719 2993 gladiatores
742 2945 910 2993 emunt,
937 2954 1038 2983 con-

161 3004 358 3044 diciones
401 3007 743 3056 proponentium
784 3007 947 3058 quibus
989 3017 1037 3046 se

161 3066 376 3113 vendant3
401 3068 626 3108 cautiones
644 3069 762 3109 enim
784 3069 1038 3109 huiusmodi

163 3127 403 3169 faciebant:
435 3129 505 3168 uri
523 3131 718 3181 flammis,
739 3132 871 3183 viryis
889 3133 1038 3182 secari,

160 3192 274 3242 fermo
315 3191 500 3230 necari.»
553 3193 683 3232 Aeno.
715 3195 891 3233 Petron.
929 3195 1035 3234 447;

160 3255 209 3294 In
234 3254 363 3294 verba
381 3253 576 3303 Eumolpi
595 3259 904 3294 sacramentum
922 3257 1041 3296 iura-

161 3317 316 3366 vimus,
346 3316 438 3365 uri,
468 3316 647 3364 vinciri,
674 3316 891 3356 verberari
907 3318 1041 3368 ferro-

165 3389 242 3428 que
269 3379 426 3418 necari.
478 3379 645 3417 Seneca
666 3377 799 3429 Epist.
825 3378 898 3418 37:
931 3379 1041 3418 illius

165 3441 390 3490 turpissimi
429 3440 732 3479 auctoramenti
763 3439 891 3479 verba
919 3444 1038 3479 sunt:

164 3503 254 3551 uri,
276 3503 448 3551 vinciri,
475 3503 669 3553 ferroque
687 3503 844 3541 necari.
870 3503 1034 3552 (Iuven.

307 3578 459 3615 Honu.
488 3589 578 3615 vor.
607 3588 647 3614 n.
700 3588 764 3615 no.
796 3587 918 3614 mlon
944 3577 1004 3613 111.

836 1341 854 1360 «
869 1327 1031 1364 Servus
1099 1325 1142 1363 44
1163 1356 1170 1373 ,
1204 1325 1250 1364 8;
1295 1324 1400 1374 ἱερᾶς
1420 1326 1457 1362 et
1478 1323 1596 1373 reqia
1613 1322 1738 1362 verba
1761 1321 1972 1371 lanistae.)

1101 1410 1144 1416 —
1178 1387 1262 1436 uri]
1294 1386 1511 1437 imprimis
1542 1383 1703 1424 lamina
1736 1384 1969 1423 candente.

1095 1448 1175 1489 Alii
1207 1447 1302 1488 coll.
1341 1449 1448 1500 Epp.
1490 1448 1534 1495 4,
1579 1447 1652 1495 46,
1693 1447 1758 1487 47.
1792 1448 1975 1498 iungunt

1095 1512 1163 1551 uri
1191 1512 1335 1562 virgis.
1363 1533 1407 1538 -
1430 1510 1598 1560 virgis-
1616 1509 1773 1560 necari]
1808 1520 1973 1560 «prope

1096 1574 1152 1614 ad
1196 1576 1388 1613 mortem
1430 1571 1703 1612 verberari.»
1773 1572 1977 1611 Infinitivi

1095 1636 1293 1688 pendent
1316 1648 1339 1675 a
1362 1647 1402 1674 v.
1430 1639 1690 1683 auctoratus,
1717 1635 1884 1685 «pretio
1906 1645 1977 1673 ac-

1097 1701 1227 1750 cepto
1258 1699 1414 1749 sponte
1444 1698 1530 1736 hoc
1559 1698 1774 1736 iuratus.»
1811 1719 1856 1724 -—
1891 1696 1975 1747 eas]

1096 1764 1144 1801 ut
1173 1771 1276 1800 nos:
1325 1760 1406 1799 als
1451 1759 1733 1799 Gladiator
1770 1759 1977 1797 einher-

1096 1824 1246 1874 qehn,
1278 1833 1359 1874 pro
1389 1822 1457 1860 sis.
1519 1823 1688 1860 Seneca
1720 1821 1851 1860 Herc.
1877 1821 1972 1860 Oet.

1096 1884 1204 1925 283:
1251 1886 1345 1924 Non
1389 1884 1451 1923 ibo
1496 1883 1643 1922 inulta.
1681 1905 1726 1911 —
1759 1883 1873 1932 turpi
1901 1904 1924 1911 -
1954 1904 1976 1910 —

1097 1946 1214 1998 arca]
1249 1947 1406 1995 «cista,
1446 1956 1559 1997 quae
1592 1946 1718 1985 anxie
1751 1956 1975 1995 quaeren-

1097 2009 1239 2058 tibus,
1286 2008 1362 2049 ubi
1407 2010 1448 2048 te
1481 2007 1708 2056 occulant,
1755 2008 1898 2059 prima
1929 2018 1976 2047 se

1099 2070 1277 2120 obtulit,
1324 2071 1396 2111 vili
1434 2071 1621 2111 fortasse
1654 2070 1752 2109 usui
1783 2070 1979 2110 destina-

1098 2136 1183 2173 ta.»
1235 2135 1304 2173 Sic
1339 2133 1458 2185 apud
1485 2131 1611 2184 Apul.
1643 2133 1819 2172 Metam.
1854 2133 1902 2182 9,
1936 2134 1976 2172 5.

1100 2196 1288 2236 moecha
1320 2194 1572 2235 adulterum
1594 2195 1725 2244 dolio,
1759 2196 1869 2244 quod
1889 2199 1982 2235 erat

1098 2260 1142 2298 in
1172 2259 1328 2310 anqulo
1358 2257 1653 2297 semiobrutum
1681 2257 1750 2296 sed
1779 2257 1889 2296 alias
1906 2269 1981 2297 υα-

1098 2332 1244 2370 cuum,
1277 2319 1586 2359 dissimulanter
1605 2318 1835 2361 abscondit:
1870 2318 1975 2360 ibid.

1101 2394 1139 2423 c.
1170 2382 1237 2422 ⁶23.
1281 2382 1396 2421 alveo
1438 2382 1597 2432 ligneo,
1645 2391 1725 2430 quo
1766 2381 1981 2431 frumenta

1099 2448 1271 2484 contusa
1294 2444 1478 2494 purgari
1506 2447 1822 2491 consueverant3
1871 2442 1975 2483 ibid.

1101 2518 1139 2547 c.
1163 2506 1232 2546 24.
1266 2507 1450 2545 viminea
1478 2516 1631 2554 cavea,
1674 2516 1781 2555 quae
1808 2506 1981 2555 fustium

1098 2571 1214 2621 flexu
1242 2568 1358 2608 tereti
1387 2568 1430 2606 in
1460 2571 1618 2606 rectum
1647 2571 1884 2619 ayqregyata
1912 2579 1982 2607 cu-

1099 2631 1259 2671 mulum
1288 2630 1466 2670 lacinias
1499 2631 1784 2669 circumdatas
1821 2632 1981 2681 suffusa

1099 2694 1277 2733 candido
1312 2693 1427 2744 fumo
1456 2693 1628 2743 sulfuris
1665 2693 1895 2733 inalbabat.
1933 2716 1977 2722 —-

1101 2757 1262 2796 demisit
1283 2755 1385 2807 cet.]
1410 2755 1623 2796 «detrusit
1654 2757 1735 2804 ita,
1769 2757 1818 2795 ut
1838 2757 1980 2807 capite

1100 2823 1337 2867 contracto,
1372 2821 1575 2867 curvato,
1609 2830 1752 2870 genua
1783 2821 1980 2870 tangas.»

1100 2884 1163 2922 Ita
1193 2882 1229 2922 si
1259 2882 1479 2930 invertas,
1514 2880 1673 2922 clarius
1705 2882 1800 2921 erit.
1839 2883 1982 2922 Minus

1102 2946 1224 2983 recte
1269 2942 1338 2982 alii
1374 2945 1663 2983 construunt:
1716 2955 1773 2983 an
1815 2943 1984 2996 qenibus

1101 3011 1252 3058 tanyas
1270 3009 1397 3056 caput
1425 3006 1468 3044 in
1499 3017 1625 3055 arca,
1659 3017 1739 3055 quo
1769 3010 1806 3046 te
1826 3004 1982 3045 ancilla

1100 3069 1265 3108 conscia
1294 3066 1496 3108 adulterii
1527 3067 1582 3107 ab
1612 3067 1721 3107 hera
1755 3067 1982 3107 commissi

1104 3132 1205 3182 (Sat.
1231 3131 1246 3170 4
1268 3162 1276 3179 ,
1301 3131 1348 3180 2,
1384 3129 1494 3179 430.)
1527 3130 1686 3169 demisit
1706 3133 1978 3168 contra-ctum.

1161 3192 1311 3233 64-64.
1351 3193 1476 3231 Estne
1507 3192 1610 3244 cet.]
1643 3193 1821 3232 «Nonne
1853 3193 1984 3243 pote-

1103 3257 1193 3295 stas
1226 3256 1294 3295 est
1322 3255 1480 3294 marito
1501 3254 1692 3294 necandi
1723 3256 1767 3293 et
1794 3263 1980 3292 uxorem

1104 3319 1148 3356 et
1191 3317 1432 3357 moechum
1475 3317 1519 3355 in
1559 3315 1774 3355 adulterio
1816 3314 1981 3364 depre-

1101 3379 1324 3418 hensos‘?»
1386 3379 1449 3417 Ex
1491 3378 1673 3427 antiquo
1719 3378 1839 3415 certe
1885 3375 1979 3414 iure

1102 3442 1298 3481 Romano
1320 3442 1420 3480 ante
1439 3439 1586 3490 legem
1611 3438 1759 3478 Iuliam
1782 3437 1837 3477 de
1859 3436 1981 3476 adul—

1102 3504 1211 3543 terio
1232 3501 1381 3542 latam.
1436 3503 1489 3542 M.
1516 3502 1622 3540 Cato
1644 3500 1762 3551 apud
1784 3498 1887 3539 Geli.
1910 3499 1975 3548 40,

1655 3578 1698 3612 22
