2231 3787
277 266 379 317 :346
901 269 1111 309 nonATn
1150 271 1447 313 smmnum

345 399 442 449 Aut
484 398 673 450 insanit
710 397 868 451 homo
908 407 997 452 aut
1034 417 1223 453 versus
1263 400 1396 453 facit.
1473 401 1637 454 Ocius
1676 401 1796 455 hinc
1836 411 1884 456 te

345 499 403 550 Ni
445 499 611 568 rapis.
655 499 882 553 accedes
922 517 1087 570 opera
1127 518 1254 571 agro
1295 518 1432 553 nona
1473 501 1685 555 Sabino.

274 683 395 725 runt,
436 683 639 718 narrante
672 681 882 719 Cicerone
915 681 1031 718 Brut.
1066 680 1138 726 22,
1206 681 1368 720 Horatii
1407 681 1566 721 familia
1603 683 1778 734 rustica)
1819 684 1905 724 eris
1936 684 2077 725 fossor

272 742 336 781 88.
367 764 407 768 —
433 746 469 780 te
498 742 551 780 Ni
580 741 708 792 rapis]
741 743 808 781 Sic
829 740 978 781 Vellei.
1004 742 1048 788 2,
1071 742 1136 781 85:
1205 754 1255 783 ao
1306 743 1600 795 caprimulgus
1651 746 1714 793 et,
1771 756 1883 796 quae
1934 757 2074 798 poena

271 815 363 842 rum
392 815 432 842 se
462 804 657 843 Canidius
681 805 902 852 praecipui
931 804 1035 854 fuya
1066 815 1141 842 ra-
1204 808 1303 845 tuae
1326 807 1621 856 protervitatis
1644 807 1745 856 erit,
1779 806 1903 848 urbis
1923 819 2077 848 amoe-

264 866 418 915 puisse!
448 867 502 904 ad
530 867 764 904 Antonium.
827 867 871 904 ln
912 877 1042 917 prosa
1073 877 1137 905 or.
1205 867 1411 907 nitatibus
1452 868 1493 907 in
1534 871 1800 919 perpetuum
1841 868 2074 918 carebis;»

269 927 489 967 usitatius:
515 931 551 966 te
566 928 766 976 proripis.
787 949 830 954 —
852 929 1017 967 accedes
1037 927 1140 979 cet]
1204 927 1356 968 solitae
1397 928 1678 969 dominorum
1721 930 1879 970 minae.
1935 929 2072 970 Plaut.

274 991 466 1029 «Mittam
499 992 538 1028 te
566 992 793 1040 tamquam
825 989 1043 1041 ergastulo
1075 990 1142 1030 di-
1204 989 1387 1030 Mostell.
1412 991 1457 1039 4,
1492 992 1533 1039 4,
1568 991 1642 1030 47;
1676 992 1741 1032 Cis
1769 993 1901 1031 hercle
1914 1003 2078 1042 paucas

269 1064 401 1101 gnum
434 1052 474 1090 in
505 1051 716 1091 Sabinum
737 1063 908 1100 meum,
941 1051 1014 1091 ubi
1039 1063 1140 1092 cum
1203 1056 1477 1102 tempestates,
1505 1054 1673 1101 Tranio,
1694 1054 1869 1106 Auqebis
1886 1055 1980 1094 ruri
2000 1066 2077 1094 mc-

269 1117 366 1152 octo
398 1111 490 1153 aliis
521 1115 660 1154 servis
685 1115 761 1164 (tot
791 1115 918 1163 igitur
949 1116 1071 1154 erant
1097 1115 1140 1154 in
1202 1125 1315 1154 mero
1343 1126 1472 1166 qenus
1497 1116 1698 1165 serratile.

857 1380 1479 1427 EXCURSUS.

374 1465 447 1504 Vis
477 1465 646 1504 comica
676 1465 805 1505 huius
836 1466 1000 1505 Satirae
1033 1466 1073 1505 in
1106 1477 1158 1505 eo
1189 1467 1380 1506 maxime
1411 1467 1628 1515 cernitur,
1664 1466 1782 1517 quod
1815 1465 1936 1517 fingit
1965 1466 2073 1506 Davi

266 1535 381 1573 servi
412 1533 756 1574 Saturnaliorum
787 1534 960 1575 licentia
990 1535 1211 1576 abutentis
1233 1547 1486 1576 sermone-m
1517 1537 1712 1576 Stoicum
1741 1546 1946 1586 magnam
1968 1545 2074 1588 par-

266 1606 354 1642 tem
387 1604 571 1655 Crispini
608 1603 816 1654 aretalogi
857 1605 1027 1644 ianitori
1067 1604 1317 1645 sublectum
1355 1616 1470 1646 esse.
1532 1606 1582 1645 Et
1610 1606 1745 1645 miras
1775 1616 1930 1646 rursus
1961 1605 2074 1644 Stoi-

264 1684 419 1712 corum
457 1675 816 1724 exaggerationes
856 1675 1027 1723 irridet,
1076 1677 1117 1715 et
1156 1674 1285 1715 simul
1327 1678 1376 1715 ut
1412 1677 1604 1727 optimus
1651 1676 1794 1726 pictor
1832 1676 1903 1715 hic
1940 1677 2072 1726 atque

265 1743 371 1793 Epp.
410 1744 447 1789 l,
483 1742 547 1783 44.
582 1754 815 1784 servorum
857 1744 1050 1785 indolem
1089 1757 1353 1797 moresque,
1399 1748 1461 1785 uti
1499 1745 1554 1786 ab
1596 1747 1887 1796 ingenuorum
1918 1747 2071 1786 natura

265 1814 520 1852 necessario
551 1813 884 1865 discrepabant,
933 1815 1047 1855 salse
1079 1827 1130 1855 ac
1161 1816 1302 1856 facete
1334 1817 1552 1867 exprimit.
1612 1815 1813 1856 Voluitne
1846 1816 1979 1856 etiam
2008 1811 2073 1866 ὡς

263 1880 312 1921 ἐν
350 1884 565 1938 παρέργῳ
604 1884 847 1933 significare
887 1884 1070 1925 ridiculo
1109 1886 1312 1937 exemplo
1344 1885 1456 1925 adeo
1493 1887 1793 1937 importunum
1823 1886 1940 1926 hunc
1971 1896 2071 1926 esse

265 1951 599 2003 philosophandi
630 1954 755 2003 quasi
786 1954 1014 2002 morbum,
1055 1966 1142 2005 quo
1173 1955 1322 1995 verbis
1352 1954 1432 1996 illis
1463 1955 1705 2005 magnificis
1736 1967 1790 1995 ex
1820 1954 2071 1996 scholarum

264 2021 369 2061 locis
401 2022 712 2063 communibus
743 2025 889 2075 petitis
920 2024 1238 2073 abutebantur,
1272 2026 1341 2070 ut,
1375 2026 1412 2064 si
1442 2025 1590 2064 dicere
1621 2025 1684 2065 sas
1707 2025 1780 2073 sit,
1815 2026 1901 2064 iam
1931 2035 2070 2077 prope

263 2091 484 2139 servulos,
518 2092 684 2132 nedum
714 2095 777 2132 tot
807 2094 1020 2144 ingenuos
1051 2095 1286 2134 invaserit‘.>
1318 2096 1446 2134 Certe
1469 2105 1643 2144 omnes,
1678 2095 1752 2146 qui
1782 2097 1885 2134 tunc
1905 2095 2070 2134 Romae

263 2161 506 2211 degebant,
548 2166 761 2202 noverant
799 2165 938 2203 totum
971 2164 1157 2215 Crispini
1198 2164 1448 2216 disputandi
1478 2175 1616 2215 genus
1646 2163 1908 2214 molestum,
1953 2164 2071 2216 puti-

263 2230 391 2279 dum,
425 2231 534 2271 rude
568 2234 667 2281 (Sat.
694 2234 740 2279 4,
776 2233 822 2280 4,
857 2233 949 2272 420.
985 2234 1029 2280 4,
1064 2234 1110 2282 3,
1145 2234 1237 2274 439.
1272 2235 1319 2283 4,
1352 2233 1398 2283 4,
1432 2234 1531 2284 44-.);
1578 2245 1666 2285 quo
1687 2234 1741 2274 de
1771 2245 1933 2285 genere
1956 2234 2070 2274 Stoi-

263 2312 415 2340 corum
447 2302 732 2351 conqueritur
761 2303 894 2342 etiam
932 2303 1155 2354 Epictetus
1192 2304 1364 2343 Arriani
1393 2304 1441 2352 3,
1474 2305 1547 2353 24,
1593 2305 1636 2343 4;
1684 2303 1745 2343 Οἱ
1786 2299 1845 2344 τὰ
1881 2302 2070 2361 θεωρή-

260 2383 390 2422 ματα
419 2367 744 2421 ἀναλαβόντες
772 2369 921 2422 ψιλά,
955 2367 1099 2423 εὗθὺς
1130 2368 1252 2413 αὐτὰ
1273 2370 1495 2425 ἐξεμέσαι
1524 2371 1770 2422 θέλουσιν,
1802 2368 1868 2424 ὥς
1888 2373 1939 2413 οἱ
1955 2386 2069 2414 στο-

259 2442 460 2492 ,uam-,col
491 2441 577 2493 τήν
607 2439 809 2497 τροφήν.
868 2441 1069 2500 Πρῶτον
1098 2439 1218 2484 αὐτὸ
1248 2445 1432 2495 πέψον,
1464 2440 1552 2483 εἶθ’
1576 2438 1700 2484 οὕτω
1729 2440 1799 2496 μὴ
1820 2440 2064 2502 ἐξεμέσῃς.

259 2534 282 2541 -
312 2534 335 2540 -
367 2507 525 2550 Ταῦτα
573 2513 925 2562 'praeceptorum
968 2513 1011 2552 in
1054 2514 1140 2552 vita
1183 2513 1327 2564 usum)
1373 2508 1492 2566 ἡμῖν
1535 2510 1716 2565 δεῖξον,
1763 2511 1820 2553 ἵν’
1863 2511 2064 2566 ἴδωμεν,

260 2593 333 2620 οτι
361 2578 652 2633 μεμάθηκας
682 2585 785 2630 ταῖς
814 2575 1063 2634 ἀληθείαις
1091 2595 1135 2622 τι
1164 2581 1257 2622 τῶν
1286 2580 1590 2633 φιλοσόφων.
1651 2578 1733 2624 Οῧ·
1765 2577 1865 2623 ἀλλ’
1896 2578 2066 2624 ἐλθόν-

259 2663 333 2701 τες
368 2646 612 2691 ἀκούσατέ
648 2663 744 2703 μου
784 2648 960 2699 σχόλια
996 2651 1232 2706 λέγοντος.
1300 2655 1392 2693 Iam
1422 2653 1527 2704 quid
1566 2653 1915 2705 exspectandum
1945 2655 2063 2703 erat,

259 2720 334 2759 ubi
366 2722 637 2772 Crispiniana
669 2722 880 2773 sapientia
911 2733 935 2761 a
966 2733 1096 2762 servo
1135 2723 1414 2762 traderetur?
1457 2734 1481 2762 a
1513 2733 1644 2762 servo
1685 2722 1850 2762 domini
1886 2733 2066 2774 semper

263 2789 509 2829 clamantis:
561 2786 667 2830 Ποῦ
710 2792 834 2843 sijum
876 2786 952 2831 Ἐν
990 2788 1161 2849 σχολῇ.
1211 2791 1305 2832 Καὶ
1334 2787 1572 2833 ἀκούουσί
1612 2804 1708 2844 μου
1739 2792 1886 2843 τίνες
1929 2791 2063 2846 Λέγω

259 2856 380 2908 μετὰ
410 2857 502 2898 τῶν
532 2857 836 2910 φιλοσόφων.
889 2861 1072 2912 (Arrian.
1096 2862 1278 2913 Epictet.
1302 2861 1346 2910 4,
1373 2863 1388 2900 4
1410 2893 1418 2910 ,
1443 2862 1552 2912 438.)
1575 2862 1741 2902 Verum
1762 2873 1867 2902 ecce
1888 2873 2063 2903 summa

260 2940 359 2968 cum
392 2929 602 2980 elegantia
632 2942 684 2970 ac
716 2931 945 2971 festivitate
978 2934 1189 2971 tractatur
1217 2927 1490 2988 παράδοξον
1520 2932 1714 2972 Stoicum
1744 2932 1945 2973 homines
1981 2943 2063 2974 vo-

258 2997 490 3049 luptarios,
530 2997 799 3049 luxuriosos,
833 3002 1057 3052 signorum
1089 3000 1427 3052 tabularumque
1458 3003 1675 3053 pictarum
1705 3002 1941 3054 cupiditate
1980 3001 2063 3042 ab·

257 3070 426 3118 reptos,
473 3080 652 3116 maros,
700 3069 949 3110 adulatores
986 3081 1073 3109 non
1112 3072 1255 3111 minus
1296 3082 1450 3111 servos
1490 3082 1613 3121 esse,
1660 3082 1794 3123 quam
1838 3071 1913 3123 qui
1955 3082 2061 3122 pro—

256 3137 349 3188 prie
388 3138 449 3176 sic
490 3137 711 3187 dicantur,
758 3143 798 3178 et
842 3142 1075 3191 propterea
1118 3152 1171 3180 ex
1207 3142 1300 3181 iure
1343 3141 1499 3182 saltem
1538 3144 1722 3182 naturae
1760 3152 1849 3182 non
1878 3141 2062 3181 minori-

257 3206 340 3247 bus
372 3207 591 3257 nequitiae
621 3219 671 3247 ac
701 3207 903 3248 stultitiae
936 3211 1088 3260 poenis
1119 3212 1259 3251 teneri
1290 3212 1381 3252 sive
1417 3208 1767 3269 μικροὸούλους
1796 3211 1889 3251 sive
1917 3221 2060 3263 μεγα-

258 3274 532 3327 >odoi-lom.
586 3278 766 3326 (Arrian.
794 3279 928 3329 Epict.
956 3278 1000 3326 li,
1037 3281 1079 3327 4,
1113 3282 1196 3329 55.)
1245 3283 1397 3332 Aeque
1429 3292 1535 3321 vero
1566 3292 1617 3320 ac
1647 3278 1807 3321 servuli
1845 3279 2057 3330 sapientia

256 3345 469 3386 lectorem
497 3345 686 3395 delectat
718 3347 917 3388 eiusdem
959 3349 1216 3400 petulantia,
1264 3352 1342 3398 ita,
1391 3353 1436 3390 ut
1472 3350 1569 3390 κατ’
1600 3351 1839 3407 εἰρωνείαν
1876 3348 2057 3400 quidem

257 3418 297 3455 in
328 3419 523 3456 mentem
553 3416 680 3456 nobis
710 3418 857 3457 veniat
893 3417 1025 3466 illius,
1070 3421 1188 3470 quod
1230 3422 1345 3461 serio
1383 3421 1489 3461 dixit
1529 3420 1785 3460 Plutarchus
1822 3419 1877 3459 de
1908 3417 2053 3459 cohib.

257 3487 321 3524 lra
359 3487 428 3524 ll:
477 3483 730 3534 αἴσχιστον
760 3510 781 3516 -
811 3512 834 3517 -
864 3489 1125 3537 quaenam
1163 3487 1434 3547 δικαιότερα
1474 3488 1557 3530 τοῦ
1593 3485 1827 3529 δεσπότου
1858 3487 2055 3541 λέγοντα
