2231 3787
827 268 925 308 LlB.
959 268 1009 308 11.
1072 267 1183 307 SAT.
1217 267 1266 306 11.

218 402 406 456 Dulcia
446 420 503 456 sc
546 402 595 453 in
636 400 797 454 bilem
836 407 1044 453 vertent
1082 397 1469 468 stomachoque
1508 395 1788 448 tumultum

216 506 380 558 Lenta
422 504 553 557 seret
593 502 794 574 pituita.

869 500 1054 558 Vides,
1098 508 1154 552 ut
1192 498 1422 570 pallidus
1460 498 1632 551 onmis

218 608 398 661 Coena
438 605 694 676 desurgat
733 603 934 657 dubia?
973 602 1113 667 Quin
1154 617 1353 671 corpus
1393 607 1645 652 onustum

215 708 490 762 llesternis
531 707 669 760 vitiis
709 707 944 759 animum
982 721 1203 776 quoque
1245 708 1564 774 praegravat
1604 716 1708 752 una

214 814 385 881 Atque
426 809 589 880 affigit
627 808 788 861 humo
829 807 1042 861 (livinae
1081 803 1397 878 particulam
1436 819 1616 855 aurae.

215 912 380 970 Alter,
422 911 512 964 ubi
554 910 695 964 dicto
735 910 889 964 citius
929 916 1112 963 curata
1150 907 1333 979 sopori

1897 903 1963 954 80

215 1014 452 1068 Membra
490 1012 663 1076 dedit,
705 1014 929 1083 'vegetus
968 1010 1303 1082 praescripta
1342 1008 1410 1062 ad
1449 1007 1629 1060 munia
1673 1005 1856 1076 surgit.

254 1220 320 1258 75.
352 1221 517 1257 vertunt
547 1218 588 1256 S.
627 1240 670 1245 —
720 1217 786 1255 76.
818 1216 928 1267 ferat
958 1215 1002 1255 b.
1040 1237 1079 1243 —
1132 1215 1198 1254 77.
1233 1215 1281 1253 de
1309 1216 1456 1264 surgat
1487 1212 1534 1252 C.
1572 1235 1614 1240 —
1659 1211 1724 1250 79.
1760 1211 1910 1262 affligit

198 1285 286 1322 tres
329 1282 542 1328 Pottierii,
593 1280 657 1319 LC
701 1281 744 1319 et
783 1277 1022 1318 Bentleius.

1087 1277 1151 1327 (L't
1181 1286 1285 1324 nos,
1326 1274 1459 1326 bScp,
1495 1273 1635 1314 Codd.
1670 1272 1910 1314 Bentleiani

197 1353 352 1384 omues
385 1345 428 1382 et
458 1342 651 1382 Pottierii
681 1340 906 1393 plerique,
940 1339 1086 1388 tFMJ.)

141 1517 255 1566 Virg.
281 1515 388 1555 Aen.
421 1514 466 1561 3,
501 1514 608 1553 565:
657 1514 899 1563 desedimus,
944 1512 1019 1552 ubi

140 1591 180 1619 v.
206 1579 312 1618 lahn
338 1577 415 1617 Ed.
440 1576 511 1616 alt.
536 1588 579 1629 p.
605 1576 698 1617 469.
727 1600 771 1604 —
790 1575 1019 1625 conchylia]

141 1642 305 1682 Omnes
336 1641 428 1681 sere
451 1638 720 1683 conchulae.
756 1641 868 1679 teste
892 1637 1020 1678 Celso

140 1704 189 1752 2,
222 1705 274 1744 ⁶28
306 1706 350 1744 et
378 1704 464 1753 29„
504 1702 627 1743 facile
668 1704 784 1743 intus
817 1712 1021 1742 corrum—

141 1769 305 1818 puntur
348 1766 586 1816 alvumque
632 1766 828 1804 movent.
871 1787 914 1792 —
953 1768 1022 1803 tu—

139 1829 329 1878 multum]
376 1830 542 1868 Seneca
581 1828 714 1878 Epist.
753 1827 828 1867 95:
876 1827 1021 1865 incon—

140 1895 256 1930 stans
272 1892 500 1940 variusque
520 1901 574 1929 ea:
595 1890 774 1928 discordi
795 1889 882 1928 cibo
903 1900 1021 1927 mor-

141 1953 214 1992 bus
241 1957 312 1992 est.
342 1976 381 1982 —
418 1954 549 1992 Lenta
582 1951 755 2002 pituita]
789 1950 1020 2002 «phlegma

141 2014 372 2056 ventriculi
419 2017 463 2055 et
505 2015 858 2054 intestinorum.»
910 2012 1017 2053 Plin.

146 2079 196 2118 Η.
238 2080 286 2118 N.
331 2078 407 2128 ΞΟ,
460 2078 504 2116 7:
572 2077 796 2117 Lentitidm
843 2076 1022 2126 pituitae

145 2141 338 2191 digerunt
383 2139 640 2191 (lactucae).
702 2139 798 2178 Vox
835 2139 1018 2188 pituita»,

144 2203 269 2242 cuius
317 2202 461 2253 prima
515 2200 685 2251 syllaba
735 2200 1017 2252 producitur,

145 2264 285 2304 tribus
335 2263 515 2315 syllabis
556 2264 782 2304 efferenda
830 2265 922 2312 est,
974 2264 1022 2302 ut

150 2328 259 2378 Epp.
300 2328 343 2375 4,
395 2327 438 2375 4,
483 2327 575 2365 408.
628 2328 748 2365 Pers.
788 2326 837 2374 Ξ,
871 2325 938 2364 57.
975 2348 1020 2353 —-

144 2390 280 2430 Coena
310 2389 509 2439 desurgat
538 2388 676 2437 dubia]
711 2388 751 2426 in
790 2397 923 2438 prosa
955 2397 1018 2425 or.

146 2453 321 2501 «surgat
351 2449 405 2489 de
438 2461 578 2489 coena
609 2449 792 2496 dubia,»
825 2449 899 2499 qui
940 2449 1024 2488 Te-

142 2514 370 2553 rentianus
415 2513 481 2551 est
529 2511 668 2551 iocus.
749 2511 925 2550 Phorm.
971 2510 1020 2558 Ξ,

142 2576 194 2625 ⁶2,
237 2575 312 2614 ⁵28:
359 2576 404 2614 P.
438 2574 573 2614 Coena
611 2573 737 2612 dubia
776 2573 1018 2622 apponitur.

145 2639 191 2677 G.
228 2638 334 2687 Quid
372 2637 475 2675 istuc
509 2635 624 2675 verbi
660 2634 747 2674 est?
796 2637 841 2675 P.
879 2634 951 2673 Ubi
981 2639 1026 2674 tu

144 2700 322 2748 dubites,
360 2700 460 2748 quid
493 2709 634 2738 sumas
658 2698 934 2748 potissimum.
977 2720 1021 2725 —

141 2762 266 2813 vitiis]
300 2760 710 2812 «intemperantia».
763 2759 850 2799 Cfr.
880 2771 922 2798 v.
952 2759 1021 2799 24.

147 2847 193 2853 —-
225 2825 505 2876 praeyravat]
541 2835 702 2863 «onere
748 2834 828 2863 suo
873 2823 1025 2874 depri—

145 2887 273 2926 mit.»
323 2909 367 2914 —
416 2887 551 2937 affigit
592 2885 738 2936 humo]
786 2885 933 2924 «adeo
977 2887 1026 2924 ut

146 2959 274 2988 mens
305 2947 513 2987 hebetata
535 2959 614 2988 suo
637 2948 780 2988 officio
811 2947 928 2998 fungi
951 2959 1027 2988 ne-

147 3011 301 3060 queat,
344 3009 479 3049 rebus
508 3009 668 3050 vilibus
698 3010 823 3060 quasi
855 3010 1025 3050 adhae-

146 3082 293 3111 rens.»
335 3070 441 3110 Plat.
466 3072 630 3110 Phaed.
655 3083 698 3123 p.
724 3072 790 3111 83.
815 3073 884 3111 D.:
918 3068 1025 3112 ἑκά-

148 3146 238 3186 στη
270 3128 421 3186 ἡδονὴ
452 3134 535 3172 καὶ
564 3130 688 3186 λύπη
720 3127 881 3191 ὥσπερ
903 3126 1023 3187 ἧλον

146 3190 332 3243 ’ἔχουσα
363 3193 605 3252 προσηλοῖ
631 3191 782 3248 αὐτὴν
805 3194 909 3249 (τὴν
929 3204 1024 3248 ψυ-

147 3254 256 3310 χὴν)
289 3254 408 3314 πρὸς
443 3254 496 3297 τὸ
528 3254 671 3308 σῶμα
701 3259 783 3297 καὶ
813 3270 1024 3315 προσπε-

148 3318 267 3377 ρονᾷ
298 3321 377 3360 καὶ
414 3324 547 3360 ποιεῖ
579 3318 908 3372 σωματοειδῆ,
940 3319 1023 3361 δο-

148 3379 387 3434 ξάζουσαν
407 3379 536 3422 ταῦτ’
560 3377 720 3434 ἀληθῆ
743 3377 879 3431 εἶναι,
902 3376 1024 3440 ἅπερ

148 3439 210 3484 ἄν
237 3445 318 3485 καὶ
348 3442 403 3485 τὸ
444 3443 586 3498 σῶμα
625 3442 711 3502 φῇ.
765 3445 931 3485 Seneca
968 3446 1022 3486 de

149 3507 275 3546 Brev.
308 3508 424 3548 vitae
453 3509 499 3549 2:
540 3508 735 3559 Uryentia
757 3507 1026 3548 circumstant

1083 1513 1187 1551 vitia
1220 1512 1422 1560 midique;
1467 1520 1540 1550 uec
1570 1519 1786 1560 resurgere
1816 1512 1889 1547 aut
1925 1508 1962 1546 in

1085 1575 1310 1624 dispectum
1327 1574 1415 1612 veri
1445 1572 1632 1611 attollere
1652 1572 1790 1611 oculos
1808 1571 1963 1617 sinunt,

1084 1637 1153 1675 sed
1169 1646 1323 1675 mersos
1340 1639 1376 1675 et
1394 1636 1435 1674 in
1447 1634 1741 1684 cupiditatibus
1772 1633 1865 1683 insi
1875 1645 1907 1672 αο-
1917 1644 1938 1671 o
1949 1643 1967 1670 s

1079 1703 1289 1749 premunt.
1341 1698 1426 1737 Csr.
1454 1697 1713 1736 Damascius
1735 1696 1853 1747 apud
1875 1696 1968 1734 Sui-

1086 1761 1190 1801 dam
1212 1761 1254 1800 111
1270 1772 1311 1800 v.
1326 1754 1633 1816 Ἀγαθοεργία
1655 1770 1696 1810 p.
1714 1758 1780 1797 35.
1800 1758 1962 1797 Bernh.

1086 1825 1233 1864 Lectio
1271 1824 1423 1875 affligit
1463 1823 1698 1873 significat:
1753 1831 1881 1860 «cum
1925 1821 1966 1858 vi

1085 1891 1218 1940 atque
1250 1889 1420 1939 impetu
1452 1886 1622 1936 illidit,»
1657 1886 1697 1925 id
1721 1885 1841 1936 quod
1868 1885 1907 1924 h.
1936 1884 1964 1925 l.

1085 1954 1239 2003 aptum
1270 1962 1357 1990 11011
1389 1952 1470 1990 est.
1500 1973 1544 1978 —
1569 1950 1734 1988 divinae
1752 1960 1792 1998 p.
1818 1947 1966 1999 aurae]

1085 2015 1466 2065 Pythagoreorum
1512 2013 1554 2051 et
1597 2011 1847 2050 Stoicorum
1891 2009 1969 2048 fuit

1086 2077 1287 2116 doctrina
1318 2086 1400 2115 nos
1431 2086 1485 2114 ecc
1513 2074 1712 2114 universa
1740 2076 1873 2112 mente
1903 2072 1969 2110 di-

1084 2140 1185 2178 vina
1215 2138 1412 2177 delibatos
1441 2138 1603 2176 animos
1630 2136 1802 2183 habere,
1835 2136 1884 2174 ut
1911 2135 1969 2173 ait

1088 2202 1178 2241 Cic.
1204 2201 1297 2241 Cat.
1323 2200 1426 2240 mai.
1458 2200 1532 2247 ⁶24,
1567 2199 1633 2239 78.
1668 2198 1723 2238 de
1755 2199 1804 2237 N.
1836 2198 1886 2236 D.
1919 2198 1965 2246 4,

1088 2264 1160 2312 44,
1194 2264 1260 2303 27.
1304 2263 1420 2313 Virg.
1443 2263 1552 2302 Aen.
1578 2262 1626 2309 6,
1660 2260 1737 2301 746
1769 2271 1836 2311 sq.
1889 2260 1970 2298 Se-

1087 2337 1199 2366 neca
1229 2326 1365 2376 Epist.
1391 2325 1493 2364 420:
1540 2335 1653 2363 mens
1683 2324 1769 2371 dei,
1802 2334 1855 2362 ep
1885 2333 1970 2371 qua

1083 2398 1186 2438 pars
1215 2391 1251 2426 et
1281 2387 1324 2426 in
1353 2387 1427 2425 hoc
1451 2390 1596 2436 pectus
1624 2385 1802 2424 mortale
1833 2386 1967 2435 deflu-

1085 2451 1165 2489 oeit.
1226 2449 1400 2488 Maxim.
1426 2449 1526 2498 Tyr.
1552 2447 1598 2495 4,
1629 2448 1675 2486 7:
1711 2447 1971 2502 συγκέκρα-

1087 2524 1165 2552 ται]
1195 2505 1322 2564 αὐτῷ
1358 2510 1551 2561 (1101111111)
1576 2504 1602 2548 ὁ
1632 2507 1742 2559 βίος
1772 2505 1822 2560 ἐξ
1843 2503 1970 2547 ἀθα-

1088 2571 1246 2614 νάτων
1276 2573 1359 2612 καὶ
1377 2566 1568 2625 θνητῶν
1590 2568 1883 2628 πραγμάτων
1904 2567 1968 2620 (ὃς

1088 2636 1190 2691 ζῴῳ
1233 2636 1324 2676 τινὶ
1362 2633 1413 2675 ἐν
1455 2634 1668 2691 μεθορίῳ
1699 2634 1968 2687 τεταγμένῳ

1087 2699 1170 2739 καὶ
1218 2694 1347 2755 παρὰ
1394 2696 1484 2750 μὲν
1526 2694 1710 2750 θνητῆς
1751 2695 1970 2748 πλημμε-

1088 2761 1216 2812 λείας
1245 2758 1302 2801 τὸ
1334 2756 1479 2813 σῶμα
1507 2752 1696 2808 οε’χοντι,
1729 2759 1782 2800 ἐκ
1802 2757 1853 2799 δὲ
1883 2755 1969 2810 τῆς

1087 2819 1339 2865 ἀθανάτου
1398 2818 1649 2880 ἀπορῥοῆς
1709 2818 1795 2862 τὸν
1853 2818 1970 2861 νοῦν

1088 2883 1402 2939 λαμβάνοντι.
1460 2909 1503 2915 -
1551 2887 1658 2925 dicto
1700 2885 1821 2924 eitius
1865 2881 1967 2933 cet.]

1090 2960 1303 3001 «corpore
1335 2948 1601 2988 brevissima
1632 2958 1774 2987 coena
1802 2946 1971 2987 refecto

1091 3013 1241 3053 statim
1265 3011 1466 3052 cubitum
1496 3011 1528 3050 it
1548 3021 1695 3061 neque
1727 3010 1770 3049 111
1792 3011 1970 3049 noctem

1086 3075 1262 3125 potat.»
1336 3071 1539 3112 Formula
1589 3072 1696 3111 dicto
1740 3071 1861 3110 citius
1903 3071 1971 3110 usi

1087 3137 1189 3177 sunt
1219 3136 1353 3175 etiam
1390 3133 1594 3185 Virgilius
1632 3136 1739 3174 Aen.
1781 3134 1825 3183 4,
1874 3132 1966 3173 442.

1088 3199 1132 3237 et
1152 3198 1298 3237 Livius
1317 3196 1391 3244 23,
1426 3196 1510 3245 47„
1543 3196 1620 3236 ubi
1650 3196 1878 3236 imminuta
1902 3198 1972 3234 est

1088 3260 1346 3311 interposita
1385 3258 1601 3311 particula
1635 3270 1781 3309 prope.
1844 3256 1967 3298 Conf.

1088 3322 1166 3363 Od.
1204 3323 1251 3371 4,
1287 3323 1362 3369 44,
1396 3323 1448 3361 7;
1500 3323 1613 3361 Dum
1654 3322 1876 3371 loquimur.
1923 3342 1965 3346 ——

1082 3385 1356 3435 praescripta
1396 3385 1452 3424 ad
1488 3384 1650 3433 munia]
1693 3382 1781 3421 «ad
1812 3391 1971 3420 neces-

1089 3448 1227 3487 sarias
1286 3446 1533 3486 functiones
1581 3457 1633 3486 ac
1682 3442 1807 3484 solita
1854 3443 1969 3482 vitae

1091 3508 1374 3560 quotidianae
1407 3507 1593 3548 officia.»
1644 3507 1796 3546 501101..
