2231 3787
832 215 928 254 Llss.
965 216 1010 254 ll.

1076 215 1236 254 EPIST.
1274 217 1302 254 Ι.

1880 216 1970 267 otii

221 343 343 396 Sive
385 342 604 414 clephas
644 342 797 397 albus
838 344 975 415 volgi
1017 354 1357 400 converteret
1396 365 1516 411 ora;

218 446 495 514 Spectaret
534 445 793 516 populum
834 445 971 499 ludis
1011 449 1261 500 attentius
1305 448 1460 519 ipsis,

219 545 283 599 Ut
321 546 422 599 sihi
464 547 815 617 praebentem
856 549 1016 602 mimo
1057 551 1366 620 spectacula
1406 551 1580 622 plura:

215 647 519 718 Scriptores
559 658 738 702 autem
780 668 999 705 narrare
1041 660 1252 723 putaret
1295 653 1461 707 asello

256 814 350 853 196.
395 816 644 854 converterit,
692 827 792 855 611111
827 817 1034 856 Prisciani
1067 819 1174 857 Cod.
1212 819 1463 870 Cantabrig.
1500 821 1558 870 (et
1589 819 1730 860 tribus
1761 819 1921 859 Krehlii

197 877 242 915 Τ.
263 877 292 914 1.
314 887 354 927 p.
382 876 491 926 482.)
525 876 761 917 Bentleius.
799 880 863 928 (Ut
885 890 988 927 nos,
1024 882 1184 929 nostri,
1220 883 1413 921 Pottierii
1438 885 1481 922 et
1502 882 1917 925 Schmidiiomness:

199 961 242 965 —-
278 939 369 978 198.
406 938 580 979 Habent
610 942 735 979 mimo
768 942 906 981 nostri
939 944 982 981 ct
1015 944 1207 982 Pottierii
1251 955 1421 984 omnes,
1471 944 1578 984 Vide
1613 945 1835 984 Adnotatt.
1874 967 1917 971 —-

192 1001 333 1053 plura]
364 1003 453 1041 risu
486 1014 527 1054 p.

139 1141 251 1193 ebur]
301 1143 455 1193 «signa
497 1145 539 1182 et
570 1145 713 1184 omnis
744 1146 919 1196 generis
951 1157 1026 1184 or-

142 1208 348 1245 namenta
371 1205 615 1246 eburnea.»
648 1209 860 1247 Nisi'vero
883 1209 1024 1248 mavis

140 1266 382 1319 intelligere
414 1268 573 1309 dentes
605 1269 851 1318 eburne0s3
905 1271 1025 1323 apud

140 1331 308 1370 Livium
350 1333 471 1370 certe
512 1331 584 1379 37,
619 1333 686 1371 50.
722 1333 764 1372 in
797 1334 1021 1384 trIumplio

139 1392 193 1432 ‹le
207 1393 423 1432 Antiocho
440 1393 608 1433 eburnei
621 1395 757 1434 (lentes
767 1395 1019 1435 MCCXYXI.

137 1456 296 1506 portati
341 1466 441 1496 esse
487 1456 706 1497 dicuntur.
749 1479 793 1485 —
852 1460 1023 1508 captiva

137 1517 366 1569 Corinthus]
405 1517 606 1570 Plerique
638 1520 1017 1570 interpretantur:

138 1582 282 1620 «tanta
304 1581 369 1621 vis
391 1581 615 1631 signorum
639 1592 885 1621 aeneorum
906 1594 1023 1622 mar—

138 1654 511 1695 moreorumque,
546 1646 710 1694 quanta
741 1655 765 1683 a
796 1646 842 1684 L.
875 1646 1020 1685 Mum-

136 1709 223 1748 mio
256 1708 465 1747 Corintho
489 1709 672 1748 Romam
695 1710 764 1748 est
784 1708 1017 1748 advecta.»

138 1772 366 1810 Praestare
413 1772 564 1810 tamen
610 1770 785 1810 videtur
833 1772 1019 1811 Acronis

136 1832 392 1884 explicatio:
437 1844 573 1873 «vasa
606 1833 880 1882 Corinthia,»
914 1838 1017 1874 cum

134 1896 269 1935 etiam
302 1896 538 1947 Pompeius
570 1894 685 1936 ludis
716 1897 807 1936 suis
829 1897 872 1936 in
894 1897 1017 1948 Equo

136 1960 322 1998 Troiano
339 1960 597 2010 exposuerit
620 1964 890 1999 craterarum
915 1961 1017 2011 (non

130 2023 356 2071 ‹rebrat-rum)
398 2022 484 2060 tria
512 2022 632 2060 milia
668 2022 772 2072 (Cic.
806 2022 863 2062 ad
892 2024 1014 2063 Fam.

132 2085 177 2132 7,
203 2085 218 2123 sl
240 2116 247 2133 ,
272 2084 344 2134 2.).
390 2086 452 2124 De
476 2085 674 2124 Corinthi
696 2088 853 2137 captae
876 2087 1017 2126 simu-

131 2145 250 2186 lacro
282 2145 461 2197 intelligi
491 2147 560 2185 vix
590 2149 753 2198 potest.

186 2271 389 2312 ›¹94-499.
418 2272 690 2324 Democritus]
714 2273 840 2313 Hunc
857 2284 1015 2313 omnes

130 2344 203 2373 res
234 2334 452 2374 humanas
483 2337 701 2386 perpetuo
732 2337 846 2384 risu⁷
882 2337 1017 2375 Hera-

130 2395 281 2436 clitum
313 2397 497 2437 easdem
528 2398 635 2437 ssetu
666 2401 884 2450 perpetuo
909 2410 1015 2449 pro-

130 2461 335 2500 secutum
366 2472 466 2501 esse
498 2460 741 2501 narrabant
777 2462 821 2501 in
852 2460 1013 2501 scholis

128 2522 394 2574 philosophi.
430 2523 493 2563 Cf.
525 2524 634 2574 Epp.
662 2525 708 2571 1,
739 2525 810 2572 42,
843 2525 907 2563 11⁶2.
941 2525 1014 2563 Iu-

128 2595 228 2624 ven.
255 2586 320 2633 10,
344 2585 421 2625 33;
451 2586 650 2635 Perpetuo
670 2587 761 2625 risu
774 2586 1013 2636 pulmonem

127 2648 293 2699 ayitare
310 2648 466 2686 solebat
486 2649 764 2688 Democritus.
790 2672 835 2676 —-
859 2648 1013 2687 Diver-

126 2721 217 2749 sum
237 2735 261 2741 -
281 2710 429 2761 yemis]
477 2712 621 2750 «mire
666 2711 850 2750 mixtum
896 2705 1009 2743 inter

127 2782 176 2812 se
208 2784 262 2811 ex
292 2772 445 2813 formis
474 2783 609 2823 quam
630 2773 819 2812 maxime
842 2765 1009 2805 discre—

127 2834 395 2886 pantibus;»
429 2846 544 2875 non:
581 2834 831 2872 «diversum
857 2830 1006 2868 tamen

127 2896 183 2936 ab
221 2900 432 2948 utroque,
481 2890 650 2935 camelo
692 2894 736 2931 et
764 2891 1002 2943 panthera,

128 2971 324 3010 genus,»
369 2959 411 2997 id
443 2954 562 3005 quod
592 2954 678 2994 dici
709 2953 814 2994 nihil
845 2954 1007 2993 attine—

126 3021 216 3061 bat.
270 3021 345 3060 Est
372 3019 520 3056 autem
551 3028 592 3055 v.
630 3028 759 3068 genus
789 3017 1005 3068 appositio

124 3083 267 3134 potius
298 3088 456 3129 quam,
491 3089 626 3128 quem
657 3078 830 3127 dicunt,
869 3090 1005 3119 accu-

125 3142 288 3183 sativus
311 3141 507 3180 Graecus
527 3151 535 3177 ;
561 3141 863 3192 συγχυθεῖσα
883 3137 1005 3180 κατὰ

122 3203 257 3256 γένος
295 3199 559 3258 διάφορον,
608 3203 823 3243 «confusa
862 3204 902 3242 in
935 3203 1004 3242 ‹li-

123 3275 303 3305 versum
326 3275 510 3315 genus‚»
529 3264 649 3315 quod
670 3263 815 3315 placet
831 3265 1005 3304 Schmi-

125 3327 195 3367 dio
225 3338 267 3378 p.
292 3327 385 3367 308.
433 3326 519 3366 Sed
541 3327 636 3377 ipsa
659 3325 900 3366 verborum
922 3338 1004 3378 po-

125 3390 295 3439 sitione,
318 3392 367 3429 ut
386 3391 508 3429 recte
531 3388 650 3428 idem
673 3400 714 3439 p.
738 3388 850 3436 1119„
873 3399 1002 3428 mon—

126 3453 345 3492 struosam
376 3451 576 3492 animalis
608 3450 796 3490 formam
819 3461 1003 3502 expres-

1090 1146 1158 1184 sit.
1213 1146 1436 1196 Significat
1465 1147 1845 1197 cameloparclalin,
1881 1149 1974 1187 (ii-

1087 1208 1244 1258 ruffe.
1280 1206 1385 1247 Plin.
1412 1209 1459 1247 H.
1489 1209 1537 1248 N.
1562 1209 1602 1257 8,
1633 1210 1697 1257 48,
1723 1210 1795 1248 ⁶27:
1832 1210 1976 1250 Came-

1087 1270 1319 1319 lopardalis
1349 1270 1564 1309 dictatoris
1594 1271 1786 1311 Caesaris
1812 1272 1976 1312 Circen-

1086 1333 1196 1371 sibus
1226 1333 1333 1371 ludis
1356 1333 1545 1383 primum
1572 1334 1662 1373 visa
1683 1335 1851 1374 Romae.
1902 1336 1973 1374 EJJ

1086 1406 1131 1434 eo
1173 1395 1343 1434 subinde
1387 1396 1597 1445 cernitur,
1644 1400 1812 1446 aspectu
1840 1399 1975 1447 massis

1086 1468 1215 1505 quam
1233 1458 1399 1507 feritate
1419 1459 1666 1508 conspicua,
1695 1470 1827 1508 quare
1847 1460 1974 1498 etiam

1085 1519 1180 1558 ovis
1213 1520 1332 1559 t'erae
1363 1531 1511 1559 nomen
1540 1521 1709 1560 invenit.
1750 1541 1793 1547 —
1830 1520 1969 1572 albus]

1085 1580 1354 1632 Elephantes
1400 1581 1486 1621 albi
1533 1584 1724 1623 rariores
1770 1585 1885 1622 sunt.
1925 1606 1967 1610 —

1083 1645 1351 1695 converteret]
1389 1646 1583 1697 Tempus
1616 1646 1733 1685 idem
1766 1647 1833 1684 est
1865 1654 1969 1684 cum

1083 1706 1154 1746 illo
1184 1708 1217 1746 si
1246 1707 1353 1758 foret
1382 1708 1590 1757 interris,
1627 1719 1703 1747 «ac
1726 1709 1830 1747 tunc
1852 1706 1967 1758 volgi

1083 1780 1159 1808 ora
1176 1773 1432 1809 converteret
1447 1768 1816 1821 camelopardalis
1833 1781 1868 1815 ς»
1888 1779 1968 1820 pro

1083 1843 1170 1882 quo
1213 1833 1294 1872 etsi
1327 1831 1407 1871 alia
1441 1833 1657 1884 temporis
1688 1832 1860 1871 ratione
1891 1841 1970 1870 ae-

1084 1905 1170 1945 que
1203 1896 1352 1934 tamen
1390 1897 1566 1934 rectum
1598 1896 1719 1934 esset
1747 1893 1970 1932 convertis-

1080 1961 1152 1996 set.
1194 1981 1239 1985 ---
1285 1956 1574 2008 ludis-ipsis]
1621 1965 1794 2005 «quam
1838 1953 1966 1994 ludos

1080 2020 1246 2070 ipsos.»
1292 2019 1354 2059 Cf.
1380 2020 1469 2058 Sat.
1496 2020 1540 2067 tt,
1574 2019 1588 2057 4
1613 2049 1620 2066 ‚
1654 2017 1720 2056 97.
1748 2039 1792 2044 —
1824 2015 1966 2066 mimo]

1080 2093 1161 2133 pro
1183 2082 1342 2133 quovis
1364 2081 1589 2120 histrione.
1626 2078 1808 2131 («Codd.
1835 2081 1965 2129 quat-

1081 2146 1181 2183 tuor
1204 2143 1384 2194 Cruquii
1405 2143 1599 2190 mimum,
1633 2141 1752 2191 quod
1775 2141 1962 2180 sortasse

1082 2206 1249 2245 verius:
1300 2205 1531 2254 «Populum
1560 2208 1605 2243 ut
1632 2205 1805 2242 mimum
1831 2214 1963 2251 prae—

1079 2269 1238 2308 tentem
1280 2267 1356 2305 sibi
1402 2265 1641 2316 spectacula
1681 2263 1814 2312 plura
1855 2263 1963 2302 ludis

1077 2332 1219 2381 ipsis.»
1266 2330 1497 2369 Baxrrmrs
1536 2326 1577 2364 in
1610 2326 1736 2365 Curis
1772 2327 1962 2366 novissi—

1078 2394 1175 2432 mis.
1224 2392 1310 2431 Sed
1351 2388 1460 2427 mire
1501 2388 1584 2427 hac
1615 2386 1803 2427 lectione
1835 2389 1960 2428 intri—

1078 2458 1203 2495 catur
1251 2451 1538 2490 constructio.
1621 2450 1732 2498 Quid
1785 2451 1958 2491 multa?

1075 2520 1246 2557 mimum
1278 2515 1345 2553 est
1374 2523 1497 2552 mera
1522 2513 1879 2553 accommodatio
1901 2514 1957 2554 ad

1076 2576 1352 2630 praecedens
1382 2574 1587 2615 verbum.
1640 2578 1794 2627 Aeque
1825 2577 1957 2616 vitio-

1072 2649 1147 2678 sae
1180 2640 1284 2678 sunt
1312 2638 1526 2678 lectiones
1557 2638 1746 2677 duorum
1781 2639 1955 2678 Schmi—

1073 2700 1131 2739 dii
1161 2701 1339 2739 nimium
1369 2701 1413 2739 et
1443 2699 1629 2739 aliorum
1657 2699 1774 2751 apud
1797 2701 1956 2740 Marci-

1071 2762 1177 2802 lium
1208 2763 1337 2801 uimio
1366 2762 1605 2812 spectacula
1624 2761 1748 2813 risu.)
1775 2784 1819 2790 —
1843 2763 1957 2802 Scri-

1066 2829 1205 2875 ptores
1225 2824 1329 2876 cet.]
1363 2841 1381 2860 «
1396 2827 1552 2865 Poetas
1578 2826 1729 2864 autem
1749 2826 1953 2865 scenicos

1070 2889 1190 2939 ipsos
1221 2899 1404 2939 operam
1435 2886 1589 2926 ludere
1615 2889 1812 2938 putaret,
1848 2898 1951 2928 cum

1068 2949 1329 3002 plebeculae
1362 2952 1452 2989 tam
1482 2948 1640 2989 stultae
1672 2948 1842 2989 fabulas
1870 2950 1952 2989 da-

1068 3016 1210 3054 rent.»
1239 3036 1282 3040 —
1308 3012 1448 3064 asello]
1470 3013 1566 3052 Duo
1587 3011 1827 3064 proverbia
1850 3023 1952 3051 con-

1069 3076 1226 3116 iunxit:
1261 3076 1388 3114 surdo
1409 3085 1593 3114 narrare
1611 3074 1801 3125 fabulam
1824 3075 1946 3124 (Nos:

1068 3139 1217 3178 tauben
1238 3139 1372 3177 Ohren
1391 3137 1630 3188 prediqen.)
1658 3138 1833 3176 Terent.
1860 3137 1948 3175 He—

1068 3203 1156 3241 aut.
1197 3202 1247 3249 ¹2,
1282 3201 1329 3248 γ’1,
1365 3200 1429 3239 10.
1469 3201 1512 3239 et
1551 3201 1769 3238 Graecum
1812 3196 1944 3236 illud:

1054 3258 1175 3316 Ὅνεῖ)
1220 3274 1288 3311 τις
1335 3257 1465 3315 ἔλεγε
1506 3257 1696 3314 μῦθον·
1745 3254 1771 3297 ὁ
1808 3257 1857 3298 δὲ
1889 3254 1947 3297 τὰ

1067 3326 1168 3364 ω’τα
1196 3324 1368 3365 ἐκίνει·
1416 3325 1483 3374 εἰς
1518 3318 1847 3373 ἀναισθησίαν
1877 3332 1947 3360 τι-

1066 3385 1160 3427 νῶν
1192 3383 1220 3438 ἡ
1251 3388 1486 3444 παροιμία
1516 3383 1697 3442 εἴρηται
1728 3382 1824 3424 κτλ.
1864 3385 1946 3423 Ζ6-

1066 3449 1170 3490 nob.
1205 3451 1249 3497 ὃ,
1284 3449 1351 3489 4-2.
