2231 3787
201 205 270 257 ΞΟ

835 197 1051 238 ΗΟΒΑΤΙΙ
1082 192 1386 235 SATIRARUM

270 337 335 392 Ut
370 330 775 389 Nomentanus?
813 328 1000 399 Pergis
1038 323 1332 398 pugnantia
1377 337 1566 376 secum

275 437 561 493 Frontibus
601 432 844 488 adversis
884 445 1240 501 componere:
1282 428 1557 496 non'ego,
1601 438 1823 475 avarum

275 543 409 595 Cum
445 547 568 592 veto
608 546 658 590 te
698 535 838 596 fieri,
880 549 1112 604 vappam
1153 529 1315 583 iubeo
1356 545 1419 581 ac
1458 524 1803 579 nebulonem.

274 644 366 696 Est
402 642 540 694 inter
579 641 779 692 Tana‘in
817 634 1079 708 quiddam
1119 646 1484 701 socerumque
1523 626 1720 681 Viselli.

1941 624 2036 678 ¹05

274 746 368 798 Est
404 742 599 796 modus
639 741 691 793 in
729 738 923 799 rebUS,
967 744 1091 789 sunt
1129 733 1261 788 certi
1302 731 1541 801 denique
1581 729 1748 791 fineS,

277 848 427 911 Quos
466 844 605 897 ultra
644 842 887 911 citraque
927 837 1115 908 nequit
1153 834 1453 889 consistere
1493 840 1717 885 rectum.

318 988 410 1030 404.
445 987 508 1040 ac]
542 989 615 1026 aut
646 986 691 1025 L.
730 1005 774 1012 ——
809 983 902 1023 405.
940 980 1115 1020 Tanaim
1151 977 1322 1026 bS,LCt
1355 978 1455 1027 {non
1487 975 1640 1028 Bcdp'*.
1672 997 1716 1003 —
1740 975 1834 1014 406.
1868 975 1984 1026 certi]

261 1053 361 1093 recti
391 1051 464 1091 bc..

208 1176 507 1228 Nomentanus]
553 1176 600 1215 L.
635 1173 814 1214 Cassius
850 1170 1094 1212 Nomenta—

207 1252 306 1289 nus,
339 1249 532 1292 persona
553 1235 775 1277 Luciliana
798 1233 899 1286 (vid.
923 1232 1095 1273 Becker

208 1304 349 1344 Rhein.
380 1303 490 1343 Mus.
520 1301 574 1341 N.
603 1300 650 1339 F.
682 1299 733 1338 V.
766 1309 810 1350 p.
846 1296 924 1337 369
958 1295 1091 1346 sqq),

210 1377 315 1406 cum
344 1363 481 1405 altero
512 1362 583 1403 illo
613 1361 822 1415 prodigo,
856 1359 1028 1400 Maenio
1056 1368 1091 1397 s.

210 1428 367 1477 Mallio,
402 1428 478 1479 qui
498 1428 586 1467 Sat.
613 1426 658 1474 4,
682 1425 732 1474 8,
758 1424 823 1463 44.
857 1419 1095 1461 ridiculum

210 1490 426 1532 Pantolabi
472 1498 723 1540 cognomen
767 1485 929 1534 habet,
978 1482 1097 1535 apud

209 1556 391 1606 poetam
423 1551 718 1603 componitur.
782 1548 987 1588 «Cassius
1015 1547 1099 1585 No-

211 1619 449 1658 mentanus
489 1615 603 1654 adeo
642 1614 737 1654 sine
772 1613 983 1663 respectu
1014 1609 1100 1649 bo-

211 1691 373 1720 norum
394 1688 580 1719 suorum
600 1675 833 1728 prodigus,
867 1676 915 1714 ut
935 1674 1104 1714 sester-

214 1745 323 1783 tium
369 1741 621 1793 septuagies
666 1737 793 1790 gulae
839 1748 891 1777 ac
932 1735 1101 1776 libidini

215 1805 512 1858 impenderet.
589 1803 726 1843 Huius
771 1811 969 1852 coquum
1012 1800 1103 1838 Da·-

215 1880 338 1909 mam
369 1868 548 1907 nomine
581 1864 797 1906 Salustius
819 1863 1002 1915 Crispus
1035 1862 1104 1901 hi-

217 1932 456 1972 storiarum
495 1930 687 1981 scriptor
724 1927 863 1967 fertur
905 1925 1104 1966 centenis

218 1994 397 2036 milibus
419 1993 691 2033 conductum
714 1990 970 2030 habuisse.»
998 1990 1101 2028 Aen.

220 2060 265 2098 et
284 2060 492 2098 Ponpm-n.
536 2057 729 2105 Uterque
750 2054 880 2104 igitur
900 2062 1042 2103 nepos
1065 2053 1108 2090 et

220 2130 383 2171 ganeo:
417 2130 502 2158 nec
523 2120 674 2158 tamen
699 2118 939 2169 propterea
960 2113 1109 2165 legen-

221 2183 330 2222 dum
362 2193 465 2222 cum
494 2180 657 2221 WVolfio
681 2192 734 2220 ex
758 2179 897 2220 Cadd.
921 2176 1108 2218 Bentleii

221 2258 274 2286 ae
303 2247 373 2286 sie.
435 2245 511 2285 Est
549 2245 754 2283 nostrum
793 2244 916 2282 oder
952 2240 1105 2280 auch.

226 2332 271 2340 —
294 2307 516 2348 Frontibus
536 2306 738 2354 adversis]
770 2305 910 2354 Junge
933 2313 1037 2342 cum
1060 2314 1102 2341 κ’.

221 2381 488 2421 componere,
536 2380 622 2408 non
664 2379 767 2408 cum
806 2379 876 2406 vv.
904 2376 1111 2417 pagynan-

223 2437 284 2475 tia
311 2444 462 2474 secam.
527 2433 647 2472 «Non
687 2431 853 2470 desinis
890 2428 1110 2468 contraria

224 2500 285 2539 ita
323 2505 623 2547 componere,
670 2494 719 2532 ut
749 2504 772 2532 e
803 2492 986 2544 regione
1029 2489 1113 2530 sibi

227 2561 429 2614 opposita
460 2560 607 2599 sint‘?»
639 2560 689 2596 ut
719 2557 896 2605 Graeci,
931 2554 983 2595 ἐκ
1011 2552 1116 2594 δια-

228 2625 405 2680 μέτρου
442 2616 561 2673 ἡμῖν
599 2619 649 2658 οἱ
682 2617 784 2667 βίοι
821 2613 1114 2670 (ἀντίθετοι).

230 2686 408 2728 Lucian.
455 2680 623 2734 Catapl.
658 2681 724 2722 44.
763 2705 807 2709 -
855 2679 1114 2731 componere]

231 2749 353 2791 velut
393 2746 685 2799 gladiatorum
720 2755 815 2796 par.
851 2744 937 2783 Sat.
973 2744 1021 2791 4,
1065 2742 1115 2790 7,

232 2814 301 2854 20.
339 2834 384 2840 —-
418 2811 520 2851 Cum
548 2812 638 2848 veto
675 2811 712 2847 te
749 2806 856 2859 fier-i]
891 2805 1120 2847 Contrahit

233 2876 366 2916 haec:
404 2874 526 2912 «Non
558 2882 662 2911 cum
683 2880 868 2909 avarum
899 2880 982 2920 ego
1015 2870 1119 2908 veto

236 2940 279 2977 te
318 2935 437 2984 fieri,
483 2936 724 2986 propterea
763 2932 859 2972 fieri
898 2933 941 2971 te
987 2931 1122 2972 iubeo

236 3009 477 3050 vappam.»
514 3019 558 3024 —
596 3007 783 3046 vappam
813 3017 837 3023 -
866 3006 917 3034 ac
953 2995 1124 3035 nebulo-

238 3061 346 3111 nem]
380 3061 467 3099 Sat.
494 3060 539 3108 4,
573 3059 619 3107 2,
655 3059 725 3098 42:
759 3058 945 3109 Fufidius
962 3069 1127 3108 vappae

239 3126 403 3176 famam
423 3123 535 3161 timet
551 3132 601 3160 ac
616 3120 842 3160 nebulonis.
879 3121 935 3160 «S
946 3132 967 3159 c
978 3121 1025 3160 hl
1037 3132 1057 3160 e
1069 3132 1128 3160 m-

241 3197 350 3226 met·
378 3185 464 3224 und
497 3184 800 3234 le't'stliny.»
847 3182 954 3222 Plin.
990 3184 1039 3223 H.
1074 3185 1123 3223 N.

246 3247 318 3297 44,
356 3248 432 3297 20,
470 3248 546 3286 25:
598 3246 750 3286 Vitium
787 3249 920 3285 must-0
959 3246 1129 3296 quibu-s-

246 3312 345 3351 dam
373 3311 417 3350 in
447 3310 547 3349 locis
580 3310 732 3349 iterum
765 3312 907 3358 sponte
942 3308 1127 3360 fervere,

248 3384 333 3422 qua
361 3373 604 3413 calamitate
633 3372 790 3422 deperit
824 3382 954 3421 sapor
995 3383 1019 3410 v
1037 3383 1061 3411 a
1072 3383 1130 3421 p-

246 3448 443 3487 paeque
485 3435 638 3486 accipie
669 3445 839 3483 nomen,
878 3433 1130 3486 probrosum

1157 1168 1284 1207 etiam
1334 1166 1575 1215 hominum,

1159 1231 1340 1270 animus.

1216 1294 1309 1333 405.
1345 1292 1438 1332 406.
1491 1291 1666 1343 Tanain]
1701 1291 1884 1331 «Tanais
1906 1289 2046 1342 spado

1160 1357 1257 1406 fuit,
1292 1358 1339 1396 ut
1370 1355 1553 1408 quidam
1591 1356 1736 1405 aiunt,
1778 1354 2049 1395 Maecenatis

1160 1419 1376 1468 libertus,
1422 1420 1472 1458 ut
1515 1417 1743 1467 nonnulli,
1790 1419 1835 1457 L.
1870 1418 2050 1458 Munatii

1161 1482 1332 1532 Planci,
1378 1480 1544 1522 Visellii
1584 1483 1735 1521 autem
1776 1492 1908 1521 socer
1945 1480 2054 1521 her-

1163 1546 1332 1586 niosus.
1352 1560 1370 1579 »
1428 1546 1637 1584 Pomm-n.
1689 1567 1734 1574 -—
1781 1545 1855 1584 Est
1904 1544 2053 1584 modus

1165 1608 1268 1660 cet]
1303 1609 1465 1647 Lucan.
1490 1607 1538 1656 2,
1573 1606 1677 1647 380:
1710 1607 1813 1647 haec
1843 1608 1941 1647 dari
1968 1608 2054 1647 im-

1162 1676 1279 1712 mota
1310 1670 1480 1711 Catonis
1500 1670 1622 1710 Secta
1641 1671 1743 1722 fuit,
1776 1682 1946 1711 servare
1965 1683 2057 1711 mo-

1165 1736 1264 1774 dum
1290 1736 1496 1786 finemque
1526 1737 1676 1774 tenere.
1705 1757 1750 1763 —
1775 1735 1963 1784 denique]
1988 1735 2056 1774 Si—

1168 1798 1347 1850 gnificat
1379 1808 1427 1837 se
1459 1797 1544 1836 hac
1566 1799 1783 1837 sententia
1807 1798 1884 1838 toti
1907 1797 2058 1850 dispu-

1168 1862 1320 1902 tationi
1353 1861 1441 1900 iam
1471 1859 1608 1900 finem
1639 1861 1888 1912 imponere.
1940 1862 2054 1901 Nos:

1173 1926 1275 1965 «Mic
1298 1925 1446 1963 Einem
1479 1923 1644 1963 IVort.»
1668 1945 1715 1951 —
1741 1924 1913 1976 rectum]
1946 1924 2060 1963 Scri·

1170 1991 1272 2040 ptor
1303 1986 1359 2026 ad
1388 1987 1583 2026 Herenn.
1608 1985 1658 2035 3,
1692 1987 1739 2035 2,
1774 1986 1823 2027 3:
1855 1988 2059 2027 Rectum

1171 2055 1254 2099 est,
1303 2050 1413 2098 quod
1450 2060 1545 2088 cum
1581 2050 1735 2089 virtute
1765 2054 1802 2089 et
1831 2049 1967 2102 officio
1995 2051 2057 2102 fit.

1230 2113 1322 2153 408.
1360 2113 1453 2153 409.
1505 2112 1620 2164 Illuc]
1653 2113 1855 2152 Imitatur
1884 2123 2061 2153 morem

1173 2176 1566 2229 philosophorum,
1608 2176 1683 2226 qui
1715 2176 1758 2216 in
1789 2172 2061 2226 ἐπιδείξεων

1174 2239 1411 2281 moralium
1448 2238 1629 2291 epilogis
1666 2241 1767 2290 post
1820 2239 2064 2290 digressio-

1176 2315 1257 2344 nes
1287 2303 1501 2353 variaque
1526 2301 1730 2354 exempla
1752 2313 1908 2342 earum
1931 2305 2065 2355 caput

1176 2368 1384 2417 repetere
1417 2363 1633 2405 solebant.
1671 2387 1716 2393 —
1739 2365 1870 2404 Nemo
1891 2369 1937 2404 ut
1956 2376 2065 2405 ava-

1176 2429 1262 2481 rus]
1303 2429 1699 2469 Wachsmuthium
1729 2428 2002 2480 (Athenaeum
2030 2430 2062 2469 1.

1178 2503 1221 2544 p.
1257 2491 1384 2541 305.)‚
1418 2492 1634 2541 Langium
1665 2493 1708 2530 et
1729 2490 1975 2531 Obbarium
1997 2503 2067 2532 se-

1181 2555 1308 2594 cutus
1339 2554 1491 2604 recepi
1521 2552 1763 2594 lectionem
1795 2554 1936 2594 Codd.
1961 2553 2063 2606 aliq.

1181 2618 1225 2657 et
1254 2615 1365 2655 Edd.
1406 2616 1513 2655 vett.
1550 2616 1603 2666 (v.
1639 2617 1774 2668 Cruq.
1809 2619 1854 2656 et
1891 2618 2064 2668 Feam).

1183 2680 1303 2718 «Iam
1344 2677 1483 2718 redeo
1528 2678 1584 2717 ad
1629 2680 1899 2721 sententiam
1946 2681 2068 2721 initio

1182 2742 1314 2782 huius
1352 2742 1514 2781 satirae
1559 2743 1859 2793 propositam,
1912 2754 1937 2783 a
1981 2755 2069 2795 qua

1184 2805 1410 2856 digressus
1442 2815 1566 2854 sum,
1613 2808 1661 2845 ut
1692 2816 1795 2845 cum
1826 2816 1959 2845 avaro
1996 2815 2071 2846 se·

1184 2879 1337 2909 rerem
1367 2867 1658 2920 colloquium,
1693 2880 1747 2908 ex
1768 2879 1857 2919 quo
1887 2869 1984 2920 ipso
2005 2879 2074 2909 sa-

1186 2933 1261 2979 tis,
1294 2932 1343 2970 ut
1372 2932 1549 2982 opinor,
1594 2930 1740 2971 elucet
1775 2942 1962 2972 avarum
1991 2943 2075 2972 ne-

1188 2995 1357 3035 minem
1388 3004 1436 3034 se
1473 2993 1693 3046 probare,
1739 2994 1783 3034 id
1814 2996 1903 3044 est,
1948 2996 2072 3035 recte

1190 3068 1238 3097 se
1269 3058 1421 3096 vivere
1452 3056 1649 3097 iudicare
1682 3057 1888 3108 adeoque
1918 3057 2076 3097 condi-

1191 3121 1319 3161 cione
1351 3131 1431 3160 sua
1454 3122 1714 3160 contentum
1737 3130 1882 3160 esse.»
1935 3120 2078 3159 Ut-se

1185 3183 1332 3234 probet
1369 3194 1451 3234 pro
1491 3193 1641 3223 accus.
1677 3194 1781 3223 cum
1816 3182 1989 3232 infinit.,
2028 3185 2076 3223 ut

1193 3248 1279 3286 Sat.
1307 3247 1351 3295 4,
1381 3246 1426 3293 3,
1462 3247 1564 3286 445ῑ
1597 3247 1682 3286 Nec
1700 3246 1835 3285 vincet
1852 3245 1966 3284 ratio
1985 3246 2075 3295 hoc,

1192 3309 1437 3348 tantundem
1478 3313 1524 3348 ut
1564 3312 1706 3358 peccet
1748 3309 1833 3347 cet.
1882 3307 1972 3348 Cic.
2021 3307 2077 3347 de

1194 3373 1314 3412 Finn.
1347 3374 1394 3421 5,
1428 3373 1503 3422 26,
1543 3372 1617 3413 78:
1669 3373 1703 3412 si
1747 3372 1896 3411 Stoicis
1931 3383 2079 3413 conce-

1195 3435 1271 3484 dis.
1304 3440 1348 3475 w«
1366 3437 1500 3475 *virtus
1518 3459 1536 3464 -
1554 3457 1571 3464 -
1592 3435 1758 3487 efficiat.
1808 3436 1940 3474 Corn.
1964 3435 2075 3487 Nep.

1633 1176 1728 1204 cum
1781 1164 2047 1216 degeneravit
