<?xml version="1.0" encoding="UTF-8"?>
<!DOCTYPE html PUBLIC "-//W3C//DTD XHTML 1.0 Transitional//EN"
    "http://www.w3.org/TR/xhtml1/DTD/xhtml1-transitional.dtd">
<html xmlns="http://www.w3.org/1999/xhtml" xml:lang="en" lang="en">
 <head>
  <title>
</title>
<meta http-equiv="Content-Type" content="text/html;charset=utf-8" />
  <meta name='ocr-system' content='tesseract 3.04.00' />
  <meta name='ocr-capabilities' content='ocr_page ocr_carea ocr_par ocr_line ocrx_word'/>
</head>
<body>
  <div class='ocr_page' id='page_1' title='image "./qhoratiusflaccus02horauoft_0016.png"; bbox 0 0 2231 3787; ppageno 0'>
   <div class='ocr_carea' id='block_1_1' title="bbox 217 228 1406 271">
    <p class='ocr_par' dir='ltr' id='par_1_1' title="bbox 217 228 1406 271">
     <span class='ocr_line' id='line_1_1' title="bbox 217 228 1406 271; baseline -0.004 0"><span class='ocrx_word' id='word_1_1' title='bbox 217 234 248 271; x_wconf 67' lang='grc' dir='ltr'><strong>Θ</strong></span> <span class='ocrx_word' id='word_1_2' title='bbox 856 230 1071 270; x_wconf 73' lang='grc' dir='ltr'><strong>ΗΟΒΑΤΙΙ</strong></span> <span class='ocrx_word' id='word_1_3' title='bbox 1104 228 1406 269; x_wconf 69' lang='grc' dir='ltr'><strong>ΞΑΤΙΒΑΒΗΜ</strong></span> 
     </span>
    </p>
   </div>
   <div class='ocr_carea' id='block_1_2' title="bbox 288 356 1643 428">
    <p class='ocr_par' dir='ltr' id='par_1_2' title="bbox 288 356 1643 428">
     <span class='ocr_line' id='line_1_2' title="bbox 288 356 1643 428; baseline -0.008 -10"><span class='ocrx_word' id='word_1_4' title='bbox 288 364 581 418; x_wconf 78' lang='lat' dir='ltr'>Contentus</span> <span class='ocrx_word' id='word_1_5' title='bbox 619 362 785 423; x_wconf 76' lang='lat' dir='ltr'>vivat,</span> <span class='ocrx_word' id='word_1_6' title='bbox 827 359 1011 413; x_wconf 81' lang='lat' dir='ltr'>laudet</span> <span class='ocrx_word' id='word_1_7' title='bbox 1050 358 1267 412; x_wconf 79' lang='lat' dir='ltr'>diversa</span> <span class='ocrx_word' id='word_1_8' title='bbox 1308 356 1643 428; x_wconf 70' lang='lat' dir='ltr'>sequentes?</span> 
     </span>
    </p>
   </div>
   <div class='ocr_carea' id='block_1_3' title="bbox 325 575 704 625">
    <p class='ocr_par' dir='ltr' id='par_1_3' title="bbox 325 575 704 625">
     <span class='ocr_line' id='line_1_3' title="bbox 325 575 704 625; baseline -0.011 -9"><span class='ocrx_word' id='word_1_9' title='bbox 325 577 362 616; x_wconf 91' lang='lat'>3.</span> <span class='ocrx_word' id='word_1_10' title='bbox 425 575 629 625; x_wconf 63' lang='lat' dir='ltr'>sequentis</span> <span class='ocrx_word' id='word_1_11' title='bbox 657 575 704 613; x_wconf 83' lang='lat' dir='ltr'>B.</span> 
     </span>
    </p>
   </div>
   <div class='ocr_carea' id='block_1_4' title="bbox 196 767 1099 3515">
    <p class='ocr_par' dir='ltr' id='par_1_4' title="bbox 197 767 1096 2759">
     <span class='ocr_line' id='line_1_4' title="bbox 210 767 1096 825; baseline -0.008 -13"><span class='ocrx_word' id='word_1_12' title='bbox 210 772 450 825; x_wconf 87' lang='lat' dir='ltr'>parationis</span> <span class='ocrx_word' id='word_1_13' title='bbox 481 781 614 810; x_wconf 86' lang='lat' dir='ltr'>causa</span> <span class='ocrx_word' id='word_1_14' title='bbox 646 767 976 813; x_wconf 81' lang='lat' dir='ltr'>exscribemus;</span> <span class='ocrx_word' id='word_1_15' title='bbox 1012 776 1096 805; x_wconf 81' lang='lat' dir='ltr'>nec</span> 
     </span>
     <span class='ocr_line' id='line_1_5' title="bbox 210 828 1095 880; baseline -0.011 -5"><span class='ocrx_word' id='word_1_16' title='bbox 210 838 359 875; x_wconf 89' lang='lat' dir='ltr'>tamen</span> <span class='ocrx_word' id='word_1_17' title='bbox 389 831 600 873; x_wconf 79' lang='lat' dir='ltr'>credibile</span> <span class='ocrx_word' id='word_1_18' title='bbox 633 834 716 880; x_wconf 89' lang='lat' dir='ltr'>est,</span> <span class='ocrx_word' id='word_1_19' title='bbox 750 830 805 869; x_wconf 89' lang='lat' dir='ltr'>ab</span> <span class='ocrx_word' id='word_1_20' title='bbox 837 830 904 868; x_wconf 90' lang='lat' dir='ltr'>his</span> <span class='ocrx_word' id='word_1_21' title='bbox 936 828 1095 879; x_wconf 89' lang='lat' dir='ltr'>Sophi-</span> 
     </span>
     <span class='ocr_line' id='line_1_6' title="bbox 209 890 1091 947; baseline -0.01 -10"><span class='ocrx_word' id='word_1_22' title='bbox 209 898 286 938; x_wconf 89' lang='lat' dir='ltr'>stis</span> <span class='ocrx_word' id='word_1_23' title='bbox 339 907 538 947; x_wconf 81' lang='lat' dir='ltr'>unquam</span> <span class='ocrx_word' id='word_1_24' title='bbox 590 894 728 934; x_wconf 87' lang='lat' dir='ltr'>lectas</span> <span class='ocrx_word' id='word_1_25' title='bbox 782 903 880 932; x_wconf 88' lang='lat' dir='ltr'>esse</span> <span class='ocrx_word' id='word_1_26' title='bbox 927 890 1091 930; x_wconf 76' lang='lat' dir='ltr'>Horatii</span> 
     </span>
     <span class='ocr_line' id='line_1_7' title="bbox 208 952 1091 1008; baseline -0.008 -9"><span class='ocrx_word' id='word_1_27' title='bbox 208 960 389 1008; x_wconf 85' lang='lat' dir='ltr'>satiras,</span> <span class='ocrx_word' id='word_1_28' title='bbox 442 958 523 998; x_wconf 86' lang='lat' dir='ltr'>sed</span> <span class='ocrx_word' id='word_1_29' title='bbox 560 956 629 997; x_wconf 78' lang='lat' dir='ltr'>vel</span> <span class='ocrx_word' id='word_1_30' title='bbox 669 967 776 996; x_wconf 85' lang='lat' dir='ltr'>casu</span> <span class='ocrx_word' id='word_1_31' title='bbox 817 956 857 994; x_wconf 91' lang='lat' dir='ltr'>in</span> <span class='ocrx_word' id='word_1_32' title='bbox 898 952 1091 993; x_wconf 87' lang='lat' dir='ltr'>eundem</span> 
     </span>
     <span class='ocr_line' id='line_1_8' title="bbox 207 1014 1092 1067; baseline -0.01 -5"><span class='ocrx_word' id='word_1_33' title='bbox 207 1021 354 1062; x_wconf 83' lang='lat' dir='ltr'>locum</span> <span class='ocrx_word' id='word_1_34' title='bbox 387 1020 638 1060; x_wconf 84' lang='lat' dir='ltr'>inciderunt</span> <span class='ocrx_word' id='word_1_35' title='bbox 668 1016 737 1057; x_wconf 74' lang='lat' dir='ltr'>vel</span> <span class='ocrx_word' id='word_1_36' title='bbox 768 1017 991 1067; x_wconf 85' lang='lat' dir='ltr'>antiquius</span> <span class='ocrx_word' id='word_1_37' title='bbox 1012 1014 1092 1054; x_wconf 82' lang='lat' dir='ltr'>ali·-</span> 
     </span>
     <span class='ocr_line' id='line_1_9' title="bbox 206 1081 1092 1135; baseline -0.008 -11"><span class='ocrx_word' id='word_1_38' title='bbox 206 1084 325 1135; x_wconf 87' lang='lat' dir='ltr'>quod</span> <span class='ocrx_word' id='word_1_39' title='bbox 358 1081 583 1134; x_wconf 77' lang='lat' dir='ltr'>exemplar</span> <span class='ocrx_word' id='word_1_40' title='bbox 613 1083 831 1121; x_wconf 86' lang='lat' dir='ltr'>Graecum</span> <span class='ocrx_word' id='word_1_41' title='bbox 857 1081 958 1118; x_wconf 87' lang='lat' dir='ltr'>ante</span> <span class='ocrx_word' id='word_1_42' title='bbox 981 1089 1092 1118; x_wconf 92' lang='lat' dir='ltr'>ocu-</span> 
     </span>
     <span class='ocr_line' id='line_1_10' title="bbox 205 1139 1092 1194; baseline -0.008 -9"><span class='ocrx_word' id='word_1_43' title='bbox 205 1144 269 1185; x_wconf 91' lang='lat' dir='ltr'>los</span> <span class='ocrx_word' id='word_1_44' title='bbox 308 1145 576 1184; x_wconf 89' lang='lat' dir='ltr'>habuerunt.</span> <span class='ocrx_word' id='word_1_45' title='bbox 639 1144 755 1194; x_wconf 75' lang='lat' dir='ltr'>(Erat</span> <span class='ocrx_word' id='word_1_46' title='bbox 794 1144 945 1182; x_wconf 89' lang='lat' dir='ltr'>autem</span> <span class='ocrx_word' id='word_1_47' title='bbox 974 1139 1092 1179; x_wconf 91' lang='lat' dir='ltr'>loco-</span> 
     </span>
     <span class='ocr_line' id='line_1_11' title="bbox 205 1201 1089 1254; baseline -0.006 -7"><span class='ocrx_word' id='word_1_48' title='bbox 205 1218 305 1247; x_wconf 88' lang='lat' dir='ltr'>rum</span> <span class='ocrx_word' id='word_1_49' title='bbox 352 1207 659 1247; x_wconf 88' lang='lat' dir='ltr'>communium</span> <span class='ocrx_word' id='word_1_50' title='bbox 700 1207 743 1244; x_wconf 92' lang='lat' dir='ltr'>et</span> <span class='ocrx_word' id='word_1_51' title='bbox 780 1201 1089 1254; x_wconf 79' lang='lat' dir='ltr'>exemplorum</span> 
     </span>
     <span class='ocr_line' id='line_1_12' title="bbox 204 1265 1090 1324; baseline -0.008 -14"><span class='ocrx_word' id='word_1_52' title='bbox 204 1270 428 1321; x_wconf 81' lang='lat' dir='ltr'>quaedam</span> <span class='ocrx_word' id='word_1_53' title='bbox 449 1269 576 1320; x_wconf 85' lang='lat' dir='ltr'>quasi</span> <span class='ocrx_word' id='word_1_54' title='bbox 598 1265 863 1324; x_wconf 82' lang='grc' dir='ltr'><em>παράδοσις</em></span> <span class='ocrx_word' id='word_1_55' title='bbox 894 1276 975 1317; x_wconf 87' lang='lat' dir='ltr'>per</span> <span class='ocrx_word' id='word_1_56' title='bbox 992 1265 1090 1316; x_wconf 91' lang='lat' dir='ltr'>phi-</span> 
     </span>
     <span class='ocr_line' id='line_1_13' title="bbox 203 1326 1088 1383; baseline -0.005 -12"><span class='ocrx_word' id='word_1_57' title='bbox 203 1332 495 1383; x_wconf 87' lang='lat' dir='ltr'>losophorum</span> <span class='ocrx_word' id='word_1_58' title='bbox 546 1341 598 1370; x_wconf 86' lang='lat' dir='ltr'>ac</span> <span class='ocrx_word' id='word_1_59' title='bbox 642 1331 875 1370; x_wconf 76' lang='lat' dir='ltr'>rhetorum</span> <span class='ocrx_word' id='word_1_60' title='bbox 913 1326 1088 1367; x_wconf 88' lang='lat' dir='ltr'>scholas</span> 
     </span>
     <span class='ocr_line' id='line_1_14' title="bbox 203 1391 1089 1445; baseline -0.005 -12"><span class='ocrx_word' id='word_1_61' title='bbox 203 1395 467 1445; x_wconf 82' lang='lat' dir='ltr'>propagata,</span> <span class='ocrx_word' id='word_1_62' title='bbox 517 1404 571 1432; x_wconf 79' lang='lat' dir='ltr'>ex</span> <span class='ocrx_word' id='word_1_63' title='bbox 615 1403 703 1444; x_wconf 86' lang='lat' dir='ltr'>qua</span> <span class='ocrx_word' id='word_1_64' title='bbox 736 1402 894 1431; x_wconf 88' lang='lat' dir='ltr'>omnes</span> <span class='ocrx_word' id='word_1_65' title='bbox 924 1391 1089 1442; x_wconf 91' lang='lat' dir='ltr'>pariter</span> 
     </span>
     <span class='ocr_line' id='line_1_15' title="bbox 201 1454 1090 1504; baseline -0.004 -8"><span class='ocrx_word' id='word_1_66' title='bbox 201 1456 490 1504; x_wconf 78' lang='lat' dir='ltr'>hauriebant,</span> <span class='ocrx_word' id='word_1_67' title='bbox 523 1456 580 1494; x_wconf 88' lang='lat' dir='ltr'>ita</span> <span class='ocrx_word' id='word_1_68' title='bbox 610 1457 659 1494; x_wconf 93' lang='lat' dir='ltr'>ut</span> <span class='ocrx_word' id='word_1_69' title='bbox 690 1454 875 1495; x_wconf 87' lang='lat' dir='ltr'>easdem</span> <span class='ocrx_word' id='word_1_70' title='bbox 905 1455 1090 1493; x_wconf 90' lang='lat' dir='ltr'>senten-</span> 
     </span>
     <span class='ocr_line' id='line_1_16' title="bbox 205 1516 1088 1566; baseline -0.003 -9"><span class='ocrx_word' id='word_1_71' title='bbox 205 1519 305 1566; x_wconf 84' lang='lat' dir='ltr'>tias,</span> <span class='ocrx_word' id='word_1_72' title='bbox 340 1517 526 1566; x_wconf 86' lang='lat' dir='ltr'>fabulas,</span> <span class='ocrx_word' id='word_1_73' title='bbox 560 1518 767 1557; x_wconf 80' lang='lat' dir='ltr'>historias</span> <span class='ocrx_word' id='word_1_74' title='bbox 797 1516 933 1556; x_wconf 89' lang='lat' dir='ltr'>modo</span> <span class='ocrx_word' id='word_1_75' title='bbox 964 1516 1088 1555; x_wconf 82' lang='lat' dir='ltr'>novis</span> 
     </span>
     <span class='ocr_line' id='line_1_17' title="bbox 202 1577 1086 1630; baseline -0.003 -10"><span class='ocrx_word' id='word_1_76' title='bbox 202 1580 427 1621; x_wconf 89' lang='lat' dir='ltr'>coloribus</span> <span class='ocrx_word' id='word_1_77' title='bbox 473 1581 652 1619; x_wconf 89' lang='lat' dir='ltr'>ornatas</span> <span class='ocrx_word' id='word_1_78' title='bbox 683 1581 817 1630; x_wconf 88' lang='lat' dir='ltr'>atque</span> <span class='ocrx_word' id='word_1_79' title='bbox 850 1577 1086 1629; x_wconf 84' lang='lat' dir='ltr'>expolitas,</span> 
     </span>
     <span class='ocr_line' id='line_1_18' title="bbox 200 1641 1088 1693; baseline -0.003 -11"><span class='ocrx_word' id='word_1_80' title='bbox 200 1643 335 1683; x_wconf 92' lang='lat' dir='ltr'>modo</span> <span class='ocrx_word' id='word_1_81' title='bbox 371 1642 523 1693; x_wconf 80' lang='lat' dir='ltr'>pingui</span> <span class='ocrx_word' id='word_1_82' title='bbox 558 1643 755 1682; x_wconf 82' lang='lat' dir='ltr'>Minerva</span> <span class='ocrx_word' id='word_1_83' title='bbox 796 1641 1009 1692; x_wconf 87' lang='lat' dir='ltr'>repetitas</span> <span class='ocrx_word' id='word_1_84' title='bbox 1045 1641 1088 1679; x_wconf 91' lang='lat' dir='ltr'>in</span> 
     </span>
     <span class='ocr_line' id='line_1_19' title="bbox 201 1703 1089 1757; baseline -0.006 -11"><span class='ocrx_word' id='word_1_85' title='bbox 201 1705 376 1757; x_wconf 86' lang='lat' dir='ltr'>scriptis</span> <span class='ocrx_word' id='word_1_86' title='bbox 398 1706 489 1745; x_wconf 88' lang='lat' dir='ltr'>suis</span> <span class='ocrx_word' id='word_1_87' title='bbox 511 1703 672 1744; x_wconf 89' lang='lat' dir='ltr'>alicubi</span> <span class='ocrx_word' id='word_1_88' title='bbox 692 1703 813 1744; x_wconf 81' lang='lat' dir='ltr'>velut</span> <span class='ocrx_word' id='word_1_89' title='bbox 833 1705 955 1743; x_wconf 87' lang='lat' dir='ltr'>certa</span> <span class='ocrx_word' id='word_1_90' title='bbox 976 1714 1089 1753; x_wconf 82' lang='lat' dir='ltr'>qua-</span> 
     </span>
     <span class='ocr_line' id='line_1_20' title="bbox 202 1764 1089 1817; baseline -0.002 -11"><span class='ocrx_word' id='word_1_91' title='bbox 202 1767 306 1807; x_wconf 91' lang='lat' dir='ltr'>dam</span> <span class='ocrx_word' id='word_1_92' title='bbox 346 1766 443 1817; x_wconf 81' lang='lat' dir='ltr'>lege</span> <span class='ocrx_word' id='word_1_93' title='bbox 474 1767 559 1807; x_wconf 84' lang='lat' dir='ltr'>hac</span> <span class='ocrx_word' id='word_1_94' title='bbox 601 1766 656 1806; x_wconf 90' lang='lat' dir='ltr'>de</span> <span class='ocrx_word' id='word_1_95' title='bbox 697 1778 746 1806; x_wconf 91' lang='lat' dir='ltr'>re</span> <span class='ocrx_word' id='word_1_96' title='bbox 776 1765 862 1805; x_wconf 83' lang='lat' dir='ltr'>lata</span> <span class='ocrx_word' id='word_1_97' title='bbox 896 1764 1089 1804; x_wconf 89' lang='lat' dir='ltr'>colloca-</span> 
     </span>
     <span class='ocr_line' id='line_1_21' title="bbox 198 1824 1089 1881; baseline -0.002 -13"><span class='ocrx_word' id='word_1_98' title='bbox 198 1830 313 1869; x_wconf 89' lang='lat' dir='ltr'>rent.</span> <span class='ocrx_word' id='word_1_99' title='bbox 393 1831 442 1868; x_wconf 92' lang='lat' dir='ltr'>In</span> <span class='ocrx_word' id='word_1_100' title='bbox 493 1829 578 1868; x_wconf 89' lang='lat' dir='ltr'>hac</span> <span class='ocrx_word' id='word_1_101' title='bbox 625 1831 777 1869; x_wconf 89' lang='lat' dir='ltr'>autem</span> <span class='ocrx_word' id='word_1_102' title='bbox 822 1824 1089 1881; x_wconf 71' lang='grc' dir='ltr'><em>παραδόσει</em></span> 
     </span>
     <span class='ocr_line' id='line_1_22' title="bbox 200 1890 1086 1942; baseline -0.002 -11"><span class='ocrx_word' id='word_1_103' title='bbox 200 1891 405 1931; x_wconf 76' lang='lat' dir='ltr'>Horatius</span> <span class='ocrx_word' id='word_1_104' title='bbox 437 1890 668 1941; x_wconf 80' lang='lat' dir='ltr'>regnabat,</span> <span class='ocrx_word' id='word_1_105' title='bbox 703 1890 1086 1942; x_wconf 84' lang='lat' dir='ltr'>quemadmodum</span> 
     </span>
     <span class='ocr_line' id='line_1_23' title="bbox 200 1952 1086 2005; baseline -0.001 -13"><span class='ocrx_word' id='word_1_106' title='bbox 200 1954 243 1993; x_wconf 91' lang='lat' dir='ltr'>in</span> <span class='ocrx_word' id='word_1_107' title='bbox 274 1953 423 1993; x_wconf 87' lang='lat' dir='ltr'>Satiris</span> <span class='ocrx_word' id='word_1_108' title='bbox 449 1955 493 1992; x_wconf 91' lang='lat' dir='ltr'>et</span> <span class='ocrx_word' id='word_1_109' title='bbox 514 1952 718 2004; x_wconf 88' lang='lat' dir='ltr'>Epistolis</span> <span class='ocrx_word' id='word_1_110' title='bbox 739 1952 1086 2005; x_wconf 81' lang='lat' dir='ltr'>interpretandis</span> 
     </span>
     <span class='ocr_line' id='line_1_24' title="bbox 198 2015 1084 2067; baseline -0.003 -11"><span class='ocrx_word' id='word_1_111' title='bbox 198 2016 367 2067; x_wconf 84' lang='lat' dir='ltr'>passim</span> <span class='ocrx_word' id='word_1_112' title='bbox 398 2015 834 2063; x_wconf 86' lang='lat' dir='ltr'>demonstrabimus,</span> <span class='ocrx_word' id='word_1_113' title='bbox 883 2015 1084 2066; x_wconf 84' lang='lat' dir='ltr'>saepius,</span> 
     </span>
     <span class='ocr_line' id='line_1_25' title="bbox 199 2078 1086 2129; baseline -0.003 -11"><span class='ocrx_word' id='word_1_114' title='bbox 199 2089 335 2129; x_wconf 90' lang='lat' dir='ltr'>quam</span> <span class='ocrx_word' id='word_1_115' title='bbox 375 2078 521 2118; x_wconf 88' lang='lat' dir='ltr'>adhuc</span> <span class='ocrx_word' id='word_1_116' title='bbox 561 2078 727 2118; x_wconf 89' lang='lat' dir='ltr'>factum</span> <span class='ocrx_word' id='word_1_117' title='bbox 767 2079 854 2125; x_wconf 91' lang='lat' dir='ltr'>est,</span> <span class='ocrx_word' id='word_1_118' title='bbox 905 2078 1086 2128; x_wconf 77' lang='lat' dir='ltr'>poetam</span> 
     </span>
     <span class='ocr_line' id='line_1_26' title="bbox 199 2140 1086 2192; baseline -0.002 -11"><span class='ocrx_word' id='word_1_119' title='bbox 199 2152 304 2181; x_wconf 89' lang='lat' dir='ltr'>cum</span> <span class='ocrx_word' id='word_1_120' title='bbox 330 2142 487 2182; x_wconf 85' lang='lat' dir='ltr'>Stoicis</span> <span class='ocrx_word' id='word_1_121' title='bbox 508 2142 776 2192; x_wconf 87' lang='lat' dir='ltr'>praesertim</span> <span class='ocrx_word' id='word_1_122' title='bbox 796 2152 848 2180; x_wconf 87' lang='lat' dir='ltr'>ac</span> <span class='ocrx_word' id='word_1_123' title='bbox 869 2140 1086 2191; x_wconf 87' lang='lat' dir='ltr'>Sophistis</span> 
     </span>
     <span class='ocr_line' id='line_1_27' title="bbox 199 2197 1086 2255; baseline -0.003 -12"><span class='ocrx_word' id='word_1_124' title='bbox 199 2202 545 2255; x_wconf 85' lang='lat' dir='ltr'>comparantes.)</span> <span class='ocrx_word' id='word_1_125' title='bbox 577 2203 816 2243; x_wconf 74' lang='lat' dir='ltr'>Maximus:</span> <span class='ocrx_word' id='word_1_126' title='bbox 856 2197 1086 2241; x_wconf 77' lang='grc' dir='ltr'><em>Χαλεπὸν</em></span> 
     </span>
     <span class='ocr_line' id='line_1_28' title="bbox 199 2256 1086 2322; baseline -0.003 -16"><span class='ocrx_word' id='word_1_127' title='bbox 199 2261 354 2322; x_wconf 83' lang='grc' dir='ltr'><em>εὑρεῖν</em></span> <span class='ocrx_word' id='word_1_128' title='bbox 399 2260 579 2321; x_wconf 76' lang='grc' dir='ltr'><em>ἀκριβῆ</em></span> <span class='ocrx_word' id='word_1_129' title='bbox 623 2263 752 2313; x_wconf 84' lang='grc' dir='ltr'><em>βίον,</em></span> <span class='ocrx_word' id='word_1_130' title='bbox 798 2256 961 2320; x_wconf 70' lang='grc' dir='ltr'><em>ὥσπερ</em></span> <span class='ocrx_word' id='word_1_131' title='bbox 1004 2263 1086 2303; x_wconf 84' lang='grc' dir='ltr'>καὶ</span> 
     </span>
     <span class='ocr_line' id='line_1_29' title="bbox 197 2322 1087 2400; baseline -0.004 -31.996"><span class='ocrx_word' id='word_1_132' title='bbox 197 2323 374 2400; x_wconf 74' lang='grc' dir='ltr'><em>ἄνδρα,</em></span> <span class='ocrx_word' id='word_1_133' title='bbox 423 2323 548 2367; x_wconf 80' lang='grc' dir='ltr'><em>ἀλλὰ</em></span> <span class='ocrx_word' id='word_1_134' title='bbox 585 2328 727 2367; x_wconf 84' lang='grc' dir='ltr'><em>παντὶ</em></span> <span class='ocrx_word' id='word_1_135' title='bbox 764 2322 1087 2383; x_wconf 79' lang='grc' dir='ltr'><em>ἀνακεκραται</em></span> 
     </span>
     <span class='ocr_line' id='line_1_30' title="bbox 196 2382 1084 2458; baseline -0.003 -27.997"><span class='ocrx_word' id='word_1_136' title='bbox 196 2385 354 2431; x_wconf 79' lang='grc' dir='ltr'><em>ένδειά</em></span> <span class='ocrx_word' id='word_1_137' title='bbox 386 2402 456 2441; x_wconf 89' lang='grc' dir='ltr'><em>τις</em></span> <span class='ocrx_word' id='word_1_138' title='bbox 486 2385 617 2458; x_wconf 83' lang='grc' dir='ltr'><em>πρὸς</em></span> <span class='ocrx_word' id='word_1_139' title='bbox 635 2385 690 2428; x_wconf 87' lang='grc' dir='ltr'>τὸ</span> <span class='ocrx_word' id='word_1_140' title='bbox 722 2382 883 2445; x_wconf 76' lang='grc' dir='ltr'><em>ἄκρως</em></span> <span class='ocrx_word' id='word_1_141' title='bbox 917 2385 1084 2435; x_wconf 70' lang='grc' dir='ltr'><em>καλόν,</em></span> 
     </span>
     <span class='ocr_line' id='line_1_31' title="bbox 198 2444 1086 2509; baseline -0.005 -16"><span class='ocrx_word' id='word_1_142' title='bbox 198 2454 282 2494; x_wconf 76' lang='grc' dir='ltr'>καὶ</span> <span class='ocrx_word' id='word_1_143' title='bbox 301 2449 608 2493; x_wconf 53' lang='lat' dir='ltr'>nasove-,eves</span> <span class='ocrx_word' id='word_1_144' title='bbox 595 2463 758 2509; x_wconf 85' lang='grc' dir='ltr'><em>ετερος</em></span> <span class='ocrx_word' id='word_1_145' title='bbox 778 2451 960 2509; x_wconf 77' lang='grc' dir='ltr'><em>ἑτέρου,</em></span> <span class='ocrx_word' id='word_1_146' title='bbox 990 2444 1086 2491; x_wconf 83' lang='grc' dir='ltr'>ὅτω</span> 
     </span>
     <span class='ocr_line' id='line_1_32' title="bbox 198 2506 1086 2570; baseline -0.005 -14"><span class='ocrx_word' id='word_1_147' title='bbox 198 2511 260 2556; x_wconf 79' lang='grc' dir='ltr'><em>ἂν</em></span> <span class='ocrx_word' id='word_1_148' title='bbox 299 2513 478 2557; x_wconf 77' lang='grc' dir='ltr'><em>ἐλάττω</em></span> <span class='ocrx_word' id='word_1_149' title='bbox 517 2511 579 2555; x_wconf 87' lang='grc' dir='ltr'>τὰ</span> <span class='ocrx_word' id='word_1_150' title='bbox 617 2513 842 2555; x_wconf 73' lang='grc' dir='ltr'><em>ἐνδέοντα</em></span> <span class='ocrx_word' id='word_1_151' title='bbox 883 2506 932 2570; x_wconf 75' lang='grc' dir='ltr'>ᾗ.</span> <span class='ocrx_word' id='word_1_152' title='bbox 993 2513 1086 2553; x_wconf 76' lang='grc' dir='ltr'>Καὶ</span> 
     </span>
     <span class='ocr_line' id='line_1_33' title="bbox 200 2571 1089 2632; baseline -0.007 -12.986"><span class='ocrx_word' id='word_1_153' title='bbox 200 2577 321 2629; x_wconf 67' lang='grc' dir='ltr'><em>ἴδοις</em></span> <span class='ocrx_word' id='word_1_154' title='bbox 359 2573 424 2617; x_wconf 78' lang='grc' dir='ltr'><em>(ἲν</em></span> <span class='ocrx_word' id='word_1_155' title='bbox 459 2573 544 2617; x_wconf 86' lang='grc' dir='ltr'><em>τὸν</em></span> <span class='ocrx_word' id='word_1_156' title='bbox 581 2575 672 2629; x_wconf 74' lang='grc' dir='ltr'><em>μὲν</em></span> <span class='ocrx_word' id='word_1_157' title='bbox 701 2571 962 2632; x_wconf 80' lang='grc' dir='ltr'><em>γεωργικὸν</em></span> <span class='ocrx_word' id='word_1_158' title='bbox 991 2587 1089 2627; x_wconf 81' lang='grc' dir='ltr'><em>ιια-</em></span> 
     </span>
     <span class='ocr_line' id='line_1_34' title="bbox 201 2633 1091 2699; baseline -0.007 -16.986"><span class='ocrx_word' id='word_1_159' title='bbox 201 2643 458 2699; x_wconf 79' lang='grc' dir='ltr'><em>καρίζοντα</em></span> <span class='ocrx_word' id='word_1_160' title='bbox 486 2636 602 2689; x_wconf 67' lang='grc' dir='ltr'><em>τοὺς</em></span> <span class='ocrx_word' id='word_1_161' title='bbox 631 2634 864 2688; x_wconf 72' lang='grc' dir='ltr'><em>ἀστικούς</em></span> <span class='ocrx_word' id='word_1_162' title='bbox 894 2633 959 2687; x_wconf 75' lang='grc' dir='ltr'>ὥς</span> <span class='ocrx_word' id='word_1_163' title='bbox 980 2650 1091 2678; x_wconf 82' lang='grc' dir='ltr'><em>συν-</em></span> 
     </span>
     <span class='ocr_line' id='line_1_35' title="bbox 204 2694 1087 2759; baseline -0.006 -15"><span class='ocrx_word' id='word_1_164' title='bbox 204 2701 346 2754; x_wconf 86' lang='grc' dir='ltr'><em>όντας</em></span> <span class='ocrx_word' id='word_1_165' title='bbox 388 2701 479 2756; x_wconf 87' lang='grc' dir='ltr'>βίω</span> <span class='ocrx_word' id='word_1_166' title='bbox 510 2702 726 2759; x_wconf 79' lang='grc' dir='ltr'><em>χαρίεντι</em></span> <span class='ocrx_word' id='word_1_167' title='bbox 753 2701 837 2741; x_wconf 81' lang='grc' dir='ltr'>καὶ</span> <span class='ocrx_word' id='word_1_168' title='bbox 867 2694 1087 2758; x_wconf 79' lang='grc' dir='ltr'><em>ανθηρῶ·</em></span> 
     </span>
    </p>

    <p class='ocr_par' dir='ltr' id='par_1_5' title="bbox 201 2761 1099 3509">
     <span class='ocr_line' id='line_1_36' title="bbox 201 2761 1091 2817; baseline -0.003 -10"><span class='ocrx_word' id='word_1_169' title='bbox 201 2763 318 2817; x_wconf 84' lang='grc' dir='ltr'><em>τοὺς</em></span> <span class='ocrx_word' id='word_1_170' title='bbox 353 2763 403 2805; x_wconf 78' lang='grc' dir='ltr'>δὲ</span> <span class='ocrx_word' id='word_1_171' title='bbox 441 2761 539 2806; x_wconf 79' lang='grc' dir='ltr'>απὸ</span> <span class='ocrx_word' id='word_1_172' title='bbox 580 2761 676 2804; x_wconf 78' lang='grc' dir='ltr'><em>τῶν</em></span> <span class='ocrx_word' id='word_1_173' title='bbox 710 2761 979 2817; x_wconf 77' lang='grc' dir='ltr'><em>ἐκκλησιῶν</em></span> <span class='ocrx_word' id='word_1_174' title='bbox 1009 2764 1091 2804; x_wconf 82' lang='grc' dir='ltr'>καὶ</span> 
     </span>
     <span class='ocr_line' id='line_1_37' title="bbox 204 2823 1090 2883; baseline -0.001 -14"><span class='ocrx_word' id='word_1_175' title='bbox 204 2826 297 2869; x_wconf 82' lang='grc' dir='ltr'><em>τῶν</em></span> <span class='ocrx_word' id='word_1_176' title='bbox 327 2827 677 2883; x_wconf 77' lang='grc' dir='ltr'><em>δικαστηρίων,</em></span> <span class='ocrx_word' id='word_1_177' title='bbox 710 2827 792 2868; x_wconf 81' lang='grc' dir='ltr'>καὶ</span> <span class='ocrx_word' id='word_1_178' title='bbox 820 2823 935 2878; x_wconf 81' lang='grc' dir='ltr'><em>τοὺς</em></span> <span class='ocrx_word' id='word_1_179' title='bbox 966 2824 1090 2868; x_wconf 82' lang='grc' dir='ltr'><em>πάνυ</em></span> 
     </span>
     <span class='ocr_line' id='line_1_38' title="bbox 205 2885 1093 2960; baseline -0.003 -27"><span class='ocrx_word' id='word_1_180' title='bbox 205 2891 256 2933; x_wconf 81' lang='grc' dir='ltr'><em>ἐν</em></span> <span class='ocrx_word' id='word_1_181' title='bbox 299 2885 468 2940; x_wconf 78' lang='grc' dir='ltr'><em>αὐτοῖς</em></span> <span class='ocrx_word' id='word_1_182' title='bbox 498 2887 810 2942; x_wconf 79' lang='grc' dir='ltr'><em>εὐδοκίμους,</em></span> <span class='ocrx_word' id='word_1_183' title='bbox 830 2885 1093 2960; x_wconf 82' lang='grc' dir='ltr'><em>ὀδυρομέ-</em></span> 
     </span>
     <span class='ocr_line' id='line_1_39' title="bbox 206 2947 1094 3005; baseline -0.001 -10"><span class='ocrx_word' id='word_1_184' title='bbox 206 2966 322 3004; x_wconf 83' lang='grc' dir='ltr'><em>νους</em></span> <span class='ocrx_word' id='word_1_185' title='bbox 365 2949 425 2992; x_wconf 85' lang='grc' dir='ltr'>τὰ</span> <span class='ocrx_word' id='word_1_186' title='bbox 468 2949 629 2993; x_wconf 75' lang='grc' dir='ltr'><em>αὐτῶν</em></span> <span class='ocrx_word' id='word_1_187' title='bbox 674 2953 758 2992; x_wconf 82' lang='grc' dir='ltr'>καὶ</span> <span class='ocrx_word' id='word_1_188' title='bbox 795 2947 1094 3005; x_wconf 82' lang='grc' dir='ltr'><em>εὗχοιιενους</em></span> 
     </span>
     <span class='ocr_line' id='line_1_40' title="bbox 207 3013 1094 3074; baseline -0.006 -15"><span class='ocrx_word' id='word_1_189' title='bbox 207 3016 286 3059; x_wconf 79' lang='grc' dir='ltr'><em>ἐπι</em></span> <span class='ocrx_word' id='word_1_190' title='bbox 330 3014 557 3074; x_wconf 77' lang='grc' dir='ltr'><em>σκαπάνῃ</em></span> <span class='ocrx_word' id='word_1_191' title='bbox 604 3013 778 3064; x_wconf 76' lang='grc' dir='ltr'><em>βιῶναι</em></span> <span class='ocrx_word' id='word_1_192' title='bbox 825 3029 907 3055; x_wconf 84' lang='grc' dir='ltr'><em>και</em></span> <span class='ocrx_word' id='word_1_193' title='bbox 947 3013 1094 3070; x_wconf 76' lang='grc' dir='ltr'><em>γηδίω</em></span> 
     </span>
     <span class='ocr_line' id='line_1_41' title="bbox 209 3075 1096 3138; baseline -0.001 -18"><span class='ocrx_word' id='word_1_194' title='bbox 209 3077 414 3136; x_wconf 74' lang='grc' dir='ltr'><em>σμικρῷ.</em></span> <span class='ocrx_word' id='word_1_195' title='bbox 443 3075 660 3136; x_wconf 77' lang='grc' dir='ltr'><em>Ἀκούσῃ</em></span> <span class='ocrx_word' id='word_1_196' title='bbox 677 3076 728 3118; x_wconf 78' lang='grc' dir='ltr'>δὲ</span> <span class='ocrx_word' id='word_1_197' title='bbox 745 3077 830 3120; x_wconf 85' lang='grc' dir='ltr'>τοῦ</span> <span class='ocrx_word' id='word_1_198' title='bbox 847 3078 937 3132; x_wconf 80' lang='grc' dir='ltr'><em>μὲν</em></span> <span class='ocrx_word' id='word_1_199' title='bbox 948 3092 1096 3138; x_wconf 88' lang='grc' dir='ltr'><em>στρα-</em></span> 
     </span>
     <span class='ocr_line' id='line_1_42' title="bbox 208 3138 1097 3198; baseline 0 -15"><span class='ocrx_word' id='word_1_200' title='bbox 208 3139 431 3184; x_wconf 82' lang='grc' dir='ltr'><em>τιωτικοῦ</em></span> <span class='ocrx_word' id='word_1_201' title='bbox 471 3138 557 3182; x_wconf 86' lang='grc' dir='ltr'><em>τὸν</em></span> <span class='ocrx_word' id='word_1_202' title='bbox 597 3138 839 3198; x_wconf 84' lang='grc' dir='ltr'><em>εἰρηνικὸν</em></span> <span class='ocrx_word' id='word_1_203' title='bbox 870 3138 1097 3195; x_wconf 76' lang='grc' dir='ltr'><em>εὐδαιμο-</em></span> 
     </span>
     <span class='ocr_line' id='line_1_43' title="bbox 210 3203 1096 3264; baseline 0.002 -19"><span class='ocrx_word' id='word_1_204' title='bbox 210 3208 447 3258; x_wconf 81' lang='grc' dir='ltr'><em>νίζοντος,</em></span> <span class='ocrx_word' id='word_1_205' title='bbox 497 3203 584 3246; x_wconf 85' lang='grc' dir='ltr'>τοῦ</span> <span class='ocrx_word' id='word_1_206' title='bbox 630 3204 681 3246; x_wconf 79' lang='grc' dir='ltr'>δὲ</span> <span class='ocrx_word' id='word_1_207' title='bbox 716 3205 768 3246; x_wconf 82' lang='grc' dir='ltr'><em>ἐν</em></span> <span class='ocrx_word' id='word_1_208' title='bbox 804 3203 968 3264; x_wconf 84' lang='grc' dir='ltr'><em>εἰρήνη</em></span> <span class='ocrx_word' id='word_1_209' title='bbox 1011 3204 1096 3247; x_wconf 86' lang='grc' dir='ltr'><em>τὸν</em></span> 
     </span>
     <span class='ocr_line' id='line_1_44' title="bbox 214 3265 870 3341; baseline -0.002 -32"><span class='ocrx_word' id='word_1_210' title='bbox 214 3266 558 3341; x_wconf 80' lang='grc' dir='ltr'><em>στρατιωτικὸν</em></span> <span class='ocrx_word' id='word_1_211' title='bbox 587 3265 870 3322; x_wconf 80' lang='grc' dir='ltr'><em>τεθηπότος.</em></span> 
     </span>
     <span class='ocr_line' id='line_1_45' title="bbox 215 3326 1097 3400; baseline 0 -28"><span class='ocrx_word' id='word_1_212' title='bbox 215 3345 283 3382; x_wconf 89' lang='grc' dir='ltr'><em>τις</em></span> <span class='ocrx_word' id='word_1_213' title='bbox 311 3330 438 3372; x_wconf 78' lang='grc' dir='ltr'><em>θεῶν</em></span> <span class='ocrx_word' id='word_1_214' title='bbox 468 3326 630 3389; x_wconf 75' lang='grc' dir='ltr'><em>ὥσπερ</em></span> <span class='ocrx_word' id='word_1_215' title='bbox 660 3332 710 3371; x_wconf 78' lang='grc' dir='ltr'><em>ἐν</em></span> <span class='ocrx_word' id='word_1_216' title='bbox 740 3328 947 3400; x_wconf 78' lang='grc' dir='ltr'><em>δράιιατι</em></span> <span class='ocrx_word' id='word_1_217' title='bbox 977 3327 1097 3372; x_wconf 80' lang='grc' dir='ltr'><em>ὑπο-</em></span> 
     </span>
     <span class='ocr_line' id='line_1_46' title="bbox 216 3388 1095 3451; baseline 0.002 -18"><span class='ocrx_word' id='word_1_218' title='bbox 216 3392 378 3451; x_wconf 77' lang='grc' dir='ltr'><em>κριτὰς</em></span> <span class='ocrx_word' id='word_1_219' title='bbox 436 3391 690 3445; x_wconf 83' lang='grc' dir='ltr'><em>αποδύσας</em></span> <span class='ocrx_word' id='word_1_220' title='bbox 742 3388 952 3434; x_wconf 65' lang='grc' dir='ltr'><em>ἕκαστον</em></span> <span class='ocrx_word' id='word_1_221' title='bbox 1010 3392 1095 3435; x_wconf 80' lang='grc' dir='ltr'>τοῦ</span> 
     </span>
     <span class='ocr_line' id='line_1_47' title="bbox 219 3454 1099 3515; baseline 0 -18"><span class='ocrx_word' id='word_1_222' title='bbox 219 3455 371 3515; x_wconf 79' lang='grc' dir='ltr'><em>παρόι</em></span> <span class='ocrx_word' id='word_1_223' title='bbox 376 3471 455 3508; x_wconf 85' lang='grc' dir='ltr'>τος</span> <span class='ocrx_word' id='word_1_224' title='bbox 476 3457 587 3506; x_wconf 80' lang='grc' dir='ltr'><em>βίου</em></span> <span class='ocrx_word' id='word_1_225' title='bbox 609 3459 689 3497; x_wconf 82' lang='grc' dir='ltr'>καὶ</span> <span class='ocrx_word' id='word_1_226' title='bbox 713 3454 997 3509; x_wconf 67' lang='grc' dir='ltr'><em>σχήματος</em></span> <span class='ocrx_word' id='word_1_227' title='bbox 996 3472 1044 3497; x_wconf 75' lang='grc' dir='ltr'>,υ</span> <span class='ocrx_word' id='word_1_228' title='bbox 1038 3470 1099 3497; x_wconf 81' lang='grc' dir='ltr'>τ-</span> 
     </span>
    </p>
   </div>
   <div class='ocr_carea' id='block_1_5' title="bbox 932 3268 1104 3310">
    <p class='ocr_par' dir='ltr' id='par_1_6' title="bbox 932 3268 1104 3310">
     <span class='ocr_line' id='line_1_48' title="bbox 932 3268 1104 3310; baseline 0.006 -1"><span class='ocrx_word' id='word_1_229' title='bbox 932 3270 1026 3309; x_wconf 66' lang='grc' dir='ltr'>Καί</span> <span class='ocrx_word' id='word_1_230' title='bbox 1057 3268 1104 3310; x_wconf 49' lang='lat' dir='ltr'>ch!</span> 
     </span>
    </p>
   </div>
   <div class='ocr_carea' id='block_1_6' title="bbox 1150 754 2049 3507">
    <p class='ocr_par' dir='ltr' id='par_1_7' title="bbox 1150 754 2049 3507">
     <span class='ocr_line' id='line_1_49' title="bbox 1159 754 2045 816; baseline 0.001 -13"><span class='ocrx_word' id='word_1_231' title='bbox 1159 764 1392 816; x_wconf 67' lang='grc' dir='ltr'><em>αιιᾳιεῖσει</em></span> <span class='ocrx_word' id='word_1_232' title='bbox 1421 759 1480 801; x_wconf 84' lang='grc' dir='ltr'>τὰ</span> <span class='ocrx_word' id='word_1_233' title='bbox 1509 760 1594 802; x_wconf 81' lang='grc' dir='ltr'>τοῦ</span> <span class='ocrx_word' id='word_1_234' title='bbox 1627 761 1855 814; x_wconf 76' lang='grc' dir='ltr'><em>πλησίον</em></span> <span class='ocrx_word' id='word_1_235' title='bbox 1902 754 2045 811; x_wconf 74' lang='grc' dir='ltr'><em>αὖθις</em></span> 
     </span>
     <span class='ocr_line' id='line_1_50' title="bbox 1159 818 2046 877; baseline -0.002 -13"><span class='ocrx_word' id='word_1_236' title='bbox 1159 818 1222 866; x_wconf 76' lang='grc' dir='ltr'>αὖ</span> <span class='ocrx_word' id='word_1_237' title='bbox 1269 826 1319 864; x_wconf 88' lang='grc' dir='ltr'>οἱ</span> <span class='ocrx_word' id='word_1_238' title='bbox 1363 820 1503 865; x_wconf 69' lang='grc' dir='ltr'><em>αι’-τοὶ</em></span> <span class='ocrx_word' id='word_1_239' title='bbox 1544 824 1719 865; x_wconf 71' lang='grc' dir='ltr'><em>ἐκεῖνοι</em></span> <span class='ocrx_word' id='word_1_240' title='bbox 1764 820 2046 877; x_wconf 74' lang='grc' dir='ltr'><em>ποθήσοισι</em></span> 
     </span>
     <span class='ocr_line' id='line_1_51' title="bbox 1161 882 2043 958; baseline -0.002 -31"><span class='ocrx_word' id='word_1_241' title='bbox 1161 889 1245 929; x_wconf 80' lang='grc' dir='ltr'><em>ιιὲν</em></span> <span class='ocrx_word' id='word_1_242' title='bbox 1269 901 1328 928; x_wconf 90' lang='grc' dir='ltr'>τα</span> <span class='ocrx_word' id='word_1_243' title='bbox 1350 885 1574 958; x_wconf 81' lang='grc' dir='ltr'><em>πρότερα,</em></span> <span class='ocrx_word' id='word_1_244' title='bbox 1608 882 1893 943; x_wconf 80' lang='grc' dir='ltr'><em>ὀδυροῖ·νται</em></span> <span class='ocrx_word' id='word_1_245' title='bbox 1914 886 1964 927; x_wconf 76' lang='grc' dir='ltr'>δὲ</span> <span class='ocrx_word' id='word_1_246' title='bbox 1986 884 2043 926; x_wconf 81' lang='grc' dir='ltr'>τὰ</span> 
     </span>
     <span class='ocr_line' id='line_1_52' title="bbox 1157 944 2046 1008; baseline -0.001 -17.998"><span class='ocrx_word' id='word_1_247' title='bbox 1157 949 1386 1008; x_wconf 83' lang='grc' dir='ltr'><em>παρόντα.</em></span> <span class='ocrx_word' id='word_1_248' title='bbox 1467 944 1535 991; x_wconf 72' lang='grc' dir='ltr'>Οὔ</span> <span class='ocrx_word' id='word_1_249' title='bbox 1541 963 1603 990; x_wconf 83' lang='grc' dir='ltr'>τω</span> <span class='ocrx_word' id='word_1_250' title='bbox 1652 948 1707 990; x_wconf 71' lang='grc' dir='ltr'>δῑ</span> <span class='ocrx_word' id='word_1_251' title='bbox 1713 947 1954 1005; x_wconf 83' lang='grc' dir='ltr'><em>σάρεστόν</em></span> <span class='ocrx_word' id='word_1_252' title='bbox 2003 962 2046 989; x_wconf 86' lang='grc' dir='ltr'><em>τι</em></span> 
     </span>
     <span class='ocr_line' id='line_1_53' title="bbox 1156 1008 2047 1070; baseline -0.003 -16"><span class='ocrx_word' id='word_1_253' title='bbox 1156 1013 1288 1054; x_wconf 76' lang='grc' dir='ltr'><em>ἐστὶν</em></span> <span class='ocrx_word' id='word_1_254' title='bbox 1310 1010 1338 1053; x_wconf 86' lang='grc' dir='ltr'><em>ὁ</em></span> <span class='ocrx_word' id='word_1_255' title='bbox 1359 1009 1619 1069; x_wconf 72' lang='grc' dir='ltr'><em>ἅνθρωπος</em></span> <span class='ocrx_word' id='word_1_256' title='bbox 1639 1008 1816 1070; x_wconf 74' lang='grc' dir='ltr'><em>κοαιδῃ</em></span> <span class='ocrx_word' id='word_1_257' title='bbox 1840 1013 1922 1052; x_wconf 86' lang='grc' dir='ltr'><em>και</em></span> <span class='ocrx_word' id='word_1_258' title='bbox 1943 1011 2047 1061; x_wconf 79' lang='grc' dir='ltr'><em>φιλ-</em></span> 
     </span>
     <span class='ocr_line' id='line_1_54' title="bbox 1155 1073 2044 1127; baseline -0.002 -10"><span class='ocrx_word' id='word_1_259' title='bbox 1155 1079 1311 1117; x_wconf 85' lang='grc' dir='ltr'><em>αίτιον</em></span> <span class='ocrx_word' id='word_1_260' title='bbox 1355 1077 1438 1117; x_wconf 82' lang='grc' dir='ltr'>καὶ</span> <span class='ocrx_word' id='word_1_261' title='bbox 1481 1073 1647 1127; x_wconf 76' lang='grc' dir='ltr'><em>δεινῶς</em></span> <span class='ocrx_word' id='word_1_262' title='bbox 1690 1073 1935 1116; x_wconf 73' lang='grc' dir='ltr'><em>δύσκολον</em></span> <span class='ocrx_word' id='word_1_263' title='bbox 1965 1077 2044 1115; x_wconf 80' lang='grc' dir='ltr'>καὶ</span> 
     </span>
     <span class='ocr_line' id='line_1_55' title="bbox 1155 1133 2048 1191; baseline -0.002 -11"><span class='ocrx_word' id='word_1_264' title='bbox 1155 1135 1295 1182; x_wconf 76' lang='grc' dir='ltr'><em>οὐδὲν</em></span> <span class='ocrx_word' id='word_1_265' title='bbox 1314 1139 1406 1180; x_wconf 79' lang='grc' dir='ltr'><em>τῶν</em></span> <span class='ocrx_word' id='word_1_266' title='bbox 1430 1137 1501 1191; x_wconf 81' lang='grc' dir='ltr'>(τὰ</span> <span class='ocrx_word' id='word_1_267' title='bbox 1524 1139 1688 1189; x_wconf 87' lang='lat' dir='ltr'>Diibn.)</span> <span class='ocrx_word' id='word_1_268' title='bbox 1713 1135 1865 1180; x_wconf 73' lang='grc' dir='ltr'><em>αὑτοῦ</em></span> <span class='ocrx_word' id='word_1_269' title='bbox 1884 1133 2048 1179; x_wconf 74' lang='grc' dir='ltr'><em>ἀσπά-</em></span> 
     </span>
     <span class='ocr_line' id='line_1_56' title="bbox 1154 1197 2046 1275; baseline -0.002 -31"><span class='ocrx_word' id='word_1_270' title='bbox 1154 1207 1294 1255; x_wconf 75' lang='grc' dir='ltr'><em>ζεται.</em></span> <span class='ocrx_word' id='word_1_271' title='bbox 1355 1205 1600 1243; x_wconf 85' lang='lat' dir='ltr'>Himerius:</span> <span class='ocrx_word' id='word_1_272' title='bbox 1653 1199 1795 1255; x_wconf 73' lang='grc' dir='ltr'><em>Δεινὴ</em></span> <span class='ocrx_word' id='word_1_273' title='bbox 1832 1197 1862 1275; x_wconf 62' lang='grc' dir='ltr'><em>η</em></span> <span class='ocrx_word' id='word_1_274' title='bbox 1895 1200 2046 1255; x_wconf 73' lang='grc' dir='ltr'><em>συνή-</em></span> 
     </span>
     <span class='ocr_line' id='line_1_57' title="bbox 1153 1263 2047 1323; baseline 0.002 -18"><span class='ocrx_word' id='word_1_275' title='bbox 1153 1268 1263 1310; x_wconf 75' lang='grc' dir='ltr'><em>θεια</em></span> <span class='ocrx_word' id='word_1_276' title='bbox 1301 1279 1449 1323; x_wconf 81' lang='grc' dir='ltr'><em>κορον</em></span> <span class='ocrx_word' id='word_1_277' title='bbox 1485 1269 1638 1306; x_wconf 80' lang='grc' dir='ltr'><em>τεκεῖν</em></span> <span class='ocrx_word' id='word_1_278' title='bbox 1680 1266 1762 1305; x_wconf 80' lang='grc' dir='ltr'>καὶ</span> <span class='ocrx_word' id='word_1_279' title='bbox 1792 1279 1879 1319; x_wconf 84' lang='grc' dir='ltr'><em>την</em></span> <span class='ocrx_word' id='word_1_280' title='bbox 1909 1263 2047 1317; x_wconf 67' lang='grc' dir='ltr'><em>ἐξου-</em></span> 
     </span>
     <span class='ocr_line' id='line_1_58' title="bbox 1154 1325 2047 1387; baseline -0.001 -16"><span class='ocrx_word' id='word_1_281' title='bbox 1154 1333 1267 1371; x_wconf 83' lang='grc' dir='ltr'><em>σίαν</em></span> <span class='ocrx_word' id='word_1_282' title='bbox 1298 1325 1435 1387; x_wconf 70' lang='grc' dir='ltr'><em>ὕβρει</em></span> <span class='ocrx_word' id='word_1_283' title='bbox 1465 1326 1794 1381; x_wconf 75' lang='grc' dir='ltr'><em>λυιιηίασθαι.</em></span> <span class='ocrx_word' id='word_1_284' title='bbox 1848 1327 2047 1370; x_wconf 82' lang='grc' dir='ltr'><em>Οἰκοῦν-</em></span> 
     </span>
     <span class='ocr_line' id='line_1_59' title="bbox 1152 1388 2047 1447; baseline 0.001 -15"><span class='ocrx_word' id='word_1_285' title='bbox 1152 1406 1229 1444; x_wconf 86' lang='grc' dir='ltr'><em>τες</em></span> <span class='ocrx_word' id='word_1_286' title='bbox 1265 1406 1356 1447; x_wconf 79' lang='grc' dir='ltr'><em>γην</em></span> <span class='ocrx_word' id='word_1_287' title='bbox 1394 1388 1632 1445; x_wconf 79' lang='grc' dir='ltr'><em>ζητοῦιιεν</em></span> <span class='ocrx_word' id='word_1_288' title='bbox 1665 1389 1927 1432; x_wconf 77' lang='grc' dir='ltr'><em>θαλασσαν</em></span> <span class='ocrx_word' id='word_1_289' title='bbox 1964 1394 2047 1433; x_wconf 81' lang='grc' dir='ltr'>καὶ</span> 
     </span>
     <span class='ocr_line' id='line_1_60' title="bbox 1155 1452 2045 1513; baseline 0.001 -18.002"><span class='ocrx_word' id='word_1_290' title='bbox 1155 1455 1378 1505; x_wconf 82' lang='grc' dir='ltr'><em>πλεοντες</em></span> <span class='ocrx_word' id='word_1_291' title='bbox 1409 1452 1551 1495; x_wconf 81' lang='grc' dir='ltr'><em>πάλιν</em></span> <span class='ocrx_word' id='word_1_292' title='bbox 1573 1453 1966 1513; x_wconf 78' lang='grc' dir='ltr'><em>περισκοποῦιιεν</em></span> <span class='ocrx_word' id='word_1_293' title='bbox 1987 1453 2045 1496; x_wconf 85' lang='grc' dir='ltr'>τὰ</span> 
     </span>
     <span class='ocr_line' id='line_1_61' title="bbox 1153 1515 2045 1576; baseline -0.001 -17"><span class='ocrx_word' id='word_1_294' title='bbox 1153 1517 1281 1572; x_wconf 82' lang='grc' dir='ltr'><em>λη’ἵα.</em></span> <span class='ocrx_word' id='word_1_295' title='bbox 1326 1515 1381 1558; x_wconf 80' lang='lat' dir='ltr'>‘O</span> <span class='ocrx_word' id='word_1_296' title='bbox 1403 1515 1596 1575; x_wconf 69' lang='grc' dir='ltr'><em>πλωτὴρ</em></span> <span class='ocrx_word' id='word_1_297' title='bbox 1615 1520 1869 1576; x_wconf 80' lang='grc' dir='ltr'><em>μακαρίζει</em></span> <span class='ocrx_word' id='word_1_298' title='bbox 1889 1516 2045 1572; x_wconf 74' lang='grc' dir='ltr'><em>γηπό-</em></span> 
     </span>
     <span class='ocr_line' id='line_1_62' title="bbox 1152 1578 2046 1639; baseline -0.001 -17"><span class='ocrx_word' id='word_1_299' title='bbox 1152 1595 1261 1622; x_wconf 87' lang='grc' dir='ltr'><em>νον·</em></span> <span class='ocrx_word' id='word_1_300' title='bbox 1328 1583 1411 1622; x_wconf 83' lang='grc' dir='ltr'>καὶ</span> <span class='ocrx_word' id='word_1_301' title='bbox 1458 1578 1543 1622; x_wconf 85' lang='grc' dir='ltr'><em>τὸν</em></span> <span class='ocrx_word' id='word_1_302' title='bbox 1591 1579 1816 1622; x_wconf 84' lang='grc' dir='ltr'><em>ναύτιλον</em></span> <span class='ocrx_word' id='word_1_303' title='bbox 1863 1578 2046 1639; x_wconf 80' lang='grc' dir='ltr'><em>ἀρότης</em></span> 
     </span>
     <span class='ocr_line' id='line_1_63' title="bbox 1153 1640 2047 1700; baseline 0.001 -17"><span class='ocrx_word' id='word_1_304' title='bbox 1153 1641 1339 1700; x_wconf 74' lang='grc' dir='ltr'><em>ἡγεῖται</em></span> <span class='ocrx_word' id='word_1_305' title='bbox 1369 1642 1510 1686; x_wconf 82' lang='grc' dir='ltr'><em>πάλιν</em></span> <span class='ocrx_word' id='word_1_306' title='bbox 1541 1640 1822 1698; x_wconf 74' lang='grc' dir='ltr'><em>εὐδαίμονα.</em></span> <span class='ocrx_word' id='word_1_307' title='bbox 1885 1643 2047 1686; x_wconf 82' lang='grc' dir='ltr'><em>Ταῦτα</em></span> 
     </span>
     <span class='ocr_line' id='line_1_64' title="bbox 1154 1705 2043 1765; baseline 0 -17"><span class='ocrx_word' id='word_1_308' title='bbox 1154 1706 1310 1748; x_wconf 84' lang='grc' dir='ltr'><em>πάντα</em></span> <span class='ocrx_word' id='word_1_309' title='bbox 1330 1706 1416 1750; x_wconf 86' lang='grc' dir='ltr'>τοῦ</span> <span class='ocrx_word' id='word_1_310' title='bbox 1439 1705 1590 1765; x_wconf 79' lang='grc' dir='ltr'><em>κόρου</em></span> <span class='ocrx_word' id='word_1_311' title='bbox 1609 1710 1820 1762; x_wconf 72' lang='grc' dir='ltr'><em>παίγνια.</em></span> <span class='ocrx_word' id='word_1_312' title='bbox 1844 1732 1889 1736; x_wconf 93' lang='grc'><strong>-</strong></span> <span class='ocrx_word' id='word_1_313' title='bbox 1908 1709 2043 1760; x_wconf 73' lang='lat' dir='ltr'>nemo]</span> 
     </span>
     <span class='ocr_line' id='line_1_65' title="bbox 1153 1771 2046 1823; baseline 0 -12"><span class='ocrx_word' id='word_1_314' title='bbox 1153 1773 1348 1812; x_wconf 88' lang='lat' dir='ltr'>Securus</span> <span class='ocrx_word' id='word_1_315' title='bbox 1393 1773 1548 1820; x_wconf 83' lang='lat' dir='ltr'>amici,</span> <span class='ocrx_word' id='word_1_316' title='bbox 1601 1783 1749 1823; x_wconf 88' lang='lat' dir='ltr'>neque</span> <span class='ocrx_word' id='word_1_317' title='bbox 1802 1771 1920 1811; x_wconf 89' lang='lat' dir='ltr'>hunc</span> <span class='ocrx_word' id='word_1_318' title='bbox 1963 1783 2046 1811; x_wconf 89' lang='lat' dir='ltr'>nec</span> 
     </span>
     <span class='ocr_line' id='line_1_66' title="bbox 1153 1832 2045 1885; baseline -0.002 -10"><span class='ocrx_word' id='word_1_319' title='bbox 1153 1836 1298 1875; x_wconf 88' lang='lat' dir='ltr'>semet</span> <span class='ocrx_word' id='word_1_320' title='bbox 1348 1835 1496 1885; x_wconf 89' lang='lat' dir='ltr'>ipsum</span> <span class='ocrx_word' id='word_1_321' title='bbox 1544 1845 1597 1873; x_wconf 83' lang='lat' dir='ltr'>ex</span> <span class='ocrx_word' id='word_1_322' title='bbox 1642 1832 2045 1873; x_wconf 76' lang='lat' dir='ltr'>innumerabilibus</span> 
     </span>
     <span class='ocr_line' id='line_1_67' title="bbox 1152 1897 2045 1953; baseline -0.001 -17"><span class='ocrx_word' id='word_1_323' title='bbox 1152 1898 1220 1937; x_wconf 88' lang='lat' dir='ltr'>his</span> <span class='ocrx_word' id='word_1_324' title='bbox 1276 1897 1637 1953; x_wconf 73' lang='grc' dir='ltr'><em>μεμψιμοίροις</em></span> <span class='ocrx_word' id='word_1_325' title='bbox 1683 1897 1875 1948; x_wconf 80' lang='lat' dir='ltr'>excipit:</span> <span class='ocrx_word' id='word_1_326' title='bbox 1920 1899 2045 1936; x_wconf 88' lang='lat' dir='ltr'>uter-</span> 
     </span>
     <span class='ocr_line' id='line_1_68' title="bbox 1153 1960 2043 2011; baseline -0.001 -12"><span class='ocrx_word' id='word_1_327' title='bbox 1153 1971 1239 2011; x_wconf 88' lang='lat' dir='ltr'>que</span> <span class='ocrx_word' id='word_1_328' title='bbox 1273 1961 1393 1999; x_wconf 80' lang='lat' dir='ltr'>enim</span> <span class='ocrx_word' id='word_1_329' title='bbox 1422 1960 1509 1999; x_wconf 91' lang='lat' dir='ltr'>hoc</span> <span class='ocrx_word' id='word_1_330' title='bbox 1538 1960 1643 1998; x_wconf 74' lang='lat' dir='ltr'>vitio</span> <span class='ocrx_word' id='word_1_331' title='bbox 1669 1970 1854 2011; x_wconf 89' lang='lat' dir='ltr'>prorsus</span> <span class='ocrx_word' id='word_1_332' title='bbox 1877 1960 2043 1999; x_wconf 89' lang='lat' dir='ltr'>immu-</span> 
     </span>
     <span class='ocr_line' id='line_1_69' title="bbox 1153 2019 2043 2072; baseline 0 -11"><span class='ocrx_word' id='word_1_333' title='bbox 1153 2022 1219 2061; x_wconf 90' lang='lat' dir='ltr'>nis</span> <span class='ocrx_word' id='word_1_334' title='bbox 1252 2024 1362 2061; x_wconf 82' lang='lat' dir='ltr'>erat.</span> <span class='ocrx_word' id='word_1_335' title='bbox 1431 2019 1636 2071; x_wconf 78' lang='grc' dir='ltr'><em>Γενικῷς</em></span> <span class='ocrx_word' id='word_1_336' title='bbox 1673 2022 1803 2072; x_wconf 79' lang='lat' dir='ltr'>igitur</span> <span class='ocrx_word' id='word_1_337' title='bbox 1833 2021 1888 2061; x_wconf 92' lang='lat' dir='ltr'>de</span> <span class='ocrx_word' id='word_1_338' title='bbox 1921 2032 2043 2061; x_wconf 85' lang='lat' dir='ltr'>mor-</span> 
     </span>
     <span class='ocr_line' id='line_1_70' title="bbox 1150 2083 2041 2135; baseline 0 -12"><span class='ocrx_word' id='word_1_339' title='bbox 1150 2083 1305 2124; x_wconf 86' lang='lat' dir='ltr'>talium</span> <span class='ocrx_word' id='word_1_340' title='bbox 1353 2083 1481 2135; x_wconf 67' lang='lat' dir='ltr'>volgo</span> <span class='ocrx_word' id='word_1_341' title='bbox 1531 2083 1752 2135; x_wconf 84' lang='lat' dir='ltr'>loquitur:</span> <span class='ocrx_word' id='word_1_342' title='bbox 1804 2084 1847 2122; x_wconf 92' lang='lat' dir='ltr'>id</span> <span class='ocrx_word' id='word_1_343' title='bbox 1898 2084 2041 2135; x_wconf 76' lang='lat' dir='ltr'>quod,</span> 
     </span>
     <span class='ocr_line' id='line_1_71' title="bbox 1152 2144 2047 2198; baseline 0 -13"><span class='ocrx_word' id='word_1_344' title='bbox 1152 2147 1236 2186; x_wconf 88' lang='lat' dir='ltr'>etsi</span> <span class='ocrx_word' id='word_1_345' title='bbox 1264 2157 1347 2198; x_wconf 84' lang='lat' dir='ltr'>per</span> <span class='ocrx_word' id='word_1_346' title='bbox 1379 2156 1427 2186; x_wconf 88' lang='lat' dir='ltr'>se</span> <span class='ocrx_word' id='word_1_347' title='bbox 1459 2145 1585 2186; x_wconf 87' lang='lat' dir='ltr'>facile</span> <span class='ocrx_word' id='word_1_348' title='bbox 1617 2144 1895 2196; x_wconf 83' lang='lat' dir='ltr'>intelligitur,</span> <span class='ocrx_word' id='word_1_349' title='bbox 1939 2156 2047 2197; x_wconf 89' lang='lat' dir='ltr'>pro-</span> 
     </span>
     <span class='ocr_line' id='line_1_72' title="bbox 1151 2207 2046 2261; baseline -0.002 -12"><span class='ocrx_word' id='word_1_350' title='bbox 1151 2211 1250 2261; x_wconf 87' lang='lat' dir='ltr'>pter</span> <span class='ocrx_word' id='word_1_351' title='bbox 1267 2207 1583 2250; x_wconf 89' lang='lat' dir='ltr'>nonnullorum</span> <span class='ocrx_word' id='word_1_352' title='bbox 1600 2210 1896 2260; x_wconf 86' lang='lat' dir='ltr'>interpretum</span> <span class='ocrx_word' id='word_1_353' title='bbox 1912 2219 2046 2259; x_wconf 81' lang='lat' dir='ltr'>argu-</span> 
     </span>
     <span class='ocr_line' id='line_1_73' title="bbox 1152 2271 2048 2320; baseline -0.001 -9"><span class='ocrx_word' id='word_1_354' title='bbox 1152 2273 1234 2311; x_wconf 87' lang='lat' dir='ltr'>tias</span> <span class='ocrx_word' id='word_1_355' title='bbox 1256 2271 1503 2311; x_wconf 87' lang='lat' dir='ltr'>notandum</span> <span class='ocrx_word' id='word_1_356' title='bbox 1521 2271 1775 2311; x_wconf 64' lang='lat' dir='ltr'>videbatur.</span> <span class='ocrx_word' id='word_1_357' title='bbox 1804 2294 1849 2300; x_wconf 50' lang='grc' dir='ltr'>-κ</span> <span class='ocrx_word' id='word_1_358' title='bbox 1875 2281 2004 2320; x_wconf 72' lang='lat' dir='ltr'>quam</span> <span class='ocrx_word' id='word_1_359' title='bbox 2024 2293 2048 2298; x_wconf 96' lang='lat'><em>-</em></span> 
     </span>
     <span class='ocr_line' id='line_1_74' title="bbox 1151 2334 2045 2385; baseline -0.001 -12"><span class='ocrx_word' id='word_1_360' title='bbox 1151 2338 1337 2373; x_wconf 80' lang='lat' dir='ltr'>sortem·</span> <span class='ocrx_word' id='word_1_361' title='bbox 1356 2334 1468 2373; x_wconf 80' lang='lat' dir='ltr'>ratio</span> <span class='ocrx_word' id='word_1_362' title='bbox 1498 2334 1668 2385; x_wconf 73' lang='lat' dir='ltr'>dederit]</span> <span class='ocrx_word' id='word_1_363' title='bbox 1705 2334 1845 2372; x_wconf 79' lang='lat' dir='ltr'>«vitae</span> <span class='ocrx_word' id='word_1_364' title='bbox 1877 2343 2018 2384; x_wconf 80' lang='lat' dir='ltr'>genus</span> <span class='ocrx_word' id='word_1_365' title='bbox 2036 2365 2045 2380; x_wconf 92' lang='lat'>,</span> 
     </span>
     <span class='ocr_line' id='line_1_75' title="bbox 1153 2395 2047 2447; baseline -0.002 -12"><span class='ocrx_word' id='word_1_366' title='bbox 1153 2395 1276 2447; x_wconf 83' lang='lat' dir='ltr'>quod</span> <span class='ocrx_word' id='word_1_367' title='bbox 1314 2397 1489 2435; x_wconf 86' lang='lat' dir='ltr'>certum</span> <span class='ocrx_word' id='word_1_368' title='bbox 1520 2395 1755 2436; x_wconf 88' lang='lat' dir='ltr'>consilium</span> <span class='ocrx_word' id='word_1_369' title='bbox 1787 2396 2047 2434; x_wconf 87' lang='lat' dir='ltr'>constanter</span> 
     </span>
     <span class='ocr_line' id='line_1_76' title="bbox 1152 2454 2046 2497; baseline -0.002 0"><span class='ocrx_word' id='word_1_370' title='bbox 1152 2458 1294 2497; x_wconf 87' lang='lat' dir='ltr'>secuti</span> <span class='ocrx_word' id='word_1_371' title='bbox 1330 2457 1433 2496; x_wconf 91' lang='lat' dir='ltr'>inde</span> <span class='ocrx_word' id='word_1_372' title='bbox 1473 2457 1529 2495; x_wconf 89' lang='lat' dir='ltr'>ab</span> <span class='ocrx_word' id='word_1_373' title='bbox 1561 2459 1707 2497; x_wconf 84' lang='lat' dir='ltr'>aetate</span> <span class='ocrx_word' id='word_1_374' title='bbox 1739 2455 1887 2496; x_wconf 91' lang='lat' dir='ltr'>adulta</span> <span class='ocrx_word' id='word_1_375' title='bbox 1919 2454 2046 2495; x_wconf 85' lang='lat' dir='ltr'>dele-</span> 
     </span>
     <span class='ocr_line' id='line_1_77' title="bbox 1153 2519 2042 2570; baseline 0 -12"><span class='ocrx_word' id='word_1_376' title='bbox 1153 2520 1341 2569; x_wconf 78' lang='lat' dir='ltr'>gimuS.»</span> <span class='ocrx_word' id='word_1_377' title='bbox 1368 2541 1412 2546; x_wconf 94' lang='lat'><strong>—</strong></span> <span class='ocrx_word' id='word_1_378' title='bbox 1436 2519 1566 2570; x_wconf 77' lang='lat' dir='ltr'>ratio]</span> <span class='ocrx_word' id='word_1_379' title='bbox 1601 2519 1851 2558; x_wconf 81' lang='lat' dir='ltr'>«besonnene</span> <span class='ocrx_word' id='word_1_380' title='bbox 1875 2519 2042 2558; x_wconf 71' lang='lat' dir='ltr'>tt&#39;ahl».</span> 
     </span>
     <span class='ocr_line' id='line_1_78' title="bbox 1157 2579 2048 2630; baseline 0.002 -12"><span class='ocrx_word' id='word_1_381' title='bbox 1157 2602 1202 2608; x_wconf 89' lang='lat'>—</span> <span class='ocrx_word' id='word_1_382' title='bbox 1233 2579 1334 2630; x_wconf 77' lang='lat' dir='ltr'>fors]</span> <span class='ocrx_word' id='word_1_383' title='bbox 1368 2581 1415 2619; x_wconf 92' lang='lat' dir='ltr'>In</span> <span class='ocrx_word' id='word_1_384' title='bbox 1446 2580 1532 2619; x_wconf 90' lang='lat' dir='ltr'>hoc</span> <span class='ocrx_word' id='word_1_385' title='bbox 1551 2579 1786 2629; x_wconf 85' lang='lat' dir='ltr'>vocabulo,</span> <span class='ocrx_word' id='word_1_386' title='bbox 1819 2582 1870 2620; x_wconf 92' lang='lat' dir='ltr'>ut</span> <span class='ocrx_word' id='word_1_387' title='bbox 1891 2581 1950 2620; x_wconf 90' lang='lat' dir='ltr'>ait</span> <span class='ocrx_word' id='word_1_388' title='bbox 1973 2581 2048 2620; x_wconf 85' lang='lat' dir='ltr'>Ci-</span> 
     </span>
     <span class='ocr_line' id='line_1_79' title="bbox 1155 2641 2049 2694; baseline 0.002 -14"><span class='ocrx_word' id='word_1_389' title='bbox 1155 2652 1260 2681; x_wconf 87' lang='lat' dir='ltr'>cero</span> <span class='ocrx_word' id='word_1_390' title='bbox 1283 2641 1339 2681; x_wconf 91' lang='lat' dir='ltr'>de</span> <span class='ocrx_word' id='word_1_391' title='bbox 1362 2643 1492 2694; x_wconf 81' lang='lat' dir='ltr'>Legg.</span> <span class='ocrx_word' id='word_1_392' title='bbox 1516 2643 1557 2691; x_wconf 73' lang='lat'>⁶2,</span> <span class='ocrx_word' id='word_1_393' title='bbox 1592 2644 1659 2691; x_wconf 72' lang='lat' dir='ltr'>ll,</span> <span class='ocrx_word' id='word_1_394' title='bbox 1693 2643 1780 2691; x_wconf 59' lang='lat'>028„</span> <span class='ocrx_word' id='word_1_395' title='bbox 1807 2643 1956 2682; x_wconf 77' lang='lat' dir='ltr'>incerti</span> <span class='ocrx_word' id='word_1_396' title='bbox 1977 2653 2049 2682; x_wconf 86' lang='lat' dir='ltr'>ca-</span> 
     </span>
     <span class='ocr_line' id='line_1_80' title="bbox 1153 2705 2043 2757; baseline 0 -13"><span class='ocrx_word' id='word_1_397' title='bbox 1153 2716 1222 2744; x_wconf 71' lang='lat' dir='ltr'>sus</span> <span class='ocrx_word' id='word_1_398' title='bbox 1248 2705 1543 2757; x_wconf 70' lang='lat' dir='ltr'>siqnificantur</span> <span class='ocrx_word' id='word_1_399' title='bbox 1571 2706 1709 2757; x_wconf 64' lang='lat' dir='ltr'>magis</span> <span class='ocrx_word' id='word_1_400' title='bbox 1740 2706 1891 2757; x_wconf 88' lang='lat' dir='ltr'>(quam</span> <span class='ocrx_word' id='word_1_401' title='bbox 1921 2706 1965 2745; x_wconf 90' lang='lat' dir='ltr'>in</span> <span class='ocrx_word' id='word_1_402' title='bbox 2002 2716 2043 2744; x_wconf 79' lang='lat' dir='ltr'>V.</span> 
     </span>
     <span class='ocr_line' id='line_1_81' title="bbox 1155 2767 2043 2820; baseline 0 -13"><span class='ocrx_word' id='word_1_403' title='bbox 1155 2768 1378 2820; x_wconf 77' lang='lat' dir='ltr'>Fortuna).</span> <span class='ocrx_word' id='word_1_404' title='bbox 1427 2769 1515 2809; x_wconf 89' lang='lat' dir='ltr'>Cic.</span> <span class='ocrx_word' id='word_1_405' title='bbox 1550 2769 1606 2808; x_wconf 89' lang='lat' dir='ltr'>ad</span> <span class='ocrx_word' id='word_1_406' title='bbox 1643 2770 1733 2808; x_wconf 84' lang='lat' dir='ltr'>Att.</span> <span class='ocrx_word' id='word_1_407' title='bbox 1769 2767 1841 2817; x_wconf 71' lang='lat'>44,</span> <span class='ocrx_word' id='word_1_408' title='bbox 1887 2768 1961 2817; x_wconf 74' lang='lat'>43,</span> <span class='ocrx_word' id='word_1_409' title='bbox 1995 2767 2043 2807; x_wconf 87' lang='lat'>3:</span> 
     </span>
     <span class='ocr_line' id='line_1_82' title="bbox 1156 2830 2048 2882; baseline -0.001 -12"><span class='ocrx_word' id='word_1_410' title='bbox 1156 2831 1236 2871; x_wconf 81' lang='lat' dir='ltr'>Sed</span> <span class='ocrx_word' id='word_1_411' title='bbox 1264 2831 1364 2870; x_wconf 82' lang='lat' dir='ltr'>haec</span> <span class='ocrx_word' id='word_1_412' title='bbox 1392 2831 1506 2882; x_wconf 82' lang='lat' dir='ltr'>fors</span> <span class='ocrx_word' id='word_1_413' title='bbox 1533 2831 1700 2880; x_wconf 74' lang='lat' dir='ltr'>viderit,</span> <span class='ocrx_word' id='word_1_414' title='bbox 1734 2842 1798 2879; x_wconf 81' lang='lat' dir='ltr'>ea,</span> <span class='ocrx_word' id='word_1_415' title='bbox 1822 2841 1931 2881; x_wconf 81' lang='lat' dir='ltr'>quae</span> <span class='ocrx_word' id='word_1_416' title='bbox 1950 2830 2048 2870; x_wconf 75' lang='lat' dir='ltr'>tali-</span> 
     </span>
     <span class='ocr_line' id='line_1_83' title="bbox 1157 2892 2042 2944; baseline 0 -12"><span class='ocrx_word' id='word_1_417' title='bbox 1157 2893 1231 2932; x_wconf 82' lang='lat' dir='ltr'>bus</span> <span class='ocrx_word' id='word_1_418' title='bbox 1250 2894 1294 2932; x_wconf 78' lang='lat' dir='ltr'>in</span> <span class='ocrx_word' id='word_1_419' title='bbox 1313 2892 1435 2933; x_wconf 74' lang='lat' dir='ltr'>rebus</span> <span class='ocrx_word' id='word_1_420' title='bbox 1448 2894 1546 2944; x_wconf 75' lang='lat' dir='ltr'>plus</span> <span class='ocrx_word' id='word_1_421' title='bbox 1567 2905 1695 2943; x_wconf 82' lang='lat' dir='ltr'>quam</span> <span class='ocrx_word' id='word_1_422' title='bbox 1723 2895 1833 2934; x_wconf 76' lang='lat' dir='ltr'>rati</span> <span class='ocrx_word' id='word_1_423' title='bbox 1846 2906 1869 2934; x_wconf 95' lang='grc' dir='ltr'><em>ο</em></span> <span class='ocrx_word' id='word_1_424' title='bbox 1892 2897 2042 2944; x_wconf 71' lang='lat' dir='ltr'>potest.</span> 
     </span>
     <span class='ocr_line' id='line_1_84' title="bbox 1164 2956 2048 3008; baseline 0 -12"><span class='ocrx_word' id='word_1_425' title='bbox 1164 2978 1207 2985; x_wconf 87' lang='lat'>—</span> <span class='ocrx_word' id='word_1_426' title='bbox 1234 2956 1438 3007; x_wconf 65' lang='lat' dir='ltr'>obiecerit]</span> <span class='ocrx_word' id='word_1_427' title='bbox 1470 2958 1518 2997; x_wconf 89' lang='lat' dir='ltr'>In</span> <span class='ocrx_word' id='word_1_428' title='bbox 1544 2957 1631 2997; x_wconf 90' lang='lat' dir='ltr'>hoc</span> <span class='ocrx_word' id='word_1_429' title='bbox 1652 2968 1833 3008; x_wconf 87' lang='lat' dir='ltr'>quoque</span> <span class='ocrx_word' id='word_1_430' title='bbox 1854 2968 1897 2997; x_wconf 77' lang='lat' dir='ltr'>v,</span> <span class='ocrx_word' id='word_1_431' title='bbox 1924 2957 2048 2998; x_wconf 88' lang='lat' dir='ltr'>caeci</span> 
     </span>
     <span class='ocr_line' id='line_1_85' title="bbox 1161 3018 2047 3072; baseline 0 -13"><span class='ocrx_word' id='word_1_432' title='bbox 1161 3030 1291 3059; x_wconf 89' lang='lat' dir='ltr'>casus</span> <span class='ocrx_word' id='word_1_433' title='bbox 1333 3020 1451 3059; x_wconf 89' lang='lat' dir='ltr'>notio</span> <span class='ocrx_word' id='word_1_434' title='bbox 1493 3018 1653 3059; x_wconf 85' lang='lat' dir='ltr'>clarius</span> <span class='ocrx_word' id='word_1_435' title='bbox 1692 3020 1806 3061; x_wconf 87' lang='lat' dir='ltr'>inest</span> <span class='ocrx_word' id='word_1_436' title='bbox 1836 3031 1973 3072; x_wconf 89' lang='lat' dir='ltr'>quam</span> <span class='ocrx_word' id='word_1_437' title='bbox 2003 3021 2047 3059; x_wconf 92' lang='lat' dir='ltr'>in</span> 
     </span>
     <span class='ocr_line' id='line_1_86' title="bbox 1158 3082 2046 3134; baseline 0 -13"><span class='ocrx_word' id='word_1_438' title='bbox 1158 3095 1200 3122; x_wconf 83' lang='lat' dir='ltr'>v.</span> <span class='ocrx_word' id='word_1_439' title='bbox 1229 3083 1394 3133; x_wconf 75' lang='lat' dir='ltr'>offerre,</span> <span class='ocrx_word' id='word_1_440' title='bbox 1442 3093 1530 3133; x_wconf 91' lang='lat' dir='ltr'>quo</span> <span class='ocrx_word' id='word_1_441' title='bbox 1562 3084 1605 3122; x_wconf 91' lang='lat' dir='ltr'>in</span> <span class='ocrx_word' id='word_1_442' title='bbox 1627 3082 1826 3134; x_wconf 86' lang='lat' dir='ltr'>pedestri</span> <span class='ocrx_word' id='word_1_443' title='bbox 1846 3083 2046 3123; x_wconf 88' lang='lat' dir='ltr'>oratione</span> 
     </span>
     <span class='ocr_line' id='line_1_87' title="bbox 1161 3143 2049 3196; baseline -0.001 -11"><span class='ocrx_word' id='word_1_444' title='bbox 1161 3145 1225 3185; x_wconf 79' lang='lat' dir='ltr'>uti</span> <span class='ocrx_word' id='word_1_445' title='bbox 1246 3143 1389 3185; x_wconf 89' lang='lat' dir='ltr'>solent</span> <span class='ocrx_word' id='word_1_446' title='bbox 1405 3145 1511 3196; x_wconf 85' lang='lat' dir='ltr'>(Cic.</span> <span class='ocrx_word' id='word_1_447' title='bbox 1534 3145 1591 3185; x_wconf 88' lang='lat' dir='ltr'>ad</span> <span class='ocrx_word' id='word_1_448' title='bbox 1606 3148 1693 3185; x_wconf 82' lang='lat' dir='ltr'>Att.</span> <span class='ocrx_word' id='word_1_449' title='bbox 1714 3147 1754 3194; x_wconf 66' lang='lat'>2,</span> <span class='ocrx_word' id='word_1_450' title='bbox 1773 3147 1843 3195; x_wconf 75' lang='lat'>22,</span> <span class='ocrx_word' id='word_1_451' title='bbox 1863 3147 1879 3185; x_wconf 74' lang='lat'>4</span> <span class='ocrx_word' id='word_1_452' title='bbox 1899 3157 1907 3184; x_wconf 94' lang='lat'>:</span> <span class='ocrx_word' id='word_1_453' title='bbox 1937 3146 2049 3194; x_wconf 82' lang='lat' dir='ltr'>quod</span> 
     </span>
     <span class='ocr_line' id='line_1_88' title="bbox 1160 3207 2044 3258; baseline 0 -11"><span class='ocrx_word' id='word_1_454' title='bbox 1160 3208 1249 3258; x_wconf 81' lang='lat' dir='ltr'>fors</span> <span class='ocrx_word' id='word_1_455' title='bbox 1284 3207 1499 3258; x_wconf 69' lang='lat' dir='ltr'>obtulerit,</span> <span class='ocrx_word' id='word_1_456' title='bbox 1542 3209 1585 3247; x_wconf 68' lang='lat' dir='ltr'>iel</span> <span class='ocrx_word' id='word_1_457' title='bbox 1621 3212 1794 3248; x_wconf 81' lang='lat' dir='ltr'>acturus</span> <span class='ocrx_word' id='word_1_458' title='bbox 1827 3208 2044 3258; x_wconf 78' lang='lat' dir='ltr'>videtur.)‚</span> 
     </span>
     <span class='ocr_line' id='line_1_89' title="bbox 1162 3271 2043 3322; baseline -0.001 -12"><span class='ocrx_word' id='word_1_459' title='bbox 1162 3272 1360 3321; x_wconf 87' lang='lat' dir='ltr'>itemque</span> <span class='ocrx_word' id='word_1_460' title='bbox 1405 3271 1629 3312; x_wconf 66' lang='lat' dir='ltr'>Horatius«</span> <span class='ocrx_word' id='word_1_461' title='bbox 1655 3272 1750 3322; x_wconf 89' lang='lat' dir='ltr'>ipse</span> <span class='ocrx_word' id='word_1_462' title='bbox 1797 3271 1884 3310; x_wconf 90' lang='lat' dir='ltr'>Sat.</span> <span class='ocrx_word' id='word_1_463' title='bbox 1920 3271 1963 3319; x_wconf 74' lang='lat'>4,</span> <span class='ocrx_word' id='word_1_464' title='bbox 1998 3271 2043 3317; x_wconf 85' lang='lat'>6,</span> 
     </span>
     <span class='ocr_line' id='line_1_90' title="bbox 1162 3332 2044 3385; baseline -0.005 -10"><span class='ocrx_word' id='word_1_465' title='bbox 1162 3333 1234 3375; x_wconf 78' lang='lat'>54:</span> <span class='ocrx_word' id='word_1_466' title='bbox 1257 3334 1385 3373; x_wconf 80' lang='lat' dir='ltr'>Nulla</span> <span class='ocrx_word' id='word_1_467' title='bbox 1401 3356 1419 3361; x_wconf 98' lang='lat'>-</span> <span class='ocrx_word' id='word_1_468' title='bbox 1432 3335 1533 3373; x_wconf 55' lang='lat' dir='ltr'>«mihi</span> <span class='ocrx_word' id='word_1_469' title='bbox 1553 3339 1590 3374; x_wconf 83' lang='lat' dir='ltr'>te</span> <span class='ocrx_word' id='word_1_470' title='bbox 1607 3334 1696 3385; x_wconf 82' lang='lat' dir='ltr'>fors</span> <span class='ocrx_word' id='word_1_471' title='bbox 1711 3332 1869 3372; x_wconf 65' lang='lat' dir='ltr'>obtulit.</span> <span class='ocrx_word' id='word_1_472' title='bbox 1892 3356 1937 3361; x_wconf 91' lang='lat'>—</span> <span class='ocrx_word' id='word_1_473' title='bbox 1955 3332 2044 3384; x_wconf 77' lang='lat' dir='ltr'>illa]</span> 
     </span>
     <span class='ocr_line' id='line_1_91' title="bbox 1165 3394 2047 3448; baseline -0.002 -12"><span class='ocrx_word' id='word_1_474' title='bbox 1165 3396 1351 3437; x_wconf 86' lang='lat' dir='ltr'>«eadem</span> <span class='ocrx_word' id='word_1_475' title='bbox 1374 3396 1457 3445; x_wconf 87' lang='lat' dir='ltr'>illa,</span> <span class='ocrx_word' id='word_1_476' title='bbox 1491 3408 1579 3448; x_wconf 86' lang='lat' dir='ltr'>qua</span> <span class='ocrx_word' id='word_1_477' title='bbox 1600 3394 1741 3436; x_wconf 86' lang='lat' dir='ltr'>semel</span> <span class='ocrx_word' id='word_1_478' title='bbox 1763 3396 1941 3434; x_wconf 86' lang='lat' dir='ltr'>utitur.»</span> <span class='ocrx_word' id='word_1_479' title='bbox 1968 3396 2047 3435; x_wconf 89' lang='lat' dir='ltr'>Le-</span> 
     </span>
     <span class='ocr_line' id='line_1_92' title="bbox 1163 3456 2045 3507; baseline -0.003 -8"><span class='ocrx_word' id='word_1_480' title='bbox 1163 3460 1248 3499; x_wconf 86' lang='lat' dir='ltr'>ctio</span> <span class='ocrx_word' id='word_1_481' title='bbox 1278 3460 1366 3498; x_wconf 72' lang='lat' dir='ltr'>ulla,</span> <span class='ocrx_word' id='word_1_482' title='bbox 1396 3458 1464 3499; x_wconf 84' lang='lat' dir='ltr'>vel</span> <span class='ocrx_word' id='word_1_483' title='bbox 1496 3459 1597 3498; x_wconf 84' lang='lat' dir='ltr'>ideo</span> <span class='ocrx_word' id='word_1_484' title='bbox 1634 3456 1890 3499; x_wconf 71' lang='lat' dir='ltr'>roiirienda.</span> <span class='ocrx_word' id='word_1_485' title='bbox 1924 3457 2045 3507; x_wconf 83' lang='lat' dir='ltr'>quod</span> 
     </span>
    </p>
   </div>
  </div>
 </body>
</html>
