2231 3787
888 251 985 289 Lm.
1021 252 1049 290 1.
1114 251 1223 289 sir.
1262 250 1307 289 v.
1946 249 2012 298 95

252 394 311 445 Ni
352 393 487 447 soret
527 402 743 447 exsecto
787 394 956 451 frons,
1000 392 1195 463 inquit,
1238 385 1371 459 quid
1410 386 1641 445 l'accreS,
1686 401 1807 436 cuni

253 495 340 549 Sic
380 495 598 550 mutilus
644 496 946 550 minitaris?
984 496 1049 547 At
1087 491 1158 545 illi
1198 489 1356 544 foeda
1393 487 1611 543 cicatrix
1946 486 2012 534 (30

255 599 506 651 Setosam
544 598 682 652 laevi
724 598 952 652 frontem
993 601 1304 668 turpaverat
1342 592 1469 645 oris.

254 701 588 772 Campanum
628 701 680 753 in
720 700 1003 763 morbum,
1046 699 1098 751 in
1137 697 1329 751 faciem
1366 692 1633 766 permulta
1672 691 1905 747 iocatus,

255 805 533 856 Pastorem
574 802 792 857 saltaret
830 803 905 856 uti
948 800 1188 875 Cyclopa
1226 798 1475 870 rogabat:

256 904 335 958 Nil
376 905 446 957 illi
487 904 636 959 larva
679 914 769 959 aut
806 905 1024 976 tragicis
1065 921 1204 975 opus
1244 919 1367 956 esse
1408 897 1699 954 cothurnis.

252 1006 413 1061 'Multa
453 1007 725 1061 Cicirrhus
766 1008 835 1061 ad
874 1008 1040 1061 haec:
1083 1008 1352 1059 Donasset
1391 1003 1569 1056 iamne
1609 1009 1852 1054 catenam
1947 1006 2013 1050 tu)

1964 999 2007 1013 Ἰυ

253 1111 325 1162 Ex
366 1119 488 1163 voto
529 1110 786 1170 Laribus,
829 1109 1155 1181 quaerebat3
1196 1106 1375 1161 scriba
1416 1104 1565 1177 quod
1605 1112 1777 1166 esset,

289 1262 354 1300 60.
391 1262 594 1301 miniteris
623 1272 690 1313 pr.
729 1261 779 1309 d,
829 1264 1040 1312 quattuor
1071 1260 1267 1300 Pottierii
1303 1259 1343 1306 7,
1383 1258 1449 1302 Μ,
1490 1256 1559 1304 18,
1599 1257 1665 1295 22.
1709 1257 1753 1295 et
1784 1266 1837 1294 ex
1867 1253 1961 1294 aliis

236 1322 474 1364 Bentleius.

182 1451 225 1498 2,
259 1450 307 1500 6,
341 1449 416 1489 66:
458 1450 613 1490 Pietate
640 1450 838 1501 faclamst
865 1460 962 1490 mea
995 1452 1066 1488 al-

180 1523 258 1560 que
285 1513 497 1552 maiorum
525 1514 679 1552 *meam

233 1574 380 1614 58-63.
427 1575 608 1626 Accipio]
659 1577 807 1615 «tuam
843 1585 1065 1626 provoca-

181 1638 347 1677 tionem
370 1649 513 1688 eaque
546 1637 653 1678 mihi
684 1649 871 1689 prorsus
901 1636 1062 1689 placet;

181 1702 224 1739 et
253 1699 331 1739 tibi
363 1700 520 1752 (capite
554 1701 787 1740 minaciter
823 1701 956 1751 moto)
990 1700 1067 1740 de-

180 1762 440 1803 monstrabo
486 1774 559 1803 me
604 1774 652 1803 re
692 1774 798 1803 vera
838 1764 941 1814 equi
985 1762 1066 1802 feri

179 1824 370 1865 similem
393 1835 537 1865 esse.»
567 1849 612 1853 —
637 1829 712 1865 tua
732 1825 834 1877 cet]
869 1826 911 1864 in
932 1835 1065 1877 prosa

180 1889 399 1928 oratione:
432 1889 540 1929 «nisi
554 1900 692 1929 cornu
707 1889 820 1929 foret
833 1890 1066 1929 exsectum

180 1951 311 1992 fronti
342 1953 487 1992 tuae.»
515 1975 559 1979 —
584 1953 684 2002 quid
704 1952 877 2004 faceres]
904 1963 1066 2003 «quam

181 2012 387 2054 terribilis
405 2014 522 2055 sores
540 2016 576 2053 ἰ»
602 2037 649 2043 —-
667 2015 894 2067 minitaris]
921 2025 1066 2054 «nunc

182 2079 327 2130 ipsum
340 2091 382 2127 »3
427 2080 576 2130 itaque
608 2079 874 2120 indicativus
905 2079 1066 2119 modus

182 2141 436 2192 aptissimus
496 2143 577 2181 est.
656 2143 799 2183 Minus
859 2142 1066 2181 accurate

182 2202 423 2244 Bentleius:
474 2204 829 2255 «Antiquiores»
879 2204 1069 2255 (Editio-

182 2277 262 2305 nes
280 2298 288 2314 ,
313 2266 467 2317 utique
485 2267 619 2306 etiam
638 2269 873 2318 praestans
895 2265 965 2306 illa
985 2267 1070 2306 Ve-

184 2330 288 2367 neta
319 2328 458 2379 4481.)
494 2330 737 2377 «miniteris,
773 2340 877 2369 cum
898 2329 1067 2368 maiore

184 2393 309 2442 parte
342 2389 755 2430 membranarum.»
805 2391 892 2430 Sed
914 2391 1069 2442 optimi

186 2454 351 2504 quique
376 2452 563 2492 Codices
585 2454 695 2502 mei,
730 2452 939 2502 Oberlini,
973 2454 1072 2492 Pot-

186 2516 299 2556 tierii
329 2515 434 2555 satis
466 2517 645 2555 tuentur
681 2515 985 2555 indicativum.
1023 2536 1067 2542 —

185 2580 236 2618 Ac
264 2578 324 2617 illi·
355 2578 457 2628 cet]
494 2579 739 2618 «Graecum
760 2576 811 2618 δέ
840 2589 924 2629 per
943 2581 988 2616 at
1012 2577 1071 2616 ita

188 2641 441 2692 exprimunt
492 2641 703 2692 (poetae),
754 2643 803 2680 ut
852 2640 1072 2692 oppositio

188 2703 263 2743 fiat
291 2714 379 2743 non
409 2704 662 2754 notionum,
700 2703 781 2745 sed
811 2703 1070 2754 imaginum,

189 2766 273 2805 hoc
295 2768 386 2813 est,
419 2768 468 2805 ut
488 2767 761 2806 contrarium
785 2777 874 2806 non
904 2767 948 2805 in
977 2766 1074 2817 ipsa

189 2840 259 2878 re,
301 2828 383 2869 sed
412 2829 457 2868 in
487 2828 703 2869 locatione
736 2829 963 2880 appareat.
1025 2827 1072 2867 Id

190 2893 340 2930 autem
390 2889 629 2942 plurimum
676 2891 725 2930 fit
770 2891 815 2930 in
860 2891 1073 2931 extremis

190 2952 416 3002 versibus,
460 2954 508 2992 ut
535 2953 734 3003 videtur,
782 2953 839 2992 ad
869 2952 1075 2993 attollen-

192 3015 318 3063 dam,
353 3026 468 3066 quae
500 3017 543 3057 in
574 3016 661 3056 fine
692 3027 906 3056 versuum
928 3015 1075 3067 depri-

193 3078 353 3127 mitur,
388 3079 598 3118 orationis
619 3079 724 3118 vim.
776 3080 839 3118 lta
860 3079 995 3118 lii—at
1014 3079 1075 3117 illi

193 3140 421 3190 dicuntur,
469 3142 544 3192 qui
587 3152 748 3191 graece
789 3142 839 3181 οἱ
872 3141 1078 3194 μέν-οἱ

193 3201 258 3243 δέ.
319 3205 484 3242 Lucan.
517 3202 564 3252 4,
598 3203 671 3242 36:
717 3204 790 3243 His
815 3205 950 3244 virtus
986 3204 1076 3255 fer—

192 3276 370 3315 rumque
396 3266 532 3306 locum
553 3266 784 3316 promittit,
817 3271 862 3306 at
888 3267 970 3306 illis
987 3268 1077 3317 Ipse

195 3329 354 3369 locas.»
420 3329 546 3369 Hand
585 3330 709 3368 Turs.
743 3330 774 3367 Ι.
812 3340 855 3380 p.
888 3328 961 3368 4211
1006 3340 1073 3380 sq.

201 3413 245 3419 -—
283 3391 478 3443 cicatrix]
520 3391 581 3430 Ex
620 3390 905 3440 antiquorum
941 3401 1077 3430 sensu

199 3457 256 3492 est
283 3454 411 3493 etiam
440 3453 716 3504 deformitatis
746 3455 783 3491 et
812 3452 1000 3502 corporis
1017 3452 1080 3491 vi-

1130 1449 1242 1487 dam.
1296 1447 1385 1487 Cio.
1421 1445 1476 1485 de
1509 1445 1579 1486 Or.
1615 1445 1662 1493 2,
1714 1444 1789 1493 59,
1838 1443 1932 1483 ⁶239.
1970 1466 2013 1470 -—

1132 1511 1396 1560 Campanam
1433 1510 1478 1548 ⁴in
1507 1508 1713 1560 morbum]
1748 1509 1867 1547 «Hoc
1898 1508 2018 1547 enim

1131 1574 1257 1624 quasi
1280 1584 1304 1612 a
1326 1574 1483 1612 natura
1505 1570 1743 1622 Campanis
1765 1570 1856 1610 fere
1879 1572 2019 1610 oinni-

1130 1636 1216 1677 bus
1262 1637 1401 1684 inc-st,
1450 1637 1498 1674 ut
1542 1634 1696 1685 capitis
1741 1633 2018 1684 temporibus

1131 1710 1318 1749 magnae
1368 1708 1587 1738 verrucae
1642 1697 1928 1735 innascantur
1975 1697 2018 1736 in

1130 1762 1317 1802 modum
1348 1771 1591 1801 cornuum:
1626 1770 1737 1810 quas
1761 1770 1863 1798 cuni
1886 1758 2018 1798 incidi

1131 1826 1317 1875 faciunt,
1352 1824 1581 1865 cicatrices
1605 1824 1647 1862 in
1669 1822 1813 1861 fronte
1837 1824 2020 1861 manent

1130 1889 1258 1940 quasi
1294 1890 1425 1928 notae
1461 1888 1747 1930 exsectorum
1779 1896 2013 1924 cornuum.

1128 1953 1177 1991 In
1207 1952 1328 1991 hunc
1359 1961 1465 2002 ergo
1494 1948 1705 1997 morbum,
1739 1948 1783 1987 id
1816 1949 1906 1996 est,
1951 1947 2018 1987 fa-

1131 2015 1213 2054 ciei
1257 2014 1438 2061 vitium,
1491 2023 1579 2063 quo
1627 2011 1842 2062 Campani
1891 2009 2020 2050 labo-

1129 2080 1250 2124 rant,
1297 2078 1469 2116 iocatur
1509 2076 1812 2114 Sarmentus.»
1874 2074 2016 2114 Comi.

1133 2141 1264 2186 CRUQ.
1341 2140 1418 2179 Est
1472 2138 1644 2190 primus
1702 2135 2020 2187 elephantiasis

1132 2202 1311 2255 gradus.
1389 2203 1452 2241 De
1494 2199 1747 2251 syphilitide
1789 2210 1893 2238 cuin
1932 2200 2020 2238 Ro-

1132 2265 1396 2308 senbaumio
1470 2262 1655 2314 aliisque
1734 2261 2019 2312 cogitandum

1133 2340 1223 2368 non
1267 2329 1349 2367 est.
1398 2350 1442 2354 —
1485 2327 1699 2365 Pastorem
1742 2325 1918 2363 saltaret
1959 2325 2022 2363 uti

1133 2389 1333 2440 Cyclopa]
1384 2389 1457 2427 «ut
1500 2387 1701 2428 saltando
1748 2385 2017 2437 Cyclopem,

1134 2452 1280 2492 ferum
1324 2449 1446 2489 illum
1490 2448 1696 2489 Galateae
1742 2450 2017 2497 amatorem,

1135 2514 1385 2554 imitaretur
1434 2523 1485 2551 ac
1534 2511 1764 2551 referret.»
1828 2511 1915 2551 Cir.
1964 2510 2021 2550 ad

1137 2578 1249 2629 Epp.
1272 2577 1320 2625 2,
1353 2576 1401 2624 2,
1436 2573 1539 2614 2124:
1572 2578 1618 2613 ut
1648 2574 1719 2624 qui
1746 2574 1868 2613 Nunc
1897 2574 2023 2623 Sat-y-

1135 2651 1257 2689 ram,
1288 2649 1399 2677 nanc
1429 2641 1635 2688 ayreslem
1666 2636 1849 2686 Cyclopa
1878 2647 2022 2676 more-

1136 2707 1220 2742 tur.
1281 2701 1332 2740 V.
1355 2700 1514 2740 saltare
1544 2700 1607 2740 sic
1631 2709 1734 2738 curn
1767 2699 2021 2739 accusativo

1139 2766 1274 2805 etiam
1300 2764 1344 2802 in
1363 2773 1497 2815 prosa
1520 2772 1584 2801 or.
1607 2759 1759 2800 Vellei.
1782 2762 1953 2800 Patere.
1978 2761 2020 2810 2,

1137 2828 1212 2869 83:
1244 2827 1423 2867 Plancus
1450 2835 1545 2864 cum
1563 2846 1587 2852 -
1606 2846 1629 2853 -
1651 2824 1857 2863 Glaucum
1876 2824 2025 2863 saltas-

1136 2895 1207 2931 set.
1242 2889 1386 2930 EtIam
1405 2888 1583 2940 passive
1605 2887 1860 2938 usurpatur.
1895 2886 2018 2926 Ovid.

1137 2954 1264 2993 Trist.
1290 2953 1339 3001 2,
1372 2951 1473 2990 549:
1521 2950 1575 2989 Et
1608 2960 1704 2989 mea
1738 2952 1834 2988 sunt
1864 2949 2023 2999 populo

1135 3016 1294 3056 saltata
1315 3016 1521 3064 poe'mala
1541 3023 1676 3062 saepe.
1705 3034 1750 3039 -
1774 3010 1911 3063 larva]
1936 3022 2024 3050 non

1139 3080 1207 3119 est
1236 3075 1495 3128 simpliciter
1526 3086 1734 3125 persona,
1782 3073 1864 3114 sed
1901 3085 2024 3130 μορ-

1137 3136 1431 3194 μωλύκειον,
1466 3149 1685 3190 «persona
1715 3135 1915 3176 horribili
1943 3147 2022 3176 sua

1139 3204 1249 3244 facie
1280 3204 1501 3242 terrorem
1531 3201 1793 3240 incutiens.»

1196 3266 1342 3306 65-70.
1375 3266 1581 3304 Donasset-
1600 3262 1703 3314 cet.]
1728 3262 2025 3302 «Consecras-

1141 3330 1267 3368 setne
1295 3328 1337 3366 in
1369 3327 1545 3377 signum
1573 3324 1788 3365 libertatis
1810 3324 2021 3373 acceptae

1142 3392 1345 3431 catenam
1367 3388 1578 3437 Laribus,
1612 3389 1660 3427 ut
1690 3385 1865 3436 ingenui
1895 3384 2023 3435 pueri

1143 3453 1335 3503 (sumpta
1364 3450 1478 3491 virili
1508 3449 1622 3501 toga)
1654 3447 1798 3487 bullas
1831 3448 1874 3486 et
1894 3444 2022 3497 puel-

200 3516 352 3555 tiorum
379 3517 480 3556 satis
508 3516 613 3556 bella
634 3515 827 3555 materies
847 3515 902 3553 acl
934 3515 1078 3553 iocan-
1139 3513 1208 3554 lae
1248 3515 1452 3565 pupas‘?»
1507 3509 1734 3563 (Similiter
1771 3509 1839 3548 vir
1883 3509 2022 3548 iustus
