2231 3787
865 271 961 309 LlB.
1001 271 1029 309 1.

1094 270 1255 309 El’ls'r.
1290 269 1358 309 xl.

1933 266 2033 316 487

276 402 492 456 Fidenis
536 402 711 465 vicus;
753 409 929 454 tamen
969 399 1074 453 illic
1113 399 1294 452 vivere
1335 397 1526 452 vellem

280 503 607 574 Oblitusque
649 520 892 557 meorum
931 500 1334 555 obliviscendus
1375 508 1428 553 et
1473 498 1573 552 illis

279 609 585 678 Neptunum
624 605 810 676 procul
852 622 881 658 e
922 613 1065 658 terra
1104 611 1351 674 spectare
1393 601 1670 655 furentem.

1956 561 1992 654 ἰι
2007 604 2038 652 0

281 708 391 763 Sed
432 725 634 779 neque,
678 708 768 777 qui
813 707 996 778 Capua
1036 708 1257 759 Romam
1295 704 1454 775 petit,
1500 702 1670 757 imbre
1710 702 1930 774 lutoque

278 811 586 882 Adspersus
627 808 770 863 volet
808 809 860 861 in
899 824 1145 879 caupona
1185 807 1397 871 vivere3
1438 822 1564 867 neo,
1607 805 1698 876 qui

263 955 384 994 Torr.
418 955 461 993 et
491 952 578 992 duo
612 952 818 992 Pottierii.
861 973 907 980 —
943 952 980 990 6.
1014 950 1199 990 Lebedon
1230 947 1272 988 d.
1311 969 1355 976 —

1397 949 1435 988 7.
1470 959 1599 999 quam
1627 948 1680 986 sit
1710 947 1853 988 Gabiis
1882 958 1984 987 cum

261 1015 426 1057 Aldinis
462 1017 525 1056 Lt.
561 1038 604 1043 —
636 1015 674 1055 8.
707 1015 809 1054 vicis
846 1014 1028 1065 Cruquii
1064 1023 1228 1065 operae
1266 1011 1385 1051 4597.
1424 1035 1467 1040 —-
1505 1012 1570 1050 40.
1605 1023 1658 1050 ω)
1688 1009 1759 1051 bc.

206 1131 379 1176 ἑκατόν
399 1146 408 1155 ·
442 1157 465 1162 -
486 1158 509 1164 -
540 1130 624 1172 νῦν
660 1132 750 1184 μὲν
782 1127 943 1172 οὐκετι
974 1144 1091 1171 συν-

208 1197 469 1249 οικουμένη
493 1192 648 1243 πᾶσα,
679 1191 802 1247 πλὴν
837 1187 934 1233 ὅσα
967 1194 1089 1249 μέρη

207 1255 552 1300 πανδοκεύεται
609 1254 732 1296 κατὰ
791 1253 880 1309 τὴν
939 1251 1054 1296 ὁδόν
1078 1268 1087 1277 ·

207 1318 315 1362 τότε
344 1319 393 1361 δὲ
426 1316 807 1377 πολυάνθρωπος
827 1320 929 1368 καί,
962 1317 1009 1358 εἶ’
1022 1330 1092 1368 τις

205 1380 350 1438 ἄλλη,
382 1380 583 1437 μεγάλη.
642 1385 842 1434 Propert.
877 1382 922 1432 4,
948 1382 987 1430 4,
1013 1380 1086 1421 34:

205 1450 258 1489 Et
301 1448 374 1498 qui
420 1458 529 1486 nunc
568 1445 689 1495 nulli,
735 1445 931 1484 maxima
967 1443 1092 1483 turba

207 1511 326 1552 Gabi.
378 1507 571 1550 Iuvenal.
609 1509 654 1557 7,
687 1509 740 1547 3:
788 1518 884 1547 cum
914 1507 1001 1546 iam
1029 1518 1093 1546 ce-

205 1573 333 1614 lebres
361 1573 528 1622 notique
552 1573 704 1622 poetae
730 1570 977 1610 Balneolum
1008 1570 1092 1610 Ga-

206 1635 302 1686 biis,
334 1636 488 1675 Romae
517 1634 746 1673 conducere
772 1633 920 1683 furnos
944 1632 974 1671 Τ
973 1636 1093 1671 enta-

205 1703 310 1738 rent.
373 1699 658 1738 Monumenta
699 1707 720 1734 a
752 1696 977 1735 Viscontio
1010 1695 1092 1735 de-

209 1762 374 1813 scripta
418 1762 597 1812 reperta
637 1762 740 1799 sunt
773 1769 912 1810 prope
945 1757 1091 1797 lacum

207 1824 446 1872 Gabinum,
504 1823 599 1873 layo
645 1822 685 1860 di
729 1821 999 1872 Castiylione‚
1047 1822 1091 1859 in

205 1886 302 1928 loco
352 1885 483 1925 hodie
534 1884 760 1924 nominato
813 1885 979 1923 Pantan
1029 1884 1088 1922 cle’

206 1949 342 2001 Griffi.
379 1971 424 1977 —
457 1949 657 1996 Fidenae,
708 1946 975 1986 Sabinorum
1007 1957 1090 1998 op·-

205 2012 381 2064 pidum,
428 2022 568 2062 prope
613 2011 799 2050 Romam
846 2008 1016 2060 (Strabo
1047 2011 1087 2049 5.

204 2085 247 2125 p.
272 2074 367 2113 9:26.
392 2076 437 2112 et
458 2072 592 2123 2300,
628 2073 752 2112 cuius
783 2070 996 2122 reliquiae
1019 2083 1092 2111 ex-

206 2137 323 2176 stant
367 2145 504 2186 prope
542 2135 666 2174 vicos
699 2134 886 2174 Giubileo
917 2136 961 2173 et
989 2134 1084 2173 Ser-

202 2198 389 2249 pentina.
427 2198 619 2237 Primam
650 2197 840 2237 nominis
871 2195 1090 2247 syllabam

206 2260 414 2312 produxit
435 2261 638 2299 Horatius
662 2260 706 2298 et
725 2261 875 2298 Iuven.
901 2259 968 2305 40,
993 2259 1086 2298 40οῑ

205 2323 269 2363 Αη
298 2323 553 2362 Fidenarum
576 2321 886 2370 Gabiorumque
915 2332 998 2360 esse
1014 2332 1091 2371 po-

206 2389 332 2425 testas
369 2386 472 2433 cet.,
505 2385 717 2436 corripuit
759 2384 872 2435 Virg.
906 2385 1015 2423 Aen.
1047 2384 1086 2432 6,

207 2447 310 2487 773;
356 2447 579 2497 urbemque
608 2447 831 2495 Fidenam,
875 2446 938 2484 uti
968 2445 1017 2485 fit
1045 2446 1088 2484 in

208 2508 460 2549 nominibus
489 2510 697 2561 propriis.
757 2509 819 2550 Cf.
855 2508 911 2547 ad
942 2507 1020 2547 Od.
1046 2508 1084 2557 3,

209 2571 248 2620 4,
273 2572 312 2612 9.
345 2573 454 2624 Epp.
480 2573 519 2621 4,
545 2573 610 2621 40,
634 2573 701 2612 26.
729 2595 774 2600 —
801 2571 958 2621 vellem]
994 2569 1087 2612 «vel

208 2634 268 2674 ibi
299 2646 442 2686 aequo
473 2635 620 2674 animo
641 2635 793 2675 vivere
816 2645 1018 2687 possem,
1052 2635 1088 2674 si

208 2709 320 2750 opus
350 2698 504 2739 foret.»
538 2698 665 2738 Haud
687 2699 816 2738 nimis
834 2698 1088 2749 urgendum

205 2761 375 2807 vellem;
422 2763 490 2801 est
533 2763 763 2801 nostrum:
824 2761 888 2800 ich
928 2761 1085 2810 wollte,

209 2835 328 2862 wenn
357 2835 397 2863 es
426 2825 590 2874 darauf
611 2824 812 2874 ankame,
860 2824 967 2863 auch
996 2825 1090 2864 αοιί

209 2885 318 2924 leben
367 2885 552 2934 konnen,
605 2887 750 2937 potius
799 2897 964 2938 quam:
1025 2887 1090 2925 ich

210 2947 366 2986 mo‘chte
394 2946 614 2999 (wirklich)
641 2949 736 2988 dort
756 2948 882 2989 leben.
911 2971 955 2976 -
981 2948 1090 2988 Obli-

210 3007 366 3058 tusque]
398 3009 535 3049 Nimis
565 3010 662 3049 duri
692 3011 826 3050 animi
857 3012 901 3050 et
930 3008 1090 3049 sodali-

210 3081 287 3110 um
317 3069 611 3120 negligentem
648 3072 814 3112 faciunt
842 3072 1086 3121 Horatium

211 3133 285 3184 qui
330 3143 384 3171 ex
426 3132 493 3171 his
535 3143 607 3171 W.
655 3132 885 3183 colligunt,
944 3134 1088 3174 omnis

211 3194 428 3235 amicitiae
467 3196 510 3233 et
545 3205 648 3234 cum
678 3195 933 3236 hominibus
964 3206 1089 3235 com-

208 3257 364 3297 mercii
396 3256 592 3296 taedium
613 3267 717 3296 eum
740 3258 951 3307 tenuisse,
986 3268 1088 3297 cum

208 3319 321 3359 haec
341 3318 572 3360 scriberet.
635 3318 801 3358 Verum
832 3329 960 3358 suam
993 3322 1089 3359 tan-

210 3381 443 3421 tummodo
469 3380 783 3428 constantiam,
807 3374 1087 3437 ἀταραξίαν,

211 3444 364 3494 paucis
394 3444 653 3484 contentum
683 3442 881 3481 animum
910 3443 1093 3494 opponit

210 3504 380 3546 Bullatii
421 3505 740 3547 inconstantiae
788 3506 832 3544 et
876 3514 1092 3545 novarum

1156 1140 1338 1180 semper
1368 1137 1520 1166 rerum
1551 1126 1859 1178 appetentiae,
1910 1129 2038 1166 utens

1155 1190 1225 1231 vel
1269 1188 1518 1242 hyperbola
1564 1190 1606 1228 in
1652 1200 1720 1227 w.
1767 1188 1922 1228 Oblitus
1953 1191 2037 1228 cet..

1158 1252 1350 1300 «Quodsi
1395 1250 1454 1290 ibi
1497 1249 1728 1301 tranquille
1760 1262 1966 1290 xersarer
1997 1251 2038 1290 in

1156 1312 1500 1365 contemplando
1518 1311 1699 1352 terribili
1716 1311 1935 1363 simulque
1950 1323 2041 1352 ma-

1156 1376 1316 1428 gnifico
1365 1375 1500 1414 maris
1552 1374 1713 1414 turbati
1760 1373 2036 1426 spectaculo,

1155 1438 1226 1479 vel
1257 1438 1455 1478 oblivisci
1487 1449 1668 1489 possem
1691 1437 1747 1477 ad
1775 1441 1951 1488 tempus
1973 1447 2043 1476 ca-

1155 1503 1437 1543 rissimorum
1468 1512 1675 1541 meorum
1698 1501 1946 1539 amicorum
1968 1510 2042 1538 ne-

1156 1576 1243 1616 que
1277 1564 1484 1604 continuo
1517 1574 1568 1602 ac
1599 1563 1856 1602 vehementi
1885 1573 2040 1602 eorum

1156 1627 1380 1667 desiderio
1403 1636 1708 1671 consumerer,
1737 1626 1874 1664 immo
1896 1635 2042 1674 aequo

1156 1692 1303 1730 animo
1334 1691 1537 1741 paterer,
1572 1686 1646 1726 ubi
1681 1687 1761 1738 ipsi
1793 1697 1972 1736 quoque
1998 1686 2039 1724 in

1156 1763 1339 1793 secessu
1384 1762 1486 1791 meo
1524 1761 1595 1790 me
1628 1749 1849 1788 interdum
1882 1747 2041 1787 oblivi-

1156 1816 1438 1855 scerentur.»
1521 1811 1647 1852 Adde
1705 1811 1823 1862 quod
1873 1809 2038 1850 Lebedi

1156 1880 1251 1917 tum
1280 1878 1349 1915 xix
1381 1874 1499 1915 aliud
1521 1872 1828 1926 spectaculum
1851 1872 2042 1924 praebe-

1154 1940 1288 1979 batur
1319 1938 1378 1978 ibi
1412 1937 1711 1989 peregrinanti
1732 1934 1802 1974 x’el
1824 1933 2040 1974 exsulanti

1156 2012 1292 2054 quam
1309 2012 1446 2040 mare.
1464 2023 1508 2027 -—
1523 2000 1761 2049 Neptunum
1782 2000 1865 2037 cet.
1872 1997 1885 2048 ]
1904 1999 2040 2038 Notus

1156 2063 1358 2106 sublimis
1390 2062 1580 2103 Lucretii
1611 2060 1870 2109 10u1s2,1;
1903 2060 2042 2099 Suave

1153 2128 1266 2167 mari
1294 2138 1449 2178 7ηα9ηο
1479 2124 1775 2164 taibanlibus
1773 2123 2042 2174 motantibus

1157 2191 1296 2230 Comi.
1323 2189 1469 2238 CRUQ.)
1504 2199 1692 2238 aequora
1717 2187 1848 2226 ventis
1866 2186 1903 2224 E
1923 2190 2037 2225 terra

1154 2264 1225 2291 ma
1226 2263 1356 2303 Jnutn
1400 2252 1573 2290 alterius
1614 2254 1801 2300 spectare
1839 2249 2035 2288 laborem.

1156 2316 1219 2356 Cf.
1253 2316 1462 2367 Archippi
1493 2326 1564 2354 xv.
1600 2314 1718 2366 apud
1749 2313 1870 2352 Stob.
1896 2314 1961 2361 59,

1149 2373 1232 2429 Ὡς
1278 2374 1365 2431 ἦὸὺ
1412 2374 1502 2430 τὴν
1546 2374 1792 2416 θάὶατταν
1823 2369 1920 2414 απὸ
1951 2371 2037 2427 τῆς

1154 2439 1243 2496 γῆς
1267 2436 1404 2499 ὁρᾶν,
1429 2433 1487 2479 Ὦ
1508 2437 1647 2496 ιιῆτε
1611 2453 1683 2487 co,
1716 2438 1816 2479 ἐστι
1836 2434 1906 2490 μὴ
1929 2436 2038 2478 πλέ-

1155 2517 1272 2544 οντα
1291 2500 1538 2557 ιιηδαιιοῦ.
1564 2503 1797 2554 (Neptunus
1816 2512 1939 2552 p1·‹0
1921 2516 1939 2536 α
1947 2511 2038 2540 ma—

1154 2568 1246 2616 ri,»
1279 2570 1328 2607 ut
1348 2566 1487 2619 Epod.
1513 2567 1558 2615 7,
1589 2566 1636 2604 3:
1669 2566 1861 2614 iNepluno
1880 2562 2037 2612 super.)

1156 2632 1366 2671 Ceterum
1395 2630 1482 2670 hoc
1513 2639 1692 2680 quoque
1716 2626 1812 2666 loco
1834 2628 1937 2666 sunt
1958 2636 2036 2665 ve—

1154 2693 1278 2744 stigia
1327 2692 1555 2732 doctrinae
1610 2690 1796 2729 Stoic.ae
1862 2686 2032 2726 Arrian

1154 2756 1292 2807 Epict.
1327 2755 1371 2804 3,
1407 2753 1481 2801 24,
1518 2752 1622 2791 409;
1647 2745 1724 2789 ’Ὰν
1754 2749 1804 2790 ἑν
1830 2746 2036 2806 Γυάοοις

1152 2817 1234 2875 η’ς,
1267 2812 1336 2869 ur)
1368 2811 1650 2854 cinciniaco&
1680 2808 1768 2865 τὴν
1798 2810 1847 2852 ἐν
1876 2807 2033 2868 Ριόμη

1152 2863 1431 2941 διατριβήν,
1491 2876 1573 2915 καὶ
1627 2871 1743 2915 ὅσαι
1788 2871 1930 2945 διαχί
1935 2885 2035 2923 σεις

1154 2954 1281 2994 ησαν
1311 2939 1412 2980 εκεῖ
1437 2935 1675 2992 διάγοντι,
1709 2938 1789 2977 καὶ
1820 2932 1935 2977 ὅσαι
1964 2937 2036 2990 γε’-

1152 3005 1296 3044 νοιντ’
1327 2998 1390 3042 ἄν
1419 2998 1760 3043 επανελθόντι
1806 2993 1904 3039 ἀλλ
1937 2998 2015 3039 ἐκε
2020 3003 2039 3038 ῖ

1153 3068 1350 3114 τέτασο,
1385 3059 1515 3115 ὅπως
1544 3063 1619 3104 δεῖ
1642 3060 1727 3103 τὸν
1756 3076 1806 3103 εν
1828 3062 1867 3102 Γ
1867 3073 2034 3115 υαροις

1153 3126 1405 3183 διάγοντα,
1437 3127 1487 3168 ἐν
1517 3123 1724 3183 Γυάροις
1753 3120 2032 3182 ἑρῥωμένως

1153 3189 1345 3246 διάγειν.

1211 3256 1356 3294 44-46.
1390 3254 1471 3294 Sed
1489 3264 1639 3303 neque,
1670 3252 1741 3301 qui
1761 3252 1905 3299 Capu-a
1930 3247 2031 3297 cet]

1156 3318 1224 3357 via
1244 3316 1385 3369 Appia
1414 3316 1497 3355 iter
1526 3314 1716 3361 faciens,
1750 3313 1792 3350 in
1814 3321 1916 3360 qua,
1950 3307 2031 3347 etsi

1155 3381 1291 3421 strata
1335 3380 1432 3419 erat
1467 3378 1582 3419 saxis
1613 3371 1839 3428 ὁμαλοῖς,
1884 3371 2031 3425 ἐγγω-

1155 3443 1275 3492 νέοις
1319 3443 1516 3492 (Procop.
1549 3437 1653 3479 Bell.
1688 3436 1814 3476 Goth.
1849 3435 1895 3482 4,
1929 3432 2029 3482 44.),

1156 3506 1325 3553 tamen,
1360 3502 1538 3555 quando
1560 3498 1759 3552 pluebat,
1789 3496 1879 3536 luto
1900 3495 2031 3535 variis
