2231 3787
872 233 969 272 Llss.
1005 234 1033 271 1.
1095 234 1206 273 sA‘r.
1240 234 1289 272 v.
1903 231 2005 282 103

187 364 280 404 744.
322 364 540 403 Brundisii
586 375 666 415 per
701 365 1026 411 Maecenatem,
1078 365 1317 403 Cocceium
1351 367 1393 403 et
1439 363 1676 404 Pollionem
1717 365 1899 411 sactam;
1947 363 2014 402 alii

186 432 456 484 {wesseling
496 433 623 473 Obss.
656 434 703 481 ’2,
740 434 821 482 15.)
856 433 911 472 ad
943 444 981 472 a.
1016 445 1056 472 u.
1093 446 1129 472 c.
1165 433 1277 481 7¹6„
1322 445 1409 484 quo
1450 435 1662 474 Antonius
1705 435 1906 474 Caesaris
1939 444 2017 471 vo-

186 508 290 546 catu
334 506 518 555 propter
558 505 656 543 Sex.
699 504 898 554 Pompeii
942 502 1108 542 bellum
1141 515 1163 541 e
1205 504 1386 543 Graecia
1428 503 1708 543 Brundisium
1749 505 1890 549 venit,
1937 504 2015 542 sed

185 573 262 613 ubi
293 572 413 613 illum
445 573 503 613 ibi
535 585 621 613 non
655 573 970 625 deprehendit,
1005 574 1153 612 statim
1185 584 1394 612 reversus
1427 576 1507 612 est.
1568 576 1752 624 Applan.
1787 575 1836 621 5,
1871 574 1921 612 78
1946 583 2011 623 sq.

190 666 235 673 --
268 645 314 682 In
346 644 480 683 rebus
512 644 816 695 geographicis
849 641 1119 694 explicandis
1151 643 1192 681 in
1226 641 1447 693 plerisque
1480 644 1620 681 secuti
1660 654 1814 682 sumus
1850 644 1899 682 D.
1926 644 2014 681 Ro-

189 712 378 753 manellii
408 713 557 753 Antica
595 715 831 764 topografia
861 712 925 752 clel
960 723 1086 762 regma
1118 713 1158 751 (li
1198 712 1364 761 Napoli.
1425 711 1576 763 Napoli
1610 712 1728 752 4815.
1764 712 1786 751 3
1817 711 1910 751 Vol.
1946 710 2004 751 40.

190 784 405 835 imprimis
437 782 530 823 Vol.
556 785 604 823 ΙΙ.
628 795 670 834 p.
695 784 766 822 501
796 793 949 833 seqq.‚
997 781 1195 821 consulto
1228 793 1343 821 nunc
1379 783 1512 821 etiam
1548 782 1712 832 optimo
1748 782 2014 832 geographo,

190 852 540 894 Walckenaerio.
600 855 662 893 Ne
705 854 802 904 quis
833 853 961 903 igitur
997 853 1135 891 errori
1167 851 1349 900 tribuat,
1398 852 1433 891 si
1465 853 1638 890 numeri
1669 850 2007 900 miliariorunw)

191 923 414 964 interdum
460 924 714 975 discrepant
752 923 808 962 ab
842 923 1176 963 Heindorsianis.
1215 945 1259 950 -
1295 920 1473 961 «Plures
1516 920 1625 970 loci,
1659 923 1707 960 ut
1739 932 1810 960 W.
1845 921 1911 960 30.
1946 920 2012 959 38.

192 994 257 1035 48.
291 993 358 1034 49.
394 994 458 1033 95.
494 994 586 1040 96.,
620 996 713 1032 tum
746 993 788 1032 id
819 993 938 1043 quod
971 993 1243 1044 significatur
1272 1004 1313 1031 v.
1339 991 1406 1031 36.
1441 993 1573 1042 atque
1614 991 1733 1042 quod
1763 1002 1834 1030 W.
1868 990 2013 1030 82-85.

192 1067 418 1111 narratur,
466 1064 578 1103 haec
623 1064 767 1103 omnia
809 1063 1034 1102 adducere
1072 1074 1151 1102 nos
1189 1061 1377 1110 debent,
1419 1064 1466 1100 ut
1505 1061 1741 1100 credamus
1772 1061 1891 1099 hunc
1922 1070 2018 1099 ser—

194 1145 373 1174 monem
405 1145 491 1173 non
523 1134 657 1173 fuisse
689 1132 744 1172 ab
781 1133 958 1172 Horatio
991 1132 1281 1180 destinatum,
1316 1132 1389 1182 qui
1421 1130 1587 1182 publici
1617 1132 1723 1170 iuris
1756 1130 1902 1178 tieret,
1937 1128 2016 1168 sed

194 1207 364 1244 tantum
408 1216 510 1244 cum
553 1204 708 1255 paucis
748 1203 900 1242 amicis
945 1214 1030 1241 una
1075 1202 1284 1253 profectis
1329 1204 1375 1240 ut
1420 1201 1640 1240 ludicrum
1684 1201 1813 1240 huius
1852 1200 2018 1238 itineris

194 1276 534 1314 monumentum
565 1273 1014 1312 communicaretur.»
1048 1273 1262 1311 Hem-nour
1295 1271 1414 1323 apud
1446 1273 1567 1310 ZELL.
1601 1271 1702 1311 Mihi
1733 1269 1858 1309 aliter
1893 1268 2019 1308 vide-

193 1348 278 1384 tur.
339 1345 537 1385 Primum
582 1345 700 1383 enim
744 1345 838 1395 ipse
884 1343 998 1382 hanc
1044 1344 1226 1382 satiram
1272 1343 1386 1382 inter
1425 1341 1618 1392 reliquas
1651 1341 1809 1388 edidit3
1859 1339 2019 1379 deinde

194 1414 401 1455 omnibus
444 1413 707 1461 lectoribus,
761 1414 977 1465 imprimis
1022 1413 1182 1464 iniquis
1226 1413 1338 1461 suis,
1389 1412 1462 1451 vix
1505 1410 1663 1451 melius
1713 1410 2020 1450 demonstrare

192 1486 354 1537 potuit,
389 1495 475 1536 qua
507 1483 796 1524 familiaritate
828 1495 928 1524 cum
960 1485 1217 1523 Maecenate
1256 1483 1538 1530 coniunctus,
1572 1491 1708 1531 quam
1739 1482 1888 1519 tamen
1919 1478 2020 1519 alie-

194 1566 277 1596 nus
323 1554 378 1593 ab
433 1553 682 1594 adulatione
728 1555 979 1606 ceterisque
1024 1554 1322 1606 parasitorum
1371 1552 1539 1592 artibus
1589 1551 1739 1600 fuerit,
1793 1560 2019 1601 quamque

195 1625 462 1677 prudenter,
519 1635 621 1665 cum
668 1623 822 1665 litteris
868 1626 912 1664 et
957 1624 1073 1664 vitae
1124 1621 1384 1674 tranquillae
1432 1623 1560 1662 unice
1599 1621 1820 1669 studeret,
1869 1619 1924 1659 ab
1967 1630 2019 1659 eo

196 1695 480 1745 abstinuerit,
526 1696 576 1734 ut
612 1706 660 1735 se
704 1693 791 1734 ullo
836 1694 971 1734 modo
1006 1695 1230 1744 ingereret
1272 1693 1314 1732 in
1352 1692 1527 1742 negotia
1559 1690 1723 1739 civilia,
1771 1700 1885 1741 quae
1917 1699 2019 1728 cum

196 1767 388 1806 maxime
420 1765 725 1806 tractabantur
754 1765 868 1804 inter
898 1765 1188 1804 Octavianum
1220 1764 1263 1801 et
1291 1762 1544 1802 Antonium.
1588 1783 1633 1789 —
1676 1761 1739 1800 De
1786 1758 2020 1799 Heliodoro

197 1836 275 1876 cfr.
308 1836 524 1888 imprimis
568 1836 741 1887 Bergkii
785 1835 1022 1877 Memorias
1061 1833 1274 1874 obscuras
1316 1832 1363 1873 C.
1396 1832 1467 1871 VI.
1500 1832 1545 1871 in
1574 1832 1685 1872 Mus.
1718 1831 1855 1871 Rhen.
1889 1831 1940 1870 N.
1975 1830 2018 1869 F.

198 1905 317 1948 4842.
351 1907 381 1946 Ι.
413 1917 457 1958 p.
490 1905 583 1946 374.

308 2102 347 2152 *)
379 2099 747 2142 Druckenmiiller
776 2100 819 2138 in
847 2100 1037 2140 Museum
1066 2098 1133 2138 cles
1159 2096 1551 2146 Rhetn.-Westphal.
1584 2095 1762 2135 Schulm.
1796 2093 1843 2142 3,
1886 2093 1927 2134 2.
1977 2104 2020 2143 p.

201 2173 272 2212 454
300 2183 308 2210 ε
343 2172 486 2211 «Ναοὴ
515 2173 592 2211 den
618 2182 701 2210 von
731 2170 909 2209 Scaccia
938 2168 1228 2208 untersuchten
1255 2168 1474 2215 Maassen,
1511 2165 1662 2205 welche
1691 2164 1771 2214 auf
1795 2163 1924 2202 einem
1951 2162 2024 2212 [ἅν

200 2244 264 2282 die
303 2242 502 2293 Appische
540 2242 703 2281 Str-asse
741 2240 1011 2280 bearbeiteten
1053 2239 1194 2278 Felsen
1238 2237 1298 2283 bei
1343 2236 1571 2276 Terracina
1613 2234 1867 2285 einqehauen
1908 2232 2020 2281 sind,

200 2315 362 2352 mussen
393 2312 498 2351 4000
527 2321 686 2363 passus
714 2309 844 2361 yleich
872 2307 1016 2358 752¹s12
1046 2309 1188 2347 Toisen
1215 2311 1367 2358 geseczt
1394 2307 1584 2354 werden,
1617 2306 1712 2343 dass
1741 2304 1828 2342 also
1858 2300 2025 2346 75²5¹s¹500

203 2384 257 2423 M.
281 2384 325 2422 P.
350 2381 431 2432 auf
454 2381 469 2419 4
509 2381 628 2420 Grad
657 2381 756 2419 oder
783 2379 868 2430 fast
895 2389 1008 2429 ¹qanz
1026 2389 1165 2429 qenaa
1185 2378 1208 2416 5
1231 2376 1313 2426 auf
1332 2377 1348 2414 4
1375 2374 1696 2427 ῃεορναρὴίεοὴθ
1714 2372 1834 2413 Meile
1853 2371 2022 2423 qehen.»

537 2658 830 2708 TABULA
864 2656 1201 2704 ITINERIS
1236 2653 1690 2701 BRUNDISIM.

204 2788 309 2816 mes.
830 2782 923 2810 Loc1
1286 2775 1400 2804 Mirm
1431 2775 1538 2803 mss.
1615 2773 1698 2801 ,ηιμ
1733 2771 1838 2800 ῦεο-
1923 2770 2026 2798 ven-

552 2829 703 2868 Roma.
1654 2827 1799 2856 onArn.
1926 2825 2008 2854 scs.

297 2904 327 2941 Ι.
552 2899 709 2938 Aricia.
1375 2889 1481 2928 XVI.
1681 2886 1703 2925 3
1720 2891 1776 2937 ¹2¹5.
1959 2885 1995 2922 sl.

280 2972 329 3010 ΙΙ.
552 2970 713 3009 Forum
747 2966 886 3018 Appii.
1394 2959 1481 2999 XX.
1680 2955 1717 2995 li.
1958 2953 1995 2992 3.

565 3039 664 3087 (lter
713 3039 980 3077 nocturnum
1025 3045 1104 3085 per
1153 3033 1241 3072 sos-

622 3107 750 3156 sam.)

269 3181 336 3219 111.
374 3179 488 3217 Hora

356 3249 528 3299 quarta:
560 3246 768 3285 Feroniae
799 3246 964 3284 fanum.
1930 3231 1996 3270 ’τὶ-’κ

561 3315 797 3354 Tarracina
828 3326 852 3353 a
882 3316 992 3354 Foro
1023 3314 1171 3365 Appii:
1398 3309 1484 3349 XX.
1685 3305 1723 3345 4..
1931 3302 1997 3340 ⁶26.

270 3388 338 3428 IV.
565 3384 716 3425 Fundi.
1249 3380 1341 3420 Xlil
1365 3381 1408 3418 et
1442 3379 1491 3417 D.
1685 3414 1703 3423 „
1933 3369 1998 3409 34.

565 3455 781 3495 Formiae.
1403 3449 1491 3488 xli.
1532 3392 1544 3486 l
1684 3427 1721 3451 ⁰·
1934 3440 1999 3478 37.
