2231 3787
912 267 1007 306 LlB.
1044 267 1090 305 ll.

303 398 412 450 Nec
452 414 535 450 me
576 414 674 451 nec
714 414 1041 468 quemquam
1081 397 1284 450 statuit:
1329 414 1423 449 nos
1465 397 1666 468 expulit
1707 399 1815 450 ille:

1153 267 1264 306 sir.
1299 269 1346 306 n.
1942 267 2040 318 227

1944 398 2043 451 130

305 497 454 550 lllum
493 507 583 551 aut
622 499 886 570 nequities
926 508 1015 551 aut
1054 498 1182 551 vafri
1227 499 1431 552 inscitia
1473 500 1630 557 iuris,

304 602 639 654 Postremum
681 600 911 672 expellet
948 609 1092 654 certe
1137 601 1373 653 vivacior
1412 600 1585 653 lieres,

306 703 454 755 Nunc
494 720 622 772 ager
659 702 911 757 Umbreni
952 702 1052 755 sul)
1093 702 1329 762 nomine,
1373 719 1546 772 nuper
1585 702 1788 755 Ol'ellae

306 804 513 861 Dictus,
557 804 656 857 erit
692 804 818 857 nulli
859 804 1136 875 proprius,

1185 803 1280 857 sed
1323 803 1479 857 cedet
1518 805 1567 855 in
1607 821 1765 857 usum

344 1016 436 1055 2132.
469 1017 674 1055 Postremo
697 1017 826 1061 S,LC.
860 1016 1129 1067 (Postremum
1162 1017 1478 1056 «membranae
1501 1027 1656 1056 omnes
1690 1020 1817 1056 notae
1849 1016 1999 1056 melio—

287 1080 390 1118 ris.»
436 1079 603 1127 Bizxrr.)
651 1101 694 1106 —
742 1078 833 1118 433.
883 1078 1049 1130 Ofellae]
1095 1078 1191 1117 vid.
1226 1079 1280 1117 ad
1312 1090 1353 1117 κ’.
1390 1080 1425 1118 2.
1479 1100 1521 1107 —-
1566 1078 1657 1118 431'1„
1708 1080 1874 1128 Dictus,
1921 1080 1999 1118 erit

288 1141 391 1179 nulli
422 1139 553 1192 bScp‚
588 1141 780 1180 Poltierii
813 1139 1034 1191 plerique,
1070 1141 1176 1180 LCt:
1225 1142 1370 1180 Dictus
1405 1146 1520 1180 erat:
1554 1142 1655 1180 nulli
1687 1138 1862 1191 λνξτχω,
1896 1143 1998 1181 Pol-

291 1204 400 1243 tierii
432 1204 662 1253 quattuor,
710 1203 971 1241 Bersmanni
1003 1203 1112 1250 duo,

288 1265 502 1313 Pottierii,
550 1275 664 1304 unus
694 1264 977 1310 Boi-sumnus,
1024 1264 1271 1314 Bentleius,
1307 1267 1348 1304 F.

290 1328 399 1368 tierii
428 1326 661 1379 plerique.)

1162 1202 1404 1250 Bentleius‚
1453 1204 1537 1244 FM.
1586 1226 1629 1231 —
1671 1205 1774 1242 cedit
1804 1218 1862 1251 ω,
1911 1204 1997 1242 ‹luo

1413 1267 1476 1314 (Ut
1508 1277 1611 1309 nos„
1655 1268 1792 1305 nostri
1824 1269 1864 1306 et
1900 1268 1999 1306 Pol—

234 1499 588 1547 miserabantur,
642 1501 892 1539 monstrare
942 1497 1115 1539 solebat
1180 1522 1223 1527 ——
1262 1500 1383 1539 Num
1423 1511 1526 1552 ager
1569 1499 1671 1551 cet.]
1718 1500 1839 1540 Conf.
1878 1501 2051 1541 Anthol.

234 1559 290 1603 τὸ
320 1561 568 1616 σωμάτιον
599 1560 848 1610 στίλβον
878 1562 958 1602 καὶ
980 1574 1112 1602 συνε-

235 1625 557 1683 στραμμένον.
605 1625 775 1664 Arrian.
800 1625 938 1676 Epict.
964 1626 979 1663 4
1002 1656 1009 1673 ,
1042 1623 1110 1672 24,

235 1689 274 1730 8.
324 1711 370 1717 -
418 1689 475 1740 ut]
524 1699 603 1728 «ex
648 1698 734 1738 quo
778 1689 1027 1738 tempore.»
1067 1709 1110 1713 -

237 1751 391 1802 incola]
432 1750 737 1801 significanter
774 1750 979 1798 incolam,
1027 1759 1114 1787 non

235 1814 448 1853 dominum
477 1813 581 1852 dicit
609 1814 872 1852 veteranum
911 1813 1117 1852 advenam

229 1887 504 1928 possessorem
534 1876 671 1927 agelli.
725 1875 855 1926 (Virg.
880 1874 968 1914 Ecl.
1001 1874 1048 1921 9,
1091 1874 1115 1913 2

235 1941 318 1992 sq.)
354 1962 398 1967 -
425 1938 642 1990 propriae]
676 1939 794 1978 Haec
825 1940 948 1978 recta
985 1936 1115 1976 lectio

234 2011 473 2054 perperam
504 2001 547 2041 in
578 2000 677 2040 adv.
704 2002 872 2040 mutata
904 2001 985 2040 est.
1041 2000 1117 2039 Est

235 2064 355 2104 idem
386 2065 518 2114 atque
551 2064 619 2103 «in
648 2065 919 2114 perpetuum
950 2061 1005 2102 ab
1027 2073 1116 2101 uno

234 2125 579 2179 possidendae.»
644 2126 713 2165 Sic
756 2126 905 2177 Eurip.
948 2126 1113 2165 Phoen.

235 2190 344 2229 555:
391 2182 537 2228 Οὗτοι
576 2183 634 2227 τὰ
671 2186 877 2245 χρήματ’
909 2185 1009 2227 ἴδια
1037 2188 1117 2228 κε’-

235 2263 433 2304 κτηνται
461 2249 646 2307 βροτοί.
707 2251 868 2291 Accius
898 2251 1038 2291 Bothii
1069 2262 1112 2302 p.

235 2314 344 2353 212:
376 2314 633 2352 Dominalur
661 2313 784 2362 Fors,
816 2324 947 2362 neque
967 2313 1042 2352 1ιίἰί
1071 2314 1115 2352 in

236 2377 325 2415 vita
352 2376 577 2426 proprium
605 2379 676 2414 est.
739 2374 871 2414 Lucil.
906 2376 984 2423 27,
1030 2375 1111 2414 29:

237 2439 340 2479 Cum
368 2438 498 2477 sciam
538 2437 652 2477 Nihil
693 2448 775 2477 esse
816 2440 860 2477 m
888 2438 976 2476 vila
1012 2448 1116 2487 pro-

233 2502 376 2552 prium
412 2501 581 2540 mortali
617 2501 776 2541 clatum.
839 2501 969 2540 Corn.
1003 2501 1112 2552 Nep.

237 2565 389 2604 Thras.
412 2563 460 2612 4,
494 2564 518 2602 2
539 2575 546 2601 :
573 2574 718 2613 parva
736 2574 913 2603 munera
934 2563 1113 2612 diutina,

236 2626 457 2677 locuplelia
495 2637 578 2665 non
614 2626 796 2676 propria
833 2636 916 2665 esse
943 2636 1117 2664 consue-

234 2693 348 2729 runt.
411 2690 496 2728 Sat.
534 2689 581 2737 ⁶2,
629 2689 677 2737 6,
724 2688 773 2729 4:
823 2689 895 2728 Nil
937 2688 1117 2738 amplius

236 2765 335 2802 oro,
367 2752 490 2792 Maia
507 2756 625 2801 nate,
657 2753 738 2791 visi
757 2756 802 2790 ut
815 2752 997 2801 propria
1016 2751 1114 2790 haec

236 2815 337 2854 mihi
354 2825 532 2854 mmzera
549 2814 679 2865 favis.
723 2813 844 2853 Ovid.
869 2814 1046 2853 Metam.
1071 2813 1111 2860 6,

237 2877 316 2918 350
335 2889 343 2916 ε
376 2878 459 2916 Nec
479 2877 605 2917 solem
619 2877 844 2926 proprium
863 2881 1022 2916 natura
1040 2886 1115 2915 ne-

238 2950 314 2990 que
344 2942 451 2978 ae‘ra
478 2940 574 2990 fecit
591 2941 676 2979 Nec
706 2944 843 2980 tenues
871 2940 1028 2978 undas:
1059 2939 1115 2978 ad

228 3002 401 3052 publica
428 3013 606 3042 munera
631 3003 738 3042 veni.
801 3002 925 3042 Conf.
957 3001 1035 3042 Od.
1064 3003 1111 3051 2,

236 3066 277 3113 ⁹⁴2,
296 3065 363 3104 ⁶22.
386 3087 430 3092 —
453 3064 610 3116 herum]
633 3065 725 3105 Hoc
740 3075 836 3105 voc.
860 3065 1039 3117 proprie
1057 3065 1113 3105 ad

237 3128 456 3178 mancipia
486 3126 689 3176 refertur,
721 3127 793 3167 hic
823 3127 879 3167 ad
908 3127 1107 3167 fundum.

292 3188 495 3229 4311-2136.
544 3192 618 3227 aut
645 3190 846 3238 nequities
874 3191 977 3242 cet.]
1012 3193 1112 3230 «aut

216 3250 490 3304 *profusione
530 3251 606 3289 aut
645 3249 718 3290 lite
762 3251 928 3303 aliqua,
976 3264 1110 3304 quam

235 3315 418 3366 propter
444 3311 592 3363 legum
621 3314 753 3364 atque
774 3314 1022 3357 edictorum
1041 3317 1111 3356 in-

236 3377 468 3417 scientiam
487 3375 667 3427 perdet‚
692 3387 805 3416 nova
824 3379 1107 3428 possessione

235 3450 390 3480 rursus
422 3438 709 3491 expelletur.»
735 3461 780 3467 —-
801 3440 915 3490 vafri
942 3441 1108 3481 inscitia

185 3498 189 3499 ⁷
236 3501 354 3553 iuris]
378 3503 466 3542 Sat.
490 3502 535 3552 2,
559 3503 607 3552 5,
632 3501 706 3542 34:
739 3503 807 3542 Ius
825 3513 976 3552 anceps
996 3504 1104 3544 novi.

1177 1561 1311 1602 Palat.
1336 1564 1384 1602 ΙΙ.
1416 1574 1459 1614 p.
1490 1563 1564 1602 27:
1605 1557 1767 1620 Ἀγρὸς
1794 1559 2057 1616 Ἀχαιμενί-

1177 1622 1263 1665 δου
1296 1622 1506 1678 γενόμην
1537 1627 1667 1674 ποτέ,
1700 1624 1786 1666 νῦν
1807 1624 1857 1666 δὲ
1886 1626 2059 1667 Μενίπ-

1179 1700 1292 1727 που·
1334 1688 1427 1728 Καὶ
1457 1686 1597 1728 πάλιν
1627 1685 1678 1739 ἐξ
1707 1688 1870 1746 ἑτερου
1901 1688 2058 1742 βήσο-

1177 1764 1265 1803 μαι
1297 1752 1364 1801 εἰς
1395 1746 1571 1808 ἕτερον.
1633 1751 1726 1792 Καὶ
1756 1749 1846 1809 γὰρ
1876 1752 2059 1802 ἐκεῖνος

1177 1808 1306 1862 ἔχειν
1347 1816 1408 1866 με’
1452 1817 1554 1854 ,τοτ’
1601 1809 1746 1868 ᾤετο,
1793 1815 1874 1855 καὶ
1919 1813 2060 1855 πάλιν

1180 1867 1324 1927 οὗτος
1355 1875 1537 1917 Οἷεται·
1572 1878 1669 1930 εἰμὶ
1699 1876 1735 1917 δ’
1765 1872 1889 1928 ὅλως
1921 1873 2057 1918 οὐδε-

1179 1936 1285 1990 νός,
1331 1935 1453 1979 ἀλλὰ
1500 1937 1672 1993 Τύχης.
1741 1942 1959 1981 Lucianus
2003 1941 2058 1981 de

1179 2003 1356 2053 Nigrino
1379 2014 1416 2043 c.
1441 2004 1515 2043 26:
1550 1997 1605 2053 ὃς
1635 2016 1687 2057 γε
1717 2004 1798 2043 καὶ
1829 1998 1978 2061 ἀγρὸν
2000 1999 2056 2044 οὐ

1181 2062 1342 2122 πόρρω
1392 2064 1478 2118 τῆς
1534 2063 1718 2116 πόλεως
1765 2067 2059 2119 κεκτημένος

1181 2123 1293 2168 οὐδὲ
1314 2126 1540 2181 ἐπιβῆναι
1561 2124 1711 2169 αὐτοῦ
1734 2126 1921 2168 πολλῶν
1942 2127 2061 2169 ἐτῶν

1180 2186 1411 2243 ἠξίωσεν,
1463 2186 1564 2231 ἀλλ’
1611 2188 1723 2231 οὐδὲ
1771 2188 1859 2245 τὴν
1902 2187 2060 2248 ἀρχὴν

1180 2249 1331 2294 αὑτοῦ
1354 2250 1477 2295 εἶναι
1506 2251 1808 2308 διωμολόγει,
1842 2252 1970 2296 ταῦτ’
1995 2251 2060 2294 οἱ·

1178 2329 1267 2369 μαι
1296 2314 1577 2369 διειληφώς,
1624 2311 1699 2357 ὅτι
1744 2314 1928 2358 τούτων
1970 2316 2060 2369 μὲν

1179 2378 1326 2427 φύσει
1357 2375 1554 2429 οὐδενός
1583 2377 1730 2430 ἐσμεν
1759 2376 1943 2432 κύριοι,
1975 2376 2060 2419 νό-

1178 2455 1253 2494 μῳ
1298 2440 1349 2481 δὲ
1385 2442 1467 2481 καὶ
1509 2438 1711 2498 διαδοχῇ
1755 2438 1842 2494 τήν
1881 2438 2059 2499 χρῆσιν

1180 2499 1338 2544 αὐτῶν
1369 2505 1435 2554 εἰς
1464 2499 1696 2561 ἀόριστον
1737 2502 2059 2560 παραλαμβά-

1180 2579 1342 2617 νοντες
1373 2560 1697 2623 ὀλιγοχρόνιοι
1726 2563 1957 2607 δεσπόται
1978 2580 2058 2607 νο-

1178 2626 1440 2682 μιζόμεθα,
1473 2624 1706 2668 κάπειδὰν
1727 2624 1756 2681 ἡ
1780 2629 2055 2686 προθεσμία

1180 2691 1417 2749 παρέλθῃ,
1464 2688 1727 2744 τηνικαῦτα
1763 2689 2056 2748 παραλαβών

1178 2752 1324 2806 ἄλλος
1371 2750 1606 2795 ἀπολαύει
1658 2751 1744 2794 τοῦ
1796 2749 2053 2807 ὀνόματος.

1181 2842 1226 2847 —
1268 2818 1471 2867 Umbreni]
1518 2819 1659 2857 Homo
1703 2817 1906 2857 diversus
1950 2829 2055 2859 sane

1178 2881 1233 2920 ab
1280 2892 1356 2928 eo,
1403 2891 1539 2932 quem
1582 2882 1802 2919 memorat
1845 2880 2057 2921 Salustius

1179 2942 1302 2984 Catil.
1326 2943 1392 2984 40.
1431 2966 1475 2970 —
1507 2943 1611 2982 nulli
1634 2943 1849 2994 proprius]
1883 2945 1995 2984 Cum
2014 2945 2055 2983 vi

1176 3007 1337 3058 repetit
1372 3004 1640 3045 vocabulum
1671 3016 1711 3043 v,
1744 3004 1836 3044 429.
1871 3016 2056 3057 usurpa—

1176 3071 1285 3108 tum.
1314 3089 1357 3095 —
1392 3069 1561 3117 Dictus,
1597 3068 1674 3106 erit
1705 3066 1807 3117 cet.]
1842 3067 1967 3115 Quod
1997 3068 2053 3107 ad

1175 3131 1412 3171 lectionem
1442 3130 1562 3169 etad
1592 3129 1919 3170 distinctionem
1948 3140 2053 3181 per—

1175 3195 1282 3234 tinet
1312 3195 1492 3233 secutus
1521 3203 1622 3233 sum
1653 3191 1793 3232 Codd.
1819 3202 1944 3232 meos
1973 3203 2053 3230 an-

1173 3256 1467 3307 tiquissimos:
1504 3256 1576 3294 «In
1608 3255 1927 3305 sempiternum
1960 3251 2054 3291 nul-

1172 3317 1253 3358 lius
1267 3318 1567 3370 eritproprius
1585 3315 2047 3369 (eiqenthitmlieh).»

1173 3381 1334 3420 Contra
1374 3378 1556 3419 Bentleii
1599 3380 1709 3418 ratio
1755 3379 1974 3428 ingratum
2007 3378 2047 3416 in

1170 3442 1355 3482 modum
1376 3442 1619 3482 sententias
1641 3439 1875 3490 discerpit3
1901 3449 2046 3489 neque

1168 3515 1275 3544 vero
1306 3505 1612 3545 necessarium
1642 3503 1710 3542 est
1738 3512 1953 3553 praesens
1978 3513 2048 3541 ce·-
