2231 3787
289 278 390 329 326

939 277 1151 317 llORATll
1181 278 1479 318 SATIRARUM

360 408 537 460 Tincta
577 423 742 476 super
780 405 946 459 lectos
986 406 1242 460 canderet
1280 406 1442 459 vestis
1482 406 1739 463 eburnos,

359 507 628 579 Multaque
668 507 736 561 de
779 525 968 578 magna
1010 515 1359 578 superessent
1396 506 1596 560 fercula
1635 524 1830 567 coena,

359 611 509 674 Quae
549 609 736 680 procul
775 609 1056 662 exstructis
1098 609 1303 661 inerant
1341 607 1591 661 hesterna
1629 608 1889 662 canistris.

1996 607 2016 661 ll
2029 610 2096 661 05

362 712 525 781 Ergo,
569 711 659 764 ubi
699 727 968 781 purpurea
1009 718 1312 780 porrectum
1353 710 1405 761 in
1445 719 1595 763 veste
1633 709 1826 763 locavit

358 815 659 883 Agiestem,
700 810 861 864 veluti
901 811 1205 864 succinctus
1249 811 1470 864 cursitat
1505 810 1705 882 hospes

358 913 747 983 Continuat-que
787 911 955 982 dapes
993 928 1094 965 nec
1132 929 1237 964 non
1275 911 1548 966 verniliter
1585 912 1716 983 ipsis

361 1015 614 1085 Fungitur
652 1012 864 1071 officiis,
906 1012 1284 1084 praelambens
1324 1030 1481 1066 omne
1520 1013 1667 1085 quod
1705 1013 1871 1068 affert.

358 1115 448 1169 Ille
487 1115 690 1169 cubans
728 1115 925 1186 gaudet
963 1123 1162 1168 mutata
1201 1122 1347 1168 sorte
1386 1114 1655 1186 bonisque

1997 1115 2099 1169 440

397 1265 489 1306 404.
523 1277 676 1305 caenae
704 1265 751 1305 Ε.
780 1289 823 1294 -
851 1266 942 1305 405.
977 1270 1153 1305 eoeterna
1183 1276 1220 1305 c.
1252 1289 1295 1293 —
1322 1265 1413 1305 408.
1435 1265 1664 1305 vernaliler
1688 1276 1742 1317 p,
1777 1265 1916 1306 Codd.
1941 1264 2042 1317 aliq.

340 1329 532 1369 Pottierii
563 1331 605 1368 et
634 1329 735 1369 LCt.
769 1351 815 1357 —
851 1329 941 1368 409.
968 1328 1212 1379 praelibans
1241 1339 1264 1368 e
1288 1327 1425 1368 Codd.
1449 1339 1502 1367 υτ
1533 1326 1754 1368 Bentleius
1777 1329 1822 1368 et
1840 1329 1883 1368 F.
1908 1327 2048 1380 (prae-

287 1454 578 1500 Sohar-lach,
613 1454 788 1494 nomine
820 1454 930 1493 mire
954 1456 1160 1505 corrupto

288 1528 340 1555 ex
372 1516 565 1562 Galatia,
613 1527 699 1566 qua
742 1527 795 1555 ex
831 1517 1009 1566 regione
1048 1517 1162 1567 opti-

289 1588 409 1617 mum
443 1589 627 1617 coccum
667 1577 916 1628 (Hermes,
960 1579 1162 1618 Schild-

286 1640 423 1690 lans)
469 1639 804 1691 importabatur.
855 1663 898 1668 —
947 1641 1160 1692 canderet]

291 1701 623 1753 «splen(leret,»
681 1703 905 1742 rarissime
964 1703 1019 1743 de
1079 1702 1161 1742 alio

289 1775 422 1814 quam
454 1763 553 1803 albo
585 1763 758 1813 colore,
803 1767 988 1816 excepto
1020 1765 1158 1814 ferro,

290 1825 505 1874 carbone,
553 1825 693 1865 sax-illa
725 1829 943 1876 candente,
990 1828 1032 1866 in
1064 1828 1162 1878 qui-

288 1888 372 1928 bus
403 1889 566 1927 notioni
597 1887 774 1939 fulgoris
796 1889 1009 1929 rutilantis
1031 1901 1163 1929 acce-

291 1951 353 1990 dit
383 1951 500 1989 notio
533 1950 717 1990 ardoris.
772 1951 835 1990 (ts.
861 1951 916 1990 ad
937 1952 1014 1991 Od.
1039 1951 1085 2001 4,
1122 1954 1159 2002 4,

294 2013 357 2052 40.
395 2033 439 2039 -
473 2011 606 2063 vestis]
640 2012 844 2063 stragula.
898 2015 997 2064 (Sat.
1028 2015 1076 2063 ⁶2,
1111 2014 1159 2063 3,

292 2075 401 2125 448.)
449 2075 534 2114 Cfr.
559 2076 644 2113 Sat.
666 2076 708 2123 ⁴2,
744 2075 787 2123 4,
821 2075 887 2115 84„
926 2100 970 2104 —
997 2077 1161 2129 procul]

292 2148 501 2188 «prope»
548 2136 684 2177 Gloss.
711 2137 818 2177 Cod.
840 2138 1024 2189 Sangall.
1066 2138 1164 2178 Vol-

292 2210 344 2249 go
376 2198 615 2250 explicant:
652 2200 720 2239 «in
752 2199 932 2248 altum,»
965 2200 1080 2240 nullo
1103 2203 1165 2241 ta-

290 2272 394 2301 men
439 2261 568 2300 huius
612 2271 719 2301 usus
765 2262 966 2314 exemplo
1010 2262 1160 2312 allato;

291 2323 370 2363 sed
407 2323 559 2372 procul
606 2334 707 2364 cum
751 2324 1003 2365 distantiam
1048 2325 1163 2365 nulla

292 2387 410 2425 certa
443 2396 651 2425 mensura
673 2386 900 2427 definitam
931 2389 1161 2439 significet,

291 2448 512 2488 interdum
535 2447 742 2500 explicari
762 2449 898 2490 debet
918 2451 1062 2500 iuxta,
1095 2450 1165 2491 vel

293 2512 561 2562 accuratius:
600 2513 781 2563 «exigua
803 2513 1050 2554 distantia.»
1083 2514 1162 2566 (Cf.

293 2573 418 2613 Hand
452 2574 574 2613 Turs.
613 2575 681 2613 IV.
712 2585 754 2626 p.
787 2575 882 2616 589.
915 2576 1036 2628 593.)
1096 2577 1165 2617 Sic

291 2636 400 2687 Epp.
428 2637 472 2681 4.Ι
508 2637 551 2684 7,
586 2637 659 2676 32:
707 2637 783 2678 Cui
809 2640 986 2679 mustela
1015 2640 1168 2690 procul

291 2719 308 2726 -
326 2719 343 2725 -
364 2698 437 2736 ait.
484 2697 620 2737 Plaut.
642 2699 771 2740 Cure.
792 2700 831 2749 4,
854 2701 895 2749 2,
919 2700 995 2741 48:
1029 2702 1166 2752 Quoia

291 2771 376 2798 coa:
404 2764 522 2798 sonat
545 2760 726 2809 procul?
769 2762 859 2802 Cic.
884 2762 940 2802 de
966 2764 1096 2815 Legg.
1121 2764 1162 2813 2,

291 2823 368 2869 22,
402 2823 452 2861 56
478 2822 646 2870 (collato
676 2825 809 2864 Bakio
829 2835 873 2877 p.
896 2825 1025 2877 559.):
1057 2826 1101 2865 in
1120 2838 1166 2865 eo

291 2885 495 2933 sepulcro,
520 2887 627 2934 quod
640 2888 791 2935 procul
809 2898 838 2926 a
855 2888 977 2927 Fonti
996 2899 1077 2927 ara
1093 2892 1162 2927 est.

294 2948 467 2986 Terent.
504 2948 606 2986 llec.
640 2947 688 2996 4,
730 2949 775 2996 3,
815 2949 862 2987 ⁴:
916 2951 1045 3000 Quem
1073 2961 1166 2989 cum

294 3010 391 3047 istoc
411 3020 637 3048 sermonem
666 3010 877 3060 habueris,
904 3012 1056 3060 procul
1074 3013 1167 3050 hinc

293 3075 408 3109 stans
428 3072 580 3120 accepi.
625 3072 739 3122 Yirg.
762 3072 847 3112 Ecl.
870 3074 911 3120 6,
940 3073 1010 3112 46:
1045 3075 1167 3113 Serta

289 3133 455 3183 procul,
489 3137 648 3171 tantum
679 3135 806 3184 capili
836 3136 1026 3184 delapsa,
1060 3136 1167 3175 iace-

293 3196 403 3234 bant.
437 3194 558 3233 Ovid.
584 3196 682 3234 Met.
707 3197 753 3243 5,
789 3196 889 3236 444:
925 3197 999 3236 Cui
1020 3198 1169 3246 procul

293 3258 475 3296 adstanti
495 3279 512 3284 -
530 3279 548 3284 -
567 3257 756 3296 irridens.
790 3259 931 3308 Atque
954 3261 1015 3298 sic
1038 3259 1169 3298 inter-

294 3321 446 3370 pretor
464 3319 622 3358 Lucani
642 3317 743 3357 illud
763 3319 801 3366 8,
821 3318 914 3359 743:
935 3332 1092 3369 parvos
1107 3322 1168 3360 iu-

292 3382 405 3419 venis
442 3382 592 3431 procul
635 3381 809 3431 adspicit
856 3382 981 3433 ignes.
1057 3384 1165 3423 {tem

297 3444 412 3493 Virg.
436 3446 543 3482 Aen.
569 3444 614 3491 Ξ,
649 3444 748 3483 744ῑ
783 3443 926 3495 lonae
955 3449 1084 3484 servet
1103 3456 1168 3484 ve-

1225 1452 1352 1493 vallo.
1414 1451 1638 1492 Claudian.
1670 1453 1714 1492 in
1742 1452 1884 1493 Rufin.
1915 1454 1963 1502 2,
1995 1453 2095 1494 496:

1226 1517 1419 1566 Rufinum
1448 1516 1599 1565 procul
1635 1526 1724 1555 eece
1757 1519 1875 1555 notat
1913 1515 2102 1566 (Rhada-

1227 1577 1461 1626 manthus).
1514 1577 1604 1616 Liv.
1634 1578 1707 1625 22,
1742 1577 1786 1617 3:
1839 1579 1995 1618 Poenus
2023 1602 2048 1609 -
2077 1601 2101 1608 —

1223 1641 1460 1679 *vastitatem
1473 1662 1491 1668 -
1506 1641 1697 1680 caedibus
1714 1641 1989 1691 incendiisque
2007 1652 2102 1681 con—

1224 1704 1304 1742 suli
1327 1703 1508 1752 procul
1537 1704 1723 1743 ostendit.
1783 1704 2016 1743 Flaminius
2035 1726 2059 1732 -
2078 1726 2103 1733 -

1219 1772 1444 1818 postquam
1464 1780 1529 1807 res
1549 1769 1756 1808 sociorum
1785 1772 1902 1808 ante
1932 1768 2104 1808 oculos

1220 1842 1382 1880 prope
1410 1841 1523 1869 suos
1549 1831 1655 1881 ferri
1684 1831 1836 1881 agique
1853 1831 1979 1880 vidit,
2012 1832 2097 1870 cet.

1227 1892 1408 1941 (Eadem
1439 1903 1622 1943 prorsus
1652 1893 1762 1932 ratio
1800 1894 1868 1932 est
1905 1893 2104 1944 particu-

1227 1953 1294 1993 lae
1326 1955 1504 2001 (ludum,
1537 1953 1614 1993 ubi
1645 1957 1713 1994 est
1742 1954 1861 1994 idem
1883 1954 2003 2006 quod
2022 1966 2105 1994 nu-

1221 2028 1310 2067 per.
1370 2016 1466 2055 Vid.
1501 2016 1625 2055 Hand
1655 2017 1779 2056 Turs.
1818 2017 1868 2055 II.
1907 2028 1950 2068 p.
1988 2016 2100 2067 304.)

1230 2101 1273 2107 —
1307 2078 1512 2129 canistris]
1544 2080 1594 2117 ut
1622 2079 1766 2129 primo
1798 2088 1927 2118 mane
1959 2089 1983 2117 a
2005 2089 2104 2119 sar-

1226 2141 1290 2180 vis
1313 2143 1629 2179 amoverentur
1647 2141 2002 2191 purgareturque
2026 2140 2104 2180 tri-

1229 2202 1423 2242 clinium.

1282 2264 1482 2304 406-409.
1526 2264 1771 2314 succinctus]
1802 2265 1865 2304 uti
1902 2262 2105 2304 solebant

1228 2338 1326 2366 esse
1371 2327 1637 2375 structores,
1690 2337 1856 2367 coenae
1901 2326 2100 2367 ministri.

1229 2391 1291 2430 Cf.
1330 2391 1415 2429 Sat.
1455 2390 1502 2438 ἱ),
1551 2389 1597 2438 8,
1645 2390 1710 2429 40.
1761 2412 1806 2417 ——
1854 2389 2102 2442 Continuat]

1229 2463 1391 2491 «unum
1435 2453 1536 2502 post
1579 2450 1767 2491 alterum
1804 2451 1954 2491 cibum
1992 2451 2106 2492 assi-

1229 2514 1315 2554 due
1346 2514 1572 2565 apponit.»
1598 2537 1641 2542 -
1665 2525 1738 2553 nee
1767 2513 1864 2565 non]
1895 2515 1986 2554 Hac
2006 2524 2106 2565 par-

1228 2575 1461 2616 ticularum
1484 2577 1804 2626 compositione
1827 2577 1982 2616 Cicero
2005 2575 2108 2616 abs-

1228 2640 1358 2687 tinet,
1400 2639 1535 2677 utitur
1573 2638 1727 2677 Varro.
1779 2659 1823 2666 —
1869 2638 2101 2690 verniliter]

1230 2702 1373 2752 «ipse,
1417 2711 1519 2739 cum
1559 2710 1714 2740 servos
1758 2711 1847 2739 non
1889 2699 2101 2749 haberet,

1230 2763 1270 2801 in
1289 2761 1472 2801 modum
1489 2771 1652 2800 vernae
1669 2760 1825 2802 alacris
1848 2763 1892 2801 et
1910 2762 2104 2813 prompti

1230 2824 1488 2864 ministrat.»
1534 2823 1751 2862 Verniliter
1772 2825 1921 2863 autem
1943 2824 2106 2863 rectior

1228 2886 1470 2936 scriptura,
1504 2886 1548 2924 ut
1579 2885 1622 2924 in
1653 2896 1694 2924 V.
1724 2886 1960 2933 vernilitas;
2005 2896 2104 2926 ver-

1229 2947 1338 2986 nalis
1367 2948 1434 2986 est
1465 2958 1697 2987 avernus.»
1747 2946 1890 2988 Manil.
1921 2947 1972 2997 3,
2004 2947 2099 2988 258.

1233 3031 1275 3038 —
1311 3009 1469 3061 officiis]
1511 3009 1660 3049 Officia
1699 3010 1984 3061 opponuntur
2023 3008 2103 3049 da-

1228 3071 1382 3124 pibus,
1429 3072 1530 3111 hinc
1565 3071 1761 3122 adiungit
1796 3072 1916 3121 ipsis,
1963 3081 2103 3122 «quae

1230 3135 1478 3173 necessaria
1511 3136 1636 3173 erant
1676 3135 1719 3174 in
1757 3132 1933 3173 ferculis
1963 3143 2104 3185 appo-

1230 3196 1429 3236 nendis.»
1495 3196 1733 3236 Lambinus
1777 3194 1956 3235 volebat
2002 3196 2100 3245 ipse.

1234 3282 1277 3287 —
1305 3258 1610 3310 praelambens]
1641 3260 1804 3310 Aptum
1832 3269 1873 3297 v.
1899 3257 1954 3297 de
1976 3268 2102 3297 mure

1229 3331 1309 3372 pro
1364 3331 1442 3369 eo,
1494 3320 1613 3371 quod
1662 3319 1717 3359 de
1766 3319 1943 3359 homine
1992 3318 2104 3358 foret

1224 3386 1522 3434 praegustans,
1558 3384 1631 3422 «ut
1659 3381 1782 3421 alteri
1819 3380 2099 3431 significaret,

1231 3455 1364 3495 quam
1410 3443 1512 3484 lauti
1558 3446 1709 3485 essent
1751 3443 1880 3483 cibi.»
1942 3442 2102 3482 Praeli-

292 3506 415 3556 sliqi'a
444 3505 620 3553 coniux,
655 3505 696 3545 id
728 3507 818 3556 est,
852 3505 998 3558 aliquo
1030 3507 1166 3546 inter-
1229 3507 1352 3556 bans,
1410 3507 1528 3557 quod
1581 3507 1807 3547 Bentleius
1852 3516 1876 3545 e
1926 3503 2102 3545 duobus
