2231 3787
809 265 900 303 Lll».
937 267 964 303 l.

1027 264 1122 303 sm*
1175 264 1238 302 vi.
1832 261 1841 313 ι
1868 260 1922 312 123

190 398 362 461 Quem
402 395 596 449 rodunt
633 413 818 449 omncs
858 395 1103 447 libertino
1145 402 1292 464 patre
1334 401 1534 448 natum.

189 499 361 554 Nunc.
405 498 529 568 quia
568 516 685 551 sum
725 496 841 558 tibi,

887 498 1167 549 Maecenas
1185 539 1192 554 .
1236 495 1508 547 convictor
1525 513 1533 554 3

1576 503 1626 545 at
1665 493 1815 549 olim.

191 599 345 663 Quod
387 598 511 651 mihi
551 608 766 670 pareret
804 598 941 668 legio
984 599 1217 651 Romana
1258 595 1484 648 tribuno.

193 700 460 753 Dissimile
501 699 600 753 hoc
642 699 709 751 illi
751 708 852 762 cst;
894 700 1021 770 quia
1061 715 1163 750 non
1203 706 1256 749 ut
1300 697 1446 748 l'orsit
1484 695 1740 748 honorem

189 803 308 854 lure
349 800 474 853 mihi
516 801 748 854 invideat
785 801 987 872 quivis,

190 903 512 956 Praesertim
551 912 765 956 cautum
804 902 994 973 dignos

194 1003 491 1056 Ambitione
532 1003 732 1074 procul.

1031 801 1099 853 ita
1137 808 1186 852 tc
1228 816 1447 870 quoque
1487 799 1738 857 amicum,
1865 799 1931 847 :30

1033 918 1310 954 assumere
1330 943 1338 962 ,
1384 918 1547 971 prava

813 1002 1040 1056 Felicem
1081 1002 1263 1055 dicere
1304 1019 1407 1054 non
1448 1001 1548 1054 hoc

226 1145 293 1185 46.
327 1156 482 1184 omnes:
515 1144 702 1183 libertino
720 1149 844 1193 patre
865 1149 987 1182 natus
1004 1145 1124 1182 Nunc
1148 1147 1236 1183 tres
1258 1145 1494 1191 Τυνὴ-ΜΗ,
1530 1144 1624 1193 ipso
1647 1142 1875 1193 probante.

177 1230 218 1235 -—-
252 1206 318 1247 47.
351 1219 438 1246 sum
471 1206 555 1253 bd,
590 1218 702 1246 tinus
735 1207 923 1245 Pottierii
957 1207 1018 1256 (N.
1047 1206 1128 1254 46.)
1162 1208 1203 1244 et
1235 1204 1477 1244 Bentleius:
1510 1206 1705 1256 si11e5‹·p‚
1740 1206 1875 1244 ceteri

172 1279 326 1308 omnes
358 1269 569 1315 pomerii,
604 1268 803 1307 LCtFMJ.

844 1270 1113 1316 (l'ractercaz
1147 1270 1391 1316 Maecenas,
1424 1268 1494 1306 tibi
1515 1269 1589 1306 siin
1616 1269 1749 1318 p.l,(2t
1780 1277 1882 1306 cum

173 1330 280 1371 eod.
314 1330 456 1371 Berol.
491 1333 531 1370 ct
564 1328 697 1377 Malo,
745 1331 820 1381 qui
865 1331 926 1369 sic
964 1331 1200 1380 gratiorem
1232 1341 1464 1370 caesuram
1497 1330 1686 1369 reddere
1718 1329 1880 1377 veluit.)

175 1415 220 1422 -—
252 1391 321 1435 49.
353 1394 495 1444 forsan
529 1394 612 1444 Sep
645 1394 743 1443 (non
778 1392 865 1441 lid).

118 1494 215 1534 498:
250 1494 438 1544 Ophelten
461 1506 575 1534 -υαιια
595 1499 824 1533 sonantem.
852 1516 898 1522 -
925 1506 992 1533 so—

115 1556 228 1596 nabit
247 1579 270 1586 -
290 1558 399 1607 quod
427 1557 581 1609 vincat]
615 1559 700 1596 Sat.
742 1558 756 1595 l
782 1589 789 1598 .
832 1557 880 1605 9,
916 1558 988 1596 25:

113 1619 298 1659 Invident
342 1621 451 1670 quod
488 1624 526 1660 cc
567 1620 868 1670 Iler-7110901108‚
920 1631 992 1669 eqo

114 1686 251 1720 canto.
289 1704 333 1709 —
367 1682 535 1722 Cornua
555 1704 577 1710 -
597 1704 619 1710 —
640 1682 779 1733 tubas]
823 1684 991 1721 Seneca

114 1743 168 1783 de
201 1745 339 1784 Morte
371 1743 537 1784 Claudii
568 1756 609 1796 p.
641 1745 735 1784 68¹.
760 1746 908 1783 Gron.:
941 1745 993 1783 E!

114 1810 204 1846 erat
242 1807 425 1845 omnium
467 1807 807 1857 formosissimum
854 1805 994 1856 (Clau-

118 1868 176 1910 dii
211 1868 353 1918 sunus)
387 1873 422 1908 cc
464 1869 649 1919 impensa
677 1880 782 1907 cura
808 1868 992 1918 plenum,

115 1935 161 1971 ut
180 1931 304 1970 scires
319 1932 438 1970 deum
458 1932 617 1982 efferri‚·
649 1930 880 1980 tibicinum,
905 1942 996 1969 cor-

116 1993 298 2033 nicinum
340 1993 551 2042 omnisque
592 1995 756 2044 qenais
797 1997 995 2033 aeneato-

95 2066 212 2094 ’νυνι
240 2059 360 2094 tanta
389 2055 537 2104 turba,
576 2059 718 2095 tantus
745 2060 990 2104 conventus,

114 2120 159 2156 ut
214 2117 340 2156 eliam
397 2117 595 2157 Claudius
641 2118 789 2157 audire
840 2122 990 2167 posset.

114 2176 331 2218 Plutarch.
373 2178 428 2218 de
467 2178 616 2219 solert.
659 2180 791 2220 anim.
832 2180 907 2228 49,
942 2180 989 2219 6:

115 2251 251 2288 ετυχε
271 2238 322 2280 δέ
341 2251 411 2291 τις
439 2240 597 2314 ἐκείνῃ
629 2241 696 2292 (ἐν
720 2238 876 2299 Ῥώιιῃ
900 2238 991 2297 ,τρὸ

116 2298 199 2342 τοῦ
246 2303 497 2354 τειιένοῑης
544 2301 572 2342 ὂ
612 2302 761 2344 καὶοι
755 2317 843 2343 σιν
887 2299 993 2343 E)-

115 2360 271 2416 λήνων
300 2359 500 2421 αγοράν)
531 2363 623 2404 τῶν
654 2365 896 2406 πλουσίων
916 2367 994 2406 ἐκ·

114 2423 431 2478 κομιζόμενος
476 2423 567 2467 ὑπὸ
613 2424 834 2481 σάλπιγξι
876 2427 993 2467 ,τολ-

117 2486 239 2538 λαῖς,
264 2489 344 2527 καὶ
365 2491 638 2543 γενομένης,
655 2483 815 2545 ὥσπερ
835 2488 990 2540 εἴωθε,

117 2548 239 2592 κατὰ
268 2548 351 2591 τὸν
381 2550 531 2592 τόπον
560 2550 874 2604 ἐπιστάσεως,
915 2549 992 2594 εὗ-

113 2612 425 2667 ὁοκιμοῦντες
474 2616 524 2655 οἱ
571 2615 856 2670 σαλπιγκταὶ
911 2618 992 2657 καὶ

114 2673 421 2729 κελευόμενοι
451 2675 602 2719 πολὺν
637 2676 815 2737 χρόνον
845 2676 992 2719 ἐνδιέ-

114 2746 308 2797 τριψαν.
357 2762 403 2768 -
447 2741 593 2780 saltem
636 2745 740 2781 tenet
783 2742 857 2781 hoc
894 2743 990 2792 nos]

118 2802 305 2841 «Novius
334 2801 491 2842 saltem
520 2805 701 2854 propter
722 2803 991 2843 vociferandi

117 2861 371 2903 facultatem
400 2864 515 2904 nobis
545 2864 732 2915 placet.»
781 2865 992 2916 Loquitur

117 2936 170 2964 ex
207 2924 366 2976 popelli
405 2937 618 2977 persona,
662 2938 796 2978 quem
836 2938 991 2967 rursus

116 2985 231 3026 salse
262 2986 455 3036 deridet,
490 2989 610 3039 quod
640 2989 862 3029 interdum
893 2992 992 3029 tan-

116 3050 210 3088 tum
266 3050 447 3100 propter
502 3050 778 3091 Stentoream
832 3062 990 3091 vocem

118 3111 234 3151 hunc
267 3109 441 3149 illumve
471 3111 698 3152 hominem
719 3124 913 3165 nequam
934 3113 991 3153 ad

116 3182 316 3213 summos
351 3171 543 3213 honores
573 3174 764 3214 evehere
794 3174 946 3215 soleat.

170 3233 319 3275 46-64.
352 3233 540 3273 libertino
564 3239 690 3284 patre
713 3237 873 3289 natum]
904 3239 992 3277 Re-

116 3295 268 3347 petitio
298 3296 433 3344 haec,
467 3307 580 3347 quae
611 3298 705 3337 sine
736 3309 868 3338 causa
889 3299 993 3339 Tor-

118 3358 259 3397 rentio
305 3359 399 3398 visa
440 3361 508 3398 est
547 3358 698 3409 frigida
740 3362 783 3399 et
825 3361 988 3412 inepta,

119 3419 347 3470 significat,
379 3422 562 3472 propter
581 3421 666 3461 hoc
687 3431 824 3460 unum
854 3432 903 3461 se
934 3422 989 3462 ab

120 3481 276 3522 invidis
306 3483 511 3522 continuo
552 3482 696 3533 carpi,
743 3483 860 3533 quod
906 3483 991 3522 hu-

215 3557 363 3592 Honss.
394 3567 481 3593 voi..
512 3558 552 3593 11.
607 3568 670 3593 en.
700 3568 783 3594 ΜΗ.
814 3557 872 3592 lll.

1059 1493 1146 1533 mili
1179 1493 1275 1533 loco
1307 1497 1429 1534 ortus
1462 1504 1578 1533 nunc
1608 1494 1663 1532 sit
1703 1494 1938 1532 Maecena-

1058 1556 1112 1594 tis
1157 1556 1353 1602 amicus,
1401 1559 1529 1595 antea
1580 1558 1627 1597 sa.
1672 1567 1713 1594 u.
1756 1566 1792 1594 c.
1827 1555 1937 1594 7125

1057 1618 1190 1658 Bruto
1236 1618 1348 1657 (lucc
1394 1618 1596 1658 tribunus
1637 1616 1850 1657 militaris.
1889 1638 1932 1644 —

1058 1681 1157 1729 quia
1195 1692 1283 1719 sum
1326 1680 1411 1731 tibi]
1443 1683 1627 1731 Propter
1669 1691 1863 1731 sequens
1896 1691 1935 1718 v,

1052 1748 1222 1793 parcre!
1256 1742 1379 1782 multi
1411 1745 1689 1795 scripserunt
1716 1744 1815 1790 εἱηις
1859 1743 1939 1783 sed

1057 1805 1230 1845 diversa
1281 1806 1632 1857 propositionum
1676 1807 1785 1844 ratio
1833 1806 1937 1845 satis

1057 1867 1314 1918 designatur
1344 1867 1530 1908 diversis
1572 1867 1797 1919 particulis
1837 1869 1937 1917 quia

1054 1952 1072 1958 -
1091 1952 1110 1958 -
1126 1931 1249 1980 quod.
1276 1952 1322 1958 —
1345 1930 1568 1982 convictor]
1597 1930 1845 1971 Modestum
1867 1943 1940 1970 vo-

1057 1991 1267 2032 cabulum
1289 1992 1344 2032 de
1367 1992 1612 2032 domestico
1642 2004 1725 2033 usu
1758 1995 1804 2033 et
1827 2005 1937 2033 con—

1057 2054 1306 2094 suetudine.
1369 2054 1431 2094 Cs.
1461 2056 1706 2105 Augustum
1738 2055 1779 2094 in
1803 2056 1936 2106 Epist.

1057 2116 1113 2155 ad
1144 2117 1373 2156 Horatium
1402 2117 1445 2155 in
1481 2117 1658 2156 Sueton.
1695 2117 1773 2156 Vit.
1808 2117 1936 2156 Hor.:

1057 2180 1182 2219 Sume
1223 2178 1295 2218 tibi
1338 2179 1498 2228 aliquid
1540 2179 1644 2218 iuris
1685 2180 1798 2228 apud
1840 2190 1933 2227 me,

1056 2246 1272 2291 tamquam
1314 2242 1348 2280 si
1393 2242 1604 2280 convictor
1646 2242 1745 2280 mihi
1789 2241 1934 2291 sacris.

1057 2303 1180 2343 Ovid.
1214 2314 1268 2343 ex
1298 2304 1435 2343 Ponto
1474 2302 1521 2350 4,
1554 2303 1603 2350 3,
1638 2304 1709 2342 45:
1756 2303 1826 2342 Ille
1862 2314 1936 2354 eqo

1056 2365 1266 2403 convictor
1300 2363 1418 2414 (tibi)
1451 2365 1655 2413 densoque
1692 2365 1937 2404 domesticus

1056 2438 1146 2465 usu.
1176 2449 1217 2454 —
1249 2425 1381 2477 forsit]
1415 2426 1536 2465 Hanc
1565 2426 1774 2472 sormam,
1809 2427 1934 2466 cuius

1058 2490 1236 2540 praeter
1266 2488 1308 2527 h.
1333 2487 1359 2527 l.
1385 2486 1551 2527 nullum
1584 2490 1754 2527 certum
1787 2499 1935 2528 exem-

1058 2550 1178 2602 plum
1215 2553 1355 2590 exstat
1394 2550 1448 2600 (v,
1484 2550 1606 2589 Hand
1647 2551 1769 2589 Tui-s.
1805 2551 1853 2589 11.
1888 2561 1930 2601 p.

1056 2613 1183 2661 713),
1231 2613 1427 2663 agnoscit
1473 2613 1557 2652 iam
1605 2612 1853 2651 Priscianus
1888 2623 1929 2663 p.

1058 2677 1178 2715 1l0l5.
1213 2677 1257 2714 P.
1320 2674 1406 2714 Cfr.
1430 2676 1626 2725 Wagner
1650 2676 1693 2713 et
1725 2673 1934 2724 Forbiger

1056 2738 1111 2778 ad
1142 2738 1259 2788 Virg.
1282 2739 1390 2776 Aen.
1415 2738 1462 2785 2,
1497 2736 1595 2775 439:
1632 2736 1741 2785 Quos
1761 2735 1819 2774 illi
1846 2736 1935 2785 fors

1054 2804 1091 2839 et
1123 2798 1189 2849 (al.
1221 2799 1363 2850 forsel)
1393 2809 1554 2848 poenas
1590 2798 1638 2837 ob
1683 2801 1828 2837 nostra
1863 2809 1933 2838 re-

1048 2868 1215 2914 poscent
1256 2863 1442 2914 Effuqia.
1494 2885 1536 2891 —
1589 2867 1626 2902 te
1663 2885 1686 2891 -
1726 2862 1932 2914 amicum]

1058 2926 1320 2965 «amicitiam
1342 2927 1506 2965 tuam.»
1529 2948 1572 2953 —
1592 2924 1814 2964 ambitione
1832 2937 1934 2975 pro-

1053 2987 1139 3038 cul]
1186 2982 1343 3038 ὄντας.
1404 2985 1484 3027 Alii
1527 2986 1582 3026 ad
1626 2988 1930 3027 Maecenatem

1054 3050 1274 3098 referunt,
1299 3050 1371 3101 qui
1393 3051 1590 3089 remotus
1613 3049 1741 3088 suerit
1761 3048 1817 3088 ab
1839 3060 1932 3089 am·

1054 3113 1217 3153 bitione
1255 3113 1298 3152 in
1328 3113 1455 3151 caute
1487 3110 1730 3161 deligendis
1759 3111 1926 3151 amicis.

1054 3177 1107 3216 At
1135 3175 1198 3216 sic
1228 3173 1448 3215 ἐπίθετον
1481 3183 1623 3223 prava
1651 3171 1771 3211 haud
1801 3172 1930 3211 nimis

1053 3236 1276 3277 urbanum
1308 3235 1432 3275 soret.
1495 3234 1687 3285 (Ambitio
1716 3234 1758 3273 h.
1793 3232 1819 3272 Ι.
1855 3244 1932 3272 no-

1053 3299 1122 3339 bis
1167 3297 1447 3348 Gunstsucht.)
1495 3319 1539 3325 —
1583 3308 1666 3335 non
1708 3295 1781 3333 hoc
1825 3295 1927 3344 cct.]

1055 3372 1166 3399 «non
1196 3361 1379 3411 propter
1406 3359 1511 3406 hoc,
1545 3357 1663 3408 quod
1695 3367 1799 3395 casu
1822 3358 1924 3401 cct.;

1055 3422 1098 3462 id
1127 3422 1247 3473 quod
1268 3420 1337 3461 alii
1366 3421 1545 3461 forsitan
1566 3417 1812 3464 sulficeret;
1847 3417 1926 3458 sed

1056 3495 1159 3533 ego,
1206 3482 1326 3533 quod
1370 3482 1496 3530 longe
1538 3480 1752 3530 praestat,
1800 3489 1926 3518 com-

1620 3554 1641 3588 8
