2231 3787
290 267 390 322 542

903 266 1116 306 HORATII
1152 265 1518 306 EPISTOLARUM

362 401 412 454 Si
454 398 717 471 prodesse
758 398 861 450 tuis
901 396 1172 468 pauloque
1212 380 1495 464 benignius
1535 394 1709 464 ipsum

360 505 430 556 Te
469 509 696 555 tractare
734 499 908 561 voleS,
951 497 1180 552 accedes
1218 496 1396 549 siccus
1435 494 1502 547 ad
1540 502 1775 548 unctum.

362 605 413 658 Si
453 603 744 675 pranderet
781 601 900 654 olus
939 600 1226 671 patienter,
1274 597 1495 668 regibus
1534 597 1612 649 uti

358 705 530 759 Nollet
566 704 882 774 Aristippus.

357 807 639 862 Fastidiret
677 803 819 866 olus,
864 803 956 874 qui
995 819 1081 856 me
1120 809 1280 854 notat.

959 701 1012 755 Si
1053 699 1215 754 sciret
1252 698 1471 770 regibus
1509 699 1611 759 uti,

1358 800 1537 855 Utrius
1576 799 1768 852 horum
2043 797 2062 849 4
2077 799 2107 849 ὃ

357 909 531 962 Verba
568 906 768 979 probes
807 913 859 958 et
896 904 1055 966 facta,
1098 903 1262 965 doce,
1303 901 1389 956 vel
1428 902 1603 955 iunior
1641 902 1790 963 audi,

357 1011 463 1065 Cur
501 1010 568 1063 sit
603 1007 855 1078 Aristippi
893 1006 1070 1077 potior
1108 1005 1395 1068 sententia,
1436 1021 1669 1075 namque

286 1197 528 1256 εξεπερασ”
566 1193 744 1250 ἀγνώς,
790 1190 990 1247 ἀκλεής·
1039 1190 1163 1244 Τοὺς

285 1261 319 1301 δ’
350 1261 399 1302 ἑν
430 1263 590 1313 τιμαῖς
620 1250 779 1311 ἧσσον
799 1255 937 1310 ζηλῶ.
991 1257 1163 1308 Signifi-

287 1328 355 1366 cat
384 1324 561 1376 Epicuri
581 1321 686 1362 illud
707 1318 826 1360 λάθε
845 1317 1055 1370 βιώσας,
1089 1320 1164 1359 ad-

284 1398 441 1427 versus
464 1385 583 1438 quod
606 1387 674 1424 est
702 1383 921 1423 Plutarchi
942 1382 1164 1421 declama-
1194 1397 1197 1401 ·

285 1447 478 1489 tiuncula
508 1447 568 1486 Εἰ
587 1444 744 1496 καλῶς
766 1443 948 1501 εἴρηται
968 1440 1023 1486 τὸ
1044 1441 1164 1483 λάθε

284 1509 486 1561 βιώσας,
529 1509 607 1549 ubi
636 1510 750 1547 inter
780 1507 863 1547 alia
895 1508 1000 1558 Cap.
1033 1506 1079 1554 4,
1114 1506 1161 1546 41

283 1575 344 1614 Εἰ
373 1567 705 1626 Θεμιστοκλῆς
730 1565 1012 1622 Ἀθηναίους
1034 1564 1166 1609 ἐλάν-

282 1637 451 1682 θανεν,
501 1630 589 1674 οὖν.
633 1628 694 1672 ἄν
734 1627 764 1685 ἦ
799 1627 967 1682 Ἑλλὰς
1004 1626 1164 1670 ἀπεώ-

285 1712 405 1740 σατο
435 1694 640 1754 Ξέρξην·
689 1697 731 1735 εἰ
754 1690 1017 1747 Ῥωμαίους
1061 1689 1163 1734 Κά-

282 1760 474 1814 μιλλος,
522 1755 612 1799 οῦκ
653 1753 716 1797 ἂν
759 1752 789 1810 ἦ
823 1753 979 1809 Ῥώμη
1025 1753 1162 1806 πόλις

283 1820 489 1877 ἔμεινεν·
538 1823 580 1861 εἷ
607 1820 765 1861 Δίωνα
799 1817 1026 1867 Πλάτων,
1073 1814 1163 1859 οὐκ

283 1884 345 1927 ἂν
375 1881 686 1941 ἠλευθερώθη
717 1878 746 1935 ἦ
778 1881 984 1922 Σικελία.

342 1951 407 1989 44.
447 1949 510 1988 42.
559 1947 754 1997 prodesse
784 1946 882 1997 tuis]
919 1946 1163 1995 «quatenus

285 2014 328 2052 in
376 2014 474 2050 tuos
526 2010 737 2060 cognatos
786 2019 838 2047 ac
885 2007 1164 2047 necessarios

284 2075 406 2113 vario
436 2073 570 2112 modo
602 2070 823 2110 redundat
851 2070 975 2109 favor
1004 2070 1164 2120 poten-

286 2138 340 2177 tis
384 2136 444 2175 tui
482 2135 656 2174 amici.»
694 2155 738 2160 —
775 2133 988 2183 beniqnius
1028 2132 1165 2181 ipsum

287 2203 324 2239 te
352 2196 550 2248 tractare]
592 2195 776 2234 «lautius
806 2195 1009 2242 viverem
1052 2192 1165 2232 «lar-

286 2261 382 2312 gius
414 2260 548 2300 Genio
580 2256 851 2307 indulgere.»
890 2279 934 2283 —
958 2256 1089 2294 siccus
1110 2255 1165 2293 ad

285 2321 468 2373 unctum]
504 2330 700 2372 «pauper
730 2320 773 2357 et
804 2317 947 2357 tenuis
979 2317 1035 2356 ad
1058 2328 1166 2368 opu-

285 2385 454 2425 lentum
477 2385 519 2422 et
539 2380 851 2432 locupletem.»
871 2380 1010 2418 Comi.
1029 2380 1160 2425 CRUQ.

290 2449 439 2487 Unctus
484 2447 518 2485 is
560 2446 649 2491 est,
698 2443 773 2493 qui
817 2440 931 2481 lauta
976 2441 1165 2492 praebet

287 2509 507 2556 convivia,
541 2508 590 2546 ut
618 2507 727 2557 Epp.
768 2506 813 2553 4,
849 2505 924 2552 45,
972 2503 1048 2544 44ῑ
1095 2503 1166 2542 ubi

287 2573 385 2623 quid
414 2570 558 2610 melius
577 2568 779 2618 contingit
807 2570 845 2606 et
863 2566 1045 2612 unctiu33
1080 2576 1163 2605 nec

287 2634 342 2674 de
384 2631 620 2683 unguentis
664 2630 894 2669 dumtaxat
936 2626 1163 2679 explican-

287 2697 394 2736 dum
439 2698 521 2735 est.
587 2694 661 2733 His
707 2692 990 2744 opponuntur
1036 2691 1160 2739 sicci,

287 2770 394 2804 11011,
426 2760 475 2796 ut
512 2755 800 2808 plerumque,
838 2753 1090 2801 «abstemii,
1139 2764 1163 2792 a

288 2820 388 2858 vino
428 2818 752 2866 abstinentes,»
795 2815 1003 2856 contrarii
1040 2815 1166 2854 «uvi-

289 2882 381 2930 dis,
422 2880 634 2928 madidis,
675 2877 936 2918 vinolentis»
980 2877 1072 2928 (Od.
1115 2878 1161 2925 4,

290 2944 361 2992 48,
409 2942 447 2982 3.
494 2942 540 2990 4,
588 2943 637 2990 5,
685 2941 786 2991 39.),
833 2940 913 2980 sed
958 2940 1161 2987 omnino,

291 3006 389 3056 «qui
449 3006 631 3055 propter
687 3004 998 3054 paupertatem
1056 3001 1165 3041 cibis

288 3068 472 3106 utuntur
501 3063 837 3116 simplicissimis
879 3063 1162 3114 quibusque,

287 3129 485 3168 siccantes
507 3127 643 3165 cibum
672 3126 724 3165 ab
753 3126 863 3165 omni
893 3125 1162 3172 iurulentia,»

288 3193 336 3230 ut
366 3190 425 3229 ait
453 3186 630 3228 Tertull.
665 3187 719 3226 de
751 3187 926 3226 Ieiuniis
964 3187 1000 3225 4.
1036 3187 1165 3226 Simi-

289 3251 387 3292 liter
418 3252 506 3292 Cic.
530 3261 611 3302 pro
643 3250 683 3288 S.
710 3249 866 3288 Roscio
887 3249 963 3296 27,
998 3250 1074 3288 75:
1106 3249 1167 3288 vi-

289 3319 356 3354 ctu
386 3314 521 3353 arido.

346 3376 442 3415 43-4
454 3377 492 3415 5.
526 3375 571 3414 Si
585 3373 813 3424 pranderet
833 3394 856 3400 -
874 3394 898 3401 -
917 3372 1162 3424 Aristippus]

290 3437 436 3478 Verba
467 3437 671 3488 Diogenis
703 3435 869 3486 Cynici.
894 3434 1015 3484 Diog.
1042 3436 1085 3474 L.
1112 3435 1127 3473 4
1153 3466 1160 3483 ,

1227 1194 1451 1246 στιππον)
1491 1191 1682 1242 λάχανα
1722 1191 1911 1234 πλύνων
1940 1192 2107 1247 Διογε-

1226 1270 1313 1310 νης
1332 1252 1533 1309 ἔσκωψε
1559 1257 1642 1297 καί
1662 1269 1835 1309 φησιν,
1867 1255 1928 1296 Εἰ
1957 1253 2108 1296 ταῦτα

1225 1314 1405 1373 ’ἔμαθες
1426 1319 1792 1376 προσφέρεσθαι
1807 1350 1817 1366 ,
1842 1315 1931 1359 οὐκ
1950 1313 2013 1358 ἂν
2034 1331 2110 1358 τυ-

1228 1381 1413 1439 ράννων
1443 1378 1594 1434 αὐλὰς
1616 1378 1919 1439 ἐθεράπευες.
1964 1376 2011 1420 Ὁ
2033 1379 2104 1428 δέ,

1227 1445 1320 1485 Καὶ
1355 1443 1433 1493 σύ,
1480 1442 1628 1493 εἶπεν,
1677 1444 1806 1503 εἴπερ
1849 1439 1980 1501 ᾕδεις
2023 1439 2108 1483 ἇν-

1226 1505 1440 1565 θρώποις
1471 1504 1670 1560 ὁμιλεῖν,
1704 1503 1794 1548 οὐκ
1824 1505 1889 1547 ἄν
1919 1504 2109 1555 λάχανα

1226 1566 1437 1621 ἔπλυνες.
1481 1572 1543 1611 De
1567 1571 1787 1622 Aristippo
1808 1570 1896 1610 vid.
1918 1570 1973 1610 ad
1994 1571 2104 1622 Epp.

1229 1634 1274 1681 4,
1310 1634 1356 1681 4,
1383 1633 1448 1672 48.
1487 1656 1530 1660 -
1558 1634 1787 1683 pranderet
1817 1631 1917 1683 olus]
1950 1633 2037 1671 Sat.
2061 1632 2103 1679 2,

1228 1694 1274 1743 3,
1299 1694 1400 1735 245:
1440 1696 1652 1744 prandere
1671 1695 1880 1734 luscinias.
1914 1695 1977 1734 De
2000 1694 2108 1734 olere

1229 1757 1342 1797 conf.
1368 1758 1453 1796 Sat.
1478 1758 1524 1805 2,
1561 1758 1575 1796 4
1601 1790 1608 1804 ,
1642 1756 1709 1797 74.
1737 1781 1782 1785 -
1804 1756 1981 1808 reqibus]
2004 1756 2106 1795 Dio-

1229 1830 1365 1870 genes
1396 1818 1667 1870 intelligebat
1696 1819 1982 1870 Dionysium,
2026 1820 2111 1868 Sy-

1227 1893 1548 1922 racusanorum
1593 1884 1860 1931 tyrannum,
1912 1892 2111 1932 quocum

1228 1944 1390 1984 diutius
1411 1946 1617 1984 versatus
1641 1945 1708 1983 est
1729 1944 1991 1995 Aristippus.
2027 1944 2112 1983 Lu-

1228 2007 1380 2047 cianus
1412 2006 1467 2045 de
1508 2008 1657 2045 Paras.
1693 2006 1765 2045 33:
1809 2001 2110 2063 Ἀρίστιππος

1228 2064 1255 2108 ὁ
1286 2068 1560 2125 Κυρηναῖος
1581 2092 1604 2096 -
1625 2091 1648 2097 -
1671 2066 1901 2124 διέτριβεν
1930 2066 1981 2108 ἐν
2012 2067 2105 2108 Συ-

1229 2127 1496 2188 ρακούσαις
1537 2129 1813 2186 παρασιτῶν
1852 2129 2105 2183 Διονυσίῳ.

1230 2190 1420 2233 πάντων
1450 2188 1568 2246 γοῦν
1599 2189 1765 2245 ἀμέλει
1793 2189 1888 2232 τῶν
1910 2193 2111 2249 παρασί-

1228 2268 1322 2295 των
1351 2251 1501 2304 αὐτὸς
1537 2249 1789 2308 ηὐδοκίμει
1826 2254 1932 2313 παρ’
1961 2250 2106 2308 αὐτῷ.

1232 2342 1277 2347 —
1299 2319 1342 2357 Si
1362 2319 1482 2357 sciret
1501 2317 1668 2369 regibus
1686 2318 1760 2369 uti]
1784 2318 2005 2358 Admonet
2024 2318 2110 2357 hoc

1229 2390 1310 2420 nos
1341 2380 1517 2431 Epicuri
1556 2381 1804 2420 sententiae
1843 2379 1976 2420 illius:
2025 2380 2108 2419 καὶ.

1228 2439 1479 2500 μόναρχον
1517 2441 1568 2482 ἐν
1607 2440 1756 2500 καιρῷ
1793 2438 2109 2499 θεραπεύσειν

1229 2502 1330 2558 (τὸν
1361 2501 1556 2557 σοφόν).
1598 2506 1721 2556 Diog.
1747 2507 1890 2545 Laert.
1912 2505 1985 2553 40,
2011 2506 2104 2545 424.

1229 2570 1305 2609 Est
1334 2570 1485 2608 autem
1514 2569 1575 2607 uti
1607 2578 1736 2607 «cum
1766 2568 1817 2607 iis
1837 2568 2006 2607 versari
2027 2568 2109 2608 sci-

1229 2632 1363 2682 teque
1394 2641 1472 2670 eos
1502 2631 1738 2669 tractare.»
1775 2652 1820 2657 -—
1850 2630 1981 2681 notat]
2016 2641 2110 2668 «re-

1229 2691 1516 2744 prehendit,»
1547 2692 1726 2742 proprie
1749 2691 1805 2730 de
1828 2690 2103 2731 censoribus.

1285 2815 1350 2854 48.
1377 2814 1441 2854 49.
1476 2813 1679 2864 eludebat]
1709 2824 1776 2865 pr.
1803 2814 1858 2854 de
1890 2813 2107 2865 gladiato-

1228 2876 1373 2925 ribus,
1399 2876 1473 2927 qui
1494 2876 1608 2916 ictus
1630 2876 1989 2917 adversariorum
2011 2889 2108 2918 cor-

1229 2939 1348 2990 poris
1370 2937 1649 2978 inclinati0ne
1666 2939 1818 2978 vitant.
1842 2960 1886 2966 —
1906 2943 1954 2978 ut
1971 2940 2104 2991 aizmt]

1229 3000 1284 3039 de
1316 3000 1496 3039 historia
1526 2999 1751 3052 plerisque
1783 3003 1886 3041 nota
1916 3003 1961 3041 et
1980 3002 2106 3053 quasi

1228 3061 1446 3102 tralatitia.
1499 3062 1621 3102 Conf.
1655 3065 1763 3114 Epp.
1789 3063 1836 3111 4,
1870 3063 1919 3111 7,
1952 3062 2019 3103 49.
2055 3084 2104 3092 -

1228 3123 1424 3176 Scurror]
1458 3124 1594 3163 «Fieri
1624 3126 1823 3175 potest,»
1855 3125 1996 3174 inquit
2014 3125 2108 3164 Ari-

1228 3187 1400 3238 stippus
1421 3188 1523 3225 κατ’
1543 3186 1807 3242 εἰρωνείαν,
1832 3187 1926 3234 «ut,
1951 3196 2106 3236 quem-

1229 3248 1474 3288 admodum
1522 3250 1567 3287 tu
1619 3258 1690 3287 me
1739 3258 1897 3296 vocas,
1949 3257 2102 3287 scurra

1229 3313 1313 3352 sim
1342 3322 1391 3351 re
1420 3322 1548 3358 vera;
1582 3310 1663 3350 sed
1694 3321 1774 3360 ego
1803 3310 1920 3357 mihi,
1954 3319 2102 3349 meam

1228 3374 1269 3413 in
1307 3383 1426 3419 rem,
1475 3383 1676 3419 scurror,
1724 3374 1770 3410 tu
1814 3370 2099 3421 multitudini,

1228 3436 1352 3474 cuius
1383 3433 1645 3486 applausum
1677 3435 1720 3472 et
1749 3431 1846 3472 vilia
1879 3433 1996 3473 dona
2027 3444 2104 3473 ca-

291 3500 366 3540 681
415 3494 660 3555 Παριόντα
701 3495 815 3537 ποτὲ
852 3491 1000 3537 αὐτὸν
1031 3490 1164 3554 (Ἇρί-
1193 3493 1198 3546 ξ
1227 3498 1324 3547 ptas
1346 3494 1512 3543 abolla,
1547 3506 1631 3545 qua
1663 3493 1842 3535 indutus
1864 3505 1933 3543 es,
1968 3493 2099 3545 dolio,
