2231 3787
861 286 957 324 LlB.
995 286 1040 324 ll.

1103 286 1213 324 SAT.
1250 286 1297 324 ll.

1894 285 1933 336 uz>

1932 285 1974 335 ‘se

1976 286 1994 334 „.

252 419 324 469 Ac
364 416 487 468 milii
530 434 624 469 seu
671 415 883 486 longum
925 423 1043 486 post
1084 424 1294 486 tempus
1335 425 1553 469 venerat
1591 417 1813 485 hospes.

254 518 376 570 Sive
421 535 645 588 operum
685 534 855 570 vacuo
895 526 1075 587 gratus
1116 517 1340 570 conviva
1381 534 1477 588 per
1517 517 1740 569 imbrem

254 620 486 679 Vicinus,
530 619 667 672 bene
715 628 829 671 crat
866 636 970 671 non
1010 618 1248 689 piscibus
1290 618 1422 671 urbe
1462 619 1675 690 petitis,

1907 620 1998 671 120

255 720 360 774 Sed
400 720 544 791 pullo
584 730 744 791 utque
787 720 985 784 haedo,
1028 729 1137 773 tum
1178 720 1398 791 pensilis
1438 739 1540 773 uva
1581 721 1847 774 secundas

257 823 316 874 Et
356 841 460 874 nux
500 822 724 875 ornabat
764 839 975 875 mensas
1017 839 1137 875 cum
1178 821 1392 892 duplice
1431 822 1551 875 ficu.

259 926 381 976 Post
418 923 518 976 hoc
560 923 716 976 ludus
757 933 871 976 erat
909 923 1064 993 eulpa
1105 932 1289 993 potare
1331 925 1608 995 magistra.

297 1074 388 1114 1148.
423 1074 597 1114 Aemilii
628 1086 695 1113 sen
729 1074 870 1121 lic-,LC
905 1077 948 1113 et
980 1072 1220 1113 Bentleius:
1256 1075 1303 1112 A!
1326 1074 1423 1112 mihi
1453 1085 1523 1113 seu.
1553 1076 1742 1125 Sp,FMJ,
1775 1078 1831 1115 Ac
1853 1078 1950 1116 mihi

238 1149 331 1176 cum.
354 1139 382 1176 t.
410 1159 456 1165 —
484 1139 574 1176 421.
614 1142 710 1176 lunc
739 1150 776 1176 c.
814 1160 853 1165 —
896 1136 985 1176 123.
1017 1136 1157 1187 culpa]
1189 1136 1258 1175 Sic
1281 1135 1376 1175 libri
1409 1147 1589 1183 omnes,
1625 1139 1756 1177 etiam
1789 1140 1874 1178 mei
1908 1142 1950 1179 ct

241 1200 455 1248 Pottierii,
491 1200 655 1239 CtFMJ.
705 1201 864 1238 Contra
895 1209 1032 1248 cuppa
1063 1196 1215 1237 Lanib.
1253 1199 1383 1246 coni,
1416 1210 1525 1247 cupa
1557 1200 1650 1250 (pro
1679 1201 1800 1251 cepa)
1823 1203 1951 1241 Bent-

240 1261 350 1301 leius
395 1263 534 1310 coni.,
581 1263 698 1300 >nulla
743 1261 944 1300 eiusdem
990 1259 1123 1299 dubia
1170 1261 1387 1310 suspicio,
1434 1262 1562 1312 pulpa
1594 1262 1684 1302 Nic.
1721 1264 1946 1311 Heinsius,

236 1324 355 1373 pulso
378 1329 530 1374 potare
560 1325 763 1375 maytstro
794 1323 1022 1362 Kircliner.

186 1450 453 1500 excepturus
484 1452 603 1490 esset
634 1449 845 1500 hospites.
885 1471 927 1478 —-
955 1459 1063 1498 pen-

183 1511 269 1550 silis
295 1511 393 1563 uva]
422 1510 527 1551 Plin.
553 1513 603 1551 H.
628 1513 676 1551 N.
704 1511 777 1559 44,
812 1511 861 1550 3:
895 1512 1064 1550 Durani

184 1573 295 1613 aliae
325 1575 464 1624 (uvae)
491 1585 570 1624 per
596 1575 768 1613 hiemem
791 1573 941 1622 pensili
970 1583 1065 1611 con-

184 1640 426 1675 cameralae
467 1637 572 1675 nodo
615 1638 698 1675 cet.
764 1634 901 1675 Plaut.
930 1637 1059 1674 Poen.

187 1699 232 1746 4,
267 1699 315 1747 ⁰2,
351 1698 423 1737 99:
459 1702 504 1737 tu
532 1709 572 1737 es
600 1709 761 1738 mecum
788 1698 956 1748 futurus
984 1707 1064 1746 pro

184 1771 270 1800 uva
294 1771 423 1809 passa
456 1761 638 1810 pensilis.
681 1784 723 1787 —
771 1760 932 1810 duplice
967 1758 1063 1810 ficu]

187 1823 391 1863 «bifidam
451 1825 603 1863 Senon.
663 1821 825 1863 Pallad.
860 1824 907 1862 R.
943 1823 990 1860 R.
1015 1820 1062 1869 li,

187 1887 260 1935 110,
294 1886 373 1925 35:
416 1886 596 1925 Subinde
621 1887 747 1937 ficus,
781 1886 883 1924 sicui
913 1889 971 1924 est
999 1884 1066 1922 di-

183 1948 295 1997 v'isa,
327 1952 539 1997 vertatur,
572 1952 617 1987 ut
642 1950 819 2000 ficorum
848 1947 966 1986 coria
985 1947 1067 1986 sic-

184 2015 330 2050 centur
358 2015 395 2050 et
430 2011 586 2060 pulpae
625 2014 721 2050 tunc
751 2010 987 2060 duplicatae
1023 2010 1066 2047 iii

185 2073 347 2112 cistellis
369 2077 584 2112 serventur
614 2077 688 2112 aiil
717 2073 875 2112 loculis.
937 2072 1065 2111 Teste

187 2134 385 2185 Gargallo
433 2134 563 2175 Siculi
612 2136 691 2175 has
741 2146 858 2174 nunc
906 2135 1068 2173 vocant

187 2199 357 2248 chiappe
391 2199 431 2237 di
462 2198 580 2249 sicini,
624 2197 719 2246 ubi,
759 2207 861 2236 cum
892 2197 1067 2236 siccan-

189 2263 278 2308 tur,
302 2271 387 2299 una
420 2261 593 2299 inversa
623 2261 825 2300 inversae
849 2258 972 2300 alteri
996 2270 1068 2298 co-

189 2323 302 2374 gitur
323 2326 367 2362 et
385 2323 577 2362 retinent
597 2320 840 2361 mollitiem.
861 2345 904 2349 —
919 2320 1064 2360 Simile

190 2387 258 2424 est
287 2385 536 2424 convivium
559 2384 675 2435 apud
696 2383 833 2424 Plaut.
858 2384 992 2422 Stich.
1017 2385 1062 2430 5,

190 2447 236 2494 4,
284 2448 332 2486 7:
383 2448 468 2486 Hoc
520 2447 754 2485 convivium
803 2447 882 2485 Pro
926 2445 1068 2495 opibus

188 2509 341 2549 nostris
368 2510 468 2548 salis
495 2509 835 2548 commodulumst
868 2508 1063 2555 izzzcibus,

189 2572 363 2622 fabulis,
392 2572 539 2623 ficulis.

245 2634 337 2674 423.
388 2636 479 2673 Post
507 2633 598 2685 hoc]
637 2634 698 2673 Ex
728 2633 908 2684 antiquo
941 2642 1065 2672 more

189 2696 372 2736 demum
411 2698 512 2748 post
551 2695 676 2736 cibos
707 2697 909 2747 sumptos
940 2696 1068 2745 pota-

189 2758 320 2807 bant,
361 2757 753 2799 luxuriosieontra
785 2759 898 2798 inter
928 2757 1068 2797 eden-

190 2821 311 2860 dum.
349 2822 518 2861 Seneca
541 2822 674 2873 Epist.
696 2822 798 2860 42⁵2:
831 2822 1070 2870 Postpran-

190 2883 305 2921 dium
334 2886 407 2921 aul
434 2894 605 2923 coenam
635 2883 769 2924 bibere
795 2884 968 2935 volgare
987 2887 1067 2922 est:

191 2945 263 2983 hoc
288 2946 624 2995 patresfamiliae
656 2947 801 2986 rustici
842 2947 1005 2997 faciant
1034 2949 1069 2985 et

190 3016 316 3045 verae
333 3006 557 3056 voluptatis
576 3009 733 3059 i9nari.
758 3031 801 3036 -—
821 3008 942 3047 ludus
963 3008 1066 3059 erat]

195 3068 263 3107 «Si
293 3068 470 3119 quando
510 3068 648 3110 libere
678 3072 832 3122 potare
862 3070 1071 3110 volebant

138 3173 143 3181 ,
193 3131 384 3181 antiqui,
431 3131 475 3170 id
519 3134 610 3180 est,
656 3133 750 3172 sine
795 3132 1068 3184 archiposia,

192 3193 401 3233 dicebant
431 3204 478 3232 se
509 3194 767 3244 magistram
795 3194 942 3235 facere
974 3193 1071 3235 cul-

191 3267 339 3308 pam.»
390 3258 543 3296 Ponpn.
596 3257 727 3297 «Post
754 3257 840 3297 hoc
862 3269 915 3298 eo
935 3258 1069 3298 modo

193 3318 479 3367 ludebamus,
513 3320 560 3357 ut
589 3319 712 3358 certa
739 3319 857 3360 inter
886 3331 966 3360 nos
987 3331 1071 3372 po-

194 3382 313 3421 tandi
359 3381 454 3433 lege
493 3381 609 3422 dicta
654 3382 712 3430 is,
758 3382 833 3433 qui
870 3393 958 3423 non
988 3383 1071 3423 ob-

196 3447 505 3496 temperasset,
534 3446 750 3496 sequente
771 3445 866 3484 vice
888 3457 975 3485 uno
996 3457 1072 3497 po-

195 3505 294 3546 culo
325 3506 587 3546 multaretur
618 3506 769 3557 (Plaut.
795 3508 926 3547 Stich.
952 3510 1002 3557 5,
1028 3508 1068 3559 4,

291 3583 442 3619 Honn.
471 3592 560 3619 von.
590 3583 630 3619 ΙΙ.
685 3593 750 3621 so.
780 3593 863 3620 Min.
894 3583 952 3619 lli.

1128 1447 1199 1489 43:
1233 1448 1439 1499 Agedum,
1463 1448 1620 1488 Sliclie:
1640 1453 1733 1488 ulei·
1752 1451 2006 1500 deniutassit‚

1123 1510 1271 1561 poculo
1301 1510 1560 1549 multabitur.
1585 1534 1608 1540 -
1629 1533 1652 1539 -
1672 1534 1695 1540 -
1716 1513 1761 1550 Si
1777 1516 2005 1564 peccasses,

1125 1573 1301 1612 multam
1343 1573 1408 1612 hic
1450 1573 1631 1613 retinebo
1676 1575 1827 1626 illico.)
1871 1579 2005 1629 atque

1128 1633 1254 1686 eulpa
1278 1635 1518 1675 commissa
1540 1637 1666 1686 quasi
1697 1637 1879 1687 potandi
1911 1648 2008 1676 ma-

1127 1699 1260 1747 gistra
1305 1697 1511 1737 omnibus
1555 1700 1717 1738 esset.»
1773 1699 1908 1750 Volgo
1953 1702 2009 1740 ita

1129 1759 1367 1811 explicant:
1404 1761 1503 1811 «qui
1525 1759 1700 1811 culpam
1722 1761 2010 1811 qualemcun-

1129 1833 1215 1873 que
1262 1823 1305 1862 in
1352 1822 1549 1862 bibendo
1592 1824 1902 1873 commiserat,
1950 1827 2008 1865 ita

1127 1885 1410 1937 puniebatur,
1435 1888 1482 1924 ut
1504 1883 1616 1924 illico
1637 1885 1847 1936 poculum
1869 1899 2008 1928 unum

1128 1959 1233 2000 prae
1249 1949 1409 1988 ceteris
1427 1948 1652 1987 exsiccare
1671 1948 1874 1999 deberet,
1895 1962 2009 2001 quae

1130 2009 1314 2061 quidem
1343 2020 1486 2061 poena
1515 2011 1710 2050 convivis
1741 2011 1880 2051 risum
1911 2023 2011 2053 mo-

1128 2072 1275 2120 vebat,
1301 2073 1403 2122 quia
1425 2073 1676 2123 praemium
1696 2074 1841 2124 potius
1864 2077 2008 2121 erat;»

1130 2135 1198 2176 vel
1244 2137 1292 2174 ut
1339 2135 1640 2184 Heindorfius,
1692 2137 1831 2187 magis
1877 2139 2009 2178 etiam

1130 2198 1187 2237 ad
1218 2199 1414 2246 nostros,
1448 2208 1535 2236 non
1556 2197 1611 2237 ad
1634 2199 1903 2239 rusticorum
1924 2201 2012 2240 Ro-

1130 2271 1368 2300 manorum
1416 2271 1588 2300 mores:
1647 2262 1776 2300 «Post
1823 2272 2011 2302 coenam

1130 2323 1185 2362 ad
1226 2322 1381 2362 ludum
1411 2321 1604 2373 aliquem
1636 2334 1717 2363 nos
1747 2324 2012 2364 consereba—

1130 2395 1229 2424 mus
1270 2383 1473 2434 (talorum
1516 2386 1620 2435 puta
1659 2385 1728 2425 vel
1773 2386 2008 2438 similem),

1131 2448 1295 2498 quique
1327 2447 1370 2485 in
1403 2457 1455 2486 eo
1487 2457 1686 2487 errorem
1725 2450 2013 2489 commiserat

1131 2507 1341 2560 poculum
1364 2507 1547 2548 ebibere
1566 2508 1806 2549 debebat.»
1829 2512 1883 2550 At
1902 2522 2010 2550 vero

1131 2583 1200 2610 vv.
1242 2575 1333 2611 erac
1371 2575 1540 2621 potare,
1594 2582 1708 2621 quae
1755 2573 2010 2612 necessario

1132 2634 1353 2673 artissime
1386 2633 1607 2684 iungenda
1639 2637 1742 2673 sunt
1772 2645 1918 2685 neque
1941 2635 2011 2675 di-

1129 2695 1228 2737 velli
1265 2697 1476 2748 possunt,
1523 2706 1602 2747 pro
1635 2698 1757 2735 certo
1798 2696 1912 2737 hanc
1943 2698 2011 2737 in-

1132 2760 1498 2811 terpretationem
1513 2769 1600 2798 non
1614 2758 1864 2798 admittunt:
1883 2762 2012 2800 «Post

1132 2832 1319 2862 coenam
1350 2820 1504 2861 ludere
1535 2820 1813 2871 solebamus,
1861 2823 1917 2861 ita
1964 2825 2013 2862 ut

1132 2884 1259 2936 culpa
1292 2885 1334 2924 in
1365 2883 1468 2923 ludo
1491 2884 1731 2924 commissa
1759 2884 1918 2935 poculo
1940 2888 2016 2925 aut

1133 2947 1333 2987 detracto
1377 2947 1452 2985 aut
1495 2945 1781 2997 superaddito
1821 2946 1890 2997 (de
1929 2947 2014 2987 hoc

1133 3010 1252 3049 enim
1282 3009 1416 3047 adhuc
1445 3008 1518 3047 sub
1556 3008 1690 3048 iudice
1718 3009 1768 3047 lis
1797 3009 1870 3060 est)
1901 3008 2012 3050 illico

1132 3072 1414 3123 punireturp)
1459 3071 1593 3110 immo
1624 3082 1694 3109 vv.
1729 3069 1846 3110 clare
1878 3072 2014 3122 signi-

1134 3135 1267 3174 ficant
1310 3133 1581 3185 potationem
1627 3133 1769 3184 ipsam
1804 3135 2014 3173 conviva-

1133 3207 1233 3236 rum
1263 3194 1417 3235 ludum
1448 3195 1596 3235 fuisse.
1673 3195 1805 3245 Culpa
1835 3197 2008 3242 autem,

1132 3261 1181 3298 ut
1210 3259 1295 3298 hoc
1326 3269 1504 3309 quoque
1537 3257 1761 3306 dicamus,
1806 3260 1924 3305 erat,
1966 3259 2014 3295 ut

1135 3321 1311 3372 opinor,
1345 3321 1380 3360 si
1410 3318 1619 3371 poculum
1651 3331 1736 3359 non
1759 3317 2013 3359 exsiccaba-

1136 3386 1226 3431 tur,
1260 3383 1296 3423 si
1326 3382 1511 3422 fortasse
1541 3382 1707 3431 recepti
1739 3381 1919 3431 quidam
1940 3391 2013 3431 ge-

1135 3447 1229 3486 stus
1268 3444 1338 3485 vel
1377 3443 1590 3484 formulae
1629 3445 1729 3482 ante
1766 3442 2010 3482 bibendum

1135 3519 1222 3548 non
1253 3509 1332 3547 rite
1364 3505 1658 3547 servabantur
1687 3506 1771 3544 cet.
1834 3505 2012 3555 (Turne-

1690 3581 1729 3616 15
