2231 3787
918 141 1018 181 LlB.
1053 141 1082 179 1.
1147 141 1258 181 SAT.
1292 141 1323 179 1.
2011 138 2042 187 5

277 274 389 328 Sub
430 273 552 345 galli
594 273 809 327 cantum
849 271 1126 326 consultor
1163 270 1256 324 ubi
1298 270 1436 324 ostia
1475 267 1668 341 pulsat.

1984 270 2003 322 »Ι
2019 272 2050 321 0

275 376 367 430 Ille
409 375 548 429 datis
591 374 820 429 vadibus
861 374 954 446 qui
993 391 1122 428 rure
1162 381 1433 427 extractus
1474 373 1527 424 in
1569 371 1764 426 urbem
1804 381 1906 432 est.

277 478 435 532 Solos
477 478 663 533 felices
702 477 948 531 viventes
988 476 1183 531 clamat
1229 476 1282 528 in
1321 474 1475 528 urbe.

281 582 474 636 Cetera
514 580 582 635 de
622 597 824 652 genere
863 577 1220 633 hoc—adeo
1254 586 1378 632 sunt
1415 576 1582 631 multa
1603 576 1981 648 —loquacem

278 683 569 739 Delassare
609 682 788 737 valent
829 681 1071 737 Fabium.
1149 682 1226 735 Ne
1271 688 1320 735 te
1361 697 1569 744 morer,
1613 680 1762 742 audi,

318 884 383 923 ’10.
418 887 547 924 cantu
577 893 658 923 sex
687 882 898 923 Pottierii.
936 904 981 910 -—
1017 882 1083 921 ΔΞ.
1117 884 1263 921 cantat
1291 880 1371 931 Bd,
1404 880 1552 922 laudat
1582 893 1624 933 p.

262 1067 381 1106 9-12.
416 1065 523 1104 iuris
552 1064 771 1115 legumque
794 1062 972 1114 peritus]
999 1064 1096 1102 Non
1166 1062 1363 1104 «fortiter
1385 1074 1437 1103 ac
1475 1062 1725 1114 praefracte
1759 1060 1987 1102 contendit
2002 1074 2047 1107 »ς

206 1128 363 1179 teqibus
383 1127 616 1167 dumtaxat
635 1127 701 1166 ius
721 1126 990 1175 continetur,
1015 1125 1098 1166 sed

207 1192 341 1231 etiam
363 1193 546 1231 senatus
569 1188 798 1239 consultis,
825 1189 982 1229 edictis
1003 1200 1099 1228 ma-

207 1254 489 1305 gistratuum,
514 1254 747 1305 responsis
769 1252 1060 1304 prudentum.
1075 1275 1099 1281 -

204 1316 430 1368 consultor]
455 1317 544 1367 qui,
563 1315 685 1356 litem
704 1316 923 1356 adversus
941 1326 1100 1366 quem-

207 1381 326 1432 piam
357 1391 510 1431 agens,
543 1378 915 1429 iureconsultum,
949 1379 1098 1418 virum

207 1442 403 1495 aliquem
423 1443 686 1495 primarium
704 1442 905 1491 civitatis,
926 1443 970 1482 in
983 1442 1096 1481 atrio

207 1507 370 1547 domus
423 1517 530 1547 suae
582 1507 627 1546 in
672 1505 782 1546 solio
827 1505 1094 1555 sedentem,

207 1571 352 1622 primo
393 1581 525 1609 manc
558 1570 669 1620 adit,
711 1571 760 1609 ut
797 1569 881 1610 sibi
913 1569 969 1609 de
1000 1570 1096 1608 iure

206 1633 482 1686 respondeat
519 1634 837 1684 actionumque
882 1631 1097 1672 formulas

206 1696 501 1749 praescribat.
563 1698 611 1736 ln
652 1695 857 1748 gallicinii
891 1698 1096 1748 tempore

207 1759 393 1800 ridicula
422 1759 674 1812 hyperbole
706 1761 840 1809 inest,
872 1761 922 1799 ut
949 1757 1096 1799 inillis

208 1824 297 1864 Cic.
331 1834 412 1875 pro
447 1825 619 1863 Muren.
655 1823 702 1872 9,
737 1824 814 1862 ⁶22:
864 1822 1020 1874 Viqilas
1053 1825 1100 1862 tu

209 1885 398 1939 (Sulpici)
428 1888 476 1926 de
505 1890 638 1936 nocte,
669 1890 716 1926 ut
744 1886 827 1926 tuis
845 1886 1100 1926 consultori-

207 1951 280 1990 bus
316 1950 590 2000 respondeas;
634 1950 702 1989 ille
734 1949 800 2001 (L.
839 1947 1095 1999 Lucullus),

206 2018 334 2063 ‘ut-eo,
360 2025 440 2063 quo
461 2013 651 2062 intendit,
674 2016 842 2052 mature
863 2023 959 2052 cum
979 2023 1101 2052 0330)·-

207 2079 293 2118 citu
321 2078 560 2128 perveniat.
625 2078 676 2118 Te
704 2078 940 2130 gallorum,
979 2077 1099 2117 illum

208 2142 483 2181 buccinarum
523 2146 672 2182 cantus
700 2141 944 2182 eoesuscitat.
1007 2139 1096 2180 Cfr.

209 2205 319 2255 Epp.
354 2205 401 2253 2,
445 2205 491 2253 ¹1,
532 2205 632 2245 403:
685 2206 842 2244 Romae
879 2204 997 2244 dulce
1028 2204 1102 2243 diu

208 2267 289 2318 fuit
317 2270 355 2307 et
383 2267 576 2306 sollemne
613 2267 779 2306 reclusa
814 2268 944 2307 Mane
979 2268 1100 2306 domo

207 2329 412 2382 vigilare,
444 2329 585 2369 clienti
608 2340 805 2379 promere
824 2330 938 2368 iura.
973 2328 1098 2368 Ovid.

209 2395 307 2433 Am.
342 2393 391 2442 4,
426 2392 500 2442 43,
536 2392 612 2432 ’19ε
658 2392 792 2442 Atque
821 2393 966 2431 eadem
998 2390 1103 2442 (Au-

210 2455 325 2506 rora)
343 2466 541 2506 sponsum
555 2455 732 2495 consulti
754 2458 849 2494 ante
874 2454 991 2493 atria
1009 2452 1105 2491 mit-

210 2519 262 2559 tis
291 2520 378 2559 cet.
414 2541 459 2547 -—
492 2518 684 2570 vadibus]
720 2519 801 2557 Vas
831 2518 873 2558 in
906 2529 955 2557 re
987 2516 1104 2556 iudi-

212 2581 311 2623 ciali
340 2582 522 2633 proprie
554 2580 802 2633 appellatus
834 2582 904 2621 est
932 2581 992 2630 is,
1036 2578 1108 2629 qui

208 2657 290 2696 pro
335 2645 468 2684 altero
511 2645 804 2685 vadimonium
836 2643 1110 2694 promittebat

214 2710 368 2769 (Varro
399 2709 445 2748 L.
480 2709 526 2748 L.
561 2708 608 2758 6,
652 2707 755 2758 vt),
801 2707 845 2747 id
892 2709 985 2757 est,
1035 2707 1130 2765 quix

217 2771 339 2823 apud
359 2772 618 2823 praetorem
639 2770 894 2822 spondebat
915 2781 1043 2810 reum
1066 2770 1111 2809 in

213 2832 425 2874 iudicium
446 2833 555 2874 sisti.
588 2834 854 2874 Rusticanus
871 2833 1002 2884 igitur
1027 2834 1112 2874 Ro-

213 2907 396 2945 manus,
425 2897 590 2936 invitus
608 2896 806 2947 quidem,
839 2896 922 2937 sed
953 2907 1009 2936 ne
1035 2907 1112 2936 va-

213 2959 411 2999 dimonio
443 2959 626 2999 deserto
650 2959 773 3000 litem
796 2960 1037 3009 amitteret,
1063 2960 1108 2999 in

213 3022 380 3065 Urbem
417 3032 466 3061 se
505 3022 711 3062 conferre
751 3023 961 3073 coactus,
1010 3023 1106 3062 eius

212 3084 382 3126 incolas
421 3082 507 3124 alta
548 3095 660 3124 voce
700 3084 770 3125 vel
808 3084 910 3126 ideo
953 3084 1106 3125 felices

214 3148 459 3201 praedicat,
494 3147 615 3198 quod
644 3150 825 3199 praeter
854 3147 994 3188 multa
1022 3147 1106 3188 alia

214 3213 332 3252 vitae
363 3211 524 3263 gaudia
555 3209 685 3261 longe
710 3211 994 3252 commodius
1025 3222 1106 3251 ne-

216 3275 343 3328 gotiis
392 3273 647 3315 forensibus
698 3284 884 3325 operam
939 3285 1105 3314 navare

216 3339 412 3391 possint,
457 3338 554 3390 ipse
593 3348 697 3378 cum
735 3338 977 3389 propterea
1008 3338 1107 3377 tan-

217 3406 314 3443 tum
357 3401 574 3455 temporis
620 3400 795 3453 perdat.
847 3424 889 3428 -
936 3399 1106 3452 clamat]

1163 1128 1212 1167 ut
1233 1128 1320 1167 Sat.
1340 1129 1390 1175 2,
1416 1127 1463 1175 3,
1500 1127 1601 1166 43οῑ
1634 1127 1836 1166 Insanum
1856 1129 1893 1165 te
1914 1135 2053 1165 omnes

1157 1191 1283 1241 pueri
1319 1191 1581 1239 clamentque
1614 1190 1793 1240 puellae.
1857 1189 1966 1240 Epp.
2002 1188 2049 1230 2.

1166 1255 1211 1302 1,
1259 1254 1335 1293 80:
1399 1253 1579 1292 clament
1616 1253 1791 1303 periisse
1826 1253 2049 1302 pudorem.

1162 1315 1243 1356 Alii
1266 1328 1356 1356 non
1375 1326 1562 1368 prorsus
1584 1315 1842 1356 necessario
1864 1314 1949 1353 hoc
1971 1324 2052 1365 pro

1161 1375 1415 1438 ἀγροικίας
1432 1380 1558 1430 signo
1580 1378 1762 1427 habent,
1787 1379 1835 1417 ut
1856 1379 1924 1417 est
1944 1387 2052 1417 sane

1161 1439 1349 1501 μεγάλῃ
1410 1440 1466 1500 τῇ»
1527 1438 1667 1499 φωνῇ
1723 1438 1884 1479 λαλεῖν
1933 1437 2054 1490 apud

1162 1507 1388 1559 Theophr.
1424 1506 1555 1547 Char.
1580 1505 1626 1555 4,
1662 1505 1700 1545 11.
1748 1503 1888 1544 Plaut.
1922 1503 2049 1543 Most.

1164 1572 1179 1611 4
1205 1603 1212 1620 ,
1249 1571 1263 1610 4
1289 1603 1296 1620 ,
1332 1570 1377 1610 6:
1415 1570 1523 1620 Quid
1543 1569 1630 1622 tibi,
1662 1567 1839 1616 malum,
1871 1566 1936 1606 hic
1956 1569 2054 1605 ante

1163 1636 1284 1675 aedes
1312 1633 1544 1673 clamitatio
1576 1630 1665 1672 est?
1701 1630 1765 1671 An
1794 1629 1890 1668 rur-i
1918 1638 2055 1667 censes

1161 1703 1199 1739 te
1228 1696 1342 1738 esse?
1370 1719 1393 1725 —
1422 1719 1445 1725 —
1473 1695 1550 1736 Abi
1583 1705 1672 1735 rus.
1735 1689 2053 1744 (Memorabilis

1164 1764 1232 1802 est
1253 1761 1384 1801 lectio
1412 1759 1522 1800 Cod.
1546 1757 1778 1808 antiquiss.
1802 1756 1858 1795 B:
1891 1756 2052 1801 cantat3

1163 1827 1334 1867 dictum
1365 1825 1452 1864 hoc
1474 1823 1610 1871 esset,
1642 1822 1692 1860 ut
1717 1818 1837 1871 apud
1859 1820 2054 1858 Graecos

1163 1901 1299 1941 saepe
1353 1888 1598 1938 usurpatur
1651 1878 1843 1936 ὑμνεῖν,
1892 1890 2054 1921 verum

1163 1955 1312 1993 ortum
1341 1952 1449 2003 puto
1481 1960 1536 1988 ex
1564 1959 1606 1987 V.
1641 1944 1848 1996 cantum.)

1220 2015 1360 2056 43-49.
1386 2014 1532 2054 Cetera
1549 2012 1597 2051 cle
1616 2021 1765 2063 qenere
1785 2007 1872 2059 hoc]
1896 2008 2056 2046 Trans-

1163 2081 1249 2120 itus
1279 2079 1347 2119 est
1376 2075 1667 2117 Lucretianus
1688 2072 1736 2121 4,
1768 2071 1874 2111 590:
1910 2069 2058 2109 Cetera

1165 2144 1212 2183 de
1232 2151 1382 2194 genere
1401 2140 1476 2179 hoc
1495 2141 1685 2178 monstra
1706 2146 1757 2174 ac
1776 2136 1978 2185 portenta
1999 2132 2057 2171 lo-

1165 2208 1369 2256 quuntur.
1389 2203 1429 2252 5,
1450 2201 1517 2242 38.
1537 2202 1585 2240 In
1605 2209 1740 2252 prosa
1758 2208 1821 2237 or.
1839 2206 1946 2246 quae
1961 2198 2058 2234 sunt

1165 2269 1287 2308 huius
1315 2265 1493 2318 generis.
1548 2263 1638 2303 Cic.
1664 2263 1792 2300 Tusc.
1816 2258 1865 2307 4,
1900 2258 1944 2306 7,
1982 2257 2053 2296 46:

1166 2335 1205 2370 et
1233 2330 1267 2368 si
1297 2338 1406 2376 quae
1435 2328 1530 2364 sunt
1560 2325 1608 2363 de
1637 2332 1787 2374 qenere
1816 2320 1970 2359 eodem.
2009 2341 2053 2347 -

1166 2388 1407 2440 Delassare]
1444 2387 1599 2427 Rarius
1630 2385 1717 2424 hoc
1746 2381 1941 2422 verbum
1972 2379 2057 2419 du-

1168 2453 1340 2507 pliciter
1360 2447 1678 2501 interpolatum
1700 2447 1789 2487 est:
1828 2445 1876 2483 Ut
1896 2444 2061 2483 lassare

1170 2519 1328 2567 queant
1356 2516 1417 2554 10.
1452 2510 1617 2552 Sarisb.
1642 2509 1697 2549 de
1727 2508 1864 2558 Nugis
1886 2507 1990 2546 Cur.
2015 2506 2055 2552 ’1,

1173 2579 1239 2620 43.
1264 2578 1453 2619 fortasse
1486 2573 1772 2621 memoriter,
1805 2572 1987 2611 Lassare
2014 2572 2061 2608 ut

1170 2642 1342 2683 valeant
1370 2639 1451 2680 Ed.
1475 2639 1660 2678 Ascens.
1696 2635 1937 2676 Praeterea
1958 2634 2062 2684 post

1173 2707 1277 2746 adeo
1316 2707 1413 2744 sunt
1439 2702 1575 2742 multa
1603 2699 1861 2740 necessario
1891 2697 2061 2748 requiri

1173 2767 1393 2821 putabant
1435 2769 1503 2814 αὖ,
1555 2763 1637 2805 sed
1688 2762 1812 2814 quod
1855 2760 2062 2802 Horatius

1174 2832 1352 2883 scripsit
1418 2828 1729 2881 quotidianum
1800 2833 2062 2866 sermonem

1175 2895 1353 2946 egregie
1374 2892 1524 2933 refert.
1553 2915 1598 2919 -—
1620 2888 1811 2940 Fabium]
1837 2887 1959 2927 «Fuit
1979 2887 2062 2926 Fa—

1173 2959 1275 2998 bius
1309 2956 1538 3008 (Maximus
1578 2952 1752 3003 Poura.)
1795 2960 1935 3002 eques
1974 2950 2063 2989 Ro-

1173 3031 1334 3063 manus
1364 3016 1685 3064 Narbonensis,
1718 3015 1794 3067 qui
1823 3013 1991 3064 aliquot
2010 3011 2064 3052 li-

1172 3085 1281 3125 bros
1311 3082 1588 3136 pertinentes
1619 3079 1677 3119 ad
1707 3079 1902 3118 Stoicam
1922 3074 2063 3127 philo-

1173 3147 1378 3199 sophiam
1428 3142 1706 3194 conscripsit.
1782 3141 1863 3181 Hic
1910 3140 2062 3179 autem

1172 3210 1336 3251 Fabius
1366 3207 1662 3259 Pompeianas
1693 3204 1845 3257 partes
1879 3202 2060 3243 secutus

1173 3274 1242 3313 est
1283 3272 1328 3312 et
1367 3281 1472 3311 cum
1510 3268 1690 3310 Horatio
1730 3267 1786 3307 de
1819 3263 2062 3316 discipliniS

1173 3346 1311 3388 saepe
1348 3332 1619 3375 contendit.»
1666 3332 1770 3371 Aen.
1813 3328 1963 3380 Spohn
2001 3327 2065 3366 in-

1172 3397 1339 3441 tellexit
1384 3397 1439 3438 de
1486 3407 1564 3445 eo,
1613 3404 1750 3445 quem
1787 3392 1843 3434 M.
1878 3389 2063 3432 Fabium
