2231 3787
895 245 991 284 ΜΒ,
1028 246 1056 283 1.
1119 245 1229 284 SAT.
1265 246 1312 282 v,
1957 242 2013 294 91

267 376 618 446 Linquimus,
666 375 835 428 insani
876 375 1113 429 ridentes
1153 376 1392 446 praemia
1434 374 1672 430 scribac.
1957 378 2023 428 3³5

267 479 611 533 Praetextam
652 486 704 531 et
741 476 905 530 latum
943 476 1153 531 clavum
1194 495 1511 550 prunaeque
1551 477 1807 532 batillum.

272 582 328 632 ln
370 581 764 633 Mamurrarum
803 578 928 632 lassi
971 579 1169 633 deinde
1208 579 1344 634 urbe
1383 598 1690 642 manemUS,

269 683 490 735 Murena
529 682 824 754 praebente
865 681 1109 744 domum,
1155 682 1413 754 Capitone
1457 682 1705 737 culinam.

310 856 376 895 36.
404 857 618 906 pruniquc
648 856 844 895 bacillum
874 856 1150 898 Baruffaldus
1180 858 1308 910 prob.
1343 858 1512 898 Bothio.
1550 881 1592 888 —-
1626 858 1814 898 vatillum
1848 858 1907 910 bp
1929 862 1971 898 et

253 930 318 970 pr.
353 920 400 966 S,
435 919 541 958 item
573 920 746 959 Comm.
776 920 846 959 Cr.
874 922 916 959 et
946 921 1045 960 Fea.

199 1054 385 1085 necesse
413 1044 609 1085 suisset.»
661 1044 820 1084 Fundis
842 1045 972 1095 igitur
992 1056 1079 1084 non

200 1108 542 1159 pernoctarunt,
586 1106 628 1145 id
659 1106 778 1156 quod
810 1107 942 1146 etiam
974 1118 1081 1158 pro-

197 1174 298 1222 pter
338 1171 539 1220 exiguam
579 1168 729 1220 oppidi
767 1169 1023 1208 distantiam
1056 1182 1077 1209 a

199 1233 432 1274 Tarracina
462 1233 770 1272 necessarium
802 1232 1002 1272 nonfuit.
1031 1256 1075 1261 —-

194 1294 412 1347 praemia]
464 1295 648 1344 insignia
700 1294 907 1343 honoris,
966 1306 1079 1346 quae

199 1359 325 1411 quasi
354 1358 554 1410 praemia
584 1358 874 1409 pristinorum
895 1369 1079 1398 suorum

198 1422 463 1462 merItorum
507 1419 773 1460 ostentabat.
819 1441 863 1448 —
906 1420 1078 1473 scribae]

200 1485 329 1525 Corn.
363 1485 471 1534 Nep.
506 1483 632 1522 Eum.
669 1483 714 1532 11,
748 1485 794 1523 5:
846 1483 967 1534 Apud
1008 1495 1082 1523 izos

196 1559 243 1588 re
270 1558 396 1596 vera,
429 1547 535 1585 sicut
562 1549 677 1595 sunt,
708 1547 960 1586 mercenarii
980 1548 1082 1586 scri-

199 1611 272 1650 bae
301 1609 611 1649 existimantur.
648 1631 694 1637 —
729 1609 861 1649 latum
899 1609 1078 1661 clavum]

198 1672 472 1714 senatorium
513 1670 738 1721 habitum,
787 1684 875 1723 quo
918 1672 1080 1712 Fundis

198 1737 260 1777 uti
288 1736 481 1788 poterat,
523 1733 597 1773 ubi
629 1746 762 1774 nemo
800 1746 903 1775 eum
933 1736 976 1774 in
1007 1747 1082 1774 or-

198 1800 347 1840 dinem
380 1797 590 1848 cogebat,
631 1809 719 1837 non
749 1798 856 1837 item
887 1799 1078 1838 Romae:

199 1863 340 1913 magis
384 1859 621 1900 ridiculum
665 1861 710 1900 id
754 1862 886 1901 etiam
929 1871 1081 1901 coram

197 1927 476 1970 Maecenate,
511 1924 585 1974 qui
616 1926 803 1975 angusto
826 1923 950 1964 clavo
973 1935 1083 1963 con—

198 1990 346 2028 tentus
392 1989 500 2027 erat.
547 2009 594 2015 —
634 1987 838 2039 batillum]
873 1987 1084 2027 «Videtur

198 2052 269 2091 hic
307 2050 472 2090 batillus
510 2061 545 2090 s.
580 2049 768 2090 baculum
808 2049 979 2091 foculus
1010 2061 1083 2091 sa·-

199 2113 426 2154 crificandi
456 2124 591 2153 causa
620 2112 844 2165 praelatus
866 2114 969 2153 huic
990 2124 1083 2152 ma-

200 2177 427 2228 gistratui,
481 2187 584 2216 cum
634 2176 735 2215 nihil
786 2178 850 2216 rei
902 2177 1082 2217 maioris

200 2251 332 2291 agere
362 2238 558 2279 solerent
586 2240 680 2279 sine
713 2239 947 2279 sacrificio.
991 2239 1085 2279 Ad-

199 2304 358 2343 ventus
399 2303 549 2340 autem
588 2303 857 2341 Maecenatis
889 2304 932 2342 et
975 2301 1082 2341 reli-

201 2376 393 2416 quorum
433 2363 665 2415 oppidanis
711 2363 790 2404 illis
830 2375 902 2404 res
941 2365 1084 2403 videri

201 2428 381 2468 maximi
412 2428 627 2467 momenti
664 2428 849 2478 potuit.»
901 2429 1081 2467 GESNER.

202 2491 339 2530 Vetus
371 2490 559 2530 Lexicon
594 2491 683 2530 Lat.
717 2500 742 2528 a
772 2491 884 2530 Maio
916 2489 1085 2530 editum

202 2564 244 2604 p.
278 2553 354 2592 80:
414 2553 626 2601 Batum,
666 2563 740 2591 vas
767 2553 869 2592 vim.
928 2553 1088 2592 Batit-

202 2617 304 2655 lum
318 2648 332 2665 V,
386 2627 575 2666 parvum
633 2616 789 2655 batum.
867 2616 1082 2655 Horatius.

203 2678 373 2730 (Batum
416 2690 504 2718 non
548 2679 769 2730 reperitur
811 2679 853 2718 in
898 2679 1083 2728 Lexicis,

203 2752 258 2781 ne
290 2742 333 2781 in
364 2740 600 2781 Furnaletti
638 2741 821 2792 quidem
854 2740 1089 2791 Appendice

203 2803 346 2842 Leaeici
375 2804 499 2843 totius
527 2804 701 2843 Lativnit.
726 2803 778 2842 ab
796 2803 895 2855 Aegy.
919 2803 1088 2843 Forcel-

204 2866 287 2906 lino
317 2866 562 2906 elucubrati.
622 2867 929 2907 Patavttlsstl.
975 2867 1089 2907 Con-

207 2930 271 2967 tra
314 2939 354 2967 V.
397 2929 583 2978 Batus,
631 2930 857 2969 aridorum
902 2940 1088 2970 mensu-

206 2982 324 3039 ram,
359 2989 430 3030 hic
451 2990 579 3031 affert
599 2992 641 3031 in
663 2994 774 3043 App.
800 2991 951 3031 altera.
996 2992 1083 3032 Cfr.

207 3051 398 3092 Casaub.
432 3053 489 3092 ad
519 3054 693 3105 Scriptt.
728 3055 836 3094 Hist.
860 3056 968 3105 Aug.
1004 3054 1082 3094 Ed.

208 3114 343 3165 Lugd.
383 3115 476 3154 Bat.
519 3117 568 3154 II.
612 3127 655 3167 p.
700 3116 801 3156 391:
854 3133 872 3153 «
888 3117 1089 3156 Batulum

210 3179 275 3217 est
311 3178 464 3226 hama,
513 3189 627 3229 quae
670 3179 755 3229 igni
797 3179 1084 3228 admovetur3

207 3238 334 3289 volgo
385 3239 573 3279 dicimus
621 3252 701 3280 une
748 3242 848 3291 pale
893 3242 921 3281 ὰ
973 3243 1086 3293 feu.»

208 3300 343 3341 Aliter
387 3303 602 3341 Diintzer:
655 3304 844 3343 «Pr-unae
887 3303 1087 3343 batillum

212 3365 259 3404 ist
289 3365 503 3415 eiyentlich
533 3366 598 3405 die
628 3366 966 3416 Kohlenschaufel
1004 3368 1089 3406 und

211 3438 253 3466 so
282 3427 434 3467 sehet-nt
462 3429 535 3468 der
574 3429 741 3467 Dichter
771 3429 847 3467 den
877 3429 1014 3480 scipio
1035 3440 1090 3468 zu

213 3500 393 3539 viennen,
425 3491 501 3531 den
522 3492 594 3531 der
616 3491 882 3541 nacha‘ffende
901 3490 1090 3542 Aufidius

1111 922 1172 972 (Ut
1202 932 1283 961 nos
1314 921 1370 961 cd
1402 923 1445 960 et
1476 932 1591 961 corr.
1626 923 1683 969 S.)—

1145 1046 1188 1085 in
1218 1047 1291 1086 cler
1311 1047 1434 1086 Hand
1466 1050 1622 1098 trtiyt.»
1676 1046 1926 1087 Everardus
1947 1058 2029 1086 au-

1147 1110 1236 1149 tem
1268 1110 1365 1148 Otto
1398 1109 1452 1149 de
1485 1109 1701 1149 aedilibus
1741 1122 1783 1161 p.
1818 1109 1911 1150 489.
1945 1109 2028 1149 ba-

1146 1170 1294 1210 cillum
1324 1171 1497 1211 Aufidio
1529 1184 1552 1211 a
1584 1171 1812 1212 lictoribus
1852 1172 2028 1223 praela-

1147 1238 1240 1273 tum
1285 1234 1513 1284 opinatur,
1577 1234 1697 1285 quod
1737 1246 1906 1286 prunae
1945 1234 2029 1274 ba-

1144 1295 1233 1336 tillo
1264 1295 1406 1336 simile
1442 1296 1586 1336 fuerit.

1200 1421 1341 1462 37-44.
1372 1423 1696 1462 Mamurrarum
1714 1444 1734 1452 -
1746 1444 1765 1450 -
1779 1421 1900 1473 urbe]
1949 1422 2030 1461 Fe-

1145 1486 1257 1526 stiva
1287 1485 1427 1524 ironia
1458 1484 1656 1524 Formias
1681 1484 1825 1534 (hodie
1854 1485 1969 1523 Mola
1989 1486 2030 1523 di

1146 1547 1298 1600 Gaetu)
1327 1548 1416 1587 XII.
1451 1549 1507 1588 M.
1542 1550 1586 1588 P.
1612 1559 1633 1587 a
1667 1549 1829 1588 Fundis
1861 1547 2031 1588 distan-

1146 1613 1212 1650 tes
1258 1610 1461 1660 designat
1505 1622 1529 1649 a
1575 1612 1827 1659 Mamurra,
1882 1611 2030 1661 equite

1146 1675 1373 1722 Romano,
1435 1672 1662 1724 praefecto
1713 1673 1892 1712 fabrum
1938 1671 2032 1712 Iulii

1148 1736 1353 1776 Caesaris
1393 1736 1437 1776 in
1479 1734 1635 1785 Gallia,
1685 1737 1761 1786 qui
1805 1737 2032 1786 ingentem

1146 1800 1237 1839 vim
1275 1800 1494 1850 pecuniae
1527 1802 1817 1849 congesserat
1856 1801 1900 1839 et
1943 1800 2031 1838 iam

1148 1860 1302 1902 Catulli
1339 1861 1547 1902 versibus
1591 1861 1926 1902 contumeliosis
1967 1862 2029 1913 (C.

1147 1924 1230 1974 ⁶29.)
1279 1925 1531 1976 proscissus
1588 1924 1752 1974 fuerat,
1807 1926 1880 1976 qui
1928 1935 2032 1964 eum

1147 1988 1383 2039 praeterea
1415 1986 1489 2036 43,
1530 1986 1583 2027 4:
1631 1988 1885 2027 decoctorem
1926 1988 2034 2026 For·

1146 2050 1338 2089 mianum
1373 2050 1517 2089 vocat.
1579 2048 1652 2089 Illo
1694 2061 1782 2101 quo
1828 2050 2034 2090 Horatius

1149 2112 1326 2164 scripsit
1356 2114 1560 2165 tempore
1581 2112 1759 2151 videtur
1779 2115 1944 2153 Romae
1966 2123 2035 2152 se-

1147 2177 1276 2214 nator
1313 2175 1519 2226 quidem,
1568 2175 1649 2215 sed
1696 2176 1738 2214 in
1782 2174 1953 2215 luxuria
1991 2177 2035 2215 et

1149 2237 1349 2277 omnium
1400 2237 1622 2278 bonorum
1667 2240 1930 2290 contemptu
1966 2238 2035 2278 vi-

1148 2300 1280 2339 xisse.
1343 2299 1431 2340 Cfr.
1455 2299 1561 2339 Plin.
1596 2301 1646 2340 H.
1670 2302 1719 2340 N.
1753 2301 1826 2349 36,
1862 2301 1899 2340 6.
1934 2303 2037 2340 Pro-

1149 2363 1249 2412 pter
1278 2372 1399 2401 num.
1435 2361 1573 2412 plur.,
1615 2364 1663 2401 ut
1693 2363 1871 2412 opinor,
1919 2364 2034 2402 Acro

1150 2423 1262 2463 duos
1311 2422 1470 2463 fratres
1519 2425 1766 2464 Mamurras
1810 2426 1916 2464 tunc
1965 2425 2033 2464 vi—

1149 2486 1266 2526 xisse
1287 2485 1440 2534 tradit,
1465 2487 1712 2537 porphyrio
1741 2486 2033 2538 probabilius,

1151 2561 1205 2589 ex
1236 2550 1420 2589 Formiis
1460 2550 1787 2590 Mamurrarum
1826 2550 2036 2591 familiam

1151 2611 1366 2662 originem
1399 2611 1593 2651 duxisse.
1632 2636 1675 2640 —
1722 2613 1916 2665 Murena]
1963 2614 2037 2654 Est

1152 2677 1198 2715 L.
1246 2675 1434 2714 Licinius
1479 2675 1709 2715 Terentius
1753 2676 1892 2715 Varro
1940 2678 2038 2717 Mu-

1152 2750 1284 2788 rena,
1319 2738 1456 2778 frater
1485 2740 1716 2779 Terentiae
1748 2741 2034 2790 Maecenatis,

1153 2802 1209 2841 ad
1241 2812 1378 2853 quem
1409 2803 1478 2842 est
1506 2801 1585 2841 Od.
1618 2803 1667 2852 2,
1703 2803 1787 2852 40„
1820 2802 1896 2843 ubi
1917 2803 2034 2843 vide.

1152 2864 1339 2904 Videtur
1368 2865 1553 2905 Formiis
1585 2864 1769 2905 domum
1808 2865 2035 2914 hahuisse,

1154 2939 1290 2979 quam
1322 2929 1417 2968 eius
1447 2929 1570 2968 iussu
1601 2927 1887 2979 dispensator
1916 2930 2038 2969 Mae—

1153 2990 1299 3030 cenati
1340 2990 1396 3029 ad
1434 2990 1792 3041 pernoctandum
1833 3002 2038 3031 commo-

1154 3053 1287 3092 davit.
1349 3053 1411 3091 Eo
1433 3054 1583 3092 autem
1615 3052 1801 3092 absente
1835 3054 2038 3093 Fonteius

1155 3116 1330 3167 Capito,
1373 3116 1447 3166 qui
1478 3115 1647 3155 ibidem
1677 3116 1862 3157 domum
1893 3118 2039 3168 possi-

1154 3178 1310 3226 debat,
1355 3189 1544 3218 coenam
1576 3180 1817 3219 Maecenati
1850 3180 2036 3230 eiusque

1154 3240 1392 3281 comitibus
1412 3240 1633 3292 praebuit.
1688 3242 1849 3282 Contra
1874 3241 1941 3281 alii
1965 3253 2038 3281 ar—

1154 3303 1392 3351 bitrantur,
1440 3305 1672 3344 Murenam
1710 3314 1888 3355 quoque
1934 3304 2037 3341 tunc

1155 3366 1338 3405 Formiis
1384 3365 1582 3416 degisse;
1629 3365 1674 3404 id
1721 3364 1837 3416 quod
1880 3374 2036 3415 parum

1154 3428 1261 3467 mihi
1305 3427 1481 3467 videtur
1525 3426 1770 3480 probabile.
1819 3450 1860 3453 —
1904 3421 2075 3475 prae-'

1157 3488 1271 3531 bente
1311 3490 1491 3542 domum]
1533 3489 1655 3531 Conf.
1691 3488 1768 3529 Od.
1807 3488 1879 3538 19,
1914 3487 1951 3527 7.
1992 3512 2034 3517 m
