2231 3787
208 291 311 345 ⁶234

278 424 553 477 Excussus
592 423 842 495 propriis.

921 423 1063 477 Olim
1100 440 1223 475 nam
1263 437 1530 493 quaerere
1570 420 1842 482 amabam,

843 293 947 333 HOR
955 291 1061 332 ATII
1093 291 1396 334 SATIRARUM

1963 421 2032 475 20

280 527 398 591 Quo
437 525 586 579 vafer
624 525 711 579 ille
750 525 924 597 pedes
963 524 1184 578 lavisset
1223 522 1490 596 Sisyphus
1530 539 1682 583 aere,

278 627 421 692 Quid
459 627 730 699 sculptum
770 627 1000 688 infabre,
1043 625 1175 696 quid
1214 624 1393 678 fusum
1433 624 1621 678 durius
1661 634 1830 679 esset:

282 729 518 784 Callidus
557 729 682 784 huic
721 729 874 801 signo
914 727 1185 799 ponebam
1223 726 1369 780 milia
1407 734 1648 791 centum;

320 889 388 928 22.
425 889 631 938 scalptum
663 888 754 928 duo
786 887 994 928 Pottierii.

206 1022 358 1061 etaient
386 1022 434 1060 de
461 1021 586 1070 petits
615 1020 718 1059 Arcs
749 1019 1090 1071 quadrangulat-

208 1096 290 1133 res,
331 1086 478 1134 perce's
521 1084 568 1122 de
608 1087 758 1132 quatre
796 1086 960 1132 portes,
1006 1093 1087 1122 une

206 1160 279 1188 sur
308 1148 466 1197 chaque
493 1147 611 1198 face,
654 1151 691 1186 et
720 1147 889 1186 de'core‘s
919 1147 967 1186 de
998 1150 1089 1185 sta-

205 1216 292 1250 tues
321 1211 426 1249 dans
455 1209 510 1249 les
552 1209 702 1250 niches.
761 1210 816 1248 Ils
853 1209 1089 1249 s'e‘levaient

204 1284 278 1312 sur
307 1273 341 1312 le
370 1273 548 1321 Forum,
597 1272 624 1311 ὰ
652 1273 813 1324 glauche
843 1274 891 1313 de
920 1273 963 1312 la
999 1273 1090 1312 voie

207 1337 377 1385 Sacre'e,
422 1335 457 1375 le
480 1336 666 1385 premier
698 1335 842 1386 (Ianus
870 1335 1086 1386 superior)

206 1401 261 1439 sla
290 1403 384 1439 cote‘
409 1400 465 1438 du
496 1398 695 1438 Tribwzal
723 1399 982 1448 clupre‘teur,
1017 1399 1089 1437 cle-

203 1467 307 1502 rani
336 1463 380 1502 la
409 1462 608 1511 basilique
635 1461 914 1513 A2·9enta7·ia‚·
960 1461 995 1501 le
1023 1471 1089 1500 se-

205 1526 310 1566 cond
341 1526 485 1576 (Ianus
516 1524 708 1575 inferior)
740 1525 802 1563 vis
832 1524 859 1563 ἀ
886 1525 949 1563 vis
979 1524 1090 1563 dela

205 1588 407 1636 basilique
461 1587 651 1627 Aemilia.
740 1587 792 1627 Ce
839 1587 1004 1627 dernier
1049 1597 1090 1626 se

205 1656 350 1690 trouve
384 1661 435 1689 en
474 1651 566 1700 effet
595 1650 702 1688 dans
731 1649 776 1688 la
804 1650 945 1699 partie
976 1649 1089 1689 basse

206 1715 261 1753 cla
289 1714 466 1761 Forum,
499 1713 639 1751 tami-is
660 1723 738 1760 que
768 1713 803 1752 le
824 1713 1012 1762 premier
1032 1716 1089 1752 est

206 1778 310 1816 dans
352 1776 395 1814 la
430 1776 572 1825 partie
614 1775 753 1815 haute.
832 1776 935 1814 Tous
978 1776 1089 1815 deux

205 1843 295 1878 sont
315 1839 350 1878 le
370 1839 649 1878 rendez-vous
670 1839 738 1877 des
751 1841 947 1888 preleurs
968 1840 1089 1877 (ἴαν-

205 1906 315 1953 gent.
377 1901 540 1940 Comme
579 1912 643 1940 ces
670 1903 805 1940 ιῙαηιιε
834 1903 1086 1950 encadrent,

200 1975 314 2014 pour
336 1964 445 2002 ainsi
467 1964 577 2013 (lire,
611 1963 666 2002 les
687 1963 718 2002 T
718 1975 892 2003 avernes
912 1975 1085 2012 neuves,

207 2039 261 2067 on
302 2037 351 2066 en
383 2037 411 2064 α
446 2026 539 2076 pris
583 2027 775 2065 occasion
813 2027 862 2066 cle
899 2027 1090 2078 designer

208 2088 460 2139 quelquefois
487 2099 551 2127 ces
580 2087 788 2128 clerniessres
823 2100 911 2138 par
939 2089 974 2128 le
994 2100 1090 2128 nom

206 2152 381 2204 ρόηέναί
420 2152 468 2190 cle
496 2151 671 2190 milieu
705 2153 753 2190 cle
789 2152 972 2201 Janus,
1015 2164 1092 2202 ap-

200 2216 403 2266 pellation
434 2215 504 2264 qui
534 2226 562 2253 α
590 2214 762 2264 quelque
801 2215 917 2254 chose
946 2216 993 2254 cle
1031 2215 1090 2253 si-

206 2279 336 2318 nistre
371 2289 484 2327 pour
518 2278 574 2316 les
607 2278 848 2317 Romaim.»
911 2278 998 2317 Csr.
1033 2278 1090 2317 ad

207 2342 316 2393 Epp.
353 2342 395 2389 4,
433 2341 477 2389 4,
511 2339 578 2380 54.
611 2341 688 2389 ⁶20,
725 2342 760 2380 4.
799 2363 843 2369 -
868 2341 1007 2380 aliena
1030 2341 1091 2392 (ut

207 2415 326 2444 nunc
356 2403 442 2452 tua)
476 2403 641 2454 negotia
664 2403 780 2455 curo]
810 2403 1090 2461 Περιεργίας

207 2466 289 2506 καὶ
319 2462 791 2522 πολυπραγμοσύνης
812 2477 836 2505 a
862 2466 1088 2518 plerisque

209 2527 578 2568 insimulabantur
606 2528 863 2569 huiusmodi
894 2529 1023 2568 Stoici
1047 2530 1090 2568 et

210 2592 388 2642 Cynici,
381 2603 388 2610 ·
423 2591 544 2642 quod
564 2592 734 2631 crimen
763 2591 820 2630 ita
842 2590 966 2631 diluit
986 2592 1090 2642 Epi—

210 2655 352 2693 ctetus
392 2653 509 2704 apud
548 2654 785 2693 Arrianum
815 2654 860 2702 3,
894 2654 970 2701 22,
1005 2653 1085 2692 97:

211 2710 331 2756 Ου’τε
347 2727 402 2755 πε
406 2716 472 2772 ,οἱς
455 2727 590 2771 &9703-
607 2709 717 2755 ου’τε
733 2711 1089 2772 πολυπράγιιων

211 2777 342 2819 ἐστὶν
363 2774 390 2816 ὁ
413 2772 538 2818 οὕτω
559 2775 690 2817 diane
678 2779 771 2830 ’,ιίι
759 2790 873 2828 Ὰνος
910 2773 966 2818 οὐ
981 2774 1089 2849 ν’γὰρ

210 2837 268 2881 τὰ
296 2836 525 2897 ἀὶὶότρια
541 2839 913 2897 ποὶυπραγιιονε
918 2846 948 2890 ῖ,
972 2835 1088 2880 ὅταν

209 2900 269 2942 τὰ
294 2898 574 2960 ἀνθρώπινα
594 2901 850 2962 ἑπισκοπῃ,
882 2899 1004 2943 ἀλλὰ
1029 2900 1089 2944 τὰ

212 2963 321 3005 ἴδια.
376 2965 879 3023 (Πολυπραγμοσύνην
908 2967 990 3007 καὶ
1011 2962 1090 3006 ἆλ-

211 3025 723 3085 ὶοτριοπραγμοσύνην
777 3030 915 3081 iungit
967 3029 1088 3071 Plato

210 3090 333 3131 Polit.
356 3092 426 3130 IV.
450 3102 494 3142 p.
519 3091 613 3131 444.
637 3093 701 3143 Β.)

265 3153 411 3192 20-26.
460 3154 565 3192 Olim
608 3156 720 3206 nam]
766 3157 829 3195 De
873 3155 1089 3207 particula

212 3227 310 3257 nam
340 3227 364 3255 a
395 3216 537 3267 prima
559 3218 870 3258 enuntiationis
892 3218 1000 3258 sede
1022 3230 1090 3258 re-

212 3280 330 3318 mota
376 3277 488 3318 conf.
521 3289 562 3316 v.
597 3277 664 3318 44.
712 3278 790 3325 Od.
829 3281 876 3327 4,
926 3281 996 3328 48,
1046 3280 1084 3319 3.

212 3341 350 3392 Epod.
391 3340 463 3389 44,
502 3340 540 3380 6.
591 3341 660 3389 47,
708 3340 773 3381 45.
812 3362 855 3369 -
891 3354 1090 3391 quaerere

214 3403 410 3443 amabam
448 3404 552 3453 cet]
595 3404 842 3454 «inquirere
888 3404 1089 3445 solebam

215 3467 258 3506 in
287 3467 593 3517 antiquitatem
624 3468 667 3506 et
692 3466 926 3507 artificium
954 3478 1089 3507 vaso-

213 3539 312 3568 rum
371 3529 685 3580 signorumque
751 3541 987 3570 aereorum
1048 3533 1089 3570 ot

1152 1029 1512 1060 marmoreorum
1528 1031 1671 1072 eaque
1688 1021 1971 1061 aestimare.»
1990 1044 2034 1049 -

1151 1082 1273 1133 vafer
1293 1105 1316 1111 -
1336 1104 1360 1110 —
1381 1083 1596 1133 Sisyphus]
1618 1082 1741 1123 Aeoli
1762 1082 1876 1124 filius
1892 1116 1901 1133 ,
1935 1095 2039 1123 con-

1153 1145 1269 1185 ditor
1306 1145 1518 1185 Corinthi.
1552 1144 1598 1185 Il.
1643 1149 1683 1196 ζ,
1738 1145 1843 1186 453;
1891 1146 2039 1187 Σίσυ-

1153 1220 1273 1258 φος,
1313 1231 1337 1237 -
1372 1202 1400 1246 ὃ
1445 1206 1693 1265 κέρδιστος
1747 1209 1893 1263 γένετ’
1953 1205 2038 1249 ἀν-

1152 1266 1289 1328 δρῶν.
1343 1271 1405 1311 Cf.
1451 1271 1528 1311 Od.
1576 1272 1621 1321 2,
1669 1271 1744 1321 44,
1791 1273 1859 1312 20.
1920 1272 2040 1313 Wel-

1154 1336 1259 1375 cker
1305 1335 1482 1386 Triloqie
1526 1345 1568 1385 p.
1609 1335 1704 1374 555.
1748 1334 2039 1376 obversatum

1153 1398 1287 1438 fuisse
1317 1399 1440 1449 putat
1471 1397 1649 1436 Horatio
1678 1396 1953 1438 versiculum
1985 1409 2039 1437 ex

1153 1459 1362 1510 Aeschyli
1398 1459 1600 1498 dramate
1647 1460 1863 1510 satyrico,
1913 1460 2039 1511 Sisy-

1152 1523 1242 1574 pho
1287 1522 1487 1572 fugitivo,
1536 1523 1602 1561 Fr.
1641 1522 1736 1562 240.
1771 1521 1919 1572 Dind.‚
1960 1521 2039 1562 ubi

1152 1584 1221 1625 ille
1253 1586 1522 1634 interrogat:
1556 1581 1919 1637 Λεοντοβάμων
1940 1582 2034 1626 ποῦ

1153 1644 1323 1700 σκάφη
1368 1644 1706 1700 χαλκήλατος;
1754 1648 2038 1700 Disquirebat

1152 1713 1283 1762 igitur
1328 1712 1649 1763 Damasippus,
1694 1714 1847 1752 utrum
1889 1710 2040 1752 ποδα-

1152 1771 1324 1832 νιπτὴρ
1355 1774 1511 1826 aliquis
1546 1774 1715 1814 venalis
1747 1787 1802 1815 ex
1839 1786 1892 1815 eo
1933 1787 2037 1815 aere

1153 1838 1393 1878 fabricatus
1426 1839 1568 1885 esset,
1613 1839 1662 1877 ut
1692 1837 1747 1877 ad
1783 1838 2039 1888 antiquissi—

1152 1912 1226 1940 ma
1258 1903 1476 1951 tempora,
1515 1900 1620 1951 quin
1651 1901 1786 1940 etiam
1815 1899 1871 1940 ad
1901 1901 2038 1952 ipsius

1153 1964 1331 2015 Sisyphi
1362 1974 1512 2011 usum,
1560 1963 1718 2003 referri
1752 1964 1908 2015 posset
1938 1964 2038 2015 (qua

1152 2038 1201 2066 re
1222 2025 1413 2078 pollubri
1447 2026 1643 2077 pretium
1681 2027 1724 2065 in
1764 2028 2039 2066 immensum

1155 2088 1414 2140 augebatur)
1457 2100 1615 2129 necne.
1668 2088 1879 2128 Solebant
1918 2090 2061 2130 enim-

1154 2152 1308 2192 talium
1337 2163 1498 2199 rerum,
1522 2154 1747 2191 amatores
1783 2151 1959 2202 gloriari
1989 2163 2037 2192 se

1154 2214 1329 2254 tabulas
1349 2216 1516 2266 pictas,
1541 2215 1686 2265 signa,
1710 2225 1841 2264 vasa,
1874 2215 2037 2266 partim

1154 2288 1435 2318 summorum
1476 2288 1758 2328 quorumque
1790 2277 2034 2326 artificum,

1154 2341 1316 2392 partim
1337 2340 1657 2390 antiquissima,
1680 2342 1729 2380 ut
1748 2341 1935 2380 catillum
1953 2341 2038 2379 Eu-

1156 2404 1282 2442 andri
1324 2403 1518 2442 manibus
1559 2403 1706 2442 tritwn
1751 2404 1853 2454 (Sat.
1892 2404 1937 2452 4,
1984 2402 2033 2451 3,

1156 2466 1238 2516 90.)
1284 2465 1405 2505 domi
1448 2465 1630 2506 habere.
1692 2467 1878 2517 Egregie
1922 2466 2037 2505 hanc

1154 2529 1370 2568 insaniam
1416 2528 1621 2568 derident
1677 2528 1884 2569 Martialis
1912 2529 1959 2579 8,
1993 2528 2032 2568 6.

1153 2591 1411 2642 (Archetypis
1449 2591 1575 2631 vetuli
1616 2591 1718 2630 nihil
1759 2595 1817 2631 est
1859 2591 2039 2631 odiosius

1153 2655 1275 2694 Eucti
1317 2654 1419 2703 cet.)
1453 2656 1497 2693 et
1539 2655 1758 2694 Lucianus
1801 2655 1845 2694 in
1888 2653 2036 2694 Philo—

1154 2716 1324 2769 pseude
1363 2717 1414 2756 48
1449 2727 1535 2767 sq.‚
1575 2716 1652 2756 ubi
1682 2716 1867 2758 stolidus
1897 2727 2036 2757 senex

1153 2781 1368 2820 Eucrates
1393 2779 1527 2818 iactat
1551 2780 1767 2830 Myronis,
1797 2777 2032 2830 Polycleti,

1154 2841 1341 2882 aliorum
1371 2844 1540 2882 statuas
1570 2842 1614 2881 in
1644 2841 1824 2881 aedium
1850 2852 2036 2881 suarum

1152 2903 1373 2944 vestibulo
1430 2903 1683 2944 collocatas.
1760 2903 2035 2944 Wielandius

1154 2967 1358 3020 quidem,
1407 2967 1478 3006 cui
1522 2968 1761 3007 assentitur
1789 2966 2034 3006 Schneide-

1152 3032 1237 3072 win
1266 3031 1309 3069 in
1340 3029 1598 3069 doctissima
1628 3029 1684 3069 de
1714 3029 1801 3069 hoc
1828 3028 1927 3069 loco
1948 3029 2036 3070 d1s-

1153 3093 1381 3145 putatione
1424 3091 1550 3142 (Gott.
1586 3092 1741 3143 4845.),
1778 3093 1866 3132 hoc
1900 3103 2034 3133 versu

1153 3155 1462 3207 quaestionem
1493 3154 1548 3194 de
1573 3156 1796 3195 vetustate
1817 3156 1932 3196 aeris
1953 3156 2035 3196 Co-

1152 3218 1301 3257 rinthii
1331 3217 1566 3267 significari
1606 3220 1745 3269 putat.
1806 3217 1894 3257 Sed
1930 3217 2031 3257 vide

1153 3292 1209 3321 ne
1248 3280 1467 3320 eiusmodi
1505 3280 1774 3331 disquisitio,
1807 3291 1933 3320 mere
1962 3280 2033 3319 hi-

1155 3343 1338 3392 storica,
1387 3342 1570 3383 alienior
1607 3343 1662 3382 sit
1699 3353 1723 3381 a
1760 3342 2031 3394 Damasippo

1153 3408 1257 3445 tunc
1278 3406 1415 3456 magis
1436 3404 1547 3445 lucri
1567 3416 1702 3456 quam
1720 3405 1914 3445 veritatis
1931 3403 2035 3444 abs-

1154 3470 1302 3508 trusae
1348 3467 1623 3519 indagandae
1667 3467 1843 3519 cupido.
1904 3470 2034 3508 Prae-

1156 3533 1274 3571 terea
1317 3532 1457 3579 aeris,
1505 3530 1626 3581 quod
1666 3531 1841 3581 proprie
1874 3530 2031 3571 Corin-
