2231 3787
803 261 897 300 [ΑΒ.
934 261 960 298 Ι.

1027 260 1186 299 EPlS'l'.
1222 260 1308 298 Vll.

217 393 331 443 Non
373 400 453 444 est
492 400 646 461 aptus
688 391 841 461 equis
882 389 1058 443 Ithace
1100 389 1274 450 loeuS,
1316 398 1373 441 ut
1411 406 1588 459 neque
1630 388 1800 458 planis

216 494 504 545 porrectus
545 493 729 563 spatiis
769 509 870 547 neo
908 491 1104 544 multae
1142 491 1402 561 prodigus
1449 490 1673 552 herbae,

216 593 421 655 Atride,
464 594 633 664 magis
675 602 796 664 apta
837 592 927 646 tibi
970 602 1057 646 tua
1096 593 1237 646 dona
1277 592 1593 664 relinquam.

215 698 445 749 Parvum
485 713 651 766 parva
690 695 909 759 decent,
950 695 1074 748 mihi
1117 696 1217 748 iam
1260 712 1364 747 non
1404 695 1552 765 regia
1591 697 1781 748 Roma.

215 796 322 850 Sed
362 814 592 851 vacuum
633 796 793 850 Tibur
836 798 1008 869 placet
1047 805 1137 851 aut
1176 795 1389 850 imbelle
1429 798 1729 850 Tarentum.

1898 799 1964 850 45

198 980 271 1027 cE,
297 979 469 1028 corr.b,
494 981 546 1018 0:
575 980 686 1018 L'liaei
707 979 779 1027 Sd,
805 991 870 1030 pr.
895 979 939 1025 b,
964 980 1020 1026 M,
1049 979 1202 1028 t'lyssei
1223 980 1354 1018 LCtF.
1384 999 1427 1006 —
1453 978 1519 1018 44.
1543 979 1710 1018 Ithacae
1730 980 1907 1029 bc‚L(:t.

200 1043 261 1091 (Ut
292 1052 392 1089 nos,
440 1042 708 1094 Porphwio,
751 1041 844 1082 SEd
876 1045 919 1082 et
948 1053 1026 1082 sex
1058 1042 1280 1091 Pottierii.)
1317 1065 1360 1070 —
1396 1041 1461 1081 42.
1494 1042 1581 1094 nec]
1612 1054 1741 1092 neque
1773 1045 1816 1082 L.

143 1193 208 1232 cie
248 1193 350 1231 tunc
388 1191 591 1231 Horatius
630 1190 851 1243 appellare
892 1193 1020 1242 pote-
1083 1190 1303 1243 γὶβοτος,

1365 1191 1447 1230 καὶ
1494 1188 1679 1242 μᾶλλον
1726 1188 1966 1249 ἐπήρατος

142 1258 209 1294 rat
239 1256 542 1294 Maecenatem
580 1254 719 1294 tribus
757 1255 1020 1305 quattuorve
1087 1248 1390 1301 ἱπποβότοιο.
1433 1277 1474 1280 -
1505 1254 1714 1304 patientis]
1758 1255 1831 1294 Est
1876 1256 1966 1295 Ho-

142 1318 268 1358 annis
305 1319 409 1357 natu
447 1317 678 1357 maiorem.
730 1316 792 1357 Cf.
826 1317 934 1367 Epp.
970 1317 1018 1365 4,

143 1381 187 1428 6,
231 1379 298 1420 54.
343 1402 390 1407 -
429 1379 610 1431 Audisti]
653 1391 703 1419 «a
735 1389 807 1418 me
838 1380 1021 1418 vocatus
1085 1378 1311 1429 epitheton
1355 1378 1503 1418 herois
1547 1381 1838 1430 perpetuum,

1084 1316 1302 1355 merlcum
1334 1311 1595 1366 πολύτλας,
1629 1314 1963 1374 ταλασίφρων,

1896 1393 1964 1420 CUI

142 1453 233 1482 es.»
286 1442 348 1482 Cf.
373 1443 460 1480 Sat.
484 1442 530 1490 ⁶2,
565 1442 610 1490 6,
635 1442 701 1481 ΞΟ.
743 1441 851 1492 Epp.
880 1441 924 1489 4,
952 1440 1017 1489 46,
1048 1433 1052 1488 Ι
1084 1439 1198 1480 male
1230 1440 1555 1480 substituerunt
1586 1441 1778 1481 nonnulli
1800 1444 1968 1493 sapien-

142 1505 207 1543 47.
231 1525 274 1532 -
298 1504 479 1554 Inspice,
512 1504 546 1543 si
570 1516 738 1555 possum
759 1505 862 1554 eet]
887 1505 1020 1553 «Age-

141 1566 247 1606 dum
270 1567 494 1618 experire‚
529 1578 583 1606 an
606 1578 694 1607 non
716 1569 909 1620 possim»
934 1567 1018 1606 cet.

141 1629 406 1669 lndicativus
437 1631 611 1669 certum
641 1630 910 1681 firmumque
944 1640 1021 1669 ao-

142 1694 268 1743 cepta
288 1692 552 1732 restituendi
572 1694 851 1744 propositum
873 1693 1021 1744 expri-

142 1755 241 1802 mit,
275 1756 319 1793 et
348 1754 607 1806 frequenter
626 1756 689 1795 sic
712 1756 892 1795 Comici.
944 1756 1022 1794 Te-

141 1818 252 1856 rent.
278 1816 456 1856 Phorm.
481 1817 530 1866 3,
565 1817 610 1865 3,
644 1818 716 1857 20:
758 1819 851 1858 Vide
880 1819 968 1868 opis
987 1818 1022 1856 si

141 1879 241 1927 quid
265 1882 380 1928 potes
409 1880 564 1929 afferre
591 1880 699 1920 huic.
749 1879 1018 1931 (Pseudotib.

141 1941 187 1989 3,
222 1941 269 1990 4,
305 1941 376 1980 49;
420 1942 498 1981 Illa
529 1943 629 1981 mihi
669 1942 842 1993 referet,
883 1943 917 1982 si
942 1955 1022 1982 no-

140 2004 215 2043 stri
260 2007 406 2042 mutua
448 2015 554 2044 cura
592 2005 683 2056 est.)
728 2028 771 2033 —
808 2005 1019 2057 reponere]

143 2066 442 2117 «rependere,
486 2067 722 2107 reddere.»
774 2069 921 2107 «Hane
961 2068 1023 2108 si-

140 2127 433 2168 militudinem
454 2129 704 2170 Schmidius
726 2141 749 2169 a
771 2131 922 2170 codice
947 2141 1023 2169 ae—

142 2191 257 2242 cepti
288 2194 329 2230 et
362 2193 543 2242 expensi
565 2195 788 2243 sumptam
812 2196 933 2233 recte
957 2205 1023 2233 ar-

141 2252 371 2291 bitratur.»
404 2254 553 2292 Omma.
588 2252 725 2293 Plaut.
749 2257 872 2295 Pers.
898 2256 913 2294 4
938 2287 946 2304 ,
971 2256 986 2294 4
1012 2287 1019 2304 ,

141 2315 216 2354 37:
265 2315 313 2353 Ut
340 2315 439 2354 mihi
474 2316 541 2354 des
572 2327 759 2356 nummos
787 2321 1022 2364 seoecentos;

141 2400 164 2406 -
185 2400 207 2406 -
229 2379 338 2428 Quos
357 2378 551 2418 continuo
573 2379 644 2418 libi
664 2390 866 2429 reponam
888 2380 930 2419 in
950 2381 1024 2420 hoc

143 2441 281 2480 triduo
312 2444 386 2480 aut
415 2442 654 2490 quatriduo.
706 2442 775 2481 Sic
807 2443 941 2482 etiam
964 2443 1026 2482 in-

142 2503 454 2554 terpretandus
478 2506 546 2543 est
576 2505 724 2543 Iuven.
751 2505 766 2543 4
788 2537 795 2553 ,
832 2505 846 2543 4
871 2517 878 2543 ;
912 2506 1026 2544 Sem-

134 2577 214 2616 per
243 2577 315 2617 eqo
342 2567 511 2605 auditor
530 2566 727 2606 tantum?
756 2578 1025 2617 nunquamne

142 2628 376 2678 reponam?
428 2628 504 2668 ubi
551 2629 652 2669 vide
703 2631 1019 2671 Heinrichium.

195 2689 342 2731 40-43.
374 2691 498 2731 Haud
525 2692 648 2742 male]
682 2705 789 2744 «yar
817 2694 927 2733 nicht
946 2705 1023 2732 un-

138 2754 362 2803 passend.»
431 2754 557 2793 Hand
601 2756 727 2795 Turs.
773 2757 843 2795 III.
884 2767 926 2807 p.
969 2756 1020 2795 ΞΟ

142 2826 209 2866 sq.
255 2838 299 2844 —
334 2816 593 2856 Telemachus
623 2817 735 2869 cet]
769 2819 898 2858 «Non
934 2819 1021 2858 mi-

143 2888 225 2917 nus
258 2880 463 2929 prompto
501 2880 648 2919 animo
679 2880 735 2919 ad
765 2881 911 2920 omnia
942 2881 1020 2921 tibi

142 2940 414 2980 restituenda
461 2945 641 2993 paratus
696 2953 819 2992 sum,
884 2954 1020 2995 quam

144 3012 232 3052 quo
253 3000 542 3044 Telemachus
563 3003 667 3044 olim
696 3004 1020 3056 pulcherrimos

145 3074 285 3115 equos
324 3064 365 3103 in
402 3066 539 3115 patria
575 3067 705 3107 nimis
733 3078 892 3119 aspera
923 3069 1022 3108 inu-

143 3125 239 3167 tiles
283 3125 365 3165 sibi
410 3125 578 3166 futuros
607 3139 629 3168 a
661 3129 859 3170 Menelao
904 3130 1021 3170 dono

143 3189 346 3240 accipere
392 3186 540 3228 noluit.
551 3204 568 3224 »
619 3190 778 3240 Odyss.
816 3189 865 3240 ὁ,
914 3192 1018 3232 604;

134 3242 329 3300 Ἵππους
347 3247 427 3289 d'c
409 3250 475 3300 εἰς
495 3244 692 3319 Ἰθάκην
713 3248 803 3292 οῦκ
823 3246 1020 3306 ἄξομαι,

143 3307 264 3352 ἀλλὰ
315 3312 396 3352 σοὶ
445 3306 576 3366 αὐτῷ
621 3307 819 3354 Ἕνθάόε
868 3313 1022 3367 λείψω

144 3369 352 3429 ἄγαλμα·
386 3387 445 3415 συ
476 3372 567 3432 γὰρ
589 3372 811 3415 πεδίοιοπ
792 3371 1025 3428 ἀνάσσεις

146 3433 324 3495 Εὗρέος
348 3461 372 3468 -
401 3433 547 3477 -Ἐν
575 3436 610 3476 ὁ
636 3433 800 3496 Ιθάκῃ
832 3432 931 3479 ούτ
963 3434 1026 3496 ἄρ

147 3498 367 3557 δρόμοις
349 3496 505 3559 «si-9663
528 3495 635 3542 οὔτε
660 3498 750 3541 τι).
755 3498 915 3553 ειιιών·
950 3499 1015 3541 Αἰ·

1083 1503 1153 1552 tis,
1205 1503 1331 1542 cuius
1374 1501 1516 1542 laudis
1560 1502 1631 1543 hie
1677 1502 1821 1544 nullae
1867 1507 1968 1545 suut

1084 1566 1247 1616 partes.
1282 1564 1350 1603 Sic
1371 1564 1602 1604 laboriosus
1623 1568 1806 1606 vocatur
1829 1568 1965 1619 Epod.

1086 1627 1156 1674 47,
1185 1626 1249 1665 46.
1274 1650 1315 1655 —-
1336 1626 1486 1678 Ithace]
1510 1628 1816 1669 Nominativus
1839 1632 1969 1670 Grae-

1085 1699 1163 1728 cus
1195 1689 1338 1740 aptior
1369 1692 1435 1729 est
1468 1690 1510 1728 h.
1536 1688 1561 1729 l.
1587 1695 1769 1742 propter
1799 1692 1969 1732 iunctu-

1084 1762 1181 1790 ram
1204 1762 1304 1791 cum
1327 1763 1397 1791 vv.
1419 1752 1531 1792 loeus
1552 1775 1574 1781 -
1593 1755 1813 1793 Porreclus
1834 1766 1969 1806 quani

1085 1815 1302 1865 genitivus
1333 1816 1422 1854 Lat.
1445 1815 1569 1854 Idem
1601 1817 1822 1867 reperitur
1843 1817 1965 1857 Ovid.

1085 1877 1212 1916 Trist.
1248 1878 1293 1925 4,
1328 1878 1376 1925 5,
1413 1877 1477 1917 67.
1530 1879 1707 1918 Metam.
1745 1879 1818 1928 44,
1854 1880 1966 1928 469.,

1086 1950 1343 1990 quanquam
1375 1942 1530 1979 notum
1561 1943 1629 1980 est
1668 1942 1710 1980 in
1747 1942 1896 1981 Satiris
1928 1944 1970 1981 et

1087 2000 1290 2053 Epistolis
1330 2002 1559 2041 Horatium
1600 2003 1752 2044 formis
1791 2005 1967 2054 Latinis,

1087 2065 1264 2104 Graecis
1296 2065 1339 2104 in
1361 2063 1529 2105 melicis
1551 2064 1815 2118 plerumque
1840 2078 1970 2107 usum

1087 2137 1201 2166 esse.
1256 2126 1318 2166 Cf.
1345 2128 1430 2166 Sat.
1456 2129 1503 2176 Ξ,
1536 2128 1583 2176 ὅ,
1617 2129 1683 2167 76.
1733 2152 1777 2156 —
1821 2131 1970 2169 Porre-

1086 2190 1188 2239 ctus]
1223 2190 1291 2229 Sic
1324 2190 1490 2231 Caesar
1518 2191 1564 2230 B.
1590 2192 1636 2230 G.
1664 2192 1710 2239 2,
1746 2192 1818 2231 49:
1864 2204 1971 2242 por-

1085 2256 1201 2291 recta
1230 2253 1322 2291 loca
1352 2257 1515 2303 aperta.
1554 2274 1598 2281 —-
1631 2254 1789 2294 multae
1818 2256 1971 2304 prodi-

1086 2326 1163 2366 qus
1191 2314 1353 2366 herbae]
1388 2314 1509 2354 Conf.
1536 2315 1613 2355 Od.
1641 2317 1686 2364 4,
1721 2317 1794 2365 42,
1828 2318 1893 2357 38.
1931 2319 1968 2365 4,

1089 2377 1164 2423 48,
1199 2377 1264 2416 46.
1302 2400 1346 2404 —-
1387 2378 1547 2426 spatiis]
1590 2376 1721 2417 «locis
1758 2390 1970 2418 curruum

1089 2438 1406 2479 certaminibus
1424 2440 1579 2490 aptis.»
1599 2439 1662 2479 Cf.
1678 2440 1794 2491 Virg.
1812 2442 1968 2491 Georg.

1089 2502 1104 2540 4
1126 2533 1134 2550 ,
1160 2500 1254 2540 543.
1307 2502 1352 2550 ’2,
1376 2500 1470 2541 541.
1500 2525 1542 2528 -
1567 2501 1722 2553 Atride]
1751 2496 1968 2559 Ἀτρείδη.

1089 2565 1251 2603 Contra
1281 2564 1431 2603 Atrida
1462 2562 1611 2603 ultima
1643 2567 1847 2616 correpta
1879 2567 1968 2611 Sat,

1088 2626 1135 2674 2,
1169 2625 1218 2675 3,
1254 2626 1346 2666 487.
1395 2649 1438 2654 -
1481 2626 1568 2676 tibi]
1608 2626 1800 2666 refertur
1840 2630 1884 2667 et
1917 2627 1972 2667 ad

1085 2699 1127 2726 v.
1151 2692 1255 2738 apta
1286 2690 1329 2728 et
1359 2688 1414 2728 ad
1443 2700 1486 2729 v.
1519 2689 1779 2738 relinquam,
1814 2692 1860 2729 ut
1890 2689 1968 2730 Od.

1087 2751 1134 2799 ⁰2,
1168 2751 1217 2799 8,
1253 2752 1327 2790 1¹7:
1373 2751 1502 2802 pubes
1539 2752 1611 2790 libi
1640 2753 1785 2791 crescit
1815 2753 1969 2801 omnis,

1086 2814 1272 2854 Servitus
1302 2814 1406 2866 (tibi)
1439 2815 1583 2854 crescit
1614 2826 1735 2853 nova.

1139 2876 1207 2917 44.
1229 2877 1294 2918 45.
1313 2879 1495 2916 Parvum
1507 2889 1651 2927 parva
1671 2877 1775 2927 eet]
1800 2875 1967 2917 Gallim.

1086 2941 1255 2990 Fragm.
1278 2940 1379 2979 479:
1411 2938 1512 2979 Alei
1532 2943 1635 2990 τοῖς
1653 2941 1848 2992 μίκκοις
1867 2942 1972 2992 μίκ-

1085 3015 1147 3042 κα
1168 2999 1358 3042 διδοῦσι
1378 3001 1500 3043 θεοί.
1526 3026 1569 3031 —
1594 3003 1714 3055 reqia
1734 3003 1881 3055 Roma]
1905 3004 1967 3044 Cf.

1085 3065 1163 3106 Od.
1198 3065 1247 3114 4,
1289 3065 1339 3114 3,
1374 3066 1646 3106 43;·Ηοηιαε
1667 3065 1874 3115 principis
1893 3078 1972 3105 ur-

1085 3128 1210 3167 bium.
1233 3129 1276 3167 et
1291 3127 1330 3177 4,
1356 3127 1421 3177 44,
1440 3127 1515 3168 44;
1538 3128 1685 3168 Italiae
1700 3128 1971 3178 dominaeque

1087 3191 1256 3230 Romae.
1295 3213 1335 3219 —
1371 3190 1566 3240 vacuum]
1601 3201 1714 3230 «non
1755 3190 1970 3241 frequens

1088 3255 1132 3292 et
1181 3251 1476 3305 populosum,
1534 3252 1614 3292 sed
1669 3255 1851 3304 propter
1887 3251 1971 3290 hoc

1087 3316 1235 3367 ipsum
1255 3314 1447 3355 liberum
1471 3328 1492 3355 a
1517 3316 1704 3367 strepitu
1736 3314 1862 3355 Urbis
1883 3316 1974 3354 stu-

1090 3378 1263 3429 diisque
1295 3379 1407 3418 meis
1438 3381 1633 3430 aptum.»
1687 3377 1755 3416 Sic
1791 3387 1971 3415 vacuum

1089 3452 1233 3481 nemus
1249 3441 1327 3482 Od.
1350 3441 1397 3490 3,
1426 3442 1475 3481 25
1497 3473 1503 3489 ,
1532 3441 1594 3480 43.
1620 3450 1777 3478 vacuae
1790 3438 1974 3478 Athenae

1089 3504 1197 3555 Epp.
1222 3505 1272 3553 2,
1297 3504 1345 3551 ⁶2,
1372 3503 1437 3544 81.
1475 3512 1632 3542 vacuae
1650 3501 1830 3542 Acerrae
1851 3501 1967 3552 Virg.
