2231 3787
167 280 266 331 '’28ss
802 277 1013 317 lIORATlI
1045 276 1343 317 SATIRARUM

238 409 547 464 Surrentina
586 408 733 462 vafer
772 409 860 479 qui
903 408 1092 461 miscet
1133 407 1279 459 faece
1322 405 1545 459 Falerna
1908 406 1974 455 55

235 513 387 566 Vina.
430 511 734 565 columbino
774 510 957 562 limum
998 509 1135 562 benc
1175 507 1372 578 colligit
1410 523 1545 561 ovo,

238 616 512 679 Quatenus
555 614 657 665 ima
695 612 826 683 petit
863 610 1082 664 volvens
1122 609 1295 662 aliena
1332 607 1559 661 vitellus,

238 716 407 768 Tostis
448 722 773 768 marcentem
813 711 1019 784 squillis
1061 710 1334 764 recreabis
1378 719 1430 763 et
1466 710 1587 762 Afra

238 819 485 870 Potorem
524 815 769 878 cochlea·7
810 831 932 866 nam
970 812 1177 865 lactuca
1219 812 1415 864 innatat
1452 813 1559 866 acri

236 921 361 972 Post
399 918 580 969 vinum
620 915 918 980 stomac1103
960 931 1128 986 perna
1169 913 1337 984 magis
1377 930 1439 966 ac
1478 913 1646 985 magis
1689 911 1827 965 hillis
1913 913 1980 966 60

276 1071 342 1109 57.
377 1069 581 1118 Quatinus
609 1066 761 1114 b,LCt.
801 1088 845 1092 -
873 1069 992 1115 petat
1022 1075 1136 1104 corr.
1171 1065 1212 1103 S.
1251 1086 1295 1092 -
1331 1064 1396 1104 60.
1424 1075 1563 1114 perna
1592 1069 1630 1104 et
1658 1065 1795 1116 maqis
1823 1064 1868 1104 b.

169 1204 223 1243 de
254 1213 384 1242 sacco
406 1199 675 1240 adhibendo.
727 1197 888 1238 Plinius
912 1198 961 1237 H.
988 1199 1037 1237 N.

171 1266 240 1306 ili.
287 1266 360 1304 ⁶22:
412 1265 460 1303 Ut
495 1263 593 1313 plus
637 1261 768 1313 (vini)
809 1260 1039 1310 capiamus,

168 1340 285 1368 sacco
312 1327 548 1378 frangimus
575 1325 696 1363 vires,
732 1323 806 1370 49,
849 1323 919 1362 49:
966 1323 1044 1361 Fe-

169 1392 342 1430 rendum
369 1399 468 1428 sane
486 1410 505 1415 -
523 1387 785 1426 -inveterari
822 1387 923 1425 ‘cina
950 1396 1045 1424 sac-

169 1456 305 1503 cisque
334 1452 529 1491 castrari.
584 1450 670 1490 Cfr.
702 1449 871 1488 Becker
902 1448 1046 1488 Gallus

170 1518 237 1556 111.
271 1526 312 1566 p.
348 1514 426 1554 235
471 1524 569 1564 sqq.
621 1536 665 1540 —-
711 1511 974 1563 Surrentina]
1021 1522 1042 1549 a

170 1579 396 1625 Surrento,
417 1576 579 1628 oppido
598 1575 864 1625 Campaniae
886 1574 929 1613 in
947 1574 1047 1613 sinu

170 1639 429 1686 Puteolan03
473 1639 584 1678 haec
614 1637 778 1676 leviora
810 1638 935 1676 erant
964 1646 1047 1674 nec

171 1701 292 1742 facile
325 1703 424 1740 ante
456 1711 621 1740 annum
659 1700 746 1738 XV.
789 1697 1048 1750 probaban-

171 1769 255 1804 tur.
315 1763 420 1803 Plin.
446 1764 495 1802 H.
520 1764 570 1802 N.
597 1761 671 1811 44,
707 1762 750 1801 8:
799 1762 861 1801 Ad
882 1761 1048 1800 tertiam

168 1828 355 1877 palmam
387 1837 569 1865 venere·
587 1847 605 1852 -
625 1824 877 1863 Surrentina
910 1824 952 1862 in
981 1822 1048 1861 vi-

174 1891 257 1929 neis
287 1893 448 1928 tantum
466 1888 700 1935 nascentia,
734 1884 1049 1925 convalescenti-

172 1953 245 1991 bus
266 1952 449 1991 matrinia
474 1949 655 1999 probata
678 1953 851 1999 propter
872 1948 1050 1987 tenuita-

170 2019 249 2055 tem
279 2013 656 2060 salubritatemque.
694 2035 737 2039 —
759 2011 872 2061 faece
901 2010 1049 2049 Faler—

175 2078 242 2129 na]
274 2079 321 2116 ut
352 2077 444 2115 eius
466 2086 674 2126 saporem
705 2073 931 2113 combibat
951 2074 1051 2112 Sur-

174 2140 411 2180 rentinum.
474 2136 643 2177 Colum.
671 2137 742 2185 42,
776 2136 850 2175 30:
891 2136 936 2175 Si
966 2146 1051 2185 qua

173 2204 270 2241 rina
301 2204 420 2240 erunt
450 2200 627 2238 duriora
651 2202 724 2237 aut
752 2198 887 2237 minus
918 2197 1043 2246 bona,

174 2287 196 2293 -
215 2287 238 2293 -
256 2265 405 2303 sumito
433 2262 588 2312 faecem
616 2261 703 2299 cini
732 2261 826 2299 boni
855 2265 891 2300 et
920 2271 1051 2310 panes

173 2327 300 2377 facito
330 2329 366 2364 et
404 2325 446 2363 in
477 2324 557 2363 sole
587 2323 788 2373 arefacito
819 2327 855 2362 et
888 2323 1051 2372 coquito

175 2391 214 2428 in
247 2390 365 2439 ique:
391 2391 538 2437 postea
567 2387 686 2425 terito
717 2390 754 2425 et
778 2387 915 2435 pondo
944 2396 1052 2435 qua-

176 2454 367 2491 drantem
405 2449 616 2499 amphoris
650 2449 823 2499 sinqulis
857 2449 1052 2499 infricata

176 2519 213 2553 et
250 2513 428 2553 oblinito.
467 2535 511 2540 —
544 2511 772 2551 columbino
812 2511 914 2562 cet.]
950 2509 1052 2551 «Ubi

179 2576 273 2615 faex
320 2574 386 2614 illa
428 2572 585 2613 melius
623 2573 867 2613 reddiderit
902 2573 1053 2612 vinum

178 2639 503 2681 Surrentinum,
550 2637 634 2675 hoc
678 2647 760 2675 ovo
800 2634 1052 2676 columbino

179 2711 332 2739 rursus
363 2699 612 2741 defaecato,
647 2699 855 2749 quoniam
880 2696 1052 2737 vitellus

180 2763 387 2802 materias
431 2760 595 2801 alienas
641 2772 793 2800 secum
845 2759 901 2799 ad
951 2758 1051 2799 dolii

181 2824 363 2863 fundum
395 2822 628 2862 devolvit.»

235 2948 381 2988 58-62.
412 2947 674 2998 marcentem]
702 2946 780 2986 «ad
808 2945 931 2985 cibos
953 2955 1054 2984 con-

183 3009 440 3060 coquendos
472 3021 557 3048 non
593 3010 678 3048 iam
709 3011 913 3060 aptum-,n
955 3007 998 3046 h.
1023 3005 1050 3045 l.

183 3083 315 3112 sensu
346 3073 544 3122 proprio,
577 3071 763 3121 figurato
794 3070 925 3110 Tacit.
947 3069 1052 3108 Hist.

184 3135 228 3177 3,
263 3134 338 3173 36:
390 3134 565 3172 desidem
602 3137 637 3172 et
679 3136 930 3172 marcentem
969 3131 1056 3180 (Vi-

185 3196 380 3245 tellium).
408 3219 452 3223 -
481 3194 649 3245 squillis]
682 3195 865 3243 Squillae
894 3193 1058 3232 anima-

183 3258 237 3297 lia
270 3259 437 3297 marina
469 3259 588 3303 sunt,
638 3267 747 3307 quas
777 3256 930 3296 Graeci
969 3268 1057 3293 κα-

186 3318 316 3375 ρίδας
359 3320 584 3359 nominant
632 3320 705 3357 aut
752 3313 1054 3373 καμμάρους,

186 3382 499 3433 Squiltenkrebs.
523 3405 566 3409 —
585 3380 910 3431 Afra-cochlea]
938 3381 1057 3419 Dios-

188 3456 279 3484 cor.
303 3446 350 3492 2,
385 3446 453 3483 ’Μῑ
497 3442 704 3493 Κοχλιάς
734 3446 960 3499 χερσαῖος
987 3437 1058 3482 εὖ·

189 3503 459 3558 στόμαχος,
491 3503 819 3562 δύσφθαρτος·
862 3499 1058 3561 ἄριστος

1105 1195 1155 1237 δὲ
1186 1191 1213 1236 ὃ
1244 1209 1294 1236 τε
1331 1195 1382 1237 ἐν
1424 1192 1639 1255 Σαρδῶνι
1682 1197 1765 1237 καὶ
1805 1195 1979 1256 Λιβύῃ.

1107 1261 1247 1300 Etiam
1279 1258 1432 1300 Celsus
1462 1261 1508 1309 2,
1542 1261 1593 1300 20
1626 1262 1669 1300 et
1703 1260 1770 1301 24.
1802 1262 1984 1301 cochleas

1107 1322 1201 1362 boni
1238 1323 1348 1362 succi
1385 1325 1422 1361 et
1462 1323 1671 1362 stomacho
1701 1327 1824 1372 aptas
1862 1324 1980 1364 dicit.

1112 1408 1157 1414 —-
1191 1385 1356 1424 lactuca
1385 1385 1487 1437 cet]
1517 1386 1683 1425 Rursus
1722 1387 1874 1425 contra
1905 1387 1986 1426 Ro-

1109 1459 1345 1487 manorum
1384 1447 1753 1488 consuetudinem
1795 1450 1982 1500 pugnat,

1111 1520 1194 1561 qua
1216 1509 1387 1550 lactuca
1409 1521 1511 1549 cum
1532 1511 1658 1549 aceto
1680 1522 1842 1552 coenas
1864 1511 1986 1552 clau-

1111 1572 1300 1621 debant,
1350 1574 1398 1612 ut
1443 1573 1529 1611 vini
1575 1573 1667 1612 vim
1716 1573 1983 1624 frangerent.

1109 1635 1226 1686 Virg.
1251 1637 1403 1675 Moret.
1428 1635 1499 1674 76:
1545 1636 1761 1686 Graiaque
1788 1636 1988 1677 nobilium

1111 1698 1270 1748 requies
1299 1698 1464 1737 lactuca
1481 1698 1679 1738 ciborum.
1727 1698 1833 1739 Plin.
1857 1700 1908 1739 H.
1930 1700 1983 1739 N.

1113 1760 1185 1807 49,
1233 1759 1303 1799 38:
1358 1760 1596 1813 (Lactucae)
1641 1765 1797 1801 aestate
1836 1766 1988 1813 gratae

1109 1823 1316 1861 stomacho
1352 1823 1570 1873 fastidium
1606 1823 1802 1874 auferunt
1830 1825 1990 1875 cibique

1112 1885 1390 1934 appetentiam
1408 1885 1582 1935 faciunt.
1619 1885 1800 1926 Martial.
1827 1887 1893 1937 43,
1918 1887 1984 1928 ⁴4:

1112 1948 1310 1987 Claudere
1340 1958 1446 1995 quae
1488 1959 1637 1987 coenas
1677 1949 1844 1988 lactuca
1880 1951 1988 1990 sole—

1113 2009 1181 2048 bat
1211 2021 1407 2058 avorum,
1445 2010 1523 2048 Dic
1552 2010 1675 2058 mihi,
1718 2022 1795 2049 cur
1821 2016 1988 2052 nostras

1112 2073 1277 2112 inchoat
1306 2073 1379 2111 illa
1409 2071 1563 2121 dapes?
1594 2094 1640 2100 —-
1674 2072 1852 2124 innatat]
1889 2085 1990 2114 «su-

1111 2137 1334 2188 pernatat,
1378 2146 1465 2174 non
1498 2134 1700 2175 subsidet
1732 2135 1831 2185 (Sat.
1855 2136 1903 2185 2,
1937 2137 1986 2186 2,

1113 2198 1187 2238 73:
1235 2208 1372 2247 escae,
1417 2198 1530 2246 Quae
1568 2197 1744 2247 simplae
1782 2198 1879 2237 olim
1918 2198 1990 2238 tibi

1112 2260 1328 2311 sederit.)
1349 2261 1557 2299 stomacho
1579 2260 1691 2309 acri,
1725 2262 1986 2311 aestuanti,»

1113 2325 1161 2362 ut
1181 2324 1375 2362 Senecae
1398 2323 1534 2373 Epist.
1559 2322 1631 2362 95:
1664 2323 1800 2361 nivem
1821 2324 1988 2374 rodunt,

1113 2386 1306 2425 solatium
1345 2385 1541 2424 stomachi
1585 2385 1827 2425 aestuantis.
1878 2384 1986 2425 Plin.

1116 2449 1166 2488 H.
1200 2449 1249 2487 N.
1273 2447 1348 2495 ⁶23,
1382 2447 1458 2486 22:
1490 2447 1621 2486 Dulce
1650 2446 1826 2499 (vinum)
1855 2449 1992 2488 minus

1114 2511 1312 2558 inebriat,
1347 2511 1415 2548 sed
1442 2509 1650 2548 stomacho
1679 2510 1869 2558 innatat,·
1910 2522 1992 2550 au-

1111 2578 1266 2612 sterum
1294 2572 1462 2622 facilius
1480 2572 1767 2621 concoquitur.
1798 2595 1835 2601 -—
1866 2573 1988 2625 hillis]

1111 2635 1211 2675 hilla
1233 2634 1500 2673 deminutive
1523 2633 1636 2672 dicta
1658 2632 1713 2672 ab
1735 2634 1845 2682 hira,
1869 2635 1989 2684 quod

1117 2698 1185 2736 est
1241 2696 1495 2735 intestinum
1552 2695 1745 2735 ieiunum
1795 2695 1992 2746 (Leer-

1116 2758 1304 2809 darm),
1338 2758 1576 2797 farciminis
1607 2768 1746 2807 genus
1777 2756 1990 2809 (Knack-

1067 2834 1075 2846 ·
1115 2825 1274 2861 wurst
1304 2820 1465 2869 Voss).
1503 2842 1547 2847 —-
1579 2820 1812 2872 immersus]
1847 2819 1992 2861 «velli-

1117 2885 1263 2930 catus,
1297 2882 1554 2921 excitatus.»
1615 2883 1826 2933 Loquitur
1854 2883 1909 2923 de
1941 2885 1990 2924 iis

1119 2943 1244 2996 gulae
1276 2944 1582 2993 irritamentis,
1620 2956 1735 2996 quae
1761 2945 1992 2995 pervellunt

1116 3007 1391 3055 stomachum,
1439 3008 1525 3046 Sat.
1563 3008 1608 3055 2,
1654 3008 1701 3057 8,
1751 3009 1789 3048 9.
1840 3010 1989 3049 Lectio

1119 3071 1160 3109 in
1188 3080 1350 3108 morsus
1371 3071 1460 3119 («ut
1490 3069 1696 3111 dentibus
1718 3070 1866 3111 denuo
1888 3082 1992 3123 ope-

1119 3143 1191 3173 ras
1222 3133 1452 3184 imperet.»
1504 3132 1664 3181 (hissa),
1697 3135 1793 3173 orta
1814 3132 1993 3173 dumta-

1120 3197 1191 3235 xat
1227 3206 1279 3234 ex
1318 3195 1543 3246 asperiore
1582 3195 1797 3246 scriptura
1831 3195 1994 3234 inmor-

1118 3268 1205 3305 sus,
1239 3255 1307 3296 vel
1327 3258 1563 3308 propterea
1586 3257 1731 3307 inepta
1753 3257 1837 3305 est,
1870 3256 1994 3307 quod

1121 3320 1229 3360 Catii
1258 3321 1407 3371 potor,
1442 3330 1529 3358 non
1560 3320 1608 3357 ut
1637 3319 1750 3357 Nero
1776 3317 1992 3359 Iuvenalis

1120 3381 1167 3429 li,
1204 3381 1294 3420 437.
1329 3381 1455 3420 nocte
1488 3381 1573 3420 iam
1603 3379 1749 3419 media
1769 3379 1900 3419 aliam
1926 3380 1992 3431 fa»-

1120 3455 1245 3492 mem,
1289 3454 1383 3482 cum
1419 3443 1562 3492 pulmo
1597 3442 1773 3482 Falerno
1803 3443 1988 3492 arderet,

1121 3506 1312 3556 quaerit,
1361 3505 1440 3545 sed
1485 3505 1537 3544 ad
1583 3505 1679 3543 vina
1721 3503 1839 3546 refici
1884 3503 1988 3544 volt.
