2231 3787
202 259 303 311 414

800 260 1015 300 HORATII
1045 260 1412 303 EPISTOLARUM

272 390 413 456 Quid
435 389 560 442 mihi
584 388 772 444 Celsus
793 390 938 461 agit?
976 390 1208 444 monitus
1230 390 1563 462 multumque
1585 391 1908 454 monenduS,
1952 392 1972 446 ll
1987 394 2017 445 5

271 493 510 547 privatas
547 500 606 545 ut
644 500 870 564 quaerat
906 510 1039 563 opes
1080 501 1133 547 et
1171 501 1388 563 tangere
1432 493 1560 548 vitet

273 595 506 666 Scripta,
547 593 818 648 Palatinus
859 611 1219 666 quaecunque
1259 594 1467 666 recepit
1503 594 1719 667 Apollo,

270 699 370 760 Ne,
414 697 457 750 si
498 697 630 750 sorte
670 713 796 749 suas
836 696 1122 767 repetitum
1161 697 1369 750 venerit
1407 696 1534 750 olim

272 800 413 853 Grex
451 800 627 852 avium
667 797 899 869 plumaS,
941 807 1156 852 moveat
1192 799 1467 853 cornicula
1503 800 1674 853 risum

272 901 499 955 Furtivis
538 899 738 953 nudata
776 898 1066 954 coloribus

200 1064 327 1109 risio,
375 1064 425 1102 ut
467 1061 536 1102 alii
574 1061 829 1113 opinantur,
871 1061 997 1101 «vani
1037 1062 1081 1101 et

200 1123 403 1165 audaculi
434 1124 565 1164 amici
595 1123 651 1163 ob
674 1124 850 1164 Pindari
879 1123 1082 1163 imitatio-

199 1199 303 1227 nem
335 1189 378 1227 et
407 1189 590 1239 propter
621 1187 714 1227 eius
745 1186 992 1238 superbum
1014 1186 1080 1226 fa-

199 1250 401 1299 stidium,
436 1261 524 1301 quo
555 1248 661 1290 alios
692 1251 956 1302 aspernetur
977 1253 1081 1300 poe'-

200 1316 319 1361 taszn
366 1313 446 1354 sed
483 1313 568 1352 hoc
607 1312 733 1362 dicit,
779 1312 856 1352 ubi
898 1323 1080 1352 omnem

200 1376 441 1433 εἰρωνείας
485 1375 710 1427 speciem,
762 1386 877 1426 quae
926 1375 1079 1426 utique

200 1438 494 1479 conveniebat
532 1438 628 1477 viro
667 1438 829 1478 seniori
870 1448 973 1488 erga
1012 1438 1080 1476 iu-

200 1503 346 1542 niores
376 1500 638 1550 familiares,
684 1501 843 1552 poetae
880 1499 1079 1551 perfecto

200 1576 303 1615 erga
335 1575 434 1613 eos,
467 1564 542 1615 qui
571 1565 614 1603 in
643 1563 768 1615 poesi
799 1563 868 1602 vix
894 1562 1083 1602 tirocinii

199 1627 450 1667 rudimenta
499 1626 781 1678 posuissent,
833 1625 1081 1665 detraxeri-

199 1700 323 1729 mus:
364 1688 569 1729 «Memini
599 1690 641 1727 te
673 1687 807 1727 modo
839 1687 1079 1727 Pindarum

199 1753 358 1792 imitari
378 1751 587 1799 voluisse,
612 1750 745 1790 modo
764 1750 818 1789 de
837 1749 1078 1790 excolenda

200 1815 416 1855 hodierna
445 1813 673 1864 tragoedia
706 1814 855 1853 Latina
888 1813 1081 1864 cogitas—

201 1889 274 1918 se:
308 1877 364 1917 ad
392 1878 632 1926 utrumque
656 1876 881 1927 inceptum
904 1875 1078 1926 ingenio

201 1942 382 1981 minime
401 1950 543 1988 cares;
568 1938 649 1979 sed
665 1940 815 1978 tamen
835 1939 1075 1987 memento,

200 2006 439 2054 utrumque
463 2013 602 2053 genus
631 2012 815 2053 prorsus
852 2001 1078 2040 diversum

202 2069 334 2117 atque
364 2076 463 2105 rem
493 2063 792 2104 difficillimam
824 2074 923 2104 esse
944 2061 1014 2102 vel
1036 2063 1079 2102 in

201 2128 412 2169 alterutro
470 2127 701 2166 hominum
760 2126 1081 2178 exspectationi

201 2191 501 2232 satisfacere.»

257 2256 322 2295 45.
349 2255 413 2293 46.
454 2253 561 2303 Quid
580 2252 680 2291 mihi
699 2274 717 2280 -
737 2250 868 2302 assitP]
893 2251 968 2291 Est
989 2261 1081 2290 ser-

201 2318 344 2357 monis
366 2315 606 2367 quotidiani
637 2315 722 2354 hoc
745 2325 905 2354 sensu:
942 2312 1079 2361 «Quid

202 2381 318 2431 agIt‘!
355 2379 425 2418 dic
455 2378 582 2424 mihi·,
623 2378 737 2417 scire
771 2377 890 2416 enim
922 2376 1076 2427 cupio,

202 2455 290 2495 quo
328 2453 402 2482 res
442 2442 536 2482 eius
577 2441 663 2481 sint
699 2439 849 2486 loco;»
897 2440 943 2478 ut
981 2439 1080 2488 quid

202 2506 315 2557 nqis,
349 2504 578 2543 dulcissime
609 2501 779 2542 rerum?
814 2502 914 2552 (Sat.
951 2502 992 2549 l,
1028 2501 1076 2548 9,

202 2568 257 2618 li.)
290 2577 403 2606 non:
453 2565 599 2616 «quod
637 2575 749 2616 opus
790 2574 907 2604 nunc
944 2563 1080 2602 habet

204 2631 245 2669 in
275 2627 538 2668 nianibusi’»
570 2629 633 2667 De
666 2627 812 2667 dativo
845 2627 989 2666 ethico
1022 2625 1075 2666 cf.

205 2694 293 2735 Cic.
318 2693 374 2733 ad
403 2694 489 2732 Att.
515 2693 560 2740 8,
595 2693 641 2741 8,
676 2693 723 2732 2:
771 2691 823 2731 At
853 2692 917 2731 ille
935 2691 1085 2730 tibi—-

198 2757 337 2807 pergit
376 2756 660 2795 Brund-isium.
714 2753 867 2795 Catull.
906 2752 981 2803 24,
1028 2753 1076 2794 4:

202 2818 372 2858 Mallem
401 2817 567 2856 divitias
594 2817 653 2856 mi
683 2817 856 2856 dedisses
873 2816 959 2854 Isti.
1001 2816 1082 2854 Lu-

205 2881 316 2920 cian.
341 2881 505 2930 Imagg.
532 2881 546 2919 l
570 2891 578 2918 2
613 2880 714 2918 εἰπέ
733 2891 843 2930 μοι,
875 2879 946 2928 τίς
965 2873 995 2930 ἦ
1019 2876 1082 2917 λι-

204 2939 410 2991 θοποιὸς
440 2935 561 2994 αὕτη
592 2939 819 2981 Μέδουσα
840 2935 958 2993 ἡμῖν
979 2938 1081 2980 ἐστὶ

205 3005 286 3044 καὶ
317 3000 480 3043 πόθεν.
518 3027 563 3032 —-
590 3003 736 3054 Celsus]
768 3003 952 3042 Videtur
973 3012 1079 3042 sane

205 3068 324 3108 idem
355 3078 457 3106 cum
493 3066 621 3107 Celso
657 3066 954 3114 Albinovano,
1004 3076 1082 3105 co-

205 3131 311 3170 mite
342 3128 579 3179 scribaque
610 3129 816 3175 Neronis,
858 3127 914 3166 ad
945 3138 1081 3178 quem

204 3193 323 3233 misit
365 3190 608 3243 Epistolam
650 3191 780 3230 huius
820 3189 918 3229 libri
960 3192 1082 3229 octa-

205 3266 330 3302 vam,
377 3264 522 3304 neque
558 3252 625 3299 id,
673 3251 787 3291 nulla
818 3252 988 3292 ratione
1019 3251 1083 3292 al—

206 3317 316 3365 lata,
360 3315 617 3367 simpliciter
654 3325 816 3365 negare
846 3313 948 3354 licet
979 3326 1081 3354 cum

206 3379 462 3419 Weicherto
492 3380 537 3418 P.
568 3379 613 3417 L.
648 3388 691 3428 p.
726 3377 820 3417 382.
874 3378 1081 3418 Diversus

207 3442 358 3492 utique
377 3442 443 3481 est
464 3439 520 3479 ab
538 3442 585 3480 A.
607 3439 808 3480 Cornelio
825 3438 966 3489 Celso,
990 3451 1083 3480 me-

208 3503 406 3543 dicorum
439 3504 673 3547 Cicerone,
715 3513 848 3553 quem
880 3503 1081 3542 Horatia-

1143 901 1264 972 Ipse
1305 901 1435 973 quid
1475 900 1685 955 audes?
1954 903 2022 957 20

1143 1072 1252 1101 num
1281 1060 1416 1101 fuisse
1445 1059 1625 1101 volebat
1656 1061 1937 1102 Bianconius.
1975 1083 2019 1091 —

1141 1123 1335 1175 monitus]
1384 1135 1432 1163 «a
1477 1135 1549 1163 me
1596 1124 1685 1163 iam
1719 1126 1873 1171 antea,
1920 1136 2023 1166 cum

1143 1188 1308 1227 Romae
1352 1197 1441 1225 una
1487 1196 1734 1227 essemus.»
1795 1187 1936 1226 Etiam
1979 1188 2024 1228 in

1144 1259 1270 1299 seqq.
1292 1247 1404 1287 adeo
1427 1248 1718 1287 inhumanum
1739 1247 1940 1300 plerique
1956 1249 2026 1288 In-

1144 1312 1365 1362 terpretes
1383 1310 1546 1350 faciunt
1569 1310 1821 1360 Horatium,
1845 1313 1894 1350 ut
1914 1313 2026 1351 tam-

1145 1384 1280 1424 quam
1315 1374 1516 1425 «po'e'tam
1542 1373 1827 1424 playiarium,
1862 1384 2025 1424 quem-

1144 1435 1388 1476 admodum
1427 1436 1538 1475 mire
1578 1436 1720 1485 aiunt,
1766 1435 2025 1477 fraudulen—

1145 1501 1330 1550 tumque
1362 1499 1610 1546 hominem,
1660 1499 1734 1550 qui
1777 1498 1901 1539 furtis
1933 1500 2024 1539 suis

1143 1561 1366 1602 litterariis
1397 1560 1558 1600 Tiberii
1592 1561 1790 1601 favorem
1822 1563 2022 1614 captarit,

1145 1625 1362 1665 miserum
1401 1624 1518 1663 hunc
1557 1622 1737 1664 Celsum
1775 1624 2020 1669 describat,

1144 1688 1374 1727 hominem
1395 1686 1600 1737 dignum,
1635 1687 1710 1738 qui
1731 1686 1786 1726 ab
1809 1688 1929 1727 omni
1949 1698 2026 1739 po-

1144 1751 1341 1791 steritate
1387 1751 1741 1789 contemnatur.»
1793 1749 1878 1790 Sed
1924 1752 2020 1802 qui,

1145 1824 1336 1865 quaeso,
1371 1811 1581 1852 credibile
1606 1815 1674 1853 est
1694 1823 1796 1852 cum
1827 1811 1900 1852 tali
1925 1824 2028 1865 pro-

1142 1875 1276 1928 pudio
1299 1876 1539 1916 amicitiam
1560 1875 1751 1915 iunxisse
1772 1875 2025 1916 Horatium?

1144 1939 1374 1990 Sapienter
1420 1938 1620 1989 profecto
1669 1938 1800 1979 huius
1844 1949 2023 1990 quoque

1144 2001 1297 2052 optimi
1336 2000 1503 2039 iuvenis
1541 2001 1837 2050 patrocinium
1866 2012 2026 2041 susce-

1143 2065 1205 2115 pit
1253 2061 1409 2102 Iacobs
1459 2063 1595 2101 Lectt.
1637 2063 1801 2102 Venus.
1843 2074 1885 2114 p.
1927 2063 2021 2104 338.

1145 2126 1240 2165 Fuit
1268 2125 1399 2176 igitur
1427 2135 1543 2164 unus
1574 2135 1627 2164 ex
1658 2126 1880 2166 sexcentis
1916 2125 2021 2176 illis,

1145 2189 1219 2239 qui
1249 2188 1292 2226 in
1322 2186 1515 2237 benigno
1546 2186 1657 2227 illius
1689 2188 1845 2227 aetatis
1875 2191 2027 2240 poeta-

1144 2262 1245 2291 rum
1287 2252 1529 2302 proventu,
1582 2250 1728 2290 studio
1774 2253 1818 2290 et
1863 2251 2023 2293 ardore

1146 2314 1278 2353 animi
1311 2313 1367 2352 ad
1398 2313 1594 2352 carmina
1617 2314 1927 2365 componenda
1949 2314 2025 2355 de-

1144 2376 1279 2423 latus,
1324 2376 1470 2415 minus
1511 2376 1663 2427 utique
1703 2376 1847 2416 audax
1887 2377 2020 2425 Titio,

1146 2437 1415 2490 exemplaria
1471 2441 1514 2478 et
1567 2440 1733 2478 Graeca
1788 2442 1832 2479 et
1872 2440 2024 2480 Latina

1144 2502 1274 2541 nimis
1312 2502 1438 2540 anxie
1477 2501 1690 2541 imitando
1728 2503 2020 2553 exprimeret3

1145 2565 1349 2604 Horatius
1382 2565 1554 2613 autem,
1604 2565 1678 2615 qui
1709 2565 1764 2605 de
1796 2566 1926 2605 amici
1955 2566 2025 2604 in-

1145 2628 1272 2677 genio
1303 2626 1483 2666 meliora
1508 2628 1642 2666 etiam
1662 2627 1892 2678 sperabat,
1924 2628 1968 2667 h.
1992 2626 2020 2668 l.

1146 2701 1249 2729 eum
1280 2701 1334 2729 ex
1354 2690 1488 2729 animi
1519 2690 1737 2729 sententia
1760 2689 1907 2729 denuo
1930 2701 2025 2730 mo-

1144 2754 1239 2802 net,
1273 2755 1321 2792 ut
1342 2764 1364 2792 a
1381 2753 1538 2792 vitiosa
1559 2753 1757 2803 priorum
1778 2753 2022 2793 imitatione

1146 2815 1330 2854 desistat
1367 2816 1500 2865 atque
1533 2815 1752 2855 eiusmodi
1789 2816 1831 2855 in
1868 2817 2024 2868 poste-

1144 2889 1244 2917 rum
1290 2877 1452 2917 condat
1496 2878 1717 2927 carmina,
1768 2889 1882 2930 quae
1926 2879 2021 2919 iure

1144 2941 1227 2992 ipsi
1258 2939 1391 2979 tribui
1422 2941 1607 2991 possint.
1659 2940 1784 2981 Idem
1813 2941 1944 2992 igitur
1982 2943 2022 2982 ei

1146 3001 1362 3042 acclamat
1392 3002 1512 3054 quod
1542 3002 1798 3045 Pisonibus:
1828 3005 1914 3044 Nec
1931 3016 2024 3045 ver-

1145 3066 1241 3106 bum
1269 3065 1392 3105 verbo
1421 3066 1588 3105 curabis
1615 3067 1786 3106 reddere
1810 3068 1919 3119 fidus
1949 3068 2022 3107 Ιη-

1144 3133 1324 3178 terpres,
1355 3140 1430 3168 snee
1459 3129 1617 3169 desilies
1644 3129 1833 3168 imitator
1862 3130 1907 3169 in
1945 3141 2023 3169 ar-

1145 3193 1254 3230 tum!
1288 3190 1349 3240 (A.
1381 3193 1425 3231 P.
1458 3191 1535 3230 »133
1566 3191 1649 3242 sq.)
1691 3192 1785 3239 Quo
1817 3190 1924 3242 quid
1951 3192 2022 3231 in-

1145 3254 1376 3293 nocentius
1421 3253 1517 3292 fieri
1561 3254 1769 3305 poterat?
1827 3253 2024 3293 Privatas

1145 3318 1293 3355 autem
1335 3326 1429 3365 opes
1466 3314 1553 3354 noli
1597 3315 1876 3366 interpretari
1917 3326 2020 3355 cum

1146 3377 1238 3418 aliis
1277 3380 1503 3430 «proprias
1543 3378 1772 3418 doctrinae
1814 3378 2019 3429 copias;»

1144 3441 1272 3480 unice
1312 3441 1432 3480 enim
1463 3440 1518 3480 de
1556 3440 1775 3492 poematis
1809 3438 2016 3491 loquitur.

1146 3501 1367 3553 («Celsum
1389 3502 1444 3543 ab
1467 3504 1591 3542 anxia
1612 3503 1895 3552 antiquorum
1915 3504 2020 3542 scri-
