2231 3787
855 202 952 241 Alis
991 201 1231 241 POETRJA.

1844 199 1944 252 719

199 331 491 401 lnterpreS,
535 348 632 384 nec
673 330 891 385 desilies
934 331 1163 384 imitator
1202 331 1251 382 in
1292 339 1485 391 artum,

196 432 344 486 Unde
385 432 578 503 pedem
620 434 858 503 proferre
900 433 1076 504 pudor
1115 440 1256 487 vetet
1295 442 1385 486 aut
1421 433 1602 504 operis
1643 433 1741 487 lex.

1846 433 1944 486 *1325

232 627 323 668 ⁴34.
358 628 509 667 disilies
539 630 584 668 Β.
622 651 666 656 ——
703 630 794 668 1¹35.
830 629 986 679 referre
1017 630 1069 671 L.
1103 631 1147 668 ut
1182 629 1341 679 Regius
1373 640 1488 669 unus
1520 632 1563 669 et
1593 630 1761 670 Monac.
1796 641 1885 670 sec.

183 714 223 718 —
257 702 427 741 operum.
457 691 564 730 Cod.
599 692 767 731 Monac.
801 702 890 730 sec.

123 871 254 922 Epist.
279 871 344 910 57.
371 870 426 910 de
448 869 629 910 Hilario:
666 871 885 910 Tractatus
910 871 1001 920 plu-

121 934 247 973 rimos
287 934 328 973 in
372 934 569 973 Latinum
609 934 733 973 vertit
770 945 790 973 e
821 934 996 982 Graeco,

120 1007 191 1036 nec
220 997 370 1036 assedit
399 997 560 1036 litterae
589 996 832 1035 dormitanti
853 1000 889 1035 et
913 1007 998 1046 pu-

119 1060 206 1099 tida
227 1059 477 1098 rusticorum
497 1059 836 1108 inteipretatione
856 1070 897 1098 se
916 1063 999 1098 tor-

118 1124 190 1172 sit,
222 1124 289 1162 secl
309 1122 428 1172 quasi
453 1122 638 1171 captivos
657 1132 796 1161 sensus
814 1122 858 1161 in
877 1133 997 1161 suam

117 1185 308 1236 linquam
335 1185 504 1223 victoris
531 1185 622 1224 iure
651 1185 919 1234 transposuit.
945 1206 992 1213 —

116 1247 238 1286 verbo
265 1247 452 1296 verbum]
484 1246 546 1286 Cf.
572 1246 627 1285 ad
653 1246 761 1298 Epp.
787 1247 829 1295 4,
857 1247 928 1294 49,
953 1247 992 1286 6.

121 1332 164 1337 —
197 1309 364 1348 curabis
393 1308 576 1359 reddere]
610 1319 743 1357 «nec,
785 1309 819 1348 si
864 1310 993 1360 poeta

117 1372 295 1412 Latinus
326 1374 369 1411 et
399 1382 498 1411 esse
531 1374 572 1411 et
608 1372 824 1411 nominari
853 1371 993 1422 voles,

117 1435 158 1473 in
191 1446 243 1474 eo
275 1433 550 1479 elaborabis,
584 1436 631 1473 ut
661 1446 797 1485 quam
829 1434 994 1475 fidelis-

115 1497 226 1536 sime
259 1498 477 1536 Graecum
506 1495 683 1547 aliquod
705 1496 933 1548 exemplar
954 1497 995 1536 in

116 1559 315 1598 Latinum
354 1561 614 1607 convertas3
662 1570 764 1599 nam
806 1570 995 1611 pravum

115 1621 200 1660 hoc
231 1621 426 1661 studium
456 1621 592 1661 officit
622 1622 753 1662 etiam
775 1623 995 1662 sermonis

115 1683 358 1735 elegantiae
391 1686 435 1723 et
463 1684 671 1736 pusillum
700 1686 848 1736 prodit
877 1686 995 1736 inge-

115 1747 280 1786 nium.»
321 1769 366 1774 —
400 1747 655 1786 Secundum
686 1747 770 1786 hoc
802 1749 898 1787 erat
927 1748 996 1786 vi—

113 1809 238 1857 tium,
272 1809 326 1849 ad
349 1809 469 1860 quod
496 1810 622 1861 proni
644 1811 769 1849 erant
790 1811 990 1859 Romani,

113 1882 214 1911 cum
239 1873 433 1911 Graecos
454 1872 753 1919 imitarentur;
777 1872 877 1912 vide
901 1883 995 1912 mo-

114 1933 170 1974 do
192 1933 377 1974 Medeae
399 1935 623 1973 Ennianae
645 1933 870 1985 reliquias.
899 1935 995 1985 (Eu-

114 1997 194 2047 rip.
221 1996 334 2036 Med.
355 1997 454 2036 502:
487 1994 588 2036 Νῦν
609 2001 696 2036 ποῖ
713 1993 993 2053 τράπωμαι;

113 2055 291 2115 πότερα
322 2056 440 2116 πρὸς
470 2055 650 2116 πατρὸς
678 2057 876 2111 δόμους,
899 2054 993 2108 Οὓς

113 2122 194 2161 σοὶ
223 2119 472 2176 προδοῦσα
500 2122 582 2162 καὶ
613 2119 796 2179 πάτραν
820 2117 993 2171 ἀφικό-

111 2197 238 2237 μην;
257 2180 322 2224 ’Ὴ
337 2181 456 2241 πρὸς
481 2183 708 2235 ταλαίνας
725 2181 993 2234 Πελιάόας;

113 2247 302 2287 Ennius:
336 2248 424 2297 Quo
443 2259 554 2287 nunc
572 2259 637 2287 nte
655 2251 819 2286 vortam
833 2246 854 2286 P
884 2248 993 2297 quod

112 2311 192 2350 iter
219 2311 420 2360 incipiam
449 2310 650 2362 inqredi‘?
701 2311 884 2350 Domum
908 2322 993 2360 pa-

113 2373 360 2413 ternamne?
388 2384 497 2413 anne
517 2374 573 2412 ad
590 2373 725 2413 Peliae
741 2372 885 2425 filias?
905 2374 991 2412 Bo-

113 2436 187 2476 the
209 2447 250 2488 p.
274 2436 359 2487 54.)
381 2460 425 2464 —
449 2448 522 2476 nec
542 2436 713 2488 desilies]
736 2436 990 2487 Significare

113 2498 288 2538 videtur
304 2497 509 2538 fabellam
524 2499 761 2550 Aesopiam
779 2499 834 2538 de
857 2510 992 2551 capra

113 2562 155 2601 in
187 2563 370 2612 puteum
393 2560 637 2601 desiliente.
669 2562 719 2600 V.
743 2561 906 2601 desilire
924 2562 992 2602 te—

113 2624 365 2663 meritatem
395 2622 492 2663 talis
523 2624 684 2675 incepti
716 2625 852 2663 notat.
881 2625 991 2664 —in

111 2686 266 2738 artu-m]
289 2688 336 2725 ut
358 2686 536 2726 Lucian.
557 2686 754 2725 Hermot.
775 2685 848 2726 63:
882 2699 992 2727 συν-

112 2745 326 2789 ελαύνειν
370 2747 418 2798 ἐς
463 2744 647 2787 στενόν.
715 2750 806 2788 Hoc
855 2748 986 2788 dicit:

114 2813 190 2852 «Si
234 2813 276 2852 in
313 2811 450 2853 rebus
488 2822 540 2851 ac
574 2813 887 2868 περιπετείαις
920 2812 989 2863 (de

112 2874 263 2915 verbis
293 2875 422 2914 antea
451 2874 704 2924 monuerat)
750 2875 897 2915 statim
934 2874 989 2914 ab

112 2937 232 2977 initio
262 2937 392 2976 nimis
422 2938 464 2975 te
495 2934 788 2987 applicaveris
816 2938 992 2987 tragoe—

113 2998 212 3039 diae
256 2997 384 3038 alicui
421 2999 641 3046 Graecae,
689 2999 731 3038 te
772 2998 991 3039 coartabis

112 3061 209 3113 ipse
251 3062 295 3100 et
333 3061 459 3111 quasi
488 3058 662 3099 vincula
693 3059 770 3099 tibi
801 3060 988 3108 iniicies;

113 3134 167 3163 ex
191 3133 280 3174 quo
301 3121 398 3169 fiet,
431 3122 479 3161 ut
499 3131 602 3161 mox
622 3121 826 3172 proprius
848 3121 992 3172 pudor

112 3188 156 3226 te
191 3183 423 3236 impediat,
463 3194 518 3223 ne
557 3182 738 3222 liberius
767 3184 992 3223 interdum

114 3247 378 3298 exspatiere.
425 3245 526 3285 Tuis
558 3245 676 3285 enim
706 3245 800 3296 ipse
823 3244 991 3284 viribus

114 3307 218 3348 nihil
249 3306 479 3348 confidens
510 3317 597 3346 non
627 3305 813 3346 audebis
842 3317 990 3357 neque

115 3369 281 3409 addere
312 3368 559 3420 quidquam
588 3379 672 3408 nec
701 3368 885 3408 demere
908 3379 992 3408 nec

116 3433 312 3481 mutare,
344 3432 522 3482 timens,
547 3442 602 3472 ne
623 3431 806 3482 quaevis
828 3431 992 3472 immu-

1068 872 1170 910 tatio
1202 872 1528 922 spectatoribus
1551 874 1704 914 inscita
1727 885 1778 914 ac
1800 877 1943 915 teme-

1067 934 1176 972 raria
1208 934 1410 974 videatur
1431 946 1597 986 eosque
1619 935 1805 976 laedat.»
1839 938 1944 988 (Ma-

1067 994 1223 1035 nifesto
1254 999 1403 1036 autem
1432 998 1570 1048 prima
1595 1000 1818 1050 praecepti
1843 1011 1944 1051 pars

1064 1058 1148 1096 Nec
1184 1059 1308 1098 verbo
1345 1061 1429 1098 cet.
1463 1059 1519 1098 ad
1560 1071 1659 1099 eam
1691 1061 1943 1102 imitationis

1065 1121 1238 1170 partem
1268 1121 1478 1171 pertinet,
1514 1132 1599 1172 qua
1626 1122 1863 1172 interdum,
1897 1126 1943 1163 ut

1065 1191 1197 1232 supra
1228 1183 1421 1223 vidimus
1452 1184 1493 1222 in
1516 1182 1585 1223 illo
1606 1183 1702 1224 loco
1728 1186 1940 1236 Enniano,

1064 1246 1258 1297 singulos
1290 1258 1446 1288 versus
1469 1247 1659 1288 fideliter
1680 1253 1941 1291 convertere

1063 1309 1268 1350 solebant
1298 1311 1458 1357 Latini,
1501 1310 1636 1351 altera
1668 1323 1770 1363 pars
1801 1315 1942 1354 totum

1064 1373 1118 1412 ad
1150 1376 1462 1423 argumentum
1489 1376 1681 1425 spectat,
1716 1386 1768 1415 eo
1790 1376 1938 1425 modo,

1063 1445 1198 1484 quem
1220 1436 1447 1486 proposui.
1475 1436 1651 1476 Minime
1669 1439 1818 1477 autem
1836 1449 1942 1489 pro-

1061 1496 1170 1537 bare
1210 1508 1396 1548 possum
1433 1499 1721 1539 novissimam
1758 1500 1941 1540 Gonodii

1060 1559 1207 1600 v.434.
1229 1560 1663 1612 interpretationem:
1687 1563 1851 1602 N’allez
1863 1575 1942 1613 pas

1060 1635 1143 1661 non
1167 1623 1264 1672 plns
1290 1634 1393 1662 vous
1419 1624 1563 1673 placer
1591 1635 1666 1664 sur
1692 1636 1750 1664 un
1779 1627 1941 1665 terrain

1059 1688 1153 1734 trop
1183 1685 1328 1733 e'troit,
1361 1686 1457 1725 c'est
1486 1685 1514 1725 a
1544 1687 1633 1726 dire
1652 1692 1893 1736 emprunter
1912 1687 1941 1727 ὰ

1058 1745 1235 1786 Homere
1263 1759 1343 1786 une
1372 1749 1510 1787 aetion
1541 1752 1633 1798 trop
1659 1750 1937 1799 circonscrite,

1060 1813 1096 1848 et
1131 1821 1217 1858 par
1259 1814 1530 1859 consequent,
1581 1822 1663 1860 peu
1704 1812 1942 1862 suseeptible

1059 1872 1321 1921 d'incidents‚
1362 1877 1454 1922 trop
1485 1874 1622 1913 sterile
1650 1885 1699 1913 en
1729 1874 1940 1927 demtis»)

1063 1957 1106 1962 —
1131 1938 1206 1973 aut
1225 1935 1360 1984 operis
1384 1935 1466 1984 lex]
1499 1936 1796 1989 «οἰκονομία,
1829 1937 1939 1978 ordo

1058 2007 1110 2036 ac
1131 1996 1373 2049 descriptio
1395 1998 1490 2038 eius
1513 1999 1779 2049 tragoediae,
1804 2011 1939 2051 quam

1059 2059 1319 2099 imitandam
1349 2061 1601 2112 sumpsisti3
1650 2063 1938 2102 oeconomica

1058 2120 1286 2172 dispositio
1328 2122 1534 2162 omnibus
1573 2126 1676 2163 nota
1715 2127 1758 2164 et
1796 2136 1821 2164 a
1852 2135 1938 2176 qua

1057 2183 1298 2222 deflectere
1329 2184 1396 2222 vix
1429 2185 1620 2235 poteris,
1655 2197 1772 2235 cum,
1797 2188 1832 2227 si
1854 2187 1938 2227 hoc

1057 2246 1203 2285 facere
1244 2246 1433 2295 audeas,
1477 2247 1690 2287 mutando
1721 2249 1938 2301 imprimis

1056 2304 1402 2365 καταστροφὴν
1423 2310 1555 2360 atque
1579 2311 1742 2351 exitum
1765 2313 1939 2363 sapien-

1054 2373 1124 2411 ter
1140 2382 1164 2410 a
1182 2373 1349 2411 Graeco
1366 2374 1495 2423 poeta
1517 2374 1821 2423 constitutum,
1845 2376 1938 2415 sta—

1055 2434 1134 2473 tim
1165 2444 1321 2473 omnes
1351 2435 1556 2485 imperite
1595 2437 1637 2475 te
1669 2436 1814 2487 egisse
1845 2435 1938 2477 cla-

1057 2498 1222 2536 ment.»
1279 2495 1502 2548 (Plerique
1534 2498 1679 2539 minus
1710 2501 1858 2548 recte,
1890 2501 1938 2539 ut

1056 2560 1226 2610 opinor,
1259 2571 1301 2597 ν.
1326 2559 1462 2608 operis
1491 2570 1577 2599 non
1606 2559 1660 2599 de
1682 2571 1768 2599 una
1791 2559 1937 2612 aliqua

1055 2620 1302 2671 tragoedia,
1337 2621 1415 2660 sed
1448 2621 1502 2661 (le
1535 2622 1740 2662 universo
1771 2633 1936 2673 genere

1054 2684 1220 2733 tragico
1252 2685 1490 2734 exponunt.
1539 2682 1692 2723 Melius
1724 2685 1811 2724 iam
1842 2683 1933 2725 alii:

1058 2756 1106 2784 «a
1129 2748 1171 2785 te
1192 2745 1356 2796 incepti
1378 2745 1524 2797 operis
1546 2746 1842 2795 institutum‚»
1876 2748 1939 2789 «le

1051 2808 1155 2858 plan
1177 2809 1225 2847 de
1242 2811 1358 2846 votre
1378 2819 1594 2859 ouvrage»
1631 2809 1830 2860 (Gonod)‚
1854 2811 1936 2852 nisi

1057 2870 1177 2921 quod
1219 2880 1321 2910 mea
1359 2870 1662 2922 interpretatio
1702 2872 1841 2922 hane,
1887 2876 1936 2914 ut

1056 2933 1260 2984 apparet,
1307 2933 1350 2971 in
1394 2943 1443 2972 se
1480 2933 1702 2985 recipiens
1743 2935 1935 2976 eandem

1055 2996 1304 3036 accuratius
1325 2995 1501 3046 definit,
1524 2997 1742 3038 rationem
1762 2997 1934 3040 habens

1056 3059 1189 3099 etiam
1233 3059 1388 3098 Graeci
1433 3059 1723 3111 exemplaris,
1770 3059 1929 3112 quale,

1055 3122 1372 3172 praeterquam
1411 3122 1453 3161 in
1486 3122 1799 3174 praetextatis,
1842 3123 1935 3162 sin-

1055 3182 1165 3235 gulis
1194 3183 1235 3222 in
1259 3183 1496 3235 tragoediis
1517 3183 1822 3235 sequebantur
1842 3187 1935 3224 tra-

1056 3245 1138 3296 gici
1160 3245 1311 3285 Latini.
1356 3246 1501 3296 Operis
1530 3256 1636 3296 ergo
1660 3246 1727 3285 lea:
1748 3247 1815 3286 est
1836 3245 1935 3285 «οἰ-

1055 3307 1265 3359 κονομία
1308 3308 1353 3346 et
1391 3306 1657 3358 exemplaris
1697 3308 1851 3347 Graeci
1889 3309 1935 3348 et

1056 3369 1310 3409 imitationis
1340 3370 1464 3418 tuae,
1498 3367 1603 3408 illud
1623 3368 1754 3409 nimis
1775 3379 1932 3421 presse

1056 3430 1346 3482 sequentis.»)
