<?xml version="1.0" encoding="UTF-8"?>
<!DOCTYPE html PUBLIC "-//W3C//DTD XHTML 1.0 Transitional//EN"
    "http://www.w3.org/TR/xhtml1/DTD/xhtml1-transitional.dtd">
<html xmlns="http://www.w3.org/1999/xhtml" xml:lang="en" lang="en">
 <head>
  <title>
</title>
<meta http-equiv="Content-Type" content="text/html;charset=utf-8" />
  <meta name='ocr-system' content='tesseract 3.04.00' />
  <meta name='ocr-capabilities' content='ocr_page ocr_carea ocr_par ocr_line ocrx_word'/>
</head>
<body>
  <div class='ocr_page' id='page_1' title='image "./qhoratiusflaccus02horauoft_0048.png"; bbox 0 0 2231 3787; ppageno 0'>
   <div class='ocr_carea' id='block_1_1' title="bbox 205 199 270 251">
    <p class='ocr_par' dir='ltr' id='par_1_1' title="bbox 205 199 270 251">
     <span class='ocr_line' id='line_1_1' title="bbox 205 199 270 251; baseline -0.015 0"><span class='ocrx_word' id='word_1_1' title='bbox 205 199 270 251; x_wconf 66' lang='lat'>34-</span> 
     </span>
    </p>
   </div>
   <div class='ocr_carea' id='block_1_2' title="bbox 845 198 1391 240">
    <p class='ocr_par' dir='ltr' id='par_1_2' title="bbox 845 198 1391 240">
     <span class='ocr_line' id='line_1_2' title="bbox 845 198 1391 240; baseline 0 -2"><span class='ocrx_word' id='word_1_2' title='bbox 845 198 1059 238; x_wconf 81' lang='lat' dir='ltr'>HORATII</span> <span class='ocrx_word' id='word_1_3' title='bbox 1092 198 1391 240; x_wconf 75' lang='lat' dir='ltr'><strong>SATIRARUM</strong></span> 
     </span>
    </p>
   </div>
   <div class='ocr_carea' id='block_1_3' title="bbox 205 328 1658 399">
    <p class='ocr_par' dir='ltr' id='par_1_3' title="bbox 205 328 1658 399">
     <span class='ocr_line' id='line_1_3' title="bbox 205 328 1658 399; baseline -0.003 -14"><span class='ocrx_word' id='word_1_4' title='bbox 205 331 386 385; x_wconf 79' lang='lat' dir='ltr'>Villius</span> <span class='ocrx_word' id='word_1_5' title='bbox 426 331 478 382; x_wconf 91' lang='lat' dir='ltr'>in</span> <span class='ocrx_word' id='word_1_6' title='bbox 521 332 715 384; x_wconf 88' lang='lat' dir='ltr'>Fausta</span> <span class='ocrx_word' id='word_1_7' title='bbox 755 328 933 382; x_wconf 78' lang='lat' dir='ltr'>Sullae</span> <span class='ocrx_word' id='word_1_8' title='bbox 973 346 1162 399; x_wconf 78' lang='lat' dir='ltr'>gener,</span> <span class='ocrx_word' id='word_1_9' title='bbox 1206 328 1307 382; x_wconf 91' lang='grc'><strong>1100</strong></span> <span class='ocrx_word' id='word_1_10' title='bbox 1346 329 1512 382; x_wconf 88' lang='lat' dir='ltr'>miser</span> <span class='ocrx_word' id='word_1_11' title='bbox 1551 346 1658 381; x_wconf 89' lang='lat' dir='ltr'>uno</span> 
     </span>
    </p>
   </div>
   <div class='ocr_carea' id='block_1_4' title="bbox 202 430 1723 504">
    <p class='ocr_par' dir='ltr' id='par_1_4' title="bbox 202 430 1723 504">
     <span class='ocr_line' id='line_1_4' title="bbox 202 430 1723 504; baseline -0.001 -19"><span class='ocrx_word' id='word_1_12' title='bbox 202 433 427 486; x_wconf 81' lang='lat' dir='ltr'>Nomine</span> <span class='ocrx_word' id='word_1_13' title='bbox 467 432 756 504; x_wconf 85' lang='lat' dir='ltr'>deceptus,</span> <span class='ocrx_word' id='word_1_14' title='bbox 799 449 1004 502; x_wconf 86' lang='lat' dir='ltr'>poenas</span> <span class='ocrx_word' id='word_1_15' title='bbox 1044 430 1194 484; x_wconf 90' lang='lat' dir='ltr'>dedit</span> <span class='ocrx_word' id='word_1_16' title='bbox 1231 447 1406 501; x_wconf 85' lang='lat' dir='ltr'>usque</span> <span class='ocrx_word' id='word_1_17' title='bbox 1447 448 1723 502; x_wconf 77' lang='lat' dir='ltr'>superque</span> 
     </span>
    </p>
   </div>
   <div class='ocr_carea' id='block_1_5' title="bbox 1961 432 2027 484">
    <p class='ocr_par' dir='ltr' id='par_1_5' title="bbox 1961 432 2027 484">
     <span class='ocr_line' id='line_1_5' title="bbox 1961 432 2027 484; baseline -0.045 0"><span class='ocrx_word' id='word_1_18' title='bbox 1961 432 2027 484; x_wconf 75' lang='lat'>65</span> 
     </span>
    </p>
   </div>
   <div class='ocr_carea' id='block_1_6' title="bbox 205 533 1726 606">
    <p class='ocr_par' dir='ltr' id='par_1_6' title="bbox 205 533 1726 606">
     <span class='ocr_line' id='line_1_6' title="bbox 205 533 1726 606; baseline 0 -19"><span class='ocrx_word' id='word_1_19' title='bbox 205 536 379 600; x_wconf 88' lang='lat' dir='ltr'>Quam</span> <span class='ocrx_word' id='word_1_20' title='bbox 418 535 547 588; x_wconf 84' lang='lat' dir='ltr'>satis</span> <span class='ocrx_word' id='word_1_21' title='bbox 587 543 691 598; x_wconf 87' lang='lat' dir='ltr'>est,</span> <span class='ocrx_word' id='word_1_22' title='bbox 734 535 927 606; x_wconf 79' lang='lat' dir='ltr'>pugnis</span> <span class='ocrx_word' id='word_1_23' title='bbox 968 552 1163 588; x_wconf 86' lang='lat' dir='ltr'>caesus</span> <span class='ocrx_word' id='word_1_24' title='bbox 1204 534 1457 605; x_wconf 88' lang='lat' dir='ltr'>ferroque</span> <span class='ocrx_word' id='word_1_25' title='bbox 1498 533 1726 604; x_wconf 74' lang='lat' dir='ltr'>petitus,</span> 
     </span>
    </p>
   </div>
   <div class='ocr_carea' id='block_1_7' title="bbox 201 635 1569 706">
    <p class='ocr_par' dir='ltr' id='par_1_7' title="bbox 201 635 1569 706">
     <span class='ocr_line' id='line_1_7' title="bbox 201 635 1569 706; baseline -0.002 -15"><span class='ocrx_word' id='word_1_26' title='bbox 201 637 463 691; x_wconf 85' lang='lat' dir='ltr'>Exclusus</span> <span class='ocrx_word' id='word_1_27' title='bbox 501 637 642 700; x_wconf 86' lang='lat' dir='ltr'>sore,</span> <span class='ocrx_word' id='word_1_28' title='bbox 685 655 808 692; x_wconf 91' lang='lat' dir='ltr'>cum</span> <span class='ocrx_word' id='word_1_29' title='bbox 845 638 1197 706; x_wconf 77' lang='lat' dir='ltr'>Longarenus</span> <span class='ocrx_word' id='word_1_30' title='bbox 1236 635 1373 690; x_wconf 87' lang='lat' dir='ltr'>foret</span> <span class='ocrx_word' id='word_1_31' title='bbox 1413 636 1569 688; x_wconf 79' lang='lat' dir='ltr'>intus,</span> 
     </span>
    </p>
   </div>
   <div class='ocr_carea' id='block_1_8' title="bbox 205 737 1549 793">
    <p class='ocr_par' dir='ltr' id='par_1_8' title="bbox 205 737 1549 793">
     <span class='ocr_line' id='line_1_8' title="bbox 205 737 1549 793; baseline 0 -2"><span class='ocrx_word' id='word_1_32' title='bbox 205 739 342 793; x_wconf 91' lang='lat' dir='ltr'>Huic</span> <span class='ocrx_word' id='word_1_33' title='bbox 382 740 425 793; x_wconf 88' lang='lat' dir='ltr'>si</span> <span class='ocrx_word' id='word_1_34' title='bbox 464 740 698 793; x_wconf 89' lang='lat' dir='ltr'>mutonis</span> <span class='ocrx_word' id='word_1_35' title='bbox 735 739 916 793; x_wconf 80' lang='lat' dir='ltr'>verbis</span> <span class='ocrx_word' id='word_1_36' title='bbox 954 737 1096 792; x_wconf 88' lang='lat' dir='ltr'>mala</span> <span class='ocrx_word' id='word_1_37' title='bbox 1134 747 1277 792; x_wconf 90' lang='lat' dir='ltr'>tanta</span> <span class='ocrx_word' id='word_1_38' title='bbox 1318 737 1549 792; x_wconf 80' lang='lat' dir='ltr'>videntis</span> 
     </span>
    </p>
   </div>
   <div class='ocr_carea' id='block_1_9' title="bbox 202 839 1958 911">
    <p class='ocr_par' dir='ltr' id='par_1_9' title="bbox 202 839 1958 911">
     <span class='ocr_line' id='line_1_9' title="bbox 202 839 1958 911; baseline -0.001 -17"><span class='ocrx_word' id='word_1_39' title='bbox 202 842 420 896; x_wconf 82' lang='lat' dir='ltr'>Diceret</span> <span class='ocrx_word' id='word_1_40' title='bbox 458 841 594 896; x_wconf 89' lang='lat' dir='ltr'>haec</span> <span class='ocrx_word' id='word_1_41' title='bbox 633 842 868 895; x_wconf 88' lang='lat' dir='ltr'>animus:</span> <span class='ocrx_word' id='word_1_42' title='bbox 911 841 1053 906; x_wconf 82' lang='lat' dir='ltr'>Quid</span> <span class='ocrx_word' id='word_1_43' title='bbox 1093 841 1174 894; x_wconf 89' lang='lat' dir='ltr'>vis</span> <span class='ocrx_word' id='word_1_44' title='bbox 1214 841 1350 894; x_wconf 82' lang='lat' dir='ltr'>tihi?</span> <span class='ocrx_word' id='word_1_45' title='bbox 1389 839 1655 911; x_wconf 86' lang='lat' dir='ltr'>numquid</span> <span class='ocrx_word' id='word_1_46' title='bbox 1694 857 1794 910; x_wconf 77' lang='lat' dir='ltr'>ego</span> <span class='ocrx_word' id='word_1_47' title='bbox 1836 857 1865 892; x_wconf 89' lang='lat' dir='ltr'>a</span> <span class='ocrx_word' id='word_1_48' title='bbox 1906 848 1958 893; x_wconf 89' lang='lat' dir='ltr'>te</span> 
     </span>
    </p>
   </div>
   <div class='ocr_carea' id='block_1_10' title="bbox 199 942 1569 1014">
    <p class='ocr_par' dir='ltr' id='par_1_10' title="bbox 199 942 1569 1014">
     <span class='ocr_line' id='line_1_10' title="bbox 199 942 1569 1014; baseline 0 -19"><span class='ocrx_word' id='word_1_49' title='bbox 199 944 390 1014; x_wconf 78' lang='lat' dir='ltr'>Magno</span> <span class='ocrx_word' id='word_1_50' title='bbox 430 952 749 1014; x_wconf 80' lang='lat' dir='ltr'>prognatum</span> <span class='ocrx_word' id='word_1_51' title='bbox 789 942 1031 1014; x_wconf 80' lang='lat' dir='ltr'>deposco</span> <span class='ocrx_word' id='word_1_52' title='bbox 1070 942 1293 996; x_wconf 90' lang='lat' dir='ltr'>consule</span> <span class='ocrx_word' id='word_1_53' title='bbox 1334 960 1569 997; x_wconf 91' lang='lat' dir='ltr'>cunnum</span> 
     </span>
    </p>
   </div>
   <div class='ocr_carea' id='block_1_11' title="bbox 1964 943 2030 994">
    <p class='ocr_par' dir='ltr' id='par_1_11' title="bbox 1964 943 2030 994">
     <span class='ocr_line' id='line_1_11' title="bbox 1964 943 2030 994; baseline -0.015 -1"><span class='ocrx_word' id='word_1_54' title='bbox 1964 943 2030 994; x_wconf 83' lang='lat'>70</span> 
     </span>
    </p>
   </div>
   <div class='ocr_carea' id='block_1_12' title="bbox 199 1044 1581 1116">
    <p class='ocr_par' dir='ltr' id='par_1_12' title="bbox 199 1044 1581 1116">
     <span class='ocr_line' id='line_1_12' title="bbox 199 1044 1581 1116; baseline 0 -18"><span class='ocrx_word' id='word_1_55' title='bbox 199 1044 552 1116; x_wconf 79' lang='lat' dir='ltr'>Velatumque</span> <span class='ocrx_word' id='word_1_56' title='bbox 593 1044 751 1109; x_wconf 88' lang='lat' dir='ltr'>stola,</span> <span class='ocrx_word' id='word_1_57' title='bbox 794 1063 917 1100; x_wconf 88' lang='lat' dir='ltr'>mea</span> <span class='ocrx_word' id='word_1_58' title='bbox 955 1064 1078 1101; x_wconf 88' lang='lat' dir='ltr'>cum</span> <span class='ocrx_word' id='word_1_59' title='bbox 1125 1045 1426 1100; x_wconf 78' lang='lat' dir='ltr'>conferbuit</span> <span class='ocrx_word' id='word_1_60' title='bbox 1465 1045 1581 1099; x_wconf 76' lang='lat' dir='ltr'>ira?</span> 
     </span>
    </p>
   </div>
   <div class='ocr_carea' id='block_1_13' title="bbox 309 1227 1975 1281">
    <p class='ocr_par' dir='ltr' id='par_1_13' title="bbox 309 1227 1975 1281">
     <span class='ocr_line' id='line_1_13' title="bbox 309 1227 1975 1281; baseline 0 -14"><span class='ocrx_word' id='word_1_61' title='bbox 309 1227 374 1267; x_wconf 74' lang='lat'>64.</span> <span class='ocrx_word' id='word_1_62' title='bbox 411 1227 551 1267; x_wconf 84' lang='lat' dir='ltr'>Tillius</span> <span class='ocrx_word' id='word_1_63' title='bbox 579 1227 622 1267; x_wconf 88' lang='lat' dir='ltr'>b.</span> <span class='ocrx_word' id='word_1_64' title='bbox 661 1251 705 1255; x_wconf 90' lang='lat'>—-</span> <span class='ocrx_word' id='word_1_65' title='bbox 740 1228 806 1268; x_wconf 87' lang='lat'>68.</span> <span class='ocrx_word' id='word_1_66' title='bbox 838 1228 994 1268; x_wconf 79' lang='lat' dir='ltr'>videnti</span> <span class='ocrx_word' id='word_1_67' title='bbox 1027 1228 1203 1280; x_wconf 89' lang='lat' dir='ltr'>BbScp‚</span> <span class='ocrx_word' id='word_1_68' title='bbox 1239 1230 1422 1281; x_wconf 89' lang='lat' dir='ltr'>«scripti</span> <span class='ocrx_word' id='word_1_69' title='bbox 1465 1228 1643 1269; x_wconf 87' lang='lat' dir='ltr'>codices</span> <span class='ocrx_word' id='word_1_70' title='bbox 1677 1227 1885 1280; x_wconf 70' lang='lat' dir='ltr'>(Bentleii)</span> <span class='ocrx_word' id='word_1_71' title='bbox 1920 1229 1975 1268; x_wconf 80' lang='lat' dir='ltr'>ad</span> 
     </span>
    </p>
   </div>
   <div class='ocr_carea' id='block_1_14' title="bbox 251 1290 1047 1340">
    <p class='ocr_par' dir='ltr' id='par_1_14' title="bbox 251 1290 1047 1340">
     <span class='ocr_line' id='line_1_14' title="bbox 251 1290 1047 1340; baseline 0.003 -11"><span class='ocrx_word' id='word_1_72' title='bbox 251 1301 391 1330; x_wconf 90' lang='lat' dir='ltr'>unum</span> <span class='ocrx_word' id='word_1_73' title='bbox 421 1301 621 1340; x_wconf 85' lang='lat' dir='ltr'>omnes»,</span> <span class='ocrx_word' id='word_1_74' title='bbox 654 1292 706 1330; x_wconf 94' lang='lat' dir='ltr'>Lt</span> <span class='ocrx_word' id='word_1_75' title='bbox 736 1292 779 1330; x_wconf 90' lang='lat' dir='ltr'>et</span> <span class='ocrx_word' id='word_1_76' title='bbox 808 1290 1047 1331; x_wconf 88' lang='lat' dir='ltr'>Bentleius.</span> 
     </span>
    </p>
   </div>
   <div class='ocr_carea' id='block_1_15' title="bbox 191 1446 1095 3493">
    <p class='ocr_par' dir='ltr' id='par_1_15' title="bbox 191 1446 1095 3493">
     <span class='ocr_line' id='line_1_15' title="bbox 196 1446 1082 1498; baseline 0 -12"><span class='ocrx_word' id='word_1_77' title='bbox 196 1446 351 1498; x_wconf 82' lang='lat' dir='ltr'>iunge,</span> <span class='ocrx_word' id='word_1_78' title='bbox 384 1449 433 1487; x_wconf 86' lang='lat' dir='ltr'>ut</span> <span class='ocrx_word' id='word_1_79' title='bbox 463 1447 576 1487; x_wconf 89' lang='lat' dir='ltr'>duae</span> <span class='ocrx_word' id='word_1_80' title='bbox 609 1447 839 1487; x_wconf 79' lang='lat' dir='ltr'>dumtaxat</span> <span class='ocrx_word' id='word_1_81' title='bbox 869 1448 955 1487; x_wconf 82' lang='lat' dir='ltr'>sint</span> <span class='ocrx_word' id='word_1_82' title='bbox 975 1458 1082 1498; x_wconf 88' lang='lat' dir='ltr'>per-</span> 
     </span>
     <span class='ocr_line' id='line_1_16' title="bbox 198 1509 1083 1559; baseline 0.002 -11"><span class='ocrx_word' id='word_1_83' title='bbox 198 1520 357 1558; x_wconf 89' lang='lat' dir='ltr'>sonae,</span> <span class='ocrx_word' id='word_1_84' title='bbox 401 1521 489 1549; x_wconf 91' lang='lat' dir='ltr'>non</span> <span class='ocrx_word' id='word_1_85' title='bbox 520 1512 636 1559; x_wconf 88' lang='lat' dir='ltr'>tres,</span> <span class='ocrx_word' id='word_1_86' title='bbox 670 1511 717 1548; x_wconf 89' lang='lat' dir='ltr'>ut</span> <span class='ocrx_word' id='word_1_87' title='bbox 749 1521 851 1550; x_wconf 90' lang='lat' dir='ltr'>cum</span> <span class='ocrx_word' id='word_1_88' title='bbox 884 1509 1083 1550; x_wconf 86' lang='lat' dir='ltr'>Scholia-</span> 
     </span>
     <span class='ocr_line' id='line_1_17' title="bbox 196 1571 1083 1624; baseline 0.001 -12"><span class='ocrx_word' id='word_1_89' title='bbox 196 1573 275 1612; x_wconf 90' lang='lat' dir='ltr'>stis</span> <span class='ocrx_word' id='word_1_90' title='bbox 305 1571 397 1611; x_wconf 63' lang='lat' dir='ltr'>volt</span> <span class='ocrx_word' id='word_1_91' title='bbox 417 1572 658 1612; x_wconf 86' lang='lat' dir='ltr'>Bentleius.</span> <span class='ocrx_word' id='word_1_92' title='bbox 720 1573 895 1612; x_wconf 82' lang='lat' dir='ltr'>Etenim</span> <span class='ocrx_word' id='word_1_93' title='bbox 917 1584 998 1624; x_wconf 88' lang='lat' dir='ltr'>per</span> <span class='ocrx_word' id='word_1_94' title='bbox 1017 1574 1083 1613; x_wconf 91' lang='lat' dir='ltr'>to—</span> 
     </span>
     <span class='ocr_line' id='line_1_18' title="bbox 195 1635 1082 1688; baseline 0.001 -14"><span class='ocrx_word' id='word_1_95' title='bbox 195 1636 287 1674; x_wconf 87' lang='lat' dir='ltr'>tam</span> <span class='ocrx_word' id='word_1_96' title='bbox 318 1635 501 1675; x_wconf 87' lang='lat' dir='ltr'>satiram</span> <span class='ocrx_word' id='word_1_97' title='bbox 533 1635 588 1675; x_wconf 88' lang='lat' dir='ltr'>de</span> <span class='ocrx_word' id='word_1_98' title='bbox 620 1635 782 1674; x_wconf 73' lang='lat' dir='ltr'>ancillis</span> <span class='ocrx_word' id='word_1_99' title='bbox 811 1637 990 1688; x_wconf 84' lang='lat' dir='ltr'>proprie</span> <span class='ocrx_word' id='word_1_100' title='bbox 1014 1636 1082 1675; x_wconf 89' lang='lat' dir='ltr'>di—</span> 
     </span>
     <span class='ocr_line' id='line_1_19' title="bbox 198 1696 1081 1748; baseline 0.002 -12"><span class='ocrx_word' id='word_1_101' title='bbox 198 1698 279 1737; x_wconf 85' lang='lat' dir='ltr'>ctis</span> <span class='ocrx_word' id='word_1_102' title='bbox 310 1708 530 1746; x_wconf 89' lang='lat' dir='ltr'>nusquam</span> <span class='ocrx_word' id='word_1_103' title='bbox 571 1696 790 1748; x_wconf 89' lang='lat' dir='ltr'>loquitur,</span> <span class='ocrx_word' id='word_1_104' title='bbox 837 1699 886 1738; x_wconf 87' lang='lat' dir='ltr'>ut</span> <span class='ocrx_word' id='word_1_105' title='bbox 925 1701 1081 1738; x_wconf 85' lang='lat' dir='ltr'>contra</span> 
     </span>
     <span class='ocr_line' id='line_1_20' title="bbox 197 1758 1083 1811; baseline 0 -11"><span class='ocrx_word' id='word_1_106' title='bbox 197 1758 380 1800; x_wconf 88' lang='lat' dir='ltr'>Martial.</span> <span class='ocrx_word' id='word_1_107' title='bbox 406 1759 451 1809; x_wconf 87' lang='lat'>3,</span> <span class='ocrx_word' id='word_1_108' title='bbox 486 1759 559 1799; x_wconf 89' lang='lat'>33:</span> <span class='ocrx_word' id='word_1_109' title='bbox 591 1760 825 1811; x_wconf 59' lang='lat' dir='ltr'>Ingenuam</span> <span class='ocrx_word' id='word_1_110' title='bbox 844 1761 980 1811; x_wconf 79' lang='lat' dir='ltr'>malo,</span> <span class='ocrx_word' id='word_1_111' title='bbox 1013 1762 1083 1801; x_wconf 80' lang='lat' dir='ltr'>secl</span> 
     </span>
     <span class='ocr_line' id='line_1_21' title="bbox 194 1821 1083 1873; baseline 0.001 -12"><span class='ocrx_word' id='word_1_112' title='bbox 194 1822 229 1861; x_wconf 88' lang='lat' dir='ltr'>si</span> <span class='ocrx_word' id='word_1_113' title='bbox 259 1826 397 1861; x_wconf 82' lang='lat' dir='ltr'>tamen</span> <span class='ocrx_word' id='word_1_114' title='bbox 425 1821 499 1861; x_wconf 90' lang='lat' dir='ltr'>illa</span> <span class='ocrx_word' id='word_1_115' title='bbox 518 1826 714 1873; x_wconf 66' lang='lat' dir='ltr'>neqetur,</span> <span class='ocrx_word' id='word_1_116' title='bbox 747 1821 962 1862; x_wconf 70' lang='lat' dir='ltr'>Libertina</span> <span class='ocrx_word' id='word_1_117' title='bbox 982 1823 1083 1863; x_wconf 73' lang='lat' dir='ltr'>milii</span> 
     </span>
     <span class='ocr_line' id='line_1_22' title="bbox 191 1885 1085 1934; baseline 0.002 -10"><span class='ocrx_word' id='word_1_118' title='bbox 191 1885 397 1934; x_wconf 63' lang='lat' dir='ltr'>promima</span> <span class='ocrx_word' id='word_1_119' title='bbox 439 1885 624 1924; x_wconf 82' lang='lat' dir='ltr'>condicio</span> <span class='ocrx_word' id='word_1_120' title='bbox 665 1889 721 1924; x_wconf 86' lang='lat' dir='ltr'>est</span> <span class='ocrx_word' id='word_1_121' title='bbox 735 1897 747 1923; x_wconf 95' lang='grc'>.·</span> <span class='ocrx_word' id='word_1_122' title='bbox 792 1885 995 1925; x_wconf 73' lang='lat' dir='ltr'>Eoetremo</span> <span class='ocrx_word' id='word_1_123' title='bbox 1027 1890 1085 1926; x_wconf 87' lang='lat' dir='ltr'>est</span> 
     </span>
     <span class='ocr_line' id='line_1_23' title="bbox 196 1947 1084 1999; baseline 0.003 -13"><span class='ocrx_word' id='word_1_124' title='bbox 196 1947 354 1987; x_wconf 84' lang='lat' dir='ltr'>ancilla</span> <span class='ocrx_word' id='word_1_125' title='bbox 383 1947 493 1995; x_wconf 87' lang='lat' dir='ltr'>loco,·</span> <span class='ocrx_word' id='word_1_126' title='bbox 523 1948 592 1987; x_wconf 85' lang='lat' dir='ltr'>secl</span> <span class='ocrx_word' id='word_1_127' title='bbox 611 1947 745 1987; x_wconf 67' lang='lat' dir='ltr'>vincet</span> <span class='ocrx_word' id='word_1_128' title='bbox 764 1951 1005 1999; x_wconf 78' lang='lat' dir='ltr'>utramque,</span> <span class='ocrx_word' id='word_1_129' title='bbox 1038 1949 1084 1989; x_wconf 84' lang='lat' dir='ltr'>Si</span> 
     </span>
     <span class='ocr_line' id='line_1_24' title="bbox 195 2008 1083 2062; baseline 0.001 -12"><span class='ocrx_word' id='word_1_130' title='bbox 195 2010 305 2061; x_wconf 81' lang='lat' dir='ltr'>facie</span> <span class='ocrx_word' id='word_1_131' title='bbox 341 2009 458 2049; x_wconf 83' lang='lat' dir='ltr'>nobis</span> <span class='ocrx_word' id='word_1_132' title='bbox 494 2010 594 2050; x_wconf 82' lang='lat' dir='ltr'>haec</span> <span class='ocrx_word' id='word_1_133' title='bbox 632 2011 710 2050; x_wconf 85' lang='lat' dir='ltr'>erit</span> <span class='ocrx_word' id='word_1_134' title='bbox 747 2008 945 2062; x_wconf 65' lang='lat' dir='ltr'>ingenua.</span> <span class='ocrx_word' id='word_1_135' title='bbox 1014 2012 1083 2051; x_wconf 89' lang='lat' dir='ltr'>Sic</span> 
     </span>
     <span class='ocr_line' id='line_1_25' title="bbox 196 2073 1080 2124; baseline 0.002 -12"><span class='ocrx_word' id='word_1_136' title='bbox 196 2073 350 2112; x_wconf 91' lang='lat' dir='ltr'>autem</span> <span class='ocrx_word' id='word_1_137' title='bbox 372 2073 663 2124; x_wconf 85' lang='lat' dir='ltr'>contemptim</span> <span class='ocrx_word' id='word_1_138' title='bbox 683 2075 815 2113; x_wconf 73' lang='lat' dir='ltr'>vocat</span> <span class='ocrx_word' id='word_1_139' title='bbox 834 2073 1080 2123; x_wconf 87' lang='lat' dir='ltr'>libertinas,</span> 
     </span>
     <span class='ocr_line' id='line_1_26' title="bbox 198 2135 1085 2187; baseline 0.002 -13"><span class='ocrx_word' id='word_1_140' title='bbox 198 2145 312 2186; x_wconf 91' lang='lat' dir='ltr'>quae</span> <span class='ocrx_word' id='word_1_141' title='bbox 357 2135 507 2174; x_wconf 85' lang='lat' dir='ltr'>tunica</span> <span class='ocrx_word' id='word_1_142' title='bbox 552 2136 596 2174; x_wconf 92' lang='lat' dir='ltr'>et</span> <span class='ocrx_word' id='word_1_143' title='bbox 639 2136 742 2186; x_wconf 80' lang='lat' dir='ltr'>toga</span> <span class='ocrx_word' id='word_1_144' title='bbox 787 2147 870 2187; x_wconf 87' lang='lat' dir='ltr'>pro</span> <span class='ocrx_word' id='word_1_145' title='bbox 915 2138 1085 2177; x_wconf 87' lang='lat' dir='ltr'>matro-</span> 
     </span>
     <span class='ocr_line' id='line_1_27' title="bbox 196 2196 1080 2249; baseline 0.003 -13"><span class='ocrx_word' id='word_1_146' title='bbox 196 2207 357 2237; x_wconf 89' lang='lat' dir='ltr'>narum</span> <span class='ocrx_word' id='word_1_147' title='bbox 393 2196 503 2237; x_wconf 89' lang='lat' dir='ltr'>stola</span> <span class='ocrx_word' id='word_1_148' title='bbox 540 2199 584 2236; x_wconf 86' lang='lat' dir='ltr'>et</span> <span class='ocrx_word' id='word_1_149' title='bbox 618 2196 730 2249; x_wconf 85' lang='lat' dir='ltr'>palla</span> <span class='ocrx_word' id='word_1_150' title='bbox 759 2198 1080 2239; x_wconf 69' lang='lat' dir='ltr'>vestiebantur.</span> 
     </span>
     <span class='ocr_line' id='line_1_28' title="bbox 200 2258 1084 2310; baseline 0.003 -12"><span class='ocrx_word' id='word_1_151' title='bbox 200 2260 304 2309; x_wconf 92' lang='lat' dir='ltr'>(Cic.</span> <span class='ocrx_word' id='word_1_152' title='bbox 338 2258 446 2298; x_wconf 91' lang='lat' dir='ltr'>Phil.</span> <span class='ocrx_word' id='word_1_153' title='bbox 479 2260 523 2308; x_wconf 72' lang='lat'>2,</span> <span class='ocrx_word' id='word_1_154' title='bbox 559 2259 632 2308; x_wconf 76' lang='lat'>48,</span> <span class='ocrx_word' id='word_1_155' title='bbox 666 2259 742 2299; x_wconf 73' lang='lat'>44:</span> <span class='ocrx_word' id='word_1_156' title='bbox 776 2260 999 2310; x_wconf 75' lang='lat' dir='ltr'>Sumpsisti</span> <span class='ocrx_word' id='word_1_157' title='bbox 1018 2262 1084 2301; x_wconf 82' lang='lat' dir='ltr'>vi-</span> 
     </span>
     <span class='ocr_line' id='line_1_29' title="bbox 196 2322 1084 2370; baseline 0.003 -9"><span class='ocrx_word' id='word_1_158' title='bbox 196 2322 340 2370; x_wconf 77' lang='lat' dir='ltr'>rilem,</span> <span class='ocrx_word' id='word_1_159' title='bbox 389 2332 517 2370; x_wconf 79' lang='lat' dir='ltr'>quam</span> <span class='ocrx_word' id='word_1_160' title='bbox 553 2323 697 2361; x_wconf 73' lang='lat' dir='ltr'>statim</span> <span class='ocrx_word' id='word_1_161' title='bbox 724 2323 967 2363; x_wconf 80' lang='lat' dir='ltr'>muliebrem</span> <span class='ocrx_word' id='word_1_162' title='bbox 1007 2328 1084 2364; x_wconf 88' lang='lat' dir='ltr'>to-</span> 
     </span>
     <span class='ocr_line' id='line_1_30' title="bbox 197 2385 1086 2437; baseline 0.003 -14"><span class='ocrx_word' id='word_1_163' title='bbox 197 2395 312 2436; x_wconf 70' lang='lat' dir='ltr'>gyam</span> <span class='ocrx_word' id='word_1_164' title='bbox 340 2385 571 2424; x_wconf 80' lang='lat' dir='ltr'>reddidisti.</span> <span class='ocrx_word' id='word_1_165' title='bbox 621 2386 762 2425; x_wconf 83' lang='lat' dir='ltr'>Primo</span> <span class='ocrx_word' id='word_1_166' title='bbox 782 2386 954 2437; x_wconf 60' lang='lat' dir='ltr'>volgare</span> <span class='ocrx_word' id='word_1_167' title='bbox 973 2397 1086 2426; x_wconf 86' lang='lat' dir='ltr'>scor—</span> 
     </span>
     <span class='ocr_line' id='line_1_31' title="bbox 198 2447 1086 2499; baseline 0.001 -13"><span class='ocrx_word' id='word_1_168' title='bbox 198 2451 312 2495; x_wconf 80' lang='lat' dir='ltr'>tum;</span> <span class='ocrx_word' id='word_1_169' title='bbox 332 2448 466 2486; x_wconf 81' lang='lat' dir='ltr'>--secl</span> <span class='ocrx_word' id='word_1_170' title='bbox 492 2447 572 2486; x_wconf 83' lang='lat' dir='ltr'>cito</span> <span class='ocrx_word' id='word_1_171' title='bbox 599 2447 726 2488; x_wconf 87' lang='lat' dir='ltr'>Curio</span> <span class='ocrx_word' id='word_1_172' title='bbox 747 2448 982 2498; x_wconf 69' lang='lat' dir='ltr'>intervenit,</span> <span class='ocrx_word' id='word_1_173' title='bbox 1015 2449 1086 2499; x_wconf 80' lang='lat' dir='ltr'>qui</span> 
     </span>
     <span class='ocr_line' id='line_1_32' title="bbox 199 2510 1087 2559; baseline 0.001 -10"><span class='ocrx_word' id='word_1_174' title='bbox 199 2514 235 2549; x_wconf 88' lang='lat' dir='ltr'>te</span> <span class='ocrx_word' id='word_1_175' title='bbox 273 2520 300 2548; x_wconf 91' lang='lat' dir='ltr'>a</span> <span class='ocrx_word' id='word_1_176' title='bbox 333 2510 568 2549; x_wconf 83' lang='lat' dir='ltr'>meretricio</span> <span class='ocrx_word' id='word_1_177' title='bbox 613 2514 787 2559; x_wconf 83' lang='lat' dir='ltr'>quaestu</span> <span class='ocrx_word' id='word_1_178' title='bbox 829 2510 1008 2550; x_wconf 71' lang='lat' dir='ltr'>abduxit</span> <span class='ocrx_word' id='word_1_179' title='bbox 1049 2515 1087 2550; x_wconf 86' lang='lat' dir='ltr'>et</span> 
     </span>
     <span class='ocr_line' id='line_1_33' title="bbox 200 2571 1086 2619; baseline 0.001 -9"><span class='ocrx_word' id='word_1_180' title='bbox 200 2576 419 2619; x_wconf 79' lang='lat' dir='ltr'>tamquam</span> <span class='ocrx_word' id='word_1_181' title='bbox 447 2571 640 2609; x_wconf 85' lang='lat' dir='ltr'>stolam</span> <span class='ocrx_word' id='word_1_182' title='bbox 679 2571 869 2619; x_wconf 80' lang='lat' dir='ltr'>dedisset,</span> <span class='ocrx_word' id='word_1_183' title='bbox 912 2573 956 2610; x_wconf 81' lang='lat' dir='ltr'>in</span> <span class='ocrx_word' id='word_1_184' title='bbox 990 2583 1086 2611; x_wconf 86' lang='lat' dir='ltr'>ma-</span> 
     </span>
     <span class='ocr_line' id='line_1_34' title="bbox 199 2632 1081 2685; baseline 0 -12"><span class='ocrx_word' id='word_1_185' title='bbox 199 2633 396 2674; x_wconf 84' lang='lat' dir='ltr'>trimonio</span> <span class='ocrx_word' id='word_1_186' title='bbox 416 2632 553 2672; x_wconf 84' lang='lat' dir='ltr'>stabili</span> <span class='ocrx_word' id='word_1_187' title='bbox 573 2637 611 2672; x_wconf 82' lang='lat' dir='ltr'>et</span> <span class='ocrx_word' id='word_1_188' title='bbox 630 2637 741 2672; x_wconf 83' lang='lat' dir='ltr'>certo</span> <span class='ocrx_word' id='word_1_189' title='bbox 764 2633 952 2685; x_wconf 79' lang='lat' dir='ltr'>locavit.)</span> <span class='ocrx_word' id='word_1_190' title='bbox 988 2633 1081 2674; x_wconf 87' lang='lat' dir='ltr'>Tib.</span> 
     </span>
     <span class='ocr_line' id='line_1_35' title="bbox 202 2695 1089 2747; baseline -0.001 -10"><span class='ocrx_word' id='word_1_191' title='bbox 202 2695 252 2745; x_wconf 78' lang='lat'>4,</span> <span class='ocrx_word' id='word_1_192' title='bbox 287 2695 361 2744; x_wconf 75' lang='lat'>40,</span> <span class='ocrx_word' id='word_1_193' title='bbox 397 2695 445 2734; x_wconf 88' lang='lat'>3:</span> <span class='ocrx_word' id='word_1_194' title='bbox 479 2695 543 2735; x_wconf 83' lang='lat' dir='ltr'>Sit</span> <span class='ocrx_word' id='word_1_195' title='bbox 572 2695 644 2734; x_wconf 82' lang='lat' dir='ltr'>tibi</span> <span class='ocrx_word' id='word_1_196' title='bbox 672 2706 777 2735; x_wconf 87' lang='lat' dir='ltr'>cura</span> <span class='ocrx_word' id='word_1_197' title='bbox 800 2700 922 2747; x_wconf 70' lang='lat' dir='ltr'>toque</span> <span class='ocrx_word' id='word_1_198' title='bbox 945 2695 1089 2747; x_wconf 86' lang='lat' dir='ltr'>(liber-</span> 
     </span>
     <span class='ocr_line' id='line_1_36' title="bbox 202 2757 1088 2808; baseline -0.002 -10"><span class='ocrx_word' id='word_1_199' title='bbox 202 2757 340 2807; x_wconf 83' lang='lat' dir='ltr'>tinae)</span> <span class='ocrx_word' id='word_1_200' title='bbox 395 2757 539 2807; x_wconf 82' lang='lat' dir='ltr'>potior</span> <span class='ocrx_word' id='word_1_201' title='bbox 590 2768 863 2808; x_wconf 79' lang='lat' dir='ltr'>pressumque</span> <span class='ocrx_word' id='word_1_202' title='bbox 912 2758 1088 2808; x_wconf 79' lang='lat' dir='ltr'>quasillo</span> 
     </span>
     <span class='ocr_line' id='line_1_37' title="bbox 204 2820 1084 2872; baseline 0 -12"><span class='ocrx_word' id='word_1_203' title='bbox 204 2821 398 2860; x_wconf 79' lang='lat' dir='ltr'>Scortum</span> <span class='ocrx_word' id='word_1_204' title='bbox 436 2829 565 2868; x_wconf 79' lang='lat' dir='ltr'>quam</span> <span class='ocrx_word' id='word_1_205' title='bbox 600 2820 721 2859; x_wconf 82' lang='lat' dir='ltr'>Ser-vi</span> <span class='ocrx_word' id='word_1_206' title='bbox 754 2821 847 2872; x_wconf 75' lang='lat' dir='ltr'>filia</span> <span class='ocrx_word' id='word_1_207' title='bbox 881 2820 1084 2871; x_wconf 79' lang='lat' dir='ltr'>Sulpicia.</span> 
     </span>
     <span class='ocr_line' id='line_1_38' title="bbox 204 2881 1092 2934; baseline 0 -11"><span class='ocrx_word' id='word_1_208' title='bbox 204 2881 388 2923; x_wconf 83' lang='lat' dir='ltr'>Martial.</span> <span class='ocrx_word' id='word_1_209' title='bbox 413 2882 461 2931; x_wconf 71' lang='lat'>2,</span> <span class='ocrx_word' id='word_1_210' title='bbox 496 2882 569 2922; x_wconf 86' lang='lat'>39:</span> <span class='ocrx_word' id='word_1_211' title='bbox 604 2882 783 2922; x_wconf 87' lang='lat' dir='ltr'>Coccina</span> <span class='ocrx_word' id='word_1_212' title='bbox 811 2883 1001 2934; x_wconf 82' lang='lat' dir='ltr'>famosae</span> <span class='ocrx_word' id='word_1_213' title='bbox 1021 2884 1092 2923; x_wconf 87' lang='lat' dir='ltr'>do-</span> 
     </span>
     <span class='ocr_line' id='line_1_39' title="bbox 206 2944 1092 2986; baseline 0.001 -1"><span class='ocrx_word' id='word_1_214' title='bbox 206 2956 283 2985; x_wconf 89' lang='lat' dir='ltr'>nas</span> <span class='ocrx_word' id='word_1_215' title='bbox 317 2948 354 2984; x_wconf 85' lang='lat' dir='ltr'>et</span> <span class='ocrx_word' id='word_1_216' title='bbox 388 2944 581 2984; x_wconf 81' lang='lat' dir='ltr'>ianthina</span> <span class='ocrx_word' id='word_1_217' title='bbox 615 2945 833 2985; x_wconf 83' lang='lat' dir='ltr'>moechae:</span> <span class='ocrx_word' id='word_1_218' title='bbox 886 2946 951 2985; x_wconf 83' lang='lat' dir='ltr'>Vis</span> <span class='ocrx_word' id='word_1_219' title='bbox 989 2947 1092 2986; x_wconf 84' lang='lat' dir='ltr'>dare</span> 
     </span>
     <span class='ocr_line' id='line_1_40' title="bbox 207 3006 1087 3060; baseline 0.002 -14"><span class='ocrx_word' id='word_1_220' title='bbox 207 3017 316 3056; x_wconf 81' lang='lat' dir='ltr'>quae</span> <span class='ocrx_word' id='word_1_221' title='bbox 343 3007 497 3046; x_wconf 83' lang='lat' dir='ltr'>meruit</span> <span class='ocrx_word' id='word_1_222' title='bbox 524 3006 736 3046; x_wconf 72' lang='lat' dir='ltr'>munera?</span> <span class='ocrx_word' id='word_1_223' title='bbox 778 3008 898 3048; x_wconf 81' lang='lat' dir='ltr'>Mitte</span> <span class='ocrx_word' id='word_1_224' title='bbox 932 3012 1087 3060; x_wconf 77' lang='lat' dir='ltr'>to9ram.</span> 
     </span>
     <span class='ocr_line' id='line_1_41' title="bbox 211 3068 1093 3121; baseline 0 -11"><span class='ocrx_word' id='word_1_225' title='bbox 211 3068 288 3120; x_wconf 86' lang='lat' dir='ltr'>(Cf.</span> <span class='ocrx_word' id='word_1_226' title='bbox 310 3069 434 3110; x_wconf 86' lang='lat' dir='ltr'>Mart.</span> <span class='ocrx_word' id='word_1_227' title='bbox 455 3069 494 3117; x_wconf 88' lang='lat'>6,</span> <span class='ocrx_word' id='word_1_228' title='bbox 518 3068 586 3118; x_wconf 75' lang='lat'>64,</span> <span class='ocrx_word' id='word_1_229' title='bbox 610 3068 649 3109; x_wconf 79' lang='lat'>4.</span> <span class='ocrx_word' id='word_1_230' title='bbox 685 3070 756 3120; x_wconf 78' lang='lat'>40,</span> <span class='ocrx_word' id='word_1_231' title='bbox 775 3071 859 3121; x_wconf 74' lang='lat'>52.)</span> <span class='ocrx_word' id='word_1_232' title='bbox 892 3069 995 3112; x_wconf 91' lang='lat' dir='ltr'>Aliis</span> <span class='ocrx_word' id='word_1_233' title='bbox 1018 3083 1093 3111; x_wconf 82' lang='lat' dir='ltr'>an-</span> 
     </span>
     <span class='ocr_line' id='line_1_42' title="bbox 208 3131 1091 3186; baseline 0.003 -15"><span class='ocrx_word' id='word_1_234' title='bbox 208 3131 329 3172; x_wconf 87' lang='lat' dir='ltr'>cillae</span> <span class='ocrx_word' id='word_1_235' title='bbox 359 3135 526 3182; x_wconf 67' lang='lat' dir='ltr'>coyatae</span> <span class='ocrx_word' id='word_1_236' title='bbox 556 3133 658 3171; x_wconf 91' lang='lat' dir='ltr'>sunt</span> <span class='ocrx_word' id='word_1_237' title='bbox 687 3133 950 3174; x_wconf 83' lang='lat' dir='ltr'>meretrices</span> <span class='ocrx_word' id='word_1_238' title='bbox 972 3134 1091 3186; x_wconf 86' lang='lat' dir='ltr'>apud</span> 
     </span>
     <span class='ocr_line' id='line_1_43' title="bbox 210 3191 1091 3247; baseline 0.002 -13"><span class='ocrx_word' id='word_1_239' title='bbox 210 3193 419 3234; x_wconf 89' lang='lat' dir='ltr'>lenonem</span> <span class='ocrx_word' id='word_1_240' title='bbox 440 3191 709 3241; x_wconf 60' lang='lat' dir='ltr'>habitant-effi</span> <span class='ocrx_word' id='word_1_241' title='bbox 734 3194 814 3235; x_wconf 87' lang='lat' dir='ltr'>sed</span> <span class='ocrx_word' id='word_1_242' title='bbox 837 3195 946 3245; x_wconf 91' lang='lat' dir='ltr'>hae,</span> <span class='ocrx_word' id='word_1_243' title='bbox 980 3207 1091 3247; x_wconf 90' lang='lat' dir='ltr'>quas</span> 
     </span>
     <span class='ocr_line' id='line_1_44' title="bbox 212 3256 1090 3308; baseline 0.001 -11"><span class='ocrx_word' id='word_1_244' title='bbox 212 3256 419 3297; x_wconf 85' lang='lat' dir='ltr'>Horatius</span> <span class='ocrx_word' id='word_1_245' title='bbox 437 3266 461 3295; x_wconf 88' lang='lat' dir='ltr'>a</span> <span class='ocrx_word' id='word_1_246' title='bbox 478 3256 692 3295; x_wconf 88' lang='lat' dir='ltr'>matronis</span> <span class='ocrx_word' id='word_1_247' title='bbox 710 3256 949 3307; x_wconf 81' lang='lat' dir='ltr'>distinguit,</span> <span class='ocrx_word' id='word_1_248' title='bbox 974 3259 1090 3308; x_wconf 91' lang='lat' dir='ltr'>sunt,</span> 
     </span>
     <span class='ocr_line' id='line_1_45' title="bbox 211 3316 1094 3370; baseline 0.003 -12"><span class='ocrx_word' id='word_1_249' title='bbox 211 3320 260 3358; x_wconf 84' lang='lat' dir='ltr'>ut</span> <span class='ocrx_word' id='word_1_250' title='bbox 290 3318 440 3369; x_wconf 83' lang='lat' dir='ltr'>Origo,</span> <span class='ocrx_word' id='word_1_251' title='bbox 473 3316 742 3367; x_wconf 88' lang='lat' dir='ltr'>Arbuscula,</span> <span class='ocrx_word' id='word_1_252' title='bbox 777 3319 1004 3370; x_wconf 80' lang='lat' dir='ltr'>Cytheris,</span> <span class='ocrx_word' id='word_1_253' title='bbox 1040 3332 1094 3361; x_wconf 82' lang='lat' dir='ltr'>ex</span> 
     </span>
     <span class='ocr_line' id='line_1_46' title="bbox 215 3378 1093 3433; baseline 0.002 -13"><span class='ocrx_word' id='word_1_254' title='bbox 215 3391 268 3420; x_wconf 92' lang='lat' dir='ltr'>eo</span> <span class='ocrx_word' id='word_1_255' title='bbox 286 3390 450 3430; x_wconf 79' lang='lat' dir='ltr'>genere</span> <span class='ocrx_word' id='word_1_256' title='bbox 467 3378 729 3429; x_wconf 91' lang='lat' dir='ltr'>mulierum,</span> <span class='ocrx_word' id='word_1_257' title='bbox 756 3391 870 3431; x_wconf 83' lang='lat' dir='ltr'>quae</span> <span class='ocrx_word' id='word_1_258' title='bbox 892 3382 935 3421; x_wconf 92' lang='lat' dir='ltr'>in</span> <span class='ocrx_word' id='word_1_259' title='bbox 957 3382 1093 3433; x_wconf 90' lang='lat' dir='ltr'>ipsius</span> 
     </span>
     <span class='ocr_line' id='line_1_47' title="bbox 215 3440 1095 3493; baseline 0.002 -11"><span class='ocrx_word' id='word_1_260' title='bbox 215 3443 317 3482; x_wconf 88' lang='lat' dir='ltr'>Odis</span> <span class='ocrx_word' id='word_1_261' title='bbox 349 3445 392 3482; x_wconf 86' lang='lat' dir='ltr'>et</span> <span class='ocrx_word' id='word_1_262' title='bbox 421 3443 464 3482; x_wconf 90' lang='lat' dir='ltr'>in</span> <span class='ocrx_word' id='word_1_263' title='bbox 486 3440 641 3482; x_wconf 90' lang='lat' dir='ltr'>Tibulli</span> <span class='ocrx_word' id='word_1_264' title='bbox 661 3440 820 3493; x_wconf 77' lang='lat' dir='ltr'>Elegiis</span> <span class='ocrx_word' id='word_1_265' title='bbox 843 3454 1095 3484; x_wconf 88' lang='lat' dir='ltr'>memoran—</span> 
     </span>
    </p>
   </div>
   <div class='ocr_carea' id='block_1_16' title="bbox 1112 1292 1820 1343">
    <p class='ocr_par' dir='ltr' id='par_1_16' title="bbox 1112 1292 1820 1343">
     <span class='ocr_line' id='line_1_48' title="bbox 1112 1292 1820 1343; baseline -0.001 -11"><span class='ocrx_word' id='word_1_266' title='bbox 1112 1292 1176 1343; x_wconf 79' lang='lat' dir='ltr'>(Ut</span> <span class='ocrx_word' id='word_1_267' title='bbox 1208 1303 1305 1342; x_wconf 88' lang='lat' dir='ltr'>nos,</span> <span class='ocrx_word' id='word_1_268' title='bbox 1339 1292 1368 1332; x_wconf 84' lang='lat' dir='ltr'>d</span> <span class='ocrx_word' id='word_1_269' title='bbox 1399 1294 1443 1333; x_wconf 88' lang='lat' dir='ltr'>et</span> <span class='ocrx_word' id='word_1_270' title='bbox 1472 1292 1666 1333; x_wconf 85' lang='lat' dir='ltr'>Pottierii</span> <span class='ocrx_word' id='word_1_271' title='bbox 1699 1292 1820 1341; x_wconf 86' lang='lat' dir='ltr'>tres.)</span> 
     </span>
    </p>
   </div>
   <div class='ocr_carea' id='block_1_17' title="bbox 1142 1447 2041 3497">
    <p class='ocr_par' dir='ltr' id='par_1_17' title="bbox 1142 1447 2041 3497">
     <span class='ocr_line' id='line_1_49' title="bbox 1147 1447 2032 1500; baseline 0.002 -13"><span class='ocrx_word' id='word_1_272' title='bbox 1147 1449 1236 1495; x_wconf 86' lang='lat' dir='ltr'>tur,</span> <span class='ocrx_word' id='word_1_273' title='bbox 1286 1447 1540 1500; x_wconf 85' lang='lat' dir='ltr'>quibusque</span> <span class='ocrx_word' id='word_1_274' title='bbox 1580 1449 1736 1488; x_wconf 86' lang='lat' dir='ltr'>Artem</span> <span class='ocrx_word' id='word_1_275' title='bbox 1768 1449 2032 1490; x_wconf 85' lang='lat' dir='ltr'>amatoriam</span> 
     </span>
     <span class='ocr_line' id='line_1_50' title="bbox 1146 1510 2033 1562; baseline 0.001 -12"><span class='ocrx_word' id='word_1_276' title='bbox 1146 1511 1397 1562; x_wconf 84' lang='lat' dir='ltr'>composuit</span> <span class='ocrx_word' id='word_1_277' title='bbox 1428 1510 1630 1558; x_wconf 66' lang='lat' dir='ltr'>Ovidius,</span> <span class='ocrx_word' id='word_1_278' title='bbox 1665 1521 1753 1551; x_wconf 89' lang='lat' dir='ltr'>non</span> <span class='ocrx_word' id='word_1_279' title='bbox 1783 1511 1923 1551; x_wconf 89' lang='lat' dir='ltr'>infimi</span> <span class='ocrx_word' id='word_1_280' title='bbox 1948 1510 2033 1551; x_wconf 91' lang='lat' dir='ltr'>Ioci</span> 
     </span>
     <span class='ocr_line' id='line_1_51' title="bbox 1144 1572 2029 1624; baseline 0.001 -12"><span class='ocrx_word' id='word_1_281' title='bbox 1144 1572 1415 1624; x_wconf 88' lang='lat' dir='ltr'>prostibula,</span> <span class='ocrx_word' id='word_1_282' title='bbox 1465 1572 1520 1612; x_wconf 87' lang='lat' dir='ltr'>de</span> <span class='ocrx_word' id='word_1_283' title='bbox 1563 1572 1726 1624; x_wconf 88' lang='lat' dir='ltr'>quibus</span> <span class='ocrx_word' id='word_1_284' title='bbox 1769 1573 1891 1613; x_wconf 80' lang='lat' dir='ltr'>ovid.</span> <span class='ocrx_word' id='word_1_285' title='bbox 1930 1575 2029 1613; x_wconf 90' lang='lat' dir='ltr'>Am.</span> 
     </span>
     <span class='ocr_line' id='line_1_52' title="bbox 1148 1635 2034 1685; baseline 0.001 -11"><span class='ocrx_word' id='word_1_286' title='bbox 1148 1636 1193 1685; x_wconf 71' lang='lat'>4,</span> <span class='ocrx_word' id='word_1_287' title='bbox 1227 1636 1304 1684; x_wconf 75' lang='grc'>10,</span> <span class='ocrx_word' id='word_1_288' title='bbox 1338 1636 1412 1675; x_wconf 69' lang='lat'>2¹¹:</span> <span class='ocrx_word' id='word_1_289' title='bbox 1448 1635 1542 1675; x_wconf 84' lang='lat' dir='ltr'>Stat</span> <span class='ocrx_word' id='word_1_290' title='bbox 1570 1636 1775 1675; x_wconf 62' lang='lat' dir='ltr'>meretrix</span> <span class='ocrx_word' id='word_1_291' title='bbox 1803 1640 1914 1676; x_wconf 86' lang='lat' dir='ltr'>certo</span> <span class='ocrx_word' id='word_1_292' title='bbox 1941 1636 2034 1676; x_wconf 82' lang='lat' dir='ltr'>cui-</span> 
     </span>
     <span class='ocr_line' id='line_1_53' title="bbox 1144 1698 2035 1739; baseline 0.001 -2"><span class='ocrx_word' id='word_1_293' title='bbox 1144 1698 1207 1738; x_wconf 84' lang='lat' dir='ltr'>vis</span> <span class='ocrx_word' id='word_1_294' title='bbox 1234 1698 1470 1738; x_wconf 81' lang='lat' dir='ltr'>mercabilis</span> <span class='ocrx_word' id='word_1_295' title='bbox 1501 1710 1597 1739; x_wconf 89' lang='lat' dir='ltr'>aere</span> <span class='ocrx_word' id='word_1_296' title='bbox 1631 1700 1685 1739; x_wconf 86' lang='lat' dir='ltr'>Et</span> <span class='ocrx_word' id='word_1_297' title='bbox 1720 1699 1897 1739; x_wconf 84' lang='lat' dir='ltr'>miseras</span> <span class='ocrx_word' id='word_1_298' title='bbox 1925 1699 2035 1738; x_wconf 88' lang='lat' dir='ltr'>iusso</span> 
     </span>
     <span class='ocr_line' id='line_1_54' title="bbox 1146 1762 2036 1812; baseline 0.002 -13"><span class='ocrx_word' id='word_1_299' title='bbox 1146 1772 1322 1811; x_wconf 75' lang='lat' dir='ltr'>corpore</span> <span class='ocrx_word' id='word_1_300' title='bbox 1351 1762 1517 1811; x_wconf 83' lang='lat' dir='ltr'>quaerit</span> <span class='ocrx_word' id='word_1_301' title='bbox 1546 1772 1665 1812; x_wconf 78' lang='lat' dir='ltr'>opes,·</span> <span class='ocrx_word' id='word_1_302' title='bbox 1695 1763 1879 1802; x_wconf 79' lang='lat' dir='ltr'>Devovet</span> <span class='ocrx_word' id='word_1_303' title='bbox 1906 1762 2036 1811; x_wconf 83' lang='lat' dir='ltr'>impe-</span> 
     </span>
     <span class='ocr_line' id='line_1_55' title="bbox 1146 1824 2033 1875; baseline 0.001 -12"><span class='ocrx_word' id='word_1_304' title='bbox 1146 1824 1258 1863; x_wconf 82' lang='lat' dir='ltr'>rium</span> <span class='ocrx_word' id='word_1_305' title='bbox 1287 1829 1428 1865; x_wconf 87' lang='lat' dir='ltr'>tamen</span> <span class='ocrx_word' id='word_1_306' title='bbox 1457 1825 1556 1865; x_wconf 85' lang='lat' dir='ltr'>haec</span> <span class='ocrx_word' id='word_1_307' title='bbox 1587 1825 1744 1865; x_wconf 87' lang='lat' dir='ltr'>lenonis</span> <span class='ocrx_word' id='word_1_308' title='bbox 1773 1826 1921 1875; x_wconf 85' lang='lat' dir='ltr'>avari,</span> <span class='ocrx_word' id='word_1_309' title='bbox 1953 1825 2033 1874; x_wconf 79' lang='lat' dir='ltr'>Et,</span> 
     </span>
     <span class='ocr_line' id='line_1_56' title="bbox 1146 1887 2035 1939; baseline 0.001 -13"><span class='ocrx_word' id='word_1_310' title='bbox 1146 1887 1257 1936; x_wconf 78' lang='lat' dir='ltr'>quod</span> <span class='ocrx_word' id='word_1_311' title='bbox 1283 1899 1357 1926; x_wconf 77' lang='lat' dir='ltr'>vos</span> <span class='ocrx_word' id='word_1_312' title='bbox 1386 1888 1587 1939; x_wconf 81' lang='lat' dir='ltr'>(togatae)</span> <span class='ocrx_word' id='word_1_313' title='bbox 1609 1888 1749 1938; x_wconf 88' lang='lat' dir='ltr'>facitis</span> <span class='ocrx_word' id='word_1_314' title='bbox 1776 1892 1938 1939; x_wconf 82' lang='lat' dir='ltr'>sponte,</span> <span class='ocrx_word' id='word_1_315' title='bbox 1962 1898 2035 1927; x_wconf 90' lang='lat' dir='ltr'>co-</span> 
     </span>
     <span class='ocr_line' id='line_1_57' title="bbox 1146 1949 2035 2002; baseline 0.001 -14"><span class='ocrx_word' id='word_1_316' title='bbox 1146 1953 1245 1989; x_wconf 85' lang='lat' dir='ltr'>acta</span> <span class='ocrx_word' id='word_1_317' title='bbox 1272 1950 1390 2001; x_wconf 85' lang='lat' dir='ltr'>facit.</span> <span class='ocrx_word' id='word_1_318' title='bbox 1428 1974 1473 1978; x_wconf 83' lang='lat'>——</span> <span class='ocrx_word' id='word_1_319' title='bbox 1500 1950 1709 2002; x_wconf 77' lang='lat' dir='ltr'>peccesne]</span> <span class='ocrx_word' id='word_1_320' title='bbox 1744 1950 1937 1991; x_wconf 83' lang='lat' dir='ltr'>«bonam</span> <span class='ocrx_word' id='word_1_321' title='bbox 1968 1949 2035 1989; x_wconf 88' lang='lat' dir='ltr'>fa-</span> 
     </span>
     <span class='ocr_line' id='line_1_58' title="bbox 1146 2010 2036 2064; baseline 0 -12"><span class='ocrx_word' id='word_1_322' title='bbox 1146 2022 1269 2052; x_wconf 85' lang='lat' dir='ltr'>mam</span> <span class='ocrx_word' id='word_1_323' title='bbox 1314 2011 1569 2064; x_wconf 87' lang='lat' dir='ltr'>perdendo,</span> <span class='ocrx_word' id='word_1_324' title='bbox 1623 2023 1723 2052; x_wconf 89' lang='lat' dir='ltr'>rem</span> <span class='ocrx_word' id='word_1_325' title='bbox 1771 2010 2036 2053; x_wconf 86' lang='lat' dir='ltr'>familiarem</span> 
     </span>
     <span class='ocr_line' id='line_1_59' title="bbox 1148 2073 2038 2125; baseline 0 -11"><span class='ocrx_word' id='word_1_326' title='bbox 1148 2073 1450 2115; x_wconf 84' lang='lat' dir='ltr'>oblimando.»</span> <span class='ocrx_word' id='word_1_327' title='bbox 1511 2073 1660 2115; x_wconf 88' lang='lat' dir='ltr'>Altera</span> <span class='ocrx_word' id='word_1_328' title='bbox 1689 2073 1820 2115; x_wconf 89' lang='lat' dir='ltr'>lectio</span> <span class='ocrx_word' id='word_1_329' title='bbox 1844 2085 2038 2125; x_wconf 82' lang='lat' dir='ltr'>peccesve</span> 
     </span>
     <span class='ocr_line' id='line_1_60' title="bbox 1148 2135 2033 2186; baseline 0 -9"><span class='ocrx_word' id='word_1_330' title='bbox 1148 2135 1326 2178; x_wconf 90' lang='lat' dir='ltr'>soloeca</span> <span class='ocrx_word' id='word_1_331' title='bbox 1370 2137 1562 2177; x_wconf 70' lang='lat' dir='ltr'>videtur.</span> <span class='ocrx_word' id='word_1_332' title='bbox 1623 2137 1734 2178; x_wconf 84' lang='lat' dir='ltr'>Vide</span> <span class='ocrx_word' id='word_1_333' title='bbox 1762 2136 2033 2186; x_wconf 89' lang='lat' dir='ltr'>Bentleium,</span> 
     </span>
     <span class='ocr_line' id='line_1_61' title="bbox 1149 2199 2037 2251; baseline 0.002 -13"><span class='ocrx_word' id='word_1_334' title='bbox 1149 2200 1222 2250; x_wconf 91' lang='lat' dir='ltr'>qui</span> <span class='ocrx_word' id='word_1_335' title='bbox 1253 2210 1335 2251; x_wconf 91' lang='lat' dir='ltr'>pro</span> <span class='ocrx_word' id='word_1_336' title='bbox 1366 2201 1517 2240; x_wconf 85' lang='lat' dir='ltr'>nostra</span> <span class='ocrx_word' id='word_1_337' title='bbox 1549 2199 1731 2240; x_wconf 89' lang='lat' dir='ltr'>contulit</span> <span class='ocrx_word' id='word_1_338' title='bbox 1760 2211 1803 2240; x_wconf 72' lang='lat' dir='ltr'>V.</span> <span class='ocrx_word' id='word_1_339' title='bbox 1837 2200 1911 2240; x_wconf 82' lang='lat'>76:</span> <span class='ocrx_word' id='word_1_340' title='bbox 1954 2201 2037 2240; x_wconf 92' lang='lat' dir='ltr'>Tuo</span> 
     </span>
     <span class='ocr_line' id='line_1_62' title="bbox 1147 2262 2039 2314; baseline 0.002 -14"><span class='ocrx_word' id='word_1_341' title='bbox 1147 2262 1247 2302; x_wconf 85' lang='lat' dir='ltr'>vitio</span> <span class='ocrx_word' id='word_1_342' title='bbox 1295 2273 1492 2302; x_wconf 77' lang='lat' dir='ltr'>rerumne</span> <span class='ocrx_word' id='word_1_343' title='bbox 1535 2262 1723 2313; x_wconf 78' lang='lat' dir='ltr'>labores,</span> <span class='ocrx_word' id='word_1_344' title='bbox 1768 2264 1840 2302; x_wconf 80' lang='lat' dir='ltr'>Nil</span> <span class='ocrx_word' id='word_1_345' title='bbox 1878 2263 2039 2314; x_wconf 82' lang='lat' dir='ltr'>referre</span> 
     </span>
     <span class='ocr_line' id='line_1_63' title="bbox 1142 2323 2039 2376; baseline 0.002 -14"><span class='ocrx_word' id='word_1_346' title='bbox 1142 2323 1302 2374; x_wconf 72' lang='lat' dir='ltr'>putas?</span> <span class='ocrx_word' id='word_1_347' title='bbox 1334 2325 1434 2374; x_wconf 82' lang='lat' dir='ltr'>(Sat.</span> <span class='ocrx_word' id='word_1_348' title='bbox 1471 2325 1518 2374; x_wconf 57' lang='lat'>21,</span> <span class='ocrx_word' id='word_1_349' title='bbox 1553 2325 1602 2374; x_wconf 79' lang='lat'>8,</span> <span class='ocrx_word' id='word_1_350' title='bbox 1636 2326 1683 2365; x_wconf 68' lang='lat'>2:</span> <span class='ocrx_word' id='word_1_351' title='bbox 1716 2325 1838 2376; x_wconf 85' lang='lat' dir='ltr'>faber</span> <span class='ocrx_word' id='word_1_352' title='bbox 1857 2326 2039 2366; x_wconf 85' lang='lat' dir='ltr'>incertus</span> 
     </span>
     <span class='ocr_line' id='line_1_64' title="bbox 1148 2387 1872 2439; baseline 0.003 -13"><span class='ocrx_word' id='word_1_353' title='bbox 1148 2398 1365 2426; x_wconf 81' lang='lat' dir='ltr'>scamnum·</span> <span class='ocrx_word' id='word_1_354' title='bbox 1393 2387 1604 2438; x_wconf 81' lang='lat' dir='ltr'>faceretne</span> <span class='ocrx_word' id='word_1_355' title='bbox 1632 2388 1872 2439; x_wconf 75' lang='lat' dir='ltr'>Priapum.)</span> 
     </span>
     <span class='ocr_line' id='line_1_65' title="bbox 1206 2448 2037 2491; baseline 0.002 -3"><span class='ocrx_word' id='word_1_356' title='bbox 1206 2448 1354 2489; x_wconf 78' lang='lat'>64-79.</span> <span class='ocrx_word' id='word_1_357' title='bbox 1414 2451 1508 2489; x_wconf 88' lang='lat' dir='ltr'>Iam</span> <span class='ocrx_word' id='word_1_358' title='bbox 1539 2451 1673 2489; x_wconf 88' lang='lat' dir='ltr'>nimia</span> <span class='ocrx_word' id='word_1_359' title='bbox 1709 2452 1751 2490; x_wconf 90' lang='lat' dir='ltr'>in</span> <span class='ocrx_word' id='word_1_360' title='bbox 1783 2450 1922 2491; x_wconf 86' lang='lat' dir='ltr'>rebus</span> <span class='ocrx_word' id='word_1_361' title='bbox 1956 2462 2037 2490; x_wconf 82' lang='lat' dir='ltr'>ve-</span> 
     </span>
     <span class='ocr_line' id='line_1_66' title="bbox 1149 2511 2038 2562; baseline 0.002 -12"><span class='ocrx_word' id='word_1_362' title='bbox 1149 2511 1298 2551; x_wconf 88' lang='lat' dir='ltr'>nereis</span> <span class='ocrx_word' id='word_1_363' title='bbox 1329 2511 1570 2562; x_wconf 87' lang='lat' dir='ltr'>cupiditate</span> <span class='ocrx_word' id='word_1_364' title='bbox 1603 2512 1645 2550; x_wconf 92' lang='lat' dir='ltr'>in</span> <span class='ocrx_word' id='word_1_365' title='bbox 1678 2512 1940 2552; x_wconf 80' lang='lat' dir='ltr'>universum</span> <span class='ocrx_word' id='word_1_366' title='bbox 1969 2513 2038 2552; x_wconf 81' lang='lat' dir='ltr'>vi-</span> 
     </span>
     <span class='ocr_line' id='line_1_67' title="bbox 1150 2573 2038 2624; baseline 0.002 -12"><span class='ocrx_word' id='word_1_367' title='bbox 1150 2574 1354 2623; x_wconf 87' lang='lat' dir='ltr'>tuperata</span> <span class='ocrx_word' id='word_1_368' title='bbox 1392 2574 1537 2624; x_wconf 81' lang='lat' dir='ltr'>pergit</span> <span class='ocrx_word' id='word_1_369' title='bbox 1574 2573 1632 2612; x_wconf 90' lang='lat' dir='ltr'>ad</span> <span class='ocrx_word' id='word_1_370' title='bbox 1662 2574 1878 2613; x_wconf 89' lang='lat' dir='ltr'>moechos</span> <span class='ocrx_word' id='word_1_371' title='bbox 1909 2585 2038 2614; x_wconf 89' lang='lat' dir='ltr'>acer-</span> 
     </span>
     <span class='ocr_line' id='line_1_68' title="bbox 1150 2634 2036 2685; baseline 0.003 -12"><span class='ocrx_word' id='word_1_372' title='bbox 1150 2634 1336 2674; x_wconf 87' lang='lat' dir='ltr'>bissime</span> <span class='ocrx_word' id='word_1_373' title='bbox 1376 2634 1655 2685; x_wconf 78' lang='lat' dir='ltr'>castigandos</span> <span class='ocrx_word' id='word_1_374' title='bbox 1695 2637 1739 2675; x_wconf 89' lang='lat' dir='ltr'>et</span> <span class='ocrx_word' id='word_1_375' title='bbox 1768 2647 1792 2675; x_wconf 91' lang='lat' dir='ltr'>a</span> <span class='ocrx_word' id='word_1_376' title='bbox 1821 2637 2036 2676; x_wconf 82' lang='lat' dir='ltr'>matronis</span> 
     </span>
     <span class='ocr_line' id='line_1_69' title="bbox 1151 2696 2039 2750; baseline 0.003 -15"><span class='ocrx_word' id='word_1_377' title='bbox 1151 2696 1374 2737; x_wconf 87' lang='lat' dir='ltr'>sectandis</span> <span class='ocrx_word' id='word_1_378' title='bbox 1392 2696 1702 2737; x_wconf 82' lang='lat' dir='ltr'>deterrendos.</span> <span class='ocrx_word' id='word_1_379' title='bbox 1719 2721 1764 2726; x_wconf 93' lang='lat'><strong>—</strong></span> <span class='ocrx_word' id='word_1_380' title='bbox 1780 2698 1935 2750; x_wconf 84' lang='lat' dir='ltr'>Villius]</span> <span class='ocrx_word' id='word_1_381' title='bbox 1954 2698 2039 2738; x_wconf 88' lang='lat' dir='ltr'>for-</span> 
     </span>
     <span class='ocr_line' id='line_1_70' title="bbox 1151 2758 2037 2811; baseline 0.003 -13"><span class='ocrx_word' id='word_1_382' title='bbox 1151 2760 1269 2799; x_wconf 85' lang='lat' dir='ltr'>tasse</span> <span class='ocrx_word' id='word_1_383' title='bbox 1302 2759 1400 2798; x_wconf 83' lang='lat' dir='ltr'>Sex.</span> <span class='ocrx_word' id='word_1_384' title='bbox 1424 2758 1577 2799; x_wconf 90' lang='lat' dir='ltr'>Villius</span> <span class='ocrx_word' id='word_1_385' title='bbox 1612 2758 1833 2811; x_wconf 76' lang='lat' dir='ltr'>(Annalis),</span> <span class='ocrx_word' id='word_1_386' title='bbox 1866 2761 2037 2802; x_wconf 86' lang='lat' dir='ltr'>Milonis</span> 
     </span>
     <span class='ocr_line' id='line_1_71' title="bbox 1153 2819 2035 2873; baseline 0.001 -12"><span class='ocrx_word' id='word_1_387' title='bbox 1153 2819 1393 2861; x_wconf 84' lang='lat' dir='ltr'>familiaris.</span> <span class='ocrx_word' id='word_1_388' title='bbox 1458 2821 1563 2871; x_wconf 91' lang='lat' dir='ltr'>(Cic.</span> <span class='ocrx_word' id='word_1_389' title='bbox 1587 2821 1644 2861; x_wconf 91' lang='lat' dir='ltr'>ad</span> <span class='ocrx_word' id='word_1_390' title='bbox 1673 2822 1792 2861; x_wconf 87' lang='lat' dir='ltr'>Fam.</span> <span class='ocrx_word' id='word_1_391' title='bbox 1818 2823 1865 2871; x_wconf 68' lang='lat'>⁶2,</span> <span class='ocrx_word' id='word_1_392' title='bbox 1900 2823 1946 2872; x_wconf 87' lang='grc'>6,</span> <span class='ocrx_word' id='word_1_393' title='bbox 1981 2823 2035 2873; x_wconf 77' lang='grc'>4.)</span> 
     </span>
     <span class='ocr_line' id='line_1_72' title="bbox 1158 2883 2038 2935; baseline 0.002 -13"><span class='ocrx_word' id='word_1_394' title='bbox 1158 2907 1202 2911; x_wconf 87' lang='grc'><strong>-</strong></span> <span class='ocrx_word' id='word_1_395' title='bbox 1226 2883 1270 2922; x_wconf 85' lang='lat' dir='ltr'>in</span> <span class='ocrx_word' id='word_1_396' title='bbox 1290 2883 1449 2922; x_wconf 82' lang='lat' dir='ltr'>Fausta</span> <span class='ocrx_word' id='word_1_397' title='bbox 1470 2883 1612 2923; x_wconf 85' lang='lat' dir='ltr'>Sullae</span> <span class='ocrx_word' id='word_1_398' title='bbox 1630 2884 1770 2935; x_wconf 56' lang='lat' dir='ltr'>plener]</span> <span class='ocrx_word' id='word_1_399' title='bbox 1797 2895 1912 2924; x_wconf 88' lang='lat' dir='ltr'>«non</span> <span class='ocrx_word' id='word_1_400' title='bbox 1930 2895 2038 2925; x_wconf 73' lang='lat' dir='ltr'>vere</span> 
     </span>
     <span class='ocr_line' id='line_1_73' title="bbox 1155 2944 2040 2998; baseline 0.001 -13"><span class='ocrx_word' id='word_1_401' title='bbox 1155 2956 1293 2997; x_wconf 80' lang='lat' dir='ltr'>gener</span> <span class='ocrx_word' id='word_1_402' title='bbox 1322 2945 1405 2986; x_wconf 91' lang='lat' dir='ltr'>sed</span> <span class='ocrx_word' id='word_1_403' title='bbox 1436 2945 1539 2996; x_wconf 86' lang='lat' dir='ltr'>quia</span> <span class='ocrx_word' id='word_1_404' title='bbox 1569 2944 1706 2985; x_wconf 90' lang='lat' dir='ltr'>filiam</span> <span class='ocrx_word' id='word_1_405' title='bbox 1735 2945 1878 2987; x_wconf 88' lang='lat' dir='ltr'>Sullae</span> <span class='ocrx_word' id='word_1_406' title='bbox 1912 2947 2040 2998; x_wconf 90' lang='lat' dir='ltr'>(Fau-</span> 
     </span>
     <span class='ocr_line' id='line_1_74' title="bbox 1155 3005 2041 3060; baseline 0.001 -13"><span class='ocrx_word' id='word_1_407' title='bbox 1155 3009 1293 3056; x_wconf 90' lang='lat' dir='ltr'>stam,</span> <span class='ocrx_word' id='word_1_408' title='bbox 1332 3005 1502 3048; x_wconf 88' lang='lat' dir='ltr'>Milonis</span> <span class='ocrx_word' id='word_1_409' title='bbox 1543 3007 1791 3059; x_wconf 81' lang='lat' dir='ltr'>coniugem)</span> <span class='ocrx_word' id='word_1_410' title='bbox 1824 3008 2041 3060; x_wconf 88' lang='lat' dir='ltr'>stupravit</span> 
     </span>
     <span class='ocr_line' id='line_1_75' title="bbox 1157 3068 2038 3122; baseline 0.001 -13"><span class='ocrx_word' id='word_1_411' title='bbox 1157 3070 1215 3109; x_wconf 89' lang='lat' dir='ltr'>ita</span> <span class='ocrx_word' id='word_1_412' title='bbox 1245 3068 1527 3120; x_wconf 86' lang='lat' dir='ltr'>frequenter,</span> <span class='ocrx_word' id='word_1_413' title='bbox 1565 3071 1615 3110; x_wconf 92' lang='lat' dir='ltr'>ut</span> <span class='ocrx_word' id='word_1_414' title='bbox 1642 3070 1737 3122; x_wconf 90' lang='lat' dir='ltr'>ipse</span> <span class='ocrx_word' id='word_1_415' title='bbox 1769 3081 1908 3121; x_wconf 84' lang='lat' dir='ltr'>gener</span> <span class='ocrx_word' id='word_1_416' title='bbox 1937 3080 2038 3110; x_wconf 88' lang='lat' dir='ltr'>esse</span> 
     </span>
     <span class='ocr_line' id='line_1_76' title="bbox 1155 3131 2034 3174; baseline 0 -3"><span class='ocrx_word' id='word_1_417' title='bbox 1155 3131 1428 3172; x_wconf 79' lang='lat' dir='ltr'>videretur.»</span> <span class='ocrx_word' id='word_1_418' title='bbox 1481 3132 1584 3171; x_wconf 76' lang='lat' dir='ltr'>Aen.</span> <span class='ocrx_word' id='word_1_419' title='bbox 1630 3133 1679 3174; x_wconf 93' lang='lat' dir='ltr'>Ut</span> <span class='ocrx_word' id='word_1_420' title='bbox 1710 3133 1782 3173; x_wconf 89' lang='lat' dir='ltr'>hic</span> <span class='ocrx_word' id='word_1_421' title='bbox 1816 3132 1960 3172; x_wconf 81' lang='lat' dir='ltr'>Villius</span> <span class='ocrx_word' id='word_1_422' title='bbox 1988 3132 2034 3172; x_wconf 84' lang='lat' dir='ltr'>in</span> 
     </span>
     <span class='ocr_line' id='line_1_77' title="bbox 1155 3193 2036 3245; baseline 0 -11"><span class='ocrx_word' id='word_1_423' title='bbox 1155 3194 1314 3234; x_wconf 83' lang='lat' dir='ltr'>Fausta</span> <span class='ocrx_word' id='word_1_424' title='bbox 1343 3193 1386 3233; x_wconf 90' lang='lat' dir='ltr'>S.</span> <span class='ocrx_word' id='word_1_425' title='bbox 1419 3204 1567 3245; x_wconf 46' lang='lat' dir='ltr'>„qeneig</span> <span class='ocrx_word' id='word_1_426' title='bbox 1611 3195 1675 3235; x_wconf 90' lang='lat' dir='ltr'>sic</span> <span class='ocrx_word' id='word_1_427' title='bbox 1706 3196 1807 3235; x_wconf 90' lang='lat' dir='ltr'>Tac.</span> <span class='ocrx_word' id='word_1_428' title='bbox 1839 3195 1952 3234; x_wconf 88' lang='lat' dir='ltr'>Ann.</span> <span class='ocrx_word' id='word_1_429' title='bbox 1987 3194 2036 3242; x_wconf 90' lang='lat'>3,</span> 
     </span>
     <span class='ocr_line' id='line_1_78' title="bbox 1157 3255 2040 3308; baseline -0.001 -11"><span class='ocrx_word' id='word_1_430' title='bbox 1157 3255 1210 3297; x_wconf 71' lang='lat'>24</span> <span class='ocrx_word' id='word_1_431' title='bbox 1227 3268 1234 3294; x_wconf 91' lang='lat'><strong>:</strong></span> <span class='ocrx_word' id='word_1_432' title='bbox 1262 3257 1316 3296; x_wconf 91' lang='lat' dir='ltr'>D.</span> <span class='ocrx_word' id='word_1_433' title='bbox 1342 3255 1512 3296; x_wconf 82' lang='lat' dir='ltr'>Silanus</span> <span class='ocrx_word' id='word_1_434' title='bbox 1531 3257 1575 3298; x_wconf 88' lang='lat' dir='ltr'>in</span> <span class='ocrx_word' id='word_1_435' title='bbox 1595 3258 1708 3308; x_wconf 79' lang='lat' dir='ltr'>nepti</span> <span class='ocrx_word' id='word_1_436' title='bbox 1726 3257 1902 3308; x_wconf 68' lang='lat' dir='ltr'>Auqusti</span> <span class='ocrx_word' id='word_1_437' title='bbox 1921 3256 2040 3296; x_wconf 87' lang='lat' dir='ltr'>adul-</span> 
     </span>
     <span class='ocr_line' id='line_1_79' title="bbox 1157 3317 2041 3371; baseline 0 -12"><span class='ocrx_word' id='word_1_438' title='bbox 1157 3323 1234 3359; x_wconf 84' lang='lat' dir='ltr'>ter.</span> <span class='ocrx_word' id='word_1_439' title='bbox 1275 3318 1370 3359; x_wconf 90' lang='lat' dir='ltr'>Noli</span> <span class='ocrx_word' id='word_1_440' title='bbox 1391 3320 1573 3371; x_wconf 83' lang='lat' dir='ltr'>iungere</span> <span class='ocrx_word' id='word_1_441' title='bbox 1597 3330 1700 3361; x_wconf 88' lang='lat' dir='ltr'>cum</span> <span class='ocrx_word' id='word_1_442' title='bbox 1722 3317 1836 3360; x_wconf 89' lang='lat' dir='ltr'>aliis:</span> <span class='ocrx_word' id='word_1_443' title='bbox 1865 3320 1910 3359; x_wconf 85' lang='lat' dir='ltr'>in</span> <span class='ocrx_word' id='word_1_444' title='bbox 1930 3320 2041 3359; x_wconf 86' lang='lat' dir='ltr'>Fau-</span> 
     </span>
     <span class='ocr_line' id='line_1_80' title="bbox 1156 3383 2041 3434; baseline 0.001 -12"><span class='ocrx_word' id='word_1_445' title='bbox 1156 3386 1220 3422; x_wconf 87' lang='lat' dir='ltr'>sta</span> <span class='ocrx_word' id='word_1_446' title='bbox 1243 3393 1403 3434; x_wconf 25' lang='lat' dir='ltr'>poen-as</span> <span class='ocrx_word' id='word_1_447' title='bbox 1432 3383 1554 3423; x_wconf 82' lang='lat' dir='ltr'>dedit.</span> <span class='ocrx_word' id='word_1_448' title='bbox 1594 3405 1638 3411; x_wconf 88' lang='lat'>-—</span> <span class='ocrx_word' id='word_1_449' title='bbox 1670 3383 1745 3422; x_wconf 84' lang='lat' dir='ltr'>hoc</span> <span class='ocrx_word' id='word_1_450' title='bbox 1772 3393 1828 3422; x_wconf 88' lang='lat' dir='ltr'>m.</span> <span class='ocrx_word' id='word_1_451' title='bbox 1853 3394 1937 3422; x_wconf 85' lang='lat' dir='ltr'>uno</span> <span class='ocrx_word' id='word_1_452' title='bbox 1956 3383 2041 3423; x_wconf 91' lang='lat' dir='ltr'>No-</span> 
     </span>
     <span class='ocr_line' id='line_1_81' title="bbox 1156 3443 2040 3497; baseline 0 -13"><span class='ocrx_word' id='word_1_453' title='bbox 1156 3445 1265 3485; x_wconf 86' lang='lat' dir='ltr'>mine</span> <span class='ocrx_word' id='word_1_454' title='bbox 1295 3445 1497 3497; x_wconf 80' lang='lat' dir='ltr'>deceptus]</span> <span class='ocrx_word' id='word_1_455' title='bbox 1522 3443 1715 3484; x_wconf 78' lang='lat' dir='ltr'>«illectus</span> <span class='ocrx_word' id='word_1_456' title='bbox 1747 3444 1802 3484; x_wconf 88' lang='lat' dir='ltr'>ad</span> <span class='ocrx_word' id='word_1_457' title='bbox 1837 3446 2040 3496; x_wconf 82' lang='lat' dir='ltr'>stupran-</span> 
     </span>
    </p>
   </div>
  </div>
 </body>
</html>
