2231 3787
197 303 297 355 484

799 298 1011 339 HORATII
1045 296 1412 337 EPISTOLARUM

267 436 532 506 ExceptO,
575 431 722 504 quod
763 449 868 484 non
910 429 1066 483 simul
1107 445 1285 487 esseS‚
1330 433 1510 479 cetera
1550 423 1734 477 laetus
1954 424 2020 473 50

196 644 295 674 rem
331 642 432 673 esse
479 631 704 678 dixerunt,
753 628 832 669 sed
863 628 1002 666 Varro
1034 625 1076 663 in

196 696 340 748 primo
370 704 523 733 rerum
559 692 807 732 divmarum
838 687 1077 728 Victoriam

196 760 256 799 ait
286 760 329 798 et
360 768 411 797 ea
443 757 633 796 maxime
666 754 710 793 hi
741 751 959 803 gaudent,
1003 749 1077 800 qui

197 821 439 873 sapientiae
461 815 679 865 vacant»)
714 816 757 854 et
788 812 1079 852 confirmatur

198 896 252 925 ex
308 881 593 932 inscriptione
654 877 792 928 ipsius
835 873 948 914 illius
992 873 1079 913 fani

196 956 337 998 prope
382 941 547 982 Horatii
595 938 809 978 Sabinum
853 936 946 984 siti,
998 935 1079 975 sed

197 1010 285 1047 iam
315 1004 385 1045 illo
413 1006 615 1054 tempore
636 1000 855 1040 vetustate
879 1010 932 1038 ex
952 999 1077 1049 parte

198 1068 399 1119 collapsi,
448 1064 566 1116 apud
605 1065 751 1103 Feam.
795 1061 1077 1112 Epigramma

196 1142 304 1172 vero
329 1126 513 1180 (Anthol.
533 1128 626 1167 Lat.
647 1124 829 1176 Meyeri.
848 1125 897 1162 N.
920 1122 1075 1172 41160.),

197 1193 320 1247 quod
367 1191 558 1232 afferunt
606 1188 906 1238 Interpretes,
971 1183 1078 1224 Italo

197 1256 327 1297 alicui
362 1255 458 1293 Sec.
492 1252 599 1292 XVI.
634 1249 923 1290 tribuendum
952 1247 1080 1287 vide—

196 1322 291 1366 tur,
325 1317 458 1355 etiam
487 1313 718 1365 Inscriptio
749 1311 866 1363 apud
889 1309 1079 1350 Gudium

195 1381 300 1421 LVI.
338 1379 377 1417 9.
423 1386 608 1418 SANCTAE
652 1384 834 1414 VACVNAE
883 1372 1080 1424 Ligoria-

196 1454 273 1491 na,
309 1441 353 1481 id
375 1442 465 1488 est,
500 1438 723 1480 subditiva
746 1438 827 1476 est.
864 1435 927 1475 Cf.
952 1434 1074 1474 ovid.

196 1507 310 1545 Fast.
345 1504 391 1552 6,
435 1502 513 1541 307
553 1512 619 1551 sq.
679 1502 764 1539 Per
806 1499 954 1538 iocum
998 1508 1080 1536 au—

1143 624 1265 663 esset
1294 633 1317 661 a
1348 634 1387 661 v.
1419 632 1600 669 vacare,
1635 622 1676 660 et
1707 621 1804 672 ipsa
1833 620 2025 660 vacatio-

1142 686 1209 725 nis
1241 686 1374 736 atque
1407 685 1480 723 otii
1516 682 1682 723 Tutela.
1746 685 1814 724 Sic
1846 684 2019 723 Comm.

1144 749 1278 798 Cruq.
1314 768 1360 775 —
1404 747 1617 796 Excepto,
1665 747 1775 795 quod
1812 746 1914 796 eet]
1959 747 2021 785 Ne

1143 822 1188 849 eo
1219 808 1517 861 supplendum
1548 809 1623 857 sit,
1669 809 1870 848 referunt
1905 808 2023 847 hunc

1142 883 1275 913 usum
1307 872 1363 911 ad
1394 871 1604 912 formulas
1635 872 1800 921 audito,
1843 871 2022 922 coqm‘to,

1142 936 1348 975 nuntiato.
1381 935 1431 973 V.
1457 935 1617 986 Zumpt
1646 935 1716 974 Gr.
1749 933 1788 985 ἓ.
1813 932 1915 974 6471
1957 931 2025 972 Ad

1143 999 1411 1038 sententiam
1461 997 1514 1036 cf.
1563 995 1801 1047 Aloiphron
1845 996 1895 1045 4,
1941 995 2019 1034 39:

1145 1054 1258 1099 Οἷον
1312 1055 1451 1112 ἡμῶν
1496 1057 1683 1112 ἐγένετο
1731 1054 1787 1097 τὸ
1832 1053 2023 1110 συμπό-

1145 1135 1274 1172 σιον,
1298 1146 1320 1151 -
1341 1146 1364 1152 -
1390 1114 1520 1162 ὅσων
1564 1121 1773 1178 χαρίτων
1817 1116 2023 1178 πλῆρες]

1142 1180 1192 1225 ἓν
1221 1182 1375 1238 μόνον
1405 1179 1522 1237 ἡμῖν
1554 1178 1733 1231 ἔλειπε,
1767 1179 1852 1223 σύ·
1895 1178 1955 1222 τὰ
1984 1180 2022 1222 δ’

1142 1242 1265 1287 ἄλλα
1308 1241 1381 1287 οὔ.
1424 1266 1469 1274 -
1509 1245 1660 1297 cetera]
1705 1246 1774 1285 «in
1819 1245 2023 1285 ceteris.»

1144 1310 1283 1351 Gloss.
1318 1309 1492 1350 Codicis
1530 1310 1576 1349 E.
1635 1308 1698 1349 Cf.
1732 1308 1860 1349 Hand
1895 1309 2021 1349 Turs.

1142 1374 1192 1412 ΙΙ.
1238 1384 1280 1424 p.
1326 1371 1415 1421 42„
1464 1372 1538 1422 qui
1579 1372 1810 1423 comparat
1845 1370 1935 1410 Cic.
1969 1369 2025 1409 ad

1145 1436 1193 1483 Q.
1227 1435 1294 1474 Fr.
1332 1435 1380 1482 2,
1427 1433 1502 1474 44:
1548 1435 1638 1486 Eyo
1671 1434 1809 1473 mein
1838 1433 2025 1473 Cumano

1141 1521 1165 1527 -
1185 1520 1208 1525 —
1228 1501 1532 1547 praeterquam
1561 1497 1671 1546 quod
1699 1496 1785 1535 sine
1814 1499 1874 1545 te,
1917 1498 2025 1536 cete-

196 1571 289 1607 tem
327 1565 512 1605 Romani
545 1562 772 1603 interdum
801 1562 930 1600 huius
966 1559 1078 1600 deae
1142 1571 1238 1599 rum
1265 1559 1368 1599 satis
1396 1560 1606 1600 commode
1635 1558 1900 1599 oblectabam.

198 1640 363 1669 nomen
394 1629 456 1668 sic
486 1624 918 1678 interpretabantur,
960 1633 1012 1662 ac
1042 1623 1078 1662 si

715 1796 1014 1837 INSCRIPTIO
1059 1796 1182 1834 FANI
1226 1794 1504 1835 VACVNAE:

550 1935 696 2007 IMP.
774 1932 1082 2007 CAESAR.

1158 1931 1572 2005 VESPASIAN
1573 1931 1666 2006 VS

595 2030 741 2083 AVG.
771 2029 1122 2083 PONTIFEX.
1146 2028 1459 2081 MAXIMVS.
1486 2029 1632 2081 TRIB

458 2118 790 2158 POTESTATIS.
822 2117 1066 2156 CAENSOR
1099 2115 1206 2165 (sic).
1240 2116 1442 2157 AEDEM.
1478 2115 1766 2155 VICTORIAE

726 2191 958 2227 veLuSTATE.
982 2196 1199 2225 DILAPSAM.
1224 2197 1312 2225 st.
1338 2196 1511 2225 IMPENSA

916 2261 1300 2336 RESTITVIT
