2231 3787
861 228 958 266 Alis
990 227 1231 266 POETICA.

1868 223 1967 274 74⁴.)

210 357 430 410 Visuros
471 366 691 428 peccata
732 366 914 428 putem
954 372 1100 416 mea,
1144 362 1287 407 tutus
1329 363 1380 407 et
1420 355 1552 407 intra

208 460 371 528 Spem
410 459 599 512 veniae
641 458 872 512 cautus?
932 455 1097 510 Vitavi
1140 454 1377 527 denique
1420 455 1658 526 culpam.

207 560 322 611 Non
362 559 578 612 laudem
617 560 806 613 merui.

884 559 985 611 Vos
1029 556 1360 628 exemplaria
1406 558 1611 612 Graeca

206 659 475 713 Nocturna
516 668 726 714 versato
769 677 954 721 manu,
1000 667 1210 712 versato
1252 658 1457 712 diurna.

205 764 268 815 At
307 761 472 814 vestri
513 763 699 832 proavi
742 761 1013 814 Plautinos
1053 769 1105 813 et
1147 778 1401 814 numeros
1441 770 1493 815 et

1862 764 1963 814 0270

188 904 369 943 iectura.
406 926 449 931 —-
484 904 579 943 267.
613 904 794 944 cautus?
850 905 981 944 Vitari
1026 904 1200 943 distinxi
1232 914 1335 943 cum
1365 904 1474 952 LCt,
1522 903 1739 953 Bentleio,
1792 905 1902 945 Foa:

186 970 335 1006 cautus
352 978 364 1005 .·
396 964 527 1006 vitavi
558 968 599 1006 M
620 999 627 1015 ,
658 965 784 1006 mea?
817 967 940 1006 Tutus
959 971 996 1006 et
1016 967 1132 1005 intra
1153 988 1171 994 -
1190 988 1208 994 -
1228 970 1376 1005 cautus
1394 967 1524 1005 vitari
1552 967 1777 1018 distinguit
1799 969 1910 1008 Doc-

185 1026 355 1068 derlcin
384 1028 542 1076 synon.
575 1029 645 1067 111.
679 1040 721 1079 p.
749 1028 840 1067 1¹24.
879 1052 922 1056 ——
957 1029 1050 1068 270.
1082 1029 1133 1068 At
1162 1030 1294 1067 nostri
1327 1028 1354 1067 d
1387 1032 1560 1077 noster,
1596 1031 1702 1069 (jod.
1730 1032 1831 1081 ch.
1859 1033 1906 1071 N.

186 1090 279 1139 34„
315 1092 363 1139 C,
398 1089 584 1139 Schelle,
620 1091 745 1130 Voss.
782 1091 845 1140 (Ut
875 1101 977 1139 nos,
1011 1089 1182 1139 BbSTc,
1210 1089 1358 1144 βγζκ.)

131 1215 295 1256 silentia
309 1216 550 1265 Amyclae.»
573 1238 616 1244 —
640 1215 829 1267 indiyna]
855 1226 1017 1267 «quam
1080 1214 1481 1267 reprehensionem
1503 1215 1704 1258 devitans
1737 1229 1877 1269 usque
1910 1220 1965 1258 ad

131 1279 277 1318 meriti
310 1290 397 1318 non
429 1279 599 1318 erant.»

185 1341 426 1380 265-269.
484 1341 696 1379 Idcircone
738 1351 870 1391 vagycr
913 1338 1015 1390 cet.]

133 1403 249 1442 «Hac
294 1404 421 1442 venia
483 1403 576 1454 ipse
623 1413 802 1453 quoque
848 1401 1016 1442 abusus

131 1465 386 1505 scribamne
428 1466 522 1506 sine
559 1464 647 1505 ullo
681 1468 802 1505 certo
835 1464 1016 1505 consilio

130 1538 288 1568 versus
330 1529 491 1579 spretis
523 1528 876 1568 accuratioribus
908 1527 1018 1578 legi-

131 1589 217 1631 bus
233 1591 431 1630 metricis
445 1592 465 1629 s?
497 1601 685 1642 sperans
701 1590 908 1631 x·idelicet
931 1593 1016 1630 n'on

131 1653 337 1704 quemvis
368 1651 606 1702 lectorem,
643 1654 778 1693 immo
806 1654 1020 1705 paucissi-

132 1726 253 1765 mos,
286 1715 330 1755 id
362 1726 461 1755 esse
493 1716 918 1757 animadversuros?
950 1718 1016 1756 An

131 1779 349 1826 fortasse,
398 1779 619 1818 contrario
673 1790 825 1818 errore
872 1782 1013 1827 actus,

128 1841 285 1892 putem
315 1850 472 1880 omnes
505 1840 689 1891 quidem
718 1842 892 1881 visuros
915 1852 1015 1881 esse

130 1913 233 1943 mea
268 1904 474 1954 peccata,
523 1903 604 1943 sed
645 1903 777 1942 nihilo
813 1904 960 1943 minus
992 1914 1016 1942 a

131 1965 482 2016 reprehensione
523 1967 666 2005 tutum
703 1976 776 2005 me
809 1965 1013 2016 arbitrer,

130 2026 377 2067 dummodo
400 2037 599 2076 caveam,
624 2038 679 2066 ne
705 2038 864 2068 versus
886 2024 1015 2068 nimis

130 2088 276 2130 scabri
323 2087 388 2128 vel
428 2090 562 2128 etiam
600 2100 785 2141 prorsus
816 2084 1017 2148 ἇμετροι

130 2152 239 2191 mihi
259 2152 429 2203 passim
453 2151 689 2192 excidant?
710 2153 879 2193 Verum
896 2156 1018 2204 equi-

132 2213 237 2254 dem
275 2215 421 2254 tantae
461 2213 754 2265 negligentiae
786 2226 1016 2267 nunquam

131 2287 235 2317 reus
266 2277 397 2325 fiam;
431 2288 533 2317 nam
557 2278 731 2328 dariique
759 2277 856 2329 (am
875 2280 1017 2320 Ende

130 2351 174 2380 v,
206 2340 334 2380 Hand
360 2341 485 2380 Turs.
510 2341 560 2380 11.
593 2352 637 2392 p.
672 2341 782 2391 267.)
828 2342 1015 2381 vitarem

132 2402 316 2454 quidem
360 2402 788 2454 reprehensionem,
835 2402 1015 2444 laudem

130 2475 265 2514 vero,
300 2475 436 2516 quam
466 2476 659 2516 quaero,
698 2465 819 2518 apud
847 2467 1016 2518 peritos

131 2527 303 2568 iudices
325 2538 413 2567 non
434 2527 696 2568 invenirem.
730 2530 853 2568 Hanc
873 2530 1017 2581 ipsam

133 2591 285 2630 autem
325 2588 506 2629 laudem
545 2590 675 2630 unice
707 2592 1018 2643 appetiverunt

133 2653 296 2694 summi
341 2654 613 2693 Graecorum
656 2656 840 2705 po'e'tae,
896 2656 1017 2695 omni

132 2714 394 2766 negligentia
411 2726 568 2756 severe
583 2715 665 2756 sibi
680 2716 1014 2766 interdicentes;

134 2779 342 2831 quocirca
363 2789 443 2819 vos
459 2810 468 2827 ,
493 2779 698 2828 Pisones,
731 2779 814 2820 hos
836 2791 1017 2820 mecum

134 2841 416 2893 sequimini.»
451 2863 499 2870 —
533 2853 590 2881 an
619 2841 772 2893 omnes]
805 2843 953 2883 Lectio
974 2848 1019 2883 uc

135 2914 274 2944 omnes
308 2905 352 2943 et
382 2904 478 2943 orta
509 2905 577 2944 est
607 2914 660 2943 ex
698 2915 883 2955 prorsus
914 2916 1018 2956 per—

133 2976 265 3007 versa
295 2969 341 3005 at
368 2976 508 3005 omnes
536 2968 581 3005 et
602 2966 807 3017 exiguam
837 2966 1018 3007 habeta

137 3027 278 3069 Codd.
311 3029 634 3068 auctoritatem.
694 3029 848 3077 Varie,
891 3032 938 3069 ut
971 3029 1020 3068 fit

135 3091 180 3130 in
201 3089 319 3130 falsis
338 3089 618 3140 lectionibus,
648 3091 1014 3142 interpretantur:

138 3152 175 3202 4)
195 3150 324 3192 «licet
341 3153 540 3203 putem.»
572 3153 611 3202 2)
636 3153 735 3201 «ita,
755 3154 803 3192 ut
818 3155 1014 3204 putem„

137 3213 225 3254 Sed
253 3215 411 3254 neutra
441 3215 660 3254 sententia
695 3217 819 3254 recta
851 3217 920 3255 est
947 3213 1018 3254 vel

137 3278 403 3328 propterea,
448 3277 569 3328 quod
601 3278 805 3317 Horatius
836 3279 879 3317 et
909 3278 1019 3317 scri-

138 3337 248 3378 bere
279 3338 435 3379 debuit
464 3341 508 3379 et
537 3340 713 3391 scripsit
743 3351 820 3389 an,
861 3350 948 3379 non
976 3344 1021 3379 at

141 3411 287 3451 neque
317 3406 376 3441 ut.
414 3423 457 3428 -
496 3401 630 3451 tutus]
674 3401 760 3442 Cfr.
792 3413 833 3440 v.
865 3402 931 3441 28.
969 3425 1013 3430 —

140 3463 257 3502 intra
290 3475 401 3514 spem
435 3464 581 3504 veniae
609 3463 769 3515 cautus]
804 3475 1019 3504 «omnem

1083 1288 1187 1316 eum
1218 1277 1376 1326 finem,
1412 1278 1523 1317 intra
1555 1289 1691 1329 quem
1722 1280 1757 1319 si
1791 1291 1967 1321 manse-

1082 1350 1132 1378 ro
1152 1371 1159 1387 ‚
1184 1341 1361 1380 veniam
1384 1351 1456 1379 me
1477 1339 1601 1380 facile
1625 1342 1966 1393 impetraturum

1083 1413 1268 1453 spero,»
1305 1403 1544 1442 «innerlzalb
1575 1405 1648 1444 der
1675 1405 1865 1445 Grenzen
1895 1407 1968 1446 der

1081 1464 1283 1515 qehofften
1313 1466 1580 1505 Nachsicht.»
1614 1467 1825 1506 Diixrzssn.
1874 1468 1962 1507 Cic.

1082 1526 1139 1565 ad
1162 1528 1281 1566 Fam.
1301 1526 1341 1575 4,
1367 1526 1406 1575 4,
1431 1526 1475 1567 4:
1511 1529 1669 1568 modice
1687 1529 1860 1579 faciam,
1894 1535 1968 1570 aut

1082 1590 1208 1629 etiam
1228 1590 1344 1628 intra
1364 1591 1546 1630 modum.
1575 1614 1618 1619 —-
1658 1593 1791 1631 Vitam·
1812 1594 1850 1632 d.
1877 1594 1967 1632 cul-

1073 1663 1179 1702 pam
1211 1653 1312 1704 cet]
1355 1652 1491 1693 Plaut.
1518 1654 1631 1693 Trin.
1656 1655 1696 1703 5,
1721 1655 1760 1703 ⁶2,
1785 1656 1834 1694 5:
1872 1656 1967 1695 Non.

1076 1715 1221 1754 videor
1259 1716 1455 1754 meruisse
1494 1716 1686 1764 laudem,
1734 1717 1859 1766 culpa
1888 1729 1965 1757 ca-

1078 1778 1211 1816 ruisse
1232 1777 1431 1816 arbitror.
1461 1800 1504 1805 —
1529 1779 1805 1830 exemplaria]
1841 1790 1966 1830 «per-

1081 1839 1220 1878 fectos
1252 1840 1468 1889 cuiusque
1514 1841 1690 1889 generis
1722 1842 1964 1892 scriptores

1082 1903 1273 1940 Graecos
1292 1913 1328 1948 3»
1362 1911 1466 1940 nam
1495 1902 1544 1940 ut
1573 1901 1627 1940 ad
1650 1902 1732 1942 hos
1763 1902 1966 1955 adspira-

1080 1965 1202 2011 rent,
1236 1961 1279 2001 id
1311 1973 1540 2002 summum
1571 1967 1690 2013 erat,
1726 1966 1847 2016 quod
1873 1968 1964 2006 suis

1080 2024 1369 2077 popularibus
1400 2025 1532 2066 licere
1554 2027 1697 2078 probe
1720 2030 1966 2081 perspicie-

1081 2088 1159 2128 bat
1190 2090 1409 2129 Horatius.
1436 2111 1483 2118 —
1515 2091 1737 2131 Nocturna
1763 2092 1867 2144 cet.]
1899 2092 1966 2132 Ad

1082 2148 1287 2189 versiculi
1318 2161 1479 2190 sonum
1511 2152 1564 2191 cf.
1590 2153 1698 2204 Epp.
1724 2155 1763 2203 11,
1789 2154 1854 2203 49,
1889 2155 1932 2193 Μ
1954 2167 1960 2192 :

1081 2214 1295 2253 Nocturno
1315 2218 1479 2254 certare
1495 2225 1624 2265 mero,
1636 2220 1780 2266 putere
1795 2217 1960 2256 diurno.

1137 2275 1368 2316 avo-274.
1418 2276 1470 2315 Ac
1509 2278 1611 2329 cet.]
1658 2279 1734 2317 Est
1774 2277 1964 2318 obiectio

1082 2339 1202 2377 arcte
1249 2338 1483 2379 coniuncta
1528 2350 1631 2379 cum
1671 2342 1963 2392 responsione

1080 2401 1257 2440 nimium
1283 2402 1492 2450 patienter
1513 2404 1597 2442 cet.
1645 2404 1774 2451 «At‚»
1806 2404 1961 2454 inquit,

1083 2464 1299 2504 «maiores
1332 2465 1468 2504 vestri
1499 2466 1644 2516 magni
1672 2465 1819 2505 fecere
1842 2464 1966 2506 Plau-

1082 2528 1219 2566 tum.»
1254 2527 1498 2578 «Utique,»
1543 2528 1785 2580 respondet
1813 2529 1961 2579 poeta,

1083 2588 1191 2628 «sed
1219 2591 1404 2640 propter
1425 2589 1510 2629 hoc
1531 2590 1702 2641 ipsum,
1737 2590 1857 2642 quod
1879 2591 1965 2630 mi-

1082 2661 1164 2690 nus
1196 2653 1299 2690 tunc
1322 2651 1483 2691 exculti
1506 2651 1773 2703 exemplaria
1795 2654 1964 2693 Graeca

1081 2723 1168 2752 non
1213 2713 1319 2753 satis
1366 2716 1523 2753 norant
1566 2725 1712 2765 neque
1757 2715 1966 2755 eximiam

1081 2775 1241 2814 horum
1272 2775 1594 2826 perfectionem
1626 2780 1961 2829 perspexerant,

1081 2840 1371 2888 praepostere
1403 2838 1653 2879 iudicarunt
1683 2839 1738 2879 de
1761 2839 1899 2880 Plauti
1919 2843 1965 2880 et

1084 2899 1287 2940 versibus
1310 2902 1353 2939 et
1373 2900 1586 2942 facetiis.»
1614 2925 1659 2930 -
1681 2902 1820 2954 vestri]
1844 2903 1963 2943 Haec

1082 2961 1212 3001 lectio
1243 2962 1536 3014 praeferenda
1564 2967 1631 3005 est
1661 2963 1786 3005 alteri
1814 2968 1961 3016 nostri,

1083 3025 1241 3076 partim
1275 3025 1377 3076 quia
1406 3025 1510 3066 huic
1538 3028 1734 3078 poemati
1765 3027 1965 3068 didasca-

1083 3086 1187 3136 lico,
1234 3087 1492 3140 ubicunque
1536 3092 1703 3142 potest,
1751 3089 1962 3142 epistolae

1083 3149 1250 3189 inducit
1280 3150 1478 3192 colorem
1511 3153 1571 3203 (ut
1598 3164 1639 3192 v.
1664 3152 1962 3204 praecedente

1087 3213 1185 3262 VOS,
1234 3224 1259 3252 o
1290 3215 1496 3255 Pisones:
1544 3216 1601 3255 ita
1642 3214 1869 3264 videlicet,
1915 3217 1964 3255 ut

1083 3274 1213 3316 simul
1243 3276 1451 3317 omnibus
1474 3276 1715 3317 lectoribus
1736 3278 1821 3317 hoc
1841 3277 1963 3317 idem

1083 3337 1250 3378 dictum
1291 3339 1448 3389 esset),
1492 3340 1652 3391 partim
1697 3340 1798 3390 quia
1842 3339 1962 3379 haud

1084 3401 1212 3440 nimis
1233 3400 1551 3449 conveniebat,
1585 3403 1631 3440 ut
1650 3401 1708 3450 is,
1742 3402 1865 3442 cuius
1887 3413 1963 3453 pa-

1084 3466 1151 3504 ter
1181 3465 1274 3504 sine
1307 3467 1430 3515 patre
1461 3465 1625 3511 fuerat,
1655 3475 1837 3514 proavos
1857 3475 1961 3505 suos
