2231 3787
910 239 1007 278 Lm.
1042 239 1071 277 1.
1137 239 1248 278 ιςΑτ.
1282 239 1330 277 v,
1968 237 2033 288 37

277 373 605 442 Exspectans
646 369 884 424 comites.
961 370 1071 422 lam
1111 386 1215 422 nox
1255 368 1513 423 inducero
1555 370 1710 423 terris

273 473 497 528 Umbras
537 481 589 526 et
630 471 780 526 caelo
821 470 1126 525 diffundere
1173 472 1322 543 signa
1361 470 1618 543 parabat3
1972 472 2035 524 110

275 579 404 629 Tum
445 575 599 646 pueri
652 574 855 633 nautis,
906 574 1090 645 pueris
1130 573 1370 628 convicia
1410 581 1605 627 nautae

275 680 539 749 lngerere.
615 677 731 730 Huc
769 675 1005 747 appelle!
1034 719 1043 727 .
1076 719 1084 727 .

1117 719 1125 727 .
1168 677 1456 731 Trecentos
1496 677 1715 730 inseris:
1757 675 1859 729 ohe

276 781 384 834 Iam
423 779 551 834 satis
592 779 697 833 est!
745 780 884 831 Dum
923 795 1016 832 aes
1056 778 1311 850 exigitur,
1356 777 1484 833 dum
1523 777 1668 832 mula
1708 777 1920 849 ligatur,

277 884 402 936 Tota
440 882 549 936 abit
585 881 733 935 hora.

324 1012 388 1051 ³12.
423 1011 514 1063 ohe]
546 1011 619 1050 hoe
649 1012 691 1050 F.

207 1112 445 1163 deterrima]
481 1112 690 1163 «propter
710 1111 877 1151 vicinas
898 1108 1085 1162 paludes

206 1177 458 1227 Pomptinas
490 1175 635 1214 minus
665 1185 777 1225 pura
808 1184 860 1212 ac
890 1171 992 1212 mali
1014 1183 1087 1212 sa-

203 1239 367 1290 poris.»
416 1237 564 1277 Lectio
595 1236 810 1276 teterrima
838 1233 1021 1274 Bentleii
1044 1235 1087 1274 et

204 1298 445 1340 Heindorfii
476 1299 519 1337 h.
553 1296 579 1337 l.
604 1308 703 1337 rem
727 1297 857 1337 nimis
895 1307 1086 1348 exagge-

203 1366 283 1402 rat.
321 1384 365 1390 —
398 1361 534 1402 ventri
562 1361 702 1400 Indico
732 1359 893 1411 bellum]
930 1359 1083 1399 Iulian.

204 1426 357 1476 Misop.
391 1436 434 1476 p.
464 1423 543 1464 340
576 1424 667 1474 Sp:
700 1418 830 1475 δεινὴ
861 1420 913 1462 δέ
942 1434 1013 1473 τις
1034 1421 1086 1462 ἐκ

205 1486 458 1545 παιδαρίου
488 1498 550 1539 με
570 1486 652 1526 καὶ
683 1481 893 1539 ἀνόητος
923 1480 1085 1538 ἀπάτη

205 1547 521 1608 προλαβοῦσα
560 1547 616 1606 τῇ
657 1549 828 1606 γαστρὶ
859 1547 1087 1601 πολεμεῖν

202 1610 405 1655 ἔπεισεν.
441 1614 528 1653 Cic.
554 1613 662 1652 Cato
685 1612 786 1651 mai.
814 1610 888 1661 44,
923 1610 997 1652 46:
1038 1623 1089 1652 ne

204 1678 369 1717 omnino
394 1676 542 1715 bellum
569 1675 771 1714 inflixisse
793 1675 941 1714 videar·
966 1675 1088 1714 volu-

198 1741 310 1791 ptati
331 1740 386 1789 (in
417 1739 594 1790 potione
624 1739 667 1777 et
694 1736 794 1777 cibo
821 1737 1083 1788 sumendis).

208 1827 252 1830 —
283 1803 397 1841 hamt
431 1801 571 1840 animo
592 1800 740 1852 aequo]
779 1800 1087 1850 «impatienter

205 1867 337 1916 atque
370 1863 449 1904 illis
479 1863 809 1915 propemodum
839 1862 1086 1903 invidens.»

208 1952 251 1957 —
285 1929 544 1978 Eoespectans
565 1925 742 1977 comites]
778 1927 1084 1977 «exspectans,

208 1991 351 2031 donec
383 2001 563 2038 omnes,
598 1990 673 2041 qui
704 1988 787 2029 sub
819 1988 940 2028 idem
971 1990 1089 2028 tem-

205 2064 287 2106 pus
309 2055 469 2093 Forum
493 2053 619 2105 Appii
650 2053 953 2104 pervenerant
975 2062 1088 2090 una-

205 2128 292 2168 que
313 2115 492 2156 lintrem
510 2115 800 2155 conscensuri
817 2114 958 2162 erant,
982 2124 1089 2153 coe—

205 2180 430 2219 nassent.»
500 2179 662 2218 Comes
703 2177 870 2217 Horatii
906 2176 1086 2228 proprie

205 2252 319 2281 unus
361 2240 625 2280 Heliodorus
666 2239 744 2279 fuit
782 2249 886 2278 eum
922 2238 1089 2278 utrius-

207 2314 293 2354 que
325 2302 526 2343 servulis.
587 2302 675 2341 Sed
713 2301 782 2341 alii
812 2300 964 2353 plures
999 2301 1087 2340 iam

207 2366 337 2406 futuri
369 2366 495 2404 erant
522 2364 689 2404 itineris
719 2364 828 2404 socii
858 2374 1002 2413 usque
1031 2361 1089 2401 ad

208 2428 435 2468 Feroniae.

263 2489 381 2529 9-49.
427 2490 517 2529 Iam
548 2500 633 2528 noa:
652 2511 675 2517 —
695 2511 718 2517 -
732 2486 936 2538 parabat]
975 2487 1087 2526 Ver-

208 2563 283 2593 sus
314 2552 501 2600 heroici,
536 2551 722 2592 t'ortasse
757 2562 810 2590 ex
840 2549 979 2590 Ennio
1012 2560 1090 2589 ex—

207 2616 371 2668 pressi3
406 2613 611 2665 qualibus
632 2614 676 2653 in
698 2611 981 2671 παρῳδίαις,
1008 2611 1090 2652 etsi

208 2680 340 2729 negat
386 2679 634 2718 Diintzerus
678 2689 721 2729 p.
768 2677 881 2725 ›139.,
927 2686 1089 2726 magna

208 2742 367 2781 harum
398 2741 642 2781 Satirarum
671 2742 809 2781 virtus
837 2740 919 2780 sita
951 2740 1088 2779 erat.»

212 2803 410 2855 —siqnaJ
445 2806 640 2852 «astra,»
673 2805 723 2842 ut
752 2802 830 2842 Od.
864 2803 904 2852 2,
938 2802 978 2851 8,
1014 2802 1086 2841 40:

208 2866 425 2907 taciturna
467 2867 598 2906 noctis
641 2866 787 2918 Siqna.
842 2888 886 2894 —-
932 2863 1088 2916 nautis]

210 2929 366 2977 Fossa,
400 2939 453 2968 ex
482 2928 747 2980 Nymphaeo
769 2930 813 2969 et
838 2927 991 2969 Ufente
1011 2927 1093 2966 ssu-

211 2990 403 3031 minibus
441 3002 605 3042 aquam
634 2992 884 3043 accipiens,
932 2990 1035 3030 inde
1067 3000 1091 3028 a

211 3053 321 3092 Foro
361 3052 488 3104 Appii
527 3052 720 3093 ducebat
759 3053 816 3092 ad
860 3052 1088 3093 Feroniae.

211 3116 313 3156 Eius
353 3115 536 3165 vestigia
577 3114 799 3166 quaedam
839 3115 1093 3155 etiamnunc

212 3178 441 3229 apparent.
496 3175 692 3228 (Walck.)
730 3201 774 3206 —
807 3178 897 3217 Huc
917 3177 1091 3229 appelle]

215 3240 414 3280 «Domini
454 3239 509 3279 ad
547 3238 690 3279 fossae
727 3240 869 3291 ripam
900 3239 1094 3281 descen-

214 3302 392 3349 derant3
440 3302 556 3342 servi
587 3301 786 3340 sarcinas
819 3301 981 3341 eodem
1011 3301 1094 3341 de-

213 3367 464 3416 portarant3
498 3365 600 3404 hinc
630 3375 742 3416 puer
771 3362 928 3413 aliquis
950 3364 1007 3403 ad
1026 3363 1095 3403 lo-

216 3437 339 3475 cum,
379 3427 455 3467 ubi
487 3438 562 3467 eas
594 3425 895 3474 custodiebat,
939 3424 1095 3477 appel-

216 3487 306 3528 lere
355 3490 478 3530 iubet
527 3491 731 3538 nautam,
790 3490 837 3528 ut
878 3488 922 3527 in
964 3487 1092 3527 lintre

818 879 936 935 Mali
979 879 1179 936 culices
1221 898 1496 952 ranaeque
1539 880 1805 952 palustres

1152 1109 1391 1151 commode
1423 1112 1578 1162 reponi
1608 1111 1802 1162 possint:
1837 1111 1909 1151 hic
1931 1122 2034 1152 cuni

1153 1172 1354 1224 appellit,
1395 1184 1483 1213 non
1518 1174 1612 1214 sine
1643 1173 1789 1214 taedio
1818 1174 2034 1214 maiorem

1153 1246 1287 1287 quam
1331 1247 1413 1288 pro
1454 1235 1606 1285 naulo,
1656 1236 1775 1288 quod
1819 1236 2035 1288 depactus

1153 1300 1270 1348 erat,
1311 1309 1409 1339 esse
1442 1309 1681 1339 numerum
1713 1309 1868 1338 eorum
1897 1298 2032 1347 videt,

1152 1362 1227 1412 qui
1257 1371 1420 1401 navem
1451 1362 1740 1401 conscensuri
1771 1363 1919 1409 erant,
1954 1360 2036 1400 do—

1151 1424 1297 1464 minos
1326 1425 1432 1475 put-a
1464 1422 1697 1475 permultis
1728 1434 1831 1464 cum
1866 1424 2033 1475 pueris,

1150 1485 1270 1526 unde
1303 1487 1584 1527 stomachose
1623 1486 1835 1526 Trecentos
1864 1486 2034 1534 inseris,

1154 1549 1212 1600 (id
1243 1551 1335 1591 est:
1384 1550 1533 1590 «visne
1570 1549 1911 1600 ingerantur‘l»)
1954 1549 2032 1598 ait,

1154 1614 1275 1652 cet.»
1351 1611 1419 1651 Sic
1462 1614 1512 1651 ut
1555 1610 1829 1663 explicemus
1875 1609 2037 1650 faciunt

1152 1686 1223 1715 vv.
1257 1675 1445 1714 convicta
1476 1676 1579 1722 cet.,
1613 1675 1768 1713 mutua
1799 1673 1935 1723 iurgia
1968 1672 2036 1711 in-

1153 1739 1221 1778 ter
1250 1738 1408 1777 nautas
1439 1738 1483 1777 et
1513 1746 1692 1788 pueros.
1738 1734 1832 1775 ,Alii
1861 1747 1932 1774 vv.
1958 1739 2038 1775 tre—

1152 1805 1288 1841 centos
1319 1801 1402 1839 cet.
1439 1799 1639 1839 tribuunt
1670 1798 1817 1838 eidem
1838 1797 2030 1845 servulo,

1154 1862 1231 1914 qui
1274 1861 1398 1901 dicit:
1455 1861 1568 1900 «Huc
1612 1861 1793 1910 appelle3
1842 1859 1920 1909 ibi,
1959 1859 2035 1900 ubi

1154 1935 1272 1964 nunc
1312 1934 1383 1972 es,
1430 1926 1630 1963 trecentos
1672 1923 1838 1972 inserts,
1886 1922 2035 1973 prius-

1154 1998 1289 2039 quam
1318 1997 1399 2026 nos
1430 1986 1613 2037 recipis,
1661 1985 1865 2036 adeoque
1906 1983 2035 2024 nobis

1153 2051 1217 2091 sic
1250 2050 1457 2090 coartatis
1495 2049 1579 2088 iter
1621 2048 1749 2088 nimis
1787 2048 2036 2087 incommo—

1154 2113 1261 2153 dum
1293 2113 1423 2159 erit;»
1457 2122 1545 2163 qua
1575 2111 1618 2150 in
1647 2111 1818 2150 ratlene
1848 2108 2036 2161 probata

1154 2188 1178 2215 a
1208 2176 1431 2216 Diintzero
1467 2177 1666 2214 trecentos
1702 2171 2035 2223 intelligendum

1154 2239 1236 2278 erit
1257 2238 1312 2277 de
1330 2236 1422 2277 aliis
1442 2236 1624 2288 praeter
1644 2235 1872 2275 Horatium
1895 2233 2038 2274 Helio-

1155 2301 1405 2351 dorumque
1427 2299 1618 2339 dominis
1639 2299 1891 2348 horumque
1913 2308 2039 2336 man-

1154 2363 1297 2414 cipiis;
1341 2361 1412 2401 alii
1443 2361 1635 2411 denique
1665 2360 1822 2399 viatori
1857 2360 2038 2410 praeter

1154 2422 1402 2466 servulum:
1425 2424 1573 2463 nostra
1586 2422 1629 2461 in
1641 2422 1810 2461 ratione
1826 2422 1956 2460 nauta
1974 2422 2039 2460 tot

1154 2485 1408 2527 hominibus
1425 2484 1602 2525 insertis
1617 2483 1757 2524 lintris
1776 2493 1888 2523 onus
1906 2483 2037 2523 nimis

1154 2550 1305 2601 augeri
1354 2549 1502 2599 itaque
1550 2546 1892 2586 laborIOSiorem
1942 2545 2035 2585 fore

1154 2612 1481 2663 navigationem
1529 2609 1744 2660 queritur.
1823 2608 1876 2648 Et
1929 2618 2037 2647 sane

1156 2675 1229 2727 qui
1266 2673 1448 2714 clamat:
1503 2672 1617 2712 «Huc
1659 2670 1818 2721 appelle
1860 2669 2038 2710 lintrem

1156 2739 1411 2779 etiamnunc
1432 2745 1645 2775 vacuam»
1670 2732 1810 2785 (aliter
1831 2733 1950 2772 enim
1971 2734 2040 2772 in·-

1156 2800 1286 2851 telligi
1328 2797 1532 2850 nequit),
1585 2808 1674 2836 non
1713 2795 1843 2836 simul
1887 2795 2037 2835 dicere

1155 2864 1328 2916 potest:
1375 2861 1587 2901 Trecentos
1617 2859 1786 2908 inserts,
1821 2857 1864 2897 id
1895 2862 2036 2907 esset,

1159 2924 1422 2966 «inseruisti.
1440 2939 1458 2958 υ
1530 2922 1712 2962 Trecenti
1760 2922 1940 2969 autem,
1991 2922 2042 2959 ut

1156 2987 1360 3035 sexcenti,
1408 2986 1462 3026 de
1495 2995 1656 3036 magno
1697 2993 1900 3022 numero.
1954 2982 2039 3022 Ca—

1157 3049 1249 3090 tuli.
1282 3050 1355 3098 Μ,
1390 3047 1460 3089 48ῑ
1505 3049 1615 3099 Quos
1646 3045 1887 3098 (moechos)
1918 3043 2042 3084 simul

1157 3113 1379 3163 complexa
1421 3115 1526 3152 tenet
1569 3113 1784 3150 trecentos.
1827 3131 1871 3136 —-
1907 3108 2039 3159 mula]

1159 3186 1273 3227 quae
1317 3173 1518 3215 remulco
1563 3171 1762 3223 alligatur
1810 3169 1940 3210 lintri.
1993 3192 2036 3196 -

1158 3237 1330 3287 culices]
1401 3251 1419 3272 «
1436 3237 1525 3277 Hos
1577 3234 1840 3275 tintinnialas
1881 3233 2041 3271 vocant

1158 3299 1344 3352 plebeii,
1393 3310 1417 3339 a
1449 3298 1595 3339 sonitu
1626 3296 1796 3337 alarum
1828 3294 1930 3333 ficto
1959 3303 2041 3331 vo-

1161 3361 1365 3403 cabulo.»
1413 3362 1552 3402 Comi.
1588 3361 1719 3405 Cano.
1763 3353 2041 3395 Vocabulum

1160 3424 1264 3465 illud
1305 3424 1473 3464 Lexicis
1514 3422 1662 3469 deest,
1712 3420 1843 3459 etiam
1889 3416 2041 3456 Furla—

1161 3488 1266 3527 netti
1312 3497 1454 3526 novae
1495 3481 1753 3536 Appendici.
1832 3480 2041 3520 Ceterum
