2231 3787
830 222 926 261 LlB.
961 223 990 261 l.
1053 222 1216 262 EPIST.
1250 223 1336 262 XX.

235 349 448 404 Scilicet
486 359 542 403 ut
579 360 792 422 prostes
831 352 1111 406 Sosiorum
1151 353 1364 422 pumice
1398 353 1646 406 mundus.

237 452 409 506 Odisti
451 452 630 507 claves
671 462 723 507 et
763 462 911 525 grata
952 453 1124 525 sigilla
1161 453 1388 525 pudico;

230 555 422 608 Paucis
462 555 673 608 ostendi
714 556 884 627 gemis
924 564 977 610 et
1015 555 1322 610 communia
1359 555 1579 618 laudaS,

157 774 515 815 vicissitudinum
538 785 589 814 ac
612 776 908 815 mutationum
942 777 1043 826 (Sat.
1109 778 1158 817 A.
1185 779 1229 827 4,
1261 778 1363 818 506;
1395 778 1480 817 Nec
1511 782 1585 817 tua
1612 778 1804 817 mordaci
1828 779 1993 828 pumice

157 837 203 886 2,
237 837 282 885 7,
318 835 428 887 44.),
478 836 581 875 hinc
613 837 747 876 etiam
779 838 1047 878 «vertenda-

156 909 257 938 rum
276 909 464 938 rerum»
500 899 673 950 (Porph.
701 901 745 938 et
766 899 1046 939 Pseudasco-

156 960 255 999 nius
287 961 329 999 in
363 960 490 1000 Verr.
525 962 630 1000 Acc.
666 961 704 1009 4,
738 961 815 1010 59,
850 960 942 1001 454.
981 962 1041 1013 (p.

155 1021 249 1061 200.
275 1022 345 1061 ed.
370 1022 497 1073 Bait.)
518 1054 525 1072 ,
559 1022 605 1062 id
627 1024 716 1071 est,
750 1022 1045 1063 emendarum

157 1085 201 1123 et
228 1083 468 1125 venalium.
515 1086 555 1124 Is
587 1084 644 1125 ad
674 1086 838 1125 Forum
868 1086 911 1125 in
944 1086 1043 1125 vico

154 1147 321 1186 turario
352 1157 386 1186 s.
422 1148 565 1188 Tusco
597 1146 814 1188 sacellum
845 1159 951 1188 cum
982 1149 1044 1188 si-

154 1207 352 1249 mulacro
382 1209 604 1259 habebat,
651 1210 696 1249 in
727 1210 853 1250 cuius
884 1212 1043 1251 vicinia

154 1273 251 1310 erat
276 1272 406 1311 Ianus
436 1272 505 1323 (cs.
539 1273 649 1325 Epp.
686 1274 724 1322 4,
759 1274 797 1322 4,
832 1273 942 1324 54.);
982 1273 1042 1312 ibi

154 1335 288 1374 etiam
317 1334 485 1374 librarii
517 1346 621 1376 suas
658 1335 869 1376 tabernas
900 1337 944 1376 et
973 1337 1042 1388 pi-

103 1448 110 1454 .
151 1396 216 1437 las
246 1409 281 1438 s.
316 1396 547 1438 columnas
589 1398 689 1449 (Sat.
725 1400 772 1448 4,
805 1398 852 1447 4,
888 1399 954 1438 74.
987 1400 1037 1439 Α.

151 1461 198 1499 Ρ.
232 1459 369 1510 373.),
417 1461 499 1500 sed
548 1460 733 1501 lenones
775 1472 955 1512 quoque
997 1463 1041 1500 et

151 1523 414 1562 meretrices
445 1522 636 1563 fornices
662 1534 769 1563 suos
791 1534 843 1563 ac
872 1534 1040 1574 pergu-

152 1583 216 1625 las
246 1584 490 1624 habebant.
525 1609 570 1613 —
603 1585 804 1636 spectare]
847 1596 1039 1636 «magna

155 1658 257 1687 cum
275 1648 607 1699 exspectatione
626 1659 678 1687 ac
695 1647 918 1687 desiderio
936 1658 1040 1687 ocu-

151 1709 216 1750 los
248 1721 301 1750 eo
333 1709 581 1761 dirigere,»
612 1709 824 1750 Italorum
850 1710 1041 1749 adocchi-

152 1783 240 1812 are.
268 1795 313 1800 —
337 1773 514 1824 Scilicet]
537 1784 640 1813 cum
661 1773 887 1821 irrisione,
919 1772 1039 1823 frei-

149 1834 268 1874 lich.
292 1858 338 1863 —
358 1835 534 1887 prostes]
566 1834 759 1875 verbum
776 1834 1038 1886 ambiguum

150 1896 206 1937 de
237 1898 395 1948 quavis
426 1909 604 1947 merce,
639 1898 775 1937 etiam
807 1897 862 1937 de
893 1908 1039 1937 mere-

148 1959 332 2000 tricibus
377 1962 422 2000 et
464 1961 622 2001 scortis
664 1960 952 2012 (prostibulis).
988 1983 1032 1988 -

150 2021 378 2073 Sosiorum]
413 2023 523 2063 Sosii
553 2022 712 2063 fratres
734 2023 859 2063 fuere
880 2021 1038 2062 biblio-

149 2082 301 2135 polae,
342 2085 580 2124 memorati
612 2085 746 2124 etiam
775 2087 824 2125 A.
857 2087 904 2124 P.
938 2084 1032 2125 345.

148 2146 276 2198 (Sosii
317 2145 557 2186 Seneciones
593 2157 702 2197 gens
740 2145 916 2197 plebeia
947 2158 1035 2187 non

148 2209 312 2259 ignota.
361 2208 403 2248 C.
429 2209 572 2247 Sosius
592 2207 746 2248 consul
769 2208 848 2248 fuit
868 2221 906 2248 a.
927 2220 969 2248 u.
993 2221 1030 2250 c.

147 2272 242 2311 722.
290 2270 561 2322 Bibliopolae
592 2283 700 2311 vero
722 2271 888 2311 Horatii
910 2284 933 2311 e
956 2283 1035 2323 ge—

147 2345 255 2373 nere
295 2332 502 2374 libertino
538 2333 747 2374 videntur
780 2333 948 2384 fuisse.)
985 2358 1030 2362 —

139 2397 322 2447 pumice]
354 2398 533 2436 Partem
563 2396 929 2436 membranarum
954 2407 1033 2436 ex-

146 2459 384 2508 teriorem,
431 2469 546 2509 quae
578 2460 779 2511 asperior
809 2460 898 2508 est,
946 2469 1032 2509 pu-

146 2522 262 2561 mice
293 2520 545 2572 levigabant
573 2524 618 2562 et
646 2521 873 2573 poliebant
902 2520 1032 2572 gluti-

147 2585 339 2624 natores.
374 2583 530 2624 Catull.
556 2586 594 2634 4,
621 2585 635 2624 4
659 2595 667 2622 :
701 2584 881 2624 libellum
898 2584 1031 2624 Arida

146 2647 269 2686 modo
284 2648 451 2697 pumice
472 2648 715 2698 expolitum.
748 2648 874 2687 Idem
895 2648 963 2697 22,
987 2648 1026 2688 6.·

146 2708 318 2748 chartae
345 2711 509 2761 reyiae,
541 2710 639 2749 novi
659 2710 775 2760 libri,
806 2710 916 2750 Novi
933 2722 1030 2750 um-

146 2769 276 2820 bilici,
300 2771 394 2811 lora
411 2772 567 2822 rubra,
590 2773 837 2813 membrana
857 2772 1030 2813 Directa

140 2831 331 2883 plumbo,
380 2838 418 2874 et
454 2836 621 2884 pumice
657 2836 800 2875 omnia
828 2840 1025 2886 aequata.

148 2894 330 2934 Martial.
364 2896 403 2945 4,
437 2897 530 2947 447,
565 2897 641 2938 44ε
675 2899 866 2938 dominus
894 2898 1029 2938 taber-

146 2965 228 2993 nae
269 2957 331 2996 De
368 2958 509 3007 primo
554 2959 669 2999 dabit
711 2961 893 3001 alterove
930 2961 1028 3001 nido

146 3017 302 3055 Rasum
337 3020 504 3068 pumice
547 3032 828 3073 purpuraque
870 3024 1028 3064 cultum

147 3080 347 3119 Denariis
403 3081 475 3121 tibi
531 3084 712 3133 quinque
766 3087 1022 3126 Martialem.

147 3142 271 3182 Idem
300 3143 339 3192 8,
365 3144 431 3195 72,
457 3145 472 3184 4
495 3157 502 3183 ;
533 3146 728 3186 Nondum
755 3150 914 3189 murice
942 3150 1028 3189 cul-

146 3208 211 3243 tus
251 3217 482 3256 asperoque
521 3208 669 3248 Morsu
694 3211 874 3259 pumicis
913 3213 1026 3251 aridi

139 3266 316 3316 politus,
349 3268 563 3309 Arcanum
586 3281 799 3320 properas
817 3274 947 3323 sequi,
979 3275 1027 3313 li-

147 3328 255 3369 belle.
310 3331 373 3371 Cf.
410 3332 666 3373 Pseudotib.
700 3333 747 3383 3,
792 3335 834 3383 4,
868 3334 892 3373 9
923 3345 1021 3386 sqq.

147 3392 326 3434 Pumice
363 3394 469 3434 item
508 3395 711 3435 homines
747 3395 1026 3439 delicatiores

150 3466 328 3498 crurum
359 3457 470 3509 pilos
501 3458 776 3500 deterebant.
818 3459 940 3501 Ovid.
974 3462 1022 3502 A.

1108 850 1240 879 crura
1283 844 1410 880 teras.
1472 840 1536 879 De
1567 839 1655 879 hoc
1683 841 1836 880 tamen
1866 851 1992 881 more

1109 903 1338 942 Horatium
1382 903 1455 942 hic
1495 903 1714 953 cogitasse
1753 913 1843 942 non
1872 914 1990 943 reor.

1163 964 1204 1003 3.
1227 964 1267 1004 4.
1315 965 1453 1004 claves
1484 969 1563 1004 et-
1582 964 1734 1016 sigilla]
1769 964 1856 1004 Cfr.
1888 975 1994 1005 ver-

1108 1036 1183 1065 sus
1219 1026 1426 1066 Martialis
1459 1028 1503 1076 4,
1547 1026 1621 1076 66,
1656 1028 1679 1065 5
1711 1037 1812 1078 sqq.
1859 1038 1993 1079 supra

1107 1085 1277 1127 allatos.
1329 1087 1566 1127 Librorum
1596 1087 1819 1127 volumina
1849 1089 1893 1128 in
1924 1099 1995 1128 ca-

1106 1150 1197 1200 psis
1243 1150 1615 1199 asservabantur,
1665 1162 1776 1201 quas
1807 1152 1850 1190 in
1881 1152 1993 1191 scri-

1105 1212 1188 1251 niis
1220 1211 1387 1251 domini
1418 1211 1548 1251 anulo
1571 1213 1750 1262 signatis
1773 1214 1993 1254 custodie-

1103 1273 1226 1314 bant.
1290 1274 1359 1313 Sic
1392 1275 1526 1314 etiam
1556 1275 1779 1314 interdum
1810 1287 1989 1326 uxores,

1105 1335 1407 1385 concubinae,
1442 1337 1570 1388 pueri
1600 1336 1775 1377 delicati
1806 1337 1991 1378 domiin

1105 1399 1304 1439 custodia
1337 1398 1663 1448 retinebantur,
1699 1400 1820 1440 ostiis
1852 1399 1990 1452 sigillo

1102 1462 1298 1501 munitis.
1369 1461 1594 1513 Aristoph.
1637 1462 1818 1502 Thesm.
1861 1462 1984 1513 444,

1101 1523 1178 1562 ubi
1218 1522 1342 1562 litem
1382 1523 1618 1564 intendens
1661 1525 1857 1576 Euripidi
1887 1536 1991 1565 mu-

1101 1583 1283 1624 liercula
1312 1581 1391 1624 ὂιὰ
1428 1583 1623 1635 τοῦτον,
1669 1587 1832 1638 inquit,
1882 1590 1989 1638 ταῖς

1100 1650 1485 1701 γυναικωνίτισιν
1497 1648 1777 1707 Σφραγΐόας
1793 1647 1986 1698 ἐπιβάλ-

1100 1708 1271 1750 >ozam
1304 1726 1329 1747 2
1312 1705 1395 1764 ἴδη
1426 1725 1508 1751 και
1528 1710 1658 1764 ιιοχ)
1663 1709 1748 1763 οὺς
1780 1709 1989 1770 Τηροῦν-

1101 1784 1148 1812 τε
1129 1785 1177 1822 ες
1207 1769 1354 1826 ἡιιᾶς.
1420 1775 1665 1815 Menander
1693 1787 1737 1827 p.
1773 1776 1866 1816 485.
1899 1776 1982 1817 Μ.;

1093 1828 1251 1885 Ὀστις
1281 1834 1332 1876 δὲ
1361 1835 1570 1889 ιιοχλοῖς
1601 1838 1684 1877 καὶ
1716 1834 1793 1878 διὰ
1826 1851 1986 1896 σφρα-

1099 1895 1350 1951 γισμάτων
1385 1896 1531 1951 Σώζει
1575 1898 1822 1958 δάμαοτα,
1868 1900 1986 1975 ὁρᾶν

1099 1973 1143 2001 τι
1173 1957 1232 2014 δη
1255 1960 1414 2001 δοκῶν
1434 1960 1620 2013 σοφόν,
1643 1961 1904 2015 Μάταιός
1882 1977 1986 2006 εστι

1099 2025 1182 2065 καὶ
1216 2025 1413 2083 φρονῶν
1445 2021 1555 2067 οὐδὲ
1560 2040 1585 2066 ν
1615 2030 1801 2085 φρονεῖ.
1864 2029 1984 2068 Haec

1099 2089 1250 2128 autem
1280 2089 1375 2141 ipsa
1406 2090 1607 2130 custodia
1645 2101 1786 2142 puero
1809 2091 1982 2142 pudico,

1098 2151 1169 2189 cui
1189 2153 1469 2202 propositum
1493 2154 1560 2192 est
1580 2154 1656 2192 uni
1676 2153 1786 2192 hero
1808 2164 1984 2193 morem

1097 2223 1279 2262 gerere,
1312 2218 1442 2264 9rata
1463 2214 1647 2264 accidit,
1682 2226 1786 2254 cum
1806 2215 1863 2254 ita
1886 2216 1981 2256 eius

1096 2274 1285 2315 fidelitas
1308 2277 1430 2316 extra
1452 2288 1634 2317 omnem
1656 2276 1981 2318 dubitationem

1095 2340 1300 2389 ponatur.
1337 2360 1381 2366 —
1421 2339 1582 2391 Paucis]
1626 2340 1816 2379 «Amicis
1847 2339 1981 2380 dum-

1095 2403 1213 2440 taxat
1233 2403 1389 2442 meis.»
1424 2402 1487 2442 Cf.
1513 2403 1598 2442 Sat.
1625 2401 1723 2451 4,4,
1742 2402 1808 2441 73.
1842 2403 1978 2443 Recte

1094 2464 1262 2503 Franke
1303 2465 1346 2504 F.
1390 2465 1441 2504 H.
1472 2476 1515 2516 p.
1548 2465 1641 2504 72:
1690 2465 1978 2516 «Antequam

1092 2524 1206 2565 liber
1237 2527 1426 2567 emissus
1458 2528 1602 2576 esset,
1637 2525 1851 2579 epistolae
1884 2527 1978 2567 sin-

1093 2587 1275 2639 gulatim
1319 2590 1363 2629 in
1399 2588 1587 2629 aliorum
1618 2601 1797 2641 quoque
1828 2590 1977 2630 homi-

1093 2663 1225 2691 num»
1253 2653 1349 2703 (ego
1371 2652 1521 2692 dicere
1550 2651 1703 2692 malim
1726 2651 1974 2702 amicorum)

1094 2725 1278 2755 «manus
1300 2715 1559 2766 pervenisse
1580 2713 1801 2763 videntur,
1826 2714 1863 2754 si
1885 2724 1974 2764 qua

1090 2777 1204 2817 fides
1247 2776 1398 2817 verbis
1437 2777 1587 2817 Paucis
1625 2778 1730 2825 cet.,
1763 2776 1821 2816 ad
1858 2787 1973 2827 quae

1089 2839 1207 2879 bene
1247 2841 1463 2891 provocat
1504 2840 1682 2879 Masson
1716 2840 1761 2879 in
1794 2839 1975 2878 Histoire

1089 2902 1266 2950 critique
1296 2902 1344 2941 de
1373 2901 1416 2940 la
1449 2901 1693 2952 re'publique
1722 2902 1791 2941 des
1819 2901 1970 2941 lettres.

1090 2965 1212 3003 Tom.
1245 2964 1296 3003 V.
1329 2974 1373 3015 p.
1407 2964 1498 3003 470.
1533 2965 1623 3004 not.
1657 2963 1730 3003 b.»
1768 2984 1812 2991 —
1856 2974 1971 3003 com-

1087 3027 1248 3076 munia]
1292 3026 1463 3066 «vitam
1502 3025 1759 3066 liberiorem
1790 3026 1833 3066 in
1862 3024 1970 3066 locis

1086 3087 1321 3140 publicis.»
1384 3089 1498 3128 Loca
1540 3088 1780 3128 communia
1818 3089 1968 3128 autem

1088 3152 1223 3191 etiam
1251 3150 1479 3202 lupanaria
1509 3152 1738 3191 honestius
1768 3151 1968 3190 nomina-

1086 3213 1264 3253 bantur.
1317 3214 1486 3254 Seneca
1519 3214 1668 3254 Contr.
1693 3214 1731 3262 4,
1755 3214 1794 3253 2.
1826 3224 1870 3264 p.
1896 3212 1962 3252 95.

1086 3276 1227 3316 Amst.
1252 3275 1383 3315 4672:
1414 3276 1622 3317 Meretrix
1649 3278 1801 3315 vocata
1828 3285 1890 3323 es,
1921 3274 1966 3314 in

1085 3339 1340 3378 communi
1374 3338 1490 3378 loco
1518 3338 1680 3386 stetisti,
1726 3336 1966 3386 superposi-

1085 3404 1150 3439 tus
1187 3405 1245 3441 est
1272 3401 1399 3442 cellae
1435 3405 1531 3441 tuae
1558 3399 1720 3449 tituluS,
1759 3398 1964 3439 venientes

1082 3463 1284 3513 recepisti.
