2231 3787
784 247 879 287 LlB.
912 247 963 288 Il.
1024 247 1186 288 EPIST.
1227 252 1256 289 Ι.

1830 250 1922 301 591

185 376 415 447 Legibus
455 375 738 437 emendes,
784 377 836 428 in
873 376 1089 448 publica
1127 378 1410 432 commoda
1447 396 1691 450 peccem,

182 476 235 529 Si
276 476 434 549 longo
475 494 724 531 sermone
764 495 944 532 morer
983 486 1072 532 tua
1110 489 1378 551 tempora,
1422 482 1636 535 Caesar.

181 578 437 632 Romulus
477 588 529 632 et
567 579 727 633 Liber
764 587 918 650 pater
956 589 1008 634 et
1045 597 1169 634 cum
1209 582 1429 636 Castore
1467 583 1675 641 Pollux,
1899 588 1928 635 Ξῖ

217 729 255 768 3.
289 730 506 769 commoda
530 730 702 779 publica
732 733 916 781 quartus
947 732 1181 781 Schmidii,
1216 733 1263 773 C.

1300 733 1363 783 (Ut
1395 744 1494 781 nos,
1528 733 1707 785 bScdp.)

101 861 346 900 iustissimus
383 865 551 911 auctor,
590 862 876 912 Exemploque
911 873 984 901 suo
1048 876 1142 903 ,ταν
1184 859 1240 903 τὸ
1280 859 1548 921 ἀνθρώπων
1582 879 1633 919 γε
1612 866 1720 916 ένος
1754 865 1811 907 δι’
1843 861 1926 907 ἕνα

102 934 276 962 mores
304 927 431 974 re9et.
499 925 638 963 «Cum
668 925 815 964 omnia
846 925 983 964 mori-

102 984 186 1025 bus
231 983 400 1025 exculta
433 986 477 1024 et
511 985 660 1036 legum
690 987 817 1037 quasi
847 986 981 1026 frenis

104 1057 363 1098 compressa
411 1046 519 1087 velis
570 1058 720 1088 esse.»
772 1049 977 1089 Canni-cs.

100 1109 338 1160 Propterea
370 1109 491 1160 quod
524 1110 758 1161 pristinum
793 1111 980 1150 nominis

100 1171 282 1210 Romani
313 1170 450 1211 decus
474 1173 729 1212 restitutum
752 1174 860 1221 erat,
893 1173 981 1212 uti-

99 1234 169 1272 tur
197 1233 336 1272 verbo
367 1244 501 1273 ornes.
548 1233 685 1273 Plaut.
709 1235 836 1274 Most.
863 1235 907 1283 4,
935 1234 975 1282 3

97 1295 171 1334 42:
222 1296 332 1345 Quin
374 1300 419 1335 tu
460 1300 498 1336 te
533 1307 757 1336 exornas
795 1296 979 1336 moribus

95 1357 275 1408 lepidis?
317 1357 501 1398 Bentleii
535 1369 643 1398 vero
673 1358 899 1406 moenibus,
932 1359 977 1398 id

95 1421 187 1469 est,
219 1422 268 1460 ut
287 1419 398 1469 volt,
425 1420 661 1460 «aedificiis
683 1420 971 1472 magnificis,»

96 1482 244 1532 (quam
261 1484 410 1522 tamen
426 1482 793 1533 significationem
809 1494 852 1522 v.
866 1494 976 1523 moe-

91 1544 166 1583 nia
194 1555 423 1595 nunquam
453 1544 608 1593 habet,
641 1545 723 1584 sed
748 1545 973 1584 interdum

91 1616 173 1657 pro
218 1606 424 1657 «oppidis
470 1616 573 1645 cum
603 1606 816 1646 aedificiis
847 1608 970 1647 suis»

54 1676 58 1677 ⁷
91 1668 305 1718 ponitur,)
344 1679 428 1707 nec
458 1668 665 1707 convenit
695 1669 856 1708 ceteris
886 1669 972 1707 hu-

91 1729 158 1769 ius
186 1729 527 1780 praedicationis
549 1729 767 1769 membris
798 1732 843 1769 et
872 1740 972 1770 sen-

89 1792 273 1833 tentiam
313 1792 502 1844 praebet
531 1791 660 1843 longe
691 1793 966 1840 tenuiorem;

90 1854 255 1894 etenim
284 1855 369 1894 hoc
398 1853 468 1894 vel
497 1856 613 1894 Nero
644 1854 761 1894 fecit.
806 1856 966 1905 Atque,

89 1915 210 1966 quod
229 1917 408 1956 Latinus
425 1918 610 1958 Pacatus
627 1916 876 1967 Drepanius
892 1918 969 1956 Pa-

4 1991 14 2000 ·
88 1988 187 2028 neg.
209 1979 273 2017 Μ.
299 1979 377 2018 ait:
399 1989 494 2018 cum
512 1990 577 2018 me
598 1979 708 2029 (rem
724 1976 965 2029 publicam)

88 2040 356 2078 moenibus
383 2040 592 2092 Auqustus
620 2045 818 2090 ornaret,
851 2041 967 2092 lepi-

88 2101 173 2140 bus
200 2102 444 2141 Hadrianus
463 2103 683 2152 imbueret,
715 2102 785 2142 vel
809 2113 861 2142 ex
884 2103 967 2142 de-

87 2162 344 2204 clamatorio
381 2175 544 2214 genere
583 2163 758 2203 dicendi
793 2165 964 2204 temere

86 2228 315 2277 arreptum
345 2227 413 2265 est
440 2224 534 2274 vel,
573 2226 609 2265 si
639 2237 688 2265 re
718 2237 825 2265 vera
856 2227 899 2265 h.
934 2225 961 2265 l.

85 2288 292 2338 respexit,
317 2298 370 2327 ex
392 2288 634 2328 memoriae
653 2298 804 2327 errore
823 2288 961 2327 fluxit.

83 2348 209 2389 Adde
240 2350 419 2389 Sueton.
453 2350 602 2389 OctaV.
626 2351 702 2389 G27¹:
734 2350 898 2399 Recepit
928 2354 965 2389 et

84 2422 273 2451 morum
302 2411 567 2462 lequmque
604 2412 789 2462 remqimen
811 2422 965 2462 perpe-

85 2477 215 2513 tuum.
262 2474 430 2513 Pariter
459 2475 609 2513 autem
638 2474 744 2525 leges
768 2475 812 2514 et
830 2486 966 2515 mores

85 2535 289 2576 Horatius
319 2537 544 2587 componit
575 2536 652 2575 Od.
685 2536 734 2585 3,
772 2536 850 2586 24,
884 2538 959 2576 25:

86 2597 195 2646 Quid
222 2598 327 2649 leqes
355 2598 441 2637 sine
477 2598 662 2637 moribus
694 2599 836 2638 Vanae
855 2610 963 2648 pro—

82 2658 255 2710 ficiunt?
285 2659 363 2699 Od.
387 2659 427 2707 4,
451 2661 491 2708 5,
512 2660 586 2699 22:
618 2661 710 2700 Mos
730 2665 767 2700 et
786 2661 855 2700 lex
873 2672 964 2700 ma-

81 2721 266 2761 culosum
285 2722 466 2761 edomuit
484 2723 613 2773 nefas
662 2723 797 2763 Recte
829 2724 963 2763 etiam

85 2782 349 2824 Chishullius
379 2784 437 2824 ad
465 2786 581 2825 Mon.
605 2786 765 2836 Ancyr.
799 2786 843 2825 in
872 2787 963 2825 An-

83 2844 193 2895 tiqq.
213 2846 346 2885 Asiat.
371 2857 415 2897 p.
441 2846 533 2886 ⁴85.
566 2858 632 2887 res
657 2847 790 2887 Italas
810 2859 964 2888 ornare

83 2906 294 2946 moenibus
320 2908 523 2958 putidum
558 2920 658 2950 esse
689 2910 961 2961 minimeque

84 2968 372 3009 Horatianum
396 2972 663 3020 pronuntiat.

139 3029 178 3069 3.
209 3028 249 3069 4.
294 3031 467 3081 Leqibus
502 3034 699 3085 emendes]
742 3034 963 3085 Significat

83 3091 322 3142 praecipue
336 3092 695 3134 emendationem
710 3094 879 3136 formae
896 3096 962 3136 rei

82 3151 287 3204 publicae
318 3153 449 3193 totius
478 3156 580 3205 post
608 3156 858 3197 turbulenta
889 3157 960 3197 illa

82 3213 302 3254 bellorum
331 3213 524 3255 civilium
551 3217 774 3268 tempora,
806 3220 962 3270 impri-

83 3276 167 3315 mis
197 3277 452 3316 accuratam
483 3277 528 3316 et
547 3276 694 3317 Italiae
717 3280 761 3318 et
779 3281 960 3330 provin-

86 3338 255 3379 ciarum
299 3338 740 3380 administrationem.
802 3340 959 3393 Splen-

85 3398 237 3440 didum
257 3401 441 3452 Augusti
469 3399 660 3452 elogium
682 3402 823 3442 exstat
841 3403 960 3454 apud

85 3460 327 3513 Philonem,
353 3465 452 3514 Leg.
477 3463 532 3503 ad
559 3464 710 3504 Caium
731 3464 776 3503 24
800 3476 807 3502 z
842 3461 960 3516 σύμ-

1046 920 1197 982 ἄνδοα
1241 927 1324 965 καὶ
1370 922 1608 980 ἧγεαόνα,
1654 925 1739 968 τὸν
1771 928 1927 978 Σεβα-

1046 986 1185 1035 στόν,
1233 979 1350 1040 ἧκεν
1395 988 1469 1029 ἐπὶ
1515 986 1572 1029 τὸ
1611 988 1823 1039 βελτιον,
1870 987 1926 1031 ὃν

1044 1044 1182 1100 α’ξιον
1212 1049 1374 1089 καλεῖν
1408 1045 1709 1103 ἀλεξίκακον.
1767 1045 1925 1125 ρῦτός

1044 1111 1146 1152 ἐστι
1165 1112 1379 1170 Καῖσαρ,
1414 1108 1441 1152 ὁ
1467 1110 1580 1164 τοὺς
1602 1110 1926 1172 καταῤῥάξαν-

1042 1187 1127 1225 τας
1170 1171 1443 1223 πανταχόθι
1488 1174 1730 1228 χειμῶνας
1759 1174 1920 1219 εὐδιά-

1041 1249 1132 1287 σας
1152 1261 1176 1267 -
1196 1261 1219 1267 -
1240 1261 1289 1284 -,
1331 1228 1475 1287 οὗτος
1512 1233 1538 1277 ὁ
1577 1237 1918 1295 εἰρηνοφύλαξ,

1041 1293 1068 1337 ὁ
1116 1295 1374 1352 διανομάς
1424 1298 1517 1339 τῶν
1566 1298 1921 1349 ἐπιβαλλόντων

1039 1360 1284 1412 ἑκάστοις,
1328 1358 1355 1401 ὁ
1396 1358 1481 1412 τὰς
1514 1360 1716 1419 χάριτας
1745 1359 1921 1417 citaui-

1038 1421 1206 1474 εύτους
1228 1425 1297 1474 εἰς
1322 1425 1476 1476 μέσον
1498 1425 1694 1481 προθείς
1713 1424 1812 1466 κτλ.
1860 1429 1922 1467 Si—

1038 1485 1165 1527 miles
1196 1485 1350 1526 laudes
1381 1488 1486 1526 tunc
1515 1489 1691 1538 poterat
1723 1490 1919 1540 Augusto

1035 1549 1262 1599 impertire
1305 1551 1465 1600 poeta,
1514 1549 1758 1589 dummodo
1803 1563 1919 1592 nun—

1036 1620 1171 1659 quam
1215 1609 1530 1650 obliviscamur
1574 1622 1753 1661 eorum,
1803 1624 1918 1664 quae
1961 1654 1973 1666 ⁸

1035 1669 1240 1721 leguntur
1285 1671 1403 1722 apud
1451 1673 1670 1713 Senecam
1714 1674 1768 1713 de
1816 1674 1917 1714 Cle—

1036 1734 1199 1772 mentia
1232 1734 1247 1772 i
1269 1765 1277 1782 ,
1303 1734 1346 1772 Μ
1369 1745 1377 1771 :
1409 1734 1552 1773 Fuerit
1573 1734 1812 1787 (Auyustus)
1830 1748 1917 1776 mo-

1034 1796 1202 1834 deratus
1230 1799 1268 1834 et
1294 1795 1493 1844 clemens,
1526 1807 1669 1846 nempe
1682 1803 1777 1847 post
1796 1810 1916 1839 mare

1031 1857 1247 1896 Actiacum
1287 1858 1473 1897 Romano
1508 1869 1658 1898 cruore
1692 1861 1912 1911 infectum;

1030 1930 1174 1968 nempe
1195 1923 1290 1968 post
1327 1919 1490 1969 fractas
1517 1920 1561 1959 in
1589 1920 1735 1960 Sicilia
1763 1923 1912 1963 classes

1030 1985 1067 2020 et
1095 1992 1193 2020 suas
1222 1984 1259 2020 et
1289 1981 1470 2028 alienas‚·
1500 1992 1645 2031 nempe
1671 1988 1763 2032 post
1780 1985 1912 2024 Peru-

1028 2043 1143 2082 sinas
1171 2054 1273 2082 aras
1298 2047 1336 2082 et
1357 2044 1697 2093 proscriptiones.
1727 2069 1768 2075 -
1805 2048 1849 2086 in
1866 2059 1908 2098 p.

1027 2116 1062 2144 c.
1086 2117 1253 2155 peccem
1282 2105 1384 2156 cet]
1432 2107 1522 2145 «rei
1552 2106 1756 2158 publicae
1788 2109 1905 2148 utili-

1028 2168 1104 2206 tati
1148 2166 1363 2216 officiam,
1408 2167 1445 2207 si
1482 2167 1538 2207 ab
1576 2167 1690 2208 illius
1725 2181 1830 2209 cura
1863 2174 1905 2211 te

1029 2228 1190 2268 diutius
1212 2239 1398 2268 avocem
1418 2229 1539 2280 lonyo
1559 2241 1764 2281 sermone,
1799 2244 1906 2284 qua-

1025 2289 1077 2330 lis
1108 2290 1294 2330 fortasse
1325 2290 1404 2330 tibi
1424 2291 1649 2332 videbitur
1667 2294 1780 2334 haec
1813 2296 1911 2347 ipsa

1028 2351 1232 2403 epistola,
1267 2363 1381 2403 quae
1412 2353 1549 2393 instar
1579 2356 1646 2395 est
1669 2358 1904 2397 sermonis.

1027 2415 1193 2453 Verum
1225 2417 1345 2464 esto,
1382 2414 1557 2455 audebo
1587 2418 1798 2465 tamen3»
1845 2420 1908 2459 uti

1027 2477 1293 2516 sententiam
1342 2475 1581 2528 complevit
1637 2478 1903 2521 Schmidms.

1026 2539 1104 2578 Est
1145 2539 1338 2578 hominis
1382 2539 1573 2579 modesti
1613 2540 1744 2580 simul
1775 2544 1908 2593 atque

1025 2599 1184 2639 urbani
1215 2601 1466 2650 excusatio,
1500 2611 1587 2652 qua
1613 2612 1779 2653 paucas
1800 2614 1907 2644 sane

1026 2662 1161 2702 hasce
1203 2663 1384 2713 paginas
1416 2661 1471 2702 ad
1503 2673 1606 2702 eum
1637 2673 1684 2703 se
1716 2665 1908 2716 scriptu—

1025 2735 1126 2764 rum
1155 2724 1403 2773 annuntiat,
1452 2735 1539 2763 non
1579 2726 1627 2764 ut
1655 2724 1723 2765 alii
1752 2726 1906 2779 longos

1024 2787 1317 2837 panegyricos
1361 2784 1557 2836 aliosque
1593 2784 1730 2827 libros
1769 2790 1809 2828 ei
1838 2790 1907 2830 in-

1026 2847 1224 2888 scribere
1246 2848 1430 2898 eiusque
1453 2848 1662 2898 patientia
1683 2849 1804 2890 abuti
1825 2863 1906 2892 au—

1026 2909 1207 2949 debant.
1235 2933 1279 2937 —-
1303 2909 1455 2959 morer]
1480 2909 1543 2949 Cf.
1563 2911 1670 2962 Epp.
1691 2912 1729 2960 4,
1751 2913 1816 2963 43,
1836 2915 1902 2953 47ε

1026 2972 1251 3021 Carmina,
1285 2983 1391 3021 quae
1412 2972 1574 3022 possint
1598 2974 1736 3013 oculos
1754 2986 1903 3016 aures-

1025 3045 1102 3084 que
1120 3034 1284 3073 morari
1305 3033 1511 3074 Caesaris.
1534 3057 1579 3063 -
1604 3039 1678 3074 tua
1698 3039 1906 3088 tempora]

1025 3107 1166 3148 «quae
1197 3097 1241 3135 in
1270 3096 1443 3147 negotia
1476 3095 1653 3148 publica
1675 3098 1902 3140 insumere

1024 3157 1305 3198 decrevisti.»
1338 3159 1468 3198 Corn.
1493 3159 1707 3210 Nep.Att.
1728 3159 1775 3199 4:
1808 3172 1902 3201 cum

1023 3221 1165 3260 omnia
1204 3220 1371 3270 reliqua
1412 3224 1604 3271 tempora
1646 3225 1723 3260 aut
1755 3221 1903 3261 litteris

1022 3286 1098 3321 aut
1123 3282 1427 3322 Atheniensium
1454 3282 1516 3322 rei
1531 3281 1724 3332 publicae
1743 3282 1900 3323 tribue-

1020 3347 1084 3384 ret
1114 3345 1199 3384 cet.

1076 3407 1115 3445 5.
1139 3407 1178 3446 6.
1223 3407 1420 3446 Romulus
1449 3403 1551 3455 cet]
1592 3406 1695 3445 Post
1722 3405 1898 3446 brevis-

1022 3466 1184 3506 simum
1231 3467 1462 3506 exordium
1507 3466 1653 3505 statim
1700 3467 1755 3506 ad
1799 3479 1894 3508 rem
