2231 3787
215 289 315 340 384.
722 276 730 282 “
815 288 1026 327 ιιοῐιΑΤι]
1061 286 1425 326 EPlffl'ot„-tRUM

288 422 394 473 Nec
436 436 634 490 sequar
673 427 762 471 aut
801 419 1019 489 fugiam,
1063 434 1202 487 quae
1241 415 1407 484 diligit
1449 413 1561 483 ipse
1602 411 1682 466 vel
1725 412 1861 473 odit,

290 521 428 575 Olim
468 520 612 592 quod
653 519 839 590 volpes
880 527 1098 588 aegroto
1140 525 1295 570 cauta
1336 515 1473 568 leoni

290 622 600 694 Respondit,
646 621 898 675 reseram:
940 619 1078 682 Quia
1116 635 1202 670 me
1241 616 1465 687 vestigia
1504 624 1726 675 terrent,

292 725 484 779 Omnia
523 733 571 776 tc
612 723 901 776 adversum
941 719 1262 790 spectantia,
1305 718 1449 771 nulla
1489 726 1798 771 retrorsum.
1973 718 2039 768 75

291 826 456 880 Belua
483 824 769 877 inultorum
801 840 859 876 es
887 822 1137 893 capitum.
1177 823 1309 873 Nam
1338 819 1468 891 quid
1495 837 1695 890 sequar
1725 826 1815 872 aut
1837 818 2040 890 quem‘?

291 930 420 981 Pars
458 926 732 979 hominum
772 924 927 995 gestit
966 922 1272 977 conducere
1311 921 1553 993 publica,
1596 929 1717 974 sunt
1753 921 1845 992 qui

331 1110 397 1149 72.
432 1114 505 1149 aut
534 1108 796 1157 bScd‚LCtO
829 1110 871 1146 et
901 1105 1143 1146 Bentleius:
1179 1109 1215 1144 et
1247 1115 1269 1143 e
1303 1103 1441 1143 Codd.
1477 1104 1562 1143 ΡΜ.
1600 1125 1646 1131 -
1681 1102 1746 1142 76.
1781 1102 1842 1154 es]
1875 1106 1931 1143 est
1961 1102 1987 1142 d

279 1176 321 1212 et
351 1171 572 1212 Bentleius
603 1171 716 1212 coni.

226 1335 373 1389 populi
412 1338 459 1377 R.
492 1348 594 1377 cum
633 1335 925 1377 delectatione
956 1338 1099 1376 utar.»

229 1424 271 1428 —
305 1411 459 1450 sequar
488 1404 561 1439 aut
597 1399 773 1451 fuyiam]
821 1400 928 1451 Epp.
968 1400 1015 1447 4,
1050 1399 1099 1447 8,

227 1464 299 1501 4Ι;
355 1464 470 1511 Quae
507 1473 682 1502 nocuere
719 1473 894 1511 sequar,
940 1461 1103 1512 fugiam

226 1536 333 1573 quae
354 1526 528 1575 profore
547 1526 730 1564 credam.
764 1525 911 1564 Lectio
933 1525 1104 1563 nostro-

226 1598 325 1626 rum
356 1588 489 1627 etiam
529 1587 667 1627 Codd.
706 1591 781 1626 aut
817 1586 1106 1638 fugiam-vel

226 1651 311 1689 odit
347 1651 432 1690 hoc
470 1652 668 1703 praestat
706 1649 830 1690 alteri
867 1654 904 1690 et
936 1649 1002 1700 (al.
1037 1649 1104 1701 ac)

225 1713 411 1763 fugiam,
445 1713 565 1764 quod
596 1715 718 1763 grato
749 1713 883 1752 modo
914 1714 1107 1764 particu-

226 1774 294 1813 lae
318 1778 392 1813 aut
413 1777 456 1813 et
484 1776 547 1815 vel
577 1774 659 1814 sibi
690 1778 987 1826 opponuntur.
1026 1777 1106 1814 Po-

229 1836 356 1888 pulus
387 1837 515 1886 igitur
535 1838 825 1877 constantiam
857 1838 898 1876 in
929 1838 1014 1876 hoc
1039 1848 1108 1876 se—

230 1899 408 1950 quendo
449 1902 523 1938 aut
566 1898 636 1938 illo
679 1899 886 1949 fugiendo
922 1899 1108 1949 requirit

230 1961 285 2001 ab
318 1962 518 2010 Horatio,
566 1961 673 2001 dun]
710 1962 804 2012 ipse
841 1960 1106 2012 plerumque

232 2028 400 2064 temere
433 2024 517 2063 hoc
548 2023 683 2075 diligit
713 2025 775 2063 vel
804 2023 908 2063 illud
931 2023 1033 2063 odit.
1059 2046 1102 2051 -

233 2086 351 2137 Olim]
384 2084 509 2125 solita
539 2087 582 2125 in
613 2085 782 2126 fabellis
805 2085 1108 2137 exemplisque

230 2147 458 2201 particula.
512 2148 598 2188 Cfr.
619 2149 706 2187 Sat.
731 2149 778 2197 ἱ),
803 2148 848 2197 6,
882 2149 948 2187 79.
996 2149 1106 2199 Epp.

234 2213 277 2259 4,
328 2211 398 2258 40,
445 2210 511 2250 42.
550 2232 595 2238 —-
626 2210 828 2261 referam]
869 2211 1111 2260 «Responsi

231 2273 328 2313 loco
358 2272 549 2312 narrabo
572 2276 722 2313 notam
754 2273 872 2313 illam
903 2272 1111 2313 fabellam

233 2336 469 2386 Aesopiam
503 2335 650 2385 (Bahr.
685 2336 777 2375 403.
813 2337 913 2375 Cor.
946 2336 1108 2386 437.);»

235 2409 321 2449 qua
352 2396 543 2439 similem
573 2398 616 2436 in
647 2398 832 2438 modum
870 2409 975 2438 usus
1019 2398 1113 2437 erat

236 2462 322 2500 iam
353 2459 542 2500 Lucilius
572 2471 614 2511 p.
649 2461 714 2499 70.
750 2459 890 2500 Gerl.:
937 2461 1113 2499 Leonem

235 2527 452 2576 aegrotum
482 2534 532 2562 ac
561 2523 796 2562 lassum**
826 2524 1001 2562 deducta
1023 2522 1113 2573 (de-

238 2587 385 2636 missa)
418 2590 514 2625 tunc
548 2597 646 2625 voce
675 2586 761 2625 leo:
807 2586 891 2626 Cur
933 2590 979 2624 tu
1020 2586 1114 2634 ipsa

236 2650 376 2688 venire
394 2649 487 2687 Non
501 2649 564 2687 vis
582 2647 690 2687 huc?
705 2648 731 2673 *
746 2648 772 2673 ³¹⁶
795 2649 901 2698 Quid
920 2648 996 2686 sibi
1013 2647 1112 2696 volt,

239 2721 370 2759 quare
405 2711 474 2760 fit,
521 2714 567 2748 ut
602 2710 713 2749 intro
747 2720 890 2748 versus
919 2713 955 2748 et
994 2710 1049 2748 ad
1078 2713 1115 2747 te

239 2773 426 2821 Spectent
441 2776 565 2821 atque
581 2773 722 2822 ferant
734 2773 908 2824 vestigia
922 2783 962 2811 se
973 2772 1114 2810 omnia

235 2833 439 2884 prorsus?
470 2834 533 2873 Cf.
553 2833 658 2873 Plat.
677 2834 815 2875 Alcib.
839 2836 869 2874 1.
893 2846 936 2886 p.
964 2834 1041 2873 423
1061 2835 1109 2873 Α.

295 2896 435 2935 76-80.
458 2896 589 2936 Belua
604 2896 706 2948 cet.]
732 2895 878 2946 «Volgi
902 2895 1113 2946 pleraque

243 2959 397 2998 iudicia
422 2958 476 3007 (V.
497 2958 580 3009 74.)
603 2969 656 2998 ac
671 2958 813 2998 studia
832 2959 992 3010 partim
1014 2958 1116 2997 sunt

246 3024 334 3059 tam
388 3020 563 3059 diversa
615 3023 746 3071 atque
797 3020 1114 3067 inconstantia,

241 3084 402 3136 partim
448 3084 578 3121 etiam
627 3086 717 3122 tam
764 3082 965 3130 sordida,
1014 3092 1117 3120 cum

244 3144 416 3185 lucrum
448 3145 604 3194 quovis
625 3144 757 3183 modo
780 3145 909 3183 unice
931 3144 1115 3194 appetit,

245 3210 293 3247 ut
322 3205 530 3257 equidem
563 3217 614 3246 ea
644 3206 771 3256 sequi
802 3216 946 3256 neque
985 3204 1118 3244 velim

245 3279 330 3308 nec
382 3279 604 3319 queam,»
659 3270 707 3307 ut
756 3270 878 3307 recte
933 3266 1121 3318 explicat

246 3333 453 3371 Diintzer.
504 3353 548 3358 —
590 3330 816 3370 multorum
850 3352 872 3358 —
906 3329 1117 3380 capilum]

247 3395 386 3444 Saepe
436 3392 692 3441 multitudo,
743 3393 939 3443 tyranni,
986 3392 1120 3430 animi

1165 1337 1270 1387 Rep.
1288 1335 1326 1375 9.
1343 1347 1385 1387 p.
1403 1335 1495 1375 588.
1517 1335 1563 1375 C.
1581 1334 1635 1374 de
1654 1336 1864 1385 tyranno:
1890 1331 2045 1374 Πλάτ-

1164 1410 1214 1437 τε
1243 1399 1404 1438 τοίνυν
1434 1398 1552 1449 μίαν
1586 1396 1675 1449 μὲν
1708 1394 1840 1437 ἰδέαν
1868 1396 2043 1453 θηρίου

1167 1459 1386 1501 ποικίλου
1418 1461 1499 1499 καὶ
1529 1456 1888 1508 πολυκεφάλου,
1923 1455 2043 1512 ἦμέ-

1166 1536 1261 1580 (nov
1291 1521 1341 1563 δὲ
1378 1523 1561 1578 θηρίων
1590 1515 1792 1572 ’ἔχοντος
1830 1518 2048 1572 κεφαλὰς

1167 1583 1325 1640 κύκλῳ
1356 1587 1437 1625 καὶ
1458 1581 1649 1641 ἀγρίων.
1703 1585 2045 1625 «Proverbium:

1169 1651 1283 1698 Quot
1325 1650 1486 1701 capita,
1531 1651 1595 1688 tot
1623 1659 1833 1689 sensus.»
1899 1650 2045 1687 GLoss.

1168 1713 1287 1752 Haec
1318 1715 1465 1751 autem
1488 1723 1558 1750 vv.
1588 1712 1716 1751 unice
1748 1710 1804 1750 ad
1834 1709 2048 1762 populum

1167 1775 1401 1815 referenda
1433 1785 1518 1813 non
1551 1775 1645 1814 sine
1677 1776 1769 1813 arte
1801 1775 2050 1813 annectun-

1172 1839 1240 1876 tur
1270 1835 1409 1888 volpis
1450 1847 1553 1875 cum
1590 1835 1718 1875 leone
1756 1835 1965 1875 sermoni.
2002 1856 2048 1862 —

1168 1900 1280 1937 Nam
1310 1899 1409 1948 quid
1429 1898 1532 1949 cet.]
1560 1898 1899 1948 «Interrogatio,
1934 1908 2049 1948 quae

1173 1973 1225 2000 ex
1255 1961 1402 2000 animo
1436 1961 1575 2010 magis
1616 1962 1840 2000 commoto
1870 1960 2052 2011 profici-

1173 2025 1328 2071 scitur,
1376 2021 1690 2073 significantior
1720 2021 1768 2061 fit
1803 2032 1885 2073 per
1914 2023 2053 2073 parti—

1174 2085 1317 2126 culam
1349 2096 1467 2132 nani,
1503 2095 1616 2134 quae
1648 2086 1723 2123 aut
1752 2084 2052 2135 praemittitur

1174 2150 1248 2187 aut
1278 2159 1363 2187 uno
1394 2148 1581 2186 accentu
1613 2146 1938 2197 comprehensa
1971 2157 2053 2186 en-

1175 2210 1318 2250 clitico
1342 2220 1466 2248 more
1490 2209 1705 2248 adiicitur.
1730 2230 1749 2236 -
1765 2230 1783 2236 -
1801 2209 2049 2248 Discrimen

1174 2275 1210 2313 si
1241 2272 1360 2324 quod
1382 2273 1470 2319 est,
1503 2282 1604 2310 narn
1625 2271 1724 2320 quid
1753 2270 1879 2310 reddi
1906 2272 2055 2322 potest
2091 2285 2110 2331 χ

1174 2346 1254 2387 per
1294 2335 1330 2374 ei
1367 2335 1485 2373 was?
1529 2335 1572 2373 et
1611 2333 1812 2381 quidnam
1847 2344 1928 2383 per
1964 2343 2055 2372 was

1175 2396 1342 2438 clennP»
1394 2397 1513 2436 HAND
1555 2397 1679 2435 Turs.
1714 2395 1783 2434 IV.
1816 2405 1860 2445 p.
1893 2395 1943 2434 48
1982 2405 2049 2446 sq.

1178 2483 1223 2488 -
1245 2461 1350 2499 Pars
1377 2459 1591 2498 hominum
1621 2457 1723 2509 cet.]
1758 2458 1910 2496 «Varia
1936 2458 2054 2497 enim

1177 2525 1279 2564 sunt
1325 2522 1556 2561 hominum
1600 2519 1843 2571 volgarium
1884 2519 2050 2567 studia,

1177 2586 1323 2625 omnia
1354 2586 1502 2623 tamen
1527 2580 1788 2634 quaesticuli
1810 2593 1942 2622 causa
1960 2593 2056 2622 sus-

1178 2649 1328 2697 cepta;
1363 2645 1419 2684 ad
1455 2645 1540 2684 hoc
1571 2645 1614 2684 in
1644 2644 1748 2695 ipsis
1779 2643 1869 2683 suis
1899 2642 2054 2683 studiis

1176 2718 1406 2758 nunquam
1447 2706 1529 2746 sibi
1569 2707 1791 2754 constant,
1837 2715 2054 2744 novarum

1177 2781 1358 2820 semper
1399 2767 1675 2819 voluptatum
1718 2766 1862 2814 avidi;
1918 2777 2054 2818 quam

1177 2832 1359 2883 quidem
1377 2830 1599 2882 duplicem
1615 2830 1956 2881 perversitatem
1974 2840 2055 2880 ego

1177 2897 1313 2933 vitare
1360 2904 1538 2933 conor.»
1584 2916 1628 2920 -
1669 2893 1788 2944 gestit
1831 2892 2057 2931 conducere

1171 2955 1354 3006 publica]
1399 2956 1568 2996 Primos
1606 2954 1812 3006 producit
1854 2952 2057 3006 publica-

1178 3029 1281 3067 nos,
1305 3028 1481 3057 summa
1502 3017 1740 3069 cupiditate
1771 3016 2054 3067 scripturam,

1178 3080 1373 3132 portoria
1404 3081 1668 3130 ceterosque
1698 3076 1900 3130 publicos
1936 3077 2057 3117 redi-

1179 3144 1249 3182 tus
1279 3142 1558 3181 conducentes.
1622 3141 1798 3191 (Rerum
1829 3141 1873 3179 et
1908 3139 2058 3190 priva-

1180 3206 1325 3244 tarum
1364 3206 1408 3244 et
1444 3213 1632 3255 operum
1669 3200 1950 3254 publicorum
1984 3212 2058 3240 re-

1182 3268 1439 3319 demptores
1483 3265 1696 3307 describit
1744 3263 1964 3304 Iuvenalis
2009 3264 2055 3311 3,

1183 3330 1257 3369 30:
1290 3333 1489 3368 maneant
1520 3327 1727 3379 (Romae),
1761 3327 1832 3376 qui
1860 3327 1988 3377 niqra
2015 3326 2059 3364 in

1183 3392 1364 3431 candida
1389 3395 1576 3441 vertunt,
1610 3390 1710 3440 Quis
1736 3389 1860 3440 facile
1889 3393 1947 3428 est
1983 3399 2057 3428 ae-

247 3454 604 3505 perturbationes
661 3455 973 3505 comparantur
1019 3464 1122 3493 cum
1184 3456 1275 3494 dem
1294 3455 1543 3503 conducere,
1564 3453 1763 3505 flumina,
1782 3456 1948 3502 portus,
1972 3451 2060 3491 Sic-

250 3518 457 3556 monstris
488 3513 855 3565 πολυκεφάλοις.
917 3514 1034 3555 Plato
1067 3515 1120 3554 de
1149 3502 1155 3560 Ι
1183 3517 1363 3555 eandam
1384 3517 1576 3564 eluviem,
1606 3515 1862 3565 portandum
1892 3514 1947 3552 acl
1980 3513 2058 3551 bu-
