2231 3787
245 264 345 315 350

874 261 1088 301 HORATII
1118 260 1417 301 SATlRARUM

317 397 466 457 Quae
506 393 675 463 prima
716 392 905 443 iratum
945 399 1186 443 ventrem
1225 387 1514 459 placaverit
1553 403 1694 440 esca.
2020 387 2051 437 ὃ

317 497 371 546 ln
410 494 593 565 primis
632 494 877 546 Lucanus
917 508 1072 561 aper,
1115 489 1218 542 leni
1260 489 1354 540 suit
1390 490 1582 540 Austro

316 598 536 666 Captus,
578 603 633 647 ut
672 592 847 647 aiebat
884 608 1086 645 coenae
1126 599 1305 660 pater3
1347 590 1491 643 acria
1530 590 1731 643 circuni

318 697 541 769 Rapula‚
583 696 844 753 lactucae,
887 691 1120 753 radiceS‚
1163 689 1342 762 qualia
1382 690 1582 744 lassum

353 866 391 903 5.
419 862 638 912 pacaverit
667 871 689 899 c
719 861 763 899 et
792 857 985 898 Pottierii
1013 855 1235 908 plerique,
1270 861 1506 906 pacaverat
1546 867 1769 908 superscr.
1802 857 1817 895 i
1846 857 1887 896 S.
1935 858 1998 906 (Ut

300 935 402 971 nos,
445 924 507 962 hE
548 924 590 961 et
627 921 820 961 Pottierii
851 918 1077 970 quinque.)
1115 941 1158 946 —
1191 918 1229 957 6.
1263 930 1366 968 aper
1394 918 1475 958 lent
1505 919 1598 957 sine
1631 917 1908 958 distinctione
1938 920 2000 959 tF.

305 1011 346 1015 -—
380 987 418 1026 8.
451 985 645 1035 Rappula
674 983 768 1023 bSE
802 984 902 1033 (non
934 981 988 1030 c).
1025 1004 1069 1009 —-
1100 981 1251 1031 fessam
1283 979 1420 1021 Codd.
1454 979 1554 1031 aliq.

245 1124 583 1181 ,ιιεσημβρίαςμ
613 1133 823 1172 suprema.
856 1123 946 1160 Iam
969 1121 1011 1159 in
1032 1121 1118 1160 hoc

246 1190 419 1230 inficcta
449 1186 669 1228 Nasidieni
690 1184 883 1224 luxuries
906 1183 1116 1230 cernitur,

246 1252 363 1304 quod
395 1252 546 1290 contra
586 1257 759 1288 morem
792 1258 816 1285 a
845 1244 1119 1297 principibus

244 1315 347 1355 viris
364 1315 588 1353 servatum
610 1310 666 1349 ad
687 1309 1001 1360 tempestivum
1018 1317 1122 1346 con-

244 1377 410 1415 vix-ium
453 1374 657 1414 invitarat
703 1372 1020 1411 Maecenatem.
1072 1391 1116 1396 —

244 1439 327 1490 Da]
359 1439 477 1478 Haec
508 1435 636 1476 lectio
659 1434 860 1473 firmatur
882 1431 936 1470 ab
956 1430 1121 1481 aliquot

246 1502 357 1541 Feae
392 1498 548 1546 Codd.,
582 1508 665 1536 nec
696 1496 760 1534 (lic
799 1493 934 1545 (quod
965 1492 1121 1533 defen-

246 1564 307 1603 dit
350 1560 603 1601 Torrentius
649 1559 693 1597 et
739 1555 986 1608 Bentleius,
1038 1555 1121 1594 etsi

245 1626 366 1677 patet
416 1621 485 1662 vel
539 1633 593 1661 ex
644 1621 817 1660 Comm.
857 1619 991 1668 Cruq.
1035 1618 1121 1657 hoc

246 1686 464 1738 glossema
486 1685 599 1733 esse)
628 1694 681 1722 ex
710 1682 800 1721 suis
830 1682 996 1720 notavit
1025 1682 1122 1720 Pot-

246 1750 411 1788 tierius.
439 1746 623 1786 Videtur
645 1744 822 1784 omnino
846 1743 1011 1783 referre
1030 1753 1122 1782 ser-

247 1821 427 1851 monem
459 1808 778 1859 quotidianum.
847 1806 934 1847 Cfr.
961 1817 1003 1844 v.
1037 1805 1116 1844 80:

250 1874 318 1912 illa
350 1872 494 1912 Redde.
554 1871 670 1920 Virg.
708 1869 796 1909 Ecl.
836 1870 877 1917 4,
923 1868 994 1907 119:
1042 1868 1122 1906 Sed

249 1941 386 1975 tamen
415 1935 489 1973 iste
517 1934 615 1972 deus
645 1933 714 1982 qui
742 1933 816 1980 sit,
850 1933 925 1980 (Ia,
962 1931 1118 1979 Tityre,

250 1998 376 2038 nobis.
435 1995 528 2035 Val.
554 1993 694 2034 Flacc.
722 1996 768 2043 5,
801 1994 901 2033 249:
958 1994 1123 2032 Thessa-

249 2061 316 2099 lici
346 2060 401 2098 da
431 2058 535 2097 bella
565 2058 692 2096 ducis.
728 2078 772 2085 —
807 2057 841 2095 st
879 2067 1010 2107 grave
1041 2067 1123 2094 non

249 2125 318 2176 est]
352 2123 442 2162 Cic.
467 2120 521 2160 ad
546 2122 629 2159 Att.
655 2119 726 2168 43,
751 2118 824 2165 42,
851 2119 866 2157 4
889 2130 895 2156 :
930 2119 975 2157 st
993 2129 1124 2169 ,qrave

249 2197 331 2224 non
361 2188 433 2231 est,
466 2183 587 2222 velim
607 2182 731 2229 scire,
765 2181 863 2230 quid
883 2181 934 2219 sit
953 2191 1119 2219 causae.

254 2268 298 2275 —
325 2249 438 2296 Quae
452 2245 597 2294 prima
617 2243 720 2294 cet]
744 2243 1008 2282 Gustationis
1030 2243 1121 2282 sive

250 2307 554 2362 promulsidis‚
601 2307 810 2356 quoniam
853 2305 1010 2345 insoliti
1053 2304 1123 2345 vel

250 2370 419 2411 ridiculi
442 2368 546 2409 nihil
567 2367 786 2415 habebat,
821 2367 901 2407 sed
922 2379 975 2407 ex
997 2366 1124 2407 solito

250 2444 374 2474 more
402 2431 604 2484 praebita
635 2433 750 2478 erat,
797 2429 959 2469 nullam
996 2440 1126 2470 men-

250 2497 416 2536 tionem
447 2494 569 2542 facit,
615 2495 663 2532 ut
691 2494 812 2532 recte
843 2493 1008 2531 notavit
1036 2493 1123 2531 iam

252 2556 547 2597 Heindorfius.
602 2577 645 2582 ——
697 2555 876 2603 iratum]
928 2553 1126 2594 «fameli-

253 2630 399 2660 cum.»
449 2617 536 2658 Cfr.
574 2617 660 2655 Sat.
697 2617 744 2663 2,
786 2617 833 2665 2,
873 2616 938 2655 48.
998 2614 1120 2654 Ovid.

251 2683 353 2722 Met.
391 2680 441 2728 8,
487 2679 587 2720 845:
640 2679 971 2728 implacataeque
1006 2678 1126 2728 vtqe-

254 2744 322 2783 bat
349 2743 542 2782 Flamma
569 2741 714 2793 qulae3
762 2740 836 2790 qui
871 2738 994 2779 locus
1024 2738 1126 2778 facit

255 2809 407 2845 contra
440 2803 679 2844 multorum
717 2801 856 2843 Codd.
887 2800 1125 2841 lectionem

248 2867 480 2917 pacaverit.
516 2886 561 2893 -—
599 2863 807 2914 Lucanus]
853 2864 939 2903 Sat.
976 2865 1025 2912 2,
1073 2863 1121 2911 3,

255 2929 349 2970 234.
382 2929 427 2976 2,
462 2927 504 2973 4,
539 2925 605 2966 40.
658 2926 801 2976 Caput
830 2935 993 2964 coenae
1017 2925 1120 2974 (Cic.

256 2993 384 3031 Tusc.
402 2991 447 3037 5,
471 2987 543 3032 34,
568 2987 650 3036 98.)
673 2987 758 3027 hoc
778 2986 953 3026 videtur
971 2986 1122 3034 fuisse,

256 3063 364 3104 aper
392 3052 578 3099 integer,
613 3048 690 3088 sed
722 3050 868 3100 inepte
888 3049 1030 3100 primo
1052 3060 1127 3100 ap-

254 3115 445 3166 positus,
469 3114 516 3150 ut
537 3112 787 3150 coniectare
809 3110 910 3150 licet
932 3121 954 3149 e
978 3111 1125 3150 Coena

256 3173 586 3215 Trimalchionis
606 3173 809 3220 Petronii,
836 3172 941 3223 Cap.
961 3171 1124 3219 36-40.;

257 3238 339 3277 nisi
381 3236 527 3288 potius
566 3244 669 3285 grus
707 3233 775 3273 ille
815 3244 994 3285 sparsus
1036 3233 1125 3274 sale

257 3298 395 3338 multo
427 3299 480 3346 (v.
504 3297 586 3345 87.)
619 3295 835 3335 ferculum
869 3296 1126 3346 primarium

257 3360 358 3408 fuit,
389 3362 437 3399 ut
465 3358 702 3399 arbitratur
736 3357 919 3397 Becker.
982 3358 1127 3406 (Cete-

258 3431 358 3460 rum
388 3431 615 3471 nunquam
654 3419 762 3467 dixi,
811 3420 936 3458 «ante
977 3421 1126 3468 gusta-

259 3484 454 3522 tionem»
502 3493 656 3533 aprum
702 3482 832 3521 istum
878 3482 1124 3532 appositum

1183 1130 1306 1169 esse,
1353 1121 1476 1161 cuius
1517 1121 1679 1161 erroris
1709 1119 1817 1160 falso
1847 1131 1919 1160 me
1951 1121 2059 1161 insi-

1183 1183 1317 1224 mulat
1373 1185 1589 1232 Diintzer3
1651 1194 1731 1234 ego
1789 1183 2060 1223 recordabar

1183 1258 1288 1287 sane
1321 1258 1423 1287 cum
1462 1246 1654 1286 indicem
1693 1257 1859 1286 coenae
1898 1244 2059 1286 Metelli

1182 1309 1400 1361 pontificis
1448 1310 1626 1350 maximi
1686 1309 1804 1360 apud
1859 1307 2055 1349 Macrob.

1183 1373 1356 1412 Saturn.
1382 1374 1428 1419 2,
1462 1373 1514 1412 9:
1546 1373 1648 1412 Ante
1677 1383 1847 1411 coenam
1875 1372 2056 1419 echinos,

1183 1439 1338 1474 ostreas
1358 1437 1511 1474 crudas
1532 1437 1635 1484 cet.,
1666 1436 1761 1474 tum
1783 1434 1975 1474 Petronii
1996 1432 2061 1472 le-

1182 1509 1362 1550 porem,
1397 1497 1548 1546 altilia,
1583 1498 1756 1537 sumina
1777 1499 1877 1536 ante
1899 1507 2059 1548 aprum

1184 1560 1418 1611 apposita.)
1452 1582 1497 1587 —
1529 1560 1610 1599 leni
1630 1581 1653 1588 —
1671 1559 1836 1610 Austro]
1860 1570 1971 1598 «non
1998 1559 2061 1598 ni—

1183 1624 1268 1663 mis
1298 1622 1519 1671 fervido,»
1552 1633 1639 1673 quo
1674 1620 1799 1661 facile
1830 1622 1873 1661 in
1903 1622 2059 1673 putre-

1184 1685 1334 1724 dinem
1369 1684 1556 1732 abisset,
1604 1684 1685 1724 sed
1733 1684 1832 1732 leni,
1875 1683 1932 1723 ad
1975 1683 2060 1722 hoc

1183 1749 1412 1789 dumtaxat
1441 1748 1708 1796 sufficiente,
1739 1748 1789 1786 ut
1818 1757 1922 1787 caro
1944 1745 2060 1786 lassa

1184 1812 1334 1859 fieret,
1366 1811 1411 1850 id
1432 1812 1519 1858 est,
1542 1810 1751 1860 requieta,
1779 1811 1828 1849 ut
1847 1811 1968 1849 recte
1992 1811 2062 1849 est

1184 1874 1227 1912 in
1267 1873 1582 1924 Porphyrionis
1622 1871 1701 1912 Ed.
1735 1872 1933 1923 principe
1970 1872 2062 1911 Ve-

1184 1937 1287 1974 neta
1334 1935 1479 1981 44814
1525 1934 1653 1985 volgo
1699 1936 1906 1985 corrupte
1950 1935 2062 1974 irre-

1185 1998 1340 2045 quieta.
1403 1996 1612 2036 Ceterum
1633 1997 1802 2035 rectam
1824 1996 2064 2037 distinctio-

1186 2069 1290 2099 nem
1323 2059 1470 2109 (quam
1508 2057 1764 2097 obscuravit
1806 2059 2062 2099 Torrentius

1187 2124 1232 2162 et
1270 2120 1376 2170 Fea)
1409 2131 1536 2170 apem
1570 2120 1651 2159 leni
1686 2121 1864 2171 repperi
1902 2120 1990 2160 iam
2018 2121 2062 2161 in

1185 2184 1353 2223 Veneta
1388 2181 1508 2222 4484.
1540 2180 1666 2221 Aldd.
1702 2182 1822 2221 4509.
1857 2183 1978 2222 4549.

1242 2245 1333 2284 7-9.
1380 2255 1530 2283 coenae
1560 2243 1699 2294 pater]
1744 2245 1793 2283 ut
1822 2244 1941 2295 apud
1987 2246 2059 2285 Gr.

1189 2302 1344 2362 πατὴρ
1374 2302 1548 2358 λόγου,
1580 2303 1842 2358 δόγματος,
1870 2318 2062 2348 «coenae

1189 2369 1416 2416 dominus,
1465 2369 1659 2408 conwvis
1701 2368 1919 2419 significat
1948 2371 2063 2421 opti-

1187 2441 1308 2471 mam
1338 2441 1456 2470 nunc
1485 2431 1633 2481 ipsum
1663 2441 1762 2470 esse
1792 2430 1908 2470 hanc
1927 2442 2061 2483 apru—

1188 2503 1370 2544 gnam,»
1405 2491 1511 2531 dum
1540 2503 1588 2530 re
1619 2502 1725 2531 vera
1747 2503 1962 2532 excusare
1983 2504 2063 2533 co-

1189 2556 1318 2594 natur
1354 2551 1634 2593 rancidulum
1672 2553 1761 2593 iam
1799 2554 1893 2594 eius
1927 2565 2062 2606 sapo-

1187 2627 1283 2655 rem
1314 2615 1370 2655 ob
1403 2626 1592 2666 eamque
1622 2616 1764 2666 ipsam
1794 2626 1974 2655 causam
1999 2617 2064 2656 tot

1188 2679 1380 2719 clnctam
1410 2677 1546 2717 rebus
1576 2677 1778 2728 apponit,
1819 2688 1931 2728 quae
1963 2679 2063 2729 qui-

1188 2741 1292 2780 dem
1321 2750 1408 2778 non
1439 2748 1605 2778 coenae
1637 2739 1782 2788 initio,
1816 2738 1898 2779 sed
1926 2738 2063 2780 lassa-

1185 2805 1230 2842 to
1260 2803 1347 2841 iam
1377 2800 1621 2841 ventriculo
1643 2801 1762 2852 apud
1792 2800 1899 2842 alios
1929 2813 2062 2853 prae-

1186 2865 1283 2904 beri
1314 2862 1465 2903 solitae
1498 2865 1644 2911 erant,
1692 2874 1780 2914 quo
1811 2864 1955 2904 acrius
1993 2864 2064 2904 hi-

1186 2926 1346 2966 berent
1375 2925 1599 2964 convivae.
1637 2945 1681 2952 -
1715 2925 1888 2978 circum]
1920 2925 1963 2965 in
1994 2936 2065 2965 ca-

1189 2986 1286 3027 tillis
1316 2987 1472 3037 posita.
1535 2985 1658 3026 Conf,
1703 2986 1789 3025 Sat.
1829 2987 1879 3035 2,
1925 2986 1973 3035 4,
2011 2986 2063 3026 73

1189 3060 1287 3099 sqq.
1323 3071 1367 3076 —
1401 3047 1565 3097 Rapum
1595 3046 1696 3098 cet]
1726 3048 2061 3097 Radieschen,

1188 3110 1415 3159 Lattich,
1447 3109 1661 3149 Rettich.
1714 3108 1778 3149 Cf.
1812 3109 1900 3148 Sat.
1931 3109 1980 3157 2,
2013 3110 2061 3157 2,

1189 3172 1255 3212 43.
1289 3173 1339 3219 2,
1383 3171 1431 3220 4,
1479 3171 1544 3210 59.
1593 3191 1636 3199 -
1677 3171 1823 3220 qualia
1858 3170 1962 3222 cet.]
1995 3173 2065 3210 «et

1190 3232 1333 3284 qualia
1351 3231 1550 3273 similiter
1567 3232 1730 3272 famem
1747 3233 1980 3272 excitant.»
1999 3232 2066 3272 Ci-

1188 3295 1271 3334 bos
1300 3295 1599 3345 appetentiam
1630 3293 1851 3333 irritantes
1882 3303 2065 3333 enume-

1188 3358 1257 3396 rat
1299 3356 1434 3395 etiam
1476 3356 1750 3395 Nicostratus
1791 3355 1834 3393 in
1872 3354 2059 3395 Meiuek.

1190 3419 1331 3468 Frgm.
1364 3418 1488 3457 Com.
1520 3418 1590 3456 111.
1622 3427 1665 3467 p.
1695 3415 1790 3454 278.
1828 3437 1871 3442 -
1901 3414 2066 3454 Pervel-

1188 3480 1298 3530 lunt]
1347 3489 1484 3518 «cum
1531 3478 1725 3528 quadam
1771 3476 2062 3517 delectatione
