2231 3787
793 293 890 332 [ΑΒ.
926 293 954 331 1.

1019 293 1180 332 1‹:PlsT.
1213 294 1300 333 XV.

213 422 334 482 Hic,
380 423 469 475 ubi
512 422 782 494 nequitiae
822 422 1119 476 fautoribus
1159 432 1210 475 ct
1249 420 1446 475 timidis
1489 421 1558 474 nil

210 525 311 575 Aut
350 523 566 594 paulum
606 523 918 586 abstulerat,
961 524 1169 595 patinas
1207 523 1471 578 coenabat
1508 524 1701 579 omasi.

211 624 335 677 Vilis
375 634 427 678 et
465 626 717 695 agninae,
763 626 931 679 tribus
970 626 1111 679 ursis
1150 625 1297 696 quod
1338 627 1466 679 satis
1507 635 1677 689 esset,
1896 626 1963 677 35

212 725 425 779 Scilicet
464 735 520 778 ut
559 735 774 781 ventres
816 727 991 780 lamna
1030 727 1293 781 candente
1334 735 1589 798 nepotum

210 828 424 881 Diceret
461 827 722 890 urendOS,
772 838 1048 882 corrector
1085 829 1311 882 Bestius.
1388 828 1535 882 Idem

251 969 317 1009 33.
364 971 532 1010 tumidis
561 982 625 1022 pr.
651 970 676 1010 d
710 972 754 1010 et
797 971 977 1021 Cruquii
1016 982 1177 1021 operae
1211 972 1330 1011 4597.
1368 995 1411 1000 -
1445 971 1511 1012 34.
1560 971 1691 1011 omasi
1724 972 1842 1022 Vitis,
1875 977 1911 1012 et

193 1033 374 1083 agninae
406 1034 446 1072 F.
493 1057 537 1062 —
582 1034 647 1073 35.
689 1034 835 1086 aqnini
867 1034 966 1081 SE,t
998 1035 1099 1082 (non
1134 1032 1255 1083 bdp).
1303 1055 1345 1060 —
1390 1032 1456 1072 37.
1499 1037 1708 1073 correctus
1734 1034 1907 1073 Bestius.

192 1095 303 1134 Idem
333 1095 474 1143 deE,
515 1097 598 1145 CO,
636 1101 856 1138 correctus.
897 1095 1087 1136 Maenius
1122 1095 1229 1134 idem
1259 1096 1322 1142 Lt,
1356 1099 1583 1145 correptus.
1616 1097 1774 1136 Bestius
1802 1097 1910 1136 idem

194 1168 269 1196 sex
303 1159 509 1206 Pottierii‚
545 1159 587 1198 F.

139 1295 215 1334 aye
244 1285 404 1334 effunde
439 1285 513 1324 hoc
549 1285 628 1324 cito
666 1286 707 1324 in
744 1285 1014 1332 barathrum,

139 1345 181 1385 id
212 1347 302 1394 est,
341 1347 407 1385 «in
440 1349 642 1387 ventrem
675 1347 1015 1388 insatiabilem.»

141 1430 186 1436 -
218 1409 392 1460 macelli]
426 1409 500 1448 ubi
532 1409 741 1458 obsonia,
789 1411 937 1462 pisces
975 1411 1018 1449 et

139 1480 241 1509 caro
271 1470 494 1510 venibant.
537 1472 622 1512 Cl'r.
653 1472 777 1511 Varr.
813 1474 857 1512 L.
891 1473 934 1511 L.
964 1473 1014 1521 5,

140 1534 153 1570 4
166 1531 230 1572 46.

192 1595 338 1635 33-37.
385 1598 594 1647 nequitiae
630 1597 879 1649 fautoribus]
915 1598 1012 1645 «iis,

141 1660 214 1709 qui
236 1663 421 1711 propter
438 1659 797 1711 qualemcunque
815 1670 1012 1708 causam⁷

140 1719 323 1761 fortasse
357 1723 529 1762 nonnisi
561 1723 707 1762 iocum
730 1724 1014 1774 quaerentes,

138 1782 345 1823 favebant
374 1785 567 1832 Maeuio,
616 1785 781 1824 homini
821 1795 1014 1835 nequam

138 1846 320 1897 eiusque
367 1845 585 1886 similibus
629 1848 839 1887 scurris.»
889 1869 933 1875 —-
980 1851 1017 1886 et

136 1908 303 1960 timidis]
349 1920 428 1948 «ne
474 1909 516 1948 in
558 1910 677 1960 ipsos
717 1920 895 1960 quoque
934 1920 1016 1961 op-

139 1970 319 2021 probria
352 1971 580 2022 fingeret.»
608 1995 651 2000 —
671 1973 843 2021 patinas
863 1983 1017 2012 coena-

137 2032 206 2071 bat
243 2034 374 2072 omasi
416 2034 518 2082 cet.]
555 2034 617 2073 De
648 2032 776 2073 simili
822 2035 1015 2086 parasito

137 2094 338 2134 similiter
373 2096 641 2146 Pomponius
677 2097 846 2136 Bonon.
875 2097 1016 2136 Bothii

136 2166 237 2208 pag.
257 2157 328 2196 444
352 2168 359 2196 :
384 2157 563 2197 Coenam
585 2159 808 2207 quaeritat.
832 2159 877 2197 Si
898 2170 1016 2198 nemo

136 2227 230 2257 eusm
262 2218 408 2267 Vocat,
441 2220 612 2258 revortit
642 2224 821 2258 maestus
851 2221 906 2259 ad
928 2232 1015 2259 me-

136 2291 238 2320 nam
255 2281 394 2320 miser.
431 2280 517 2320 Cfr.
544 2281 701 2320 Munck
730 2281 784 2320 (le
807 2281 1015 2322 Atellanis

135 2354 178 2395 p.
214 2342 306 2383 447.
362 2344 506 2382 «Tunc
548 2344 699 2393 igitur,
749 2344 784 2383 si
821 2345 1016 2385 nummis

137 2404 339 2454 carebat,
387 2407 500 2444 totas
538 2406 710 2457 patinas
751 2407 902 2455 omasi,
947 2407 1015 2446 in-

138 2468 283 2508 testini
314 2466 468 2507 bubuli
502 2468 568 2517 (cf.
608 2470 694 2507 Sat.
733 2469 780 2516 2,
822 2470 869 2517 5,
904 2469 1012 2519 4-0.)‚

139 2531 182 2569 et
211 2530 354 2569 carnis
385 2531 570 2581 agninae
593 2530 860 2576 devorabam
895 2532 1015 2582 quod

139 2602 239 2633 cum
278 2592 467 2641 faceret,
514 2593 569 2633 de
606 2592 766 2633 vilibus
806 2593 916 2634 cibis
957 2596 1015 2634 ita

138 2667 186 2696 se
208 2655 543 2704 consolabatur,
578 2658 626 2695 ut
656 2658 883 2707 tamquam
905 2656 1016 2698 alter

138 2718 316 2766 Bestius,
348 2718 509 2765 homo,
541 2720 589 2758 ut
617 2718 814 2767 videtur,
855 2731 1015 2761 avarus

137 2778 356 2830 simulque
387 2779 857 2831 maledicentissimus‚
892 2784 1016 2824 cuius

138 2852 328 2892 persona
371 2841 556 2883 fortasse
603 2843 756 2883 itidem
796 2844 1015 2885 Luciliana

141 2903 379 2950 (Weicbert
412 2906 458 2943 P.
498 2907 542 2944 L.
583 2917 624 2957 p.
662 2905 776 2957 420.)
807 2918 917 2947 usus
950 2911 1017 2949 est

139 2963 274 3003 etiam
313 2966 484 3006 Persius
516 2967 564 3015 6,
598 2967 684 3016 37.,
726 2969 768 3008 in
804 2969 1015 3021 prodigos

138 3035 190 3064 ac
235 3023 480 3066 luxuriosos
525 3029 687 3068 acriter
731 3030 1018 3071 inveheretur

138 3097 306 3138 eosque
362 3087 594 3130 servilibus
651 3093 805 3141 poenis
861 3093 1017 3145 dignos

137 3149 350 3189 diceret.»
408 3151 458 3190 Ut
488 3151 692 3192 Horatius
715 3155 890 3203 patinas
922 3167 1019 3196 coe-

135 3222 255 3259 nare,
281 3211 343 3251 sic
366 3212 517 3251 luven.
543 3213 559 3251 4
582 3244 589 3261 ,
623 3212 704 3253 94ε
737 3215 838 3264 Quis
854 3217 1018 3267 fercula

137 3278 288 3324 septem
317 3278 471 3313 secreto
500 3276 689 3314 coenavit
727 3277 860 3317 avus?
907 3280 1017 3320 Tum

136 3339 266 3388 iunge
287 3337 380 3376 vilis
399 3340 438 3376 et
457 3338 658 3388 aquinae,
694 3349 781 3378 non
809 3342 940 3380 omasi
957 3343 1021 3381 vi-

137 3400 212 3449 lis,
250 3399 295 3438 id
325 3399 446 3450 quod
475 3410 556 3450 per
586 3410 634 3439 se
666 3399 935 3451 intelligitur.
972 3425 1017 3432 —

138 3462 298 3512 lamna]
330 3461 420 3501 Cic.
444 3462 572 3501 Verr.
599 3462 701 3501 Ace.
725 3463 772 3510 5,
806 3463 882 3511 63,
916 3463 1018 3503 463:

139 3522 251 3572 iqnes
278 3524 576 3574 candentesque
604 3523 788 3564 laminae
813 3525 1021 3574 ceterique

1082 1284 1294 1323 eruciatus
1323 1285 1664 1324 admovebantur.
1716 1286 1791 1335 (De
1824 1284 1962 1324 forma

1082 1347 1226 1386 lamna
1257 1345 1343 1385 vid.
1381 1346 1459 1386 Od.
1493 1348 1538 1394 2,
1581 1349 1630 1394 ⁶2,
1663 1348 1718 1397 ι2.)
1772 1345 1962 1386 Galenus

1083 1408 1137 1448 de
1170 1410 1375 1460 Hippocr.
1403 1410 1446 1448 et
1473 1409 1578 1450 Plat.
1604 1411 1759 1459 bogm.
1785 1409 1823 1448 6.
1850 1410 1959 1447 extr.

1080 1470 1172 1510 Vol.
1206 1472 1257 1510 V.
1291 1482 1333 1522 p.
1369 1470 1461 1510 584.
1489 1471 1640 1509 Ku'hn:
1690 1465 1815 1511 οῖ’τω
1846 1467 1963 1522 γοῦν

1080 1528 1282 1571 εἰώθασι
1319 1533 1400 1571 καὶ
1439 1529 1525 1572 νῦν
1566 1536 1719 1572 ποιεῖν
1760 1532 1810 1571 οἱ
1850 1528 1964 1581 τοὺς

1079 1589 1450 1651 ἁμαρτάνοντας
1480 1595 1669 1645 οἰκέτας
1700 1591 1962 1634 καταδικά-

1079 1659 1259 1707 ζοντες,
1307 1655 1399 1696 τῶν
1443 1657 1532 1709 μὲν
1576 1652 1962 1715 ἀποδιδρασκόν-

1080 1731 1172 1757 των
1220 1716 1280 1759 τὰ
1328 1717 1475 1772 σκέλη
1526 1722 1747 1770 καίοντες·
1794 1733 1843 1760 τε
1881 1722 1961 1759 κα),

1078 1779 1466 1833 κατασχάζοντες
1486 1785 1566 1822 καὶ
1590 1784 1812 1832 παίοντες
1830 1814 1839 1830 ,
1864 1781 1962 1822 τῶν

1078 1842 1127 1884 δὲ
1149 1841 1447 1884 κλεπτόντων
1469 1841 1554 1896 τὰς
1575 1848 1738 1901 χεῖρας
1754 1876 1764 1893 ,
1798 1839 1959 1902 ὥσπερ

1080 1918 1132 1960 γε
1162 1907 1243 1946 καὶ
1265 1904 1358 1946 τῶν
1379 1905 1752 1965 γαστρι,ιιάργ(ον
1773 1904 1862 1960 τὴν
1883 1921 1963 1961 γα-

1081 1970 1248 2026 στέρα,
1282 1971 1361 2009 καὶ
1393 1968 1486 2009 τῶν
1508 1969 1854 2028 φλυαρούντων
1874 1967 1962 2023 τὴν

1079 2031 1307 2086 γλῶτταν.
1344 2057 1388 2060 -
1424 2033 1642 2073 Corrector
1673 2045 1775 2073 cum
1807 2035 1960 2074 conie-

1081 2095 1217 2135 cisset
1246 2094 1510 2143 Lambinus,
1545 2098 1726 2147 postea,
1760 2097 1808 2134 ut
1837 2095 1956 2143 dicit,

1079 2156 1120 2195 in
1153 2156 1293 2196 Codd.
1330 2158 1560 2207 antiquiss.
1587 2158 1805 2209 repperit;
1839 2168 1963 2197 rece-

1078 2217 1140 2268 pit
1169 2217 1407 2258 Bentleius.
1457 2221 1519 2258 Ac
1550 2220 1585 2258 si
1617 2220 1658 2257 in
1688 2219 1851 2259 Codice
1874 2230 1962 2258 uon

1080 2279 1247 2317 invenit
1284 2279 1547 2329 Lambinus,
1589 2281 1713 2320 cuius
1751 2281 1886 2321 fidem
1919 2282 1962 2321 in

1080 2339 1240 2380 talibus
1272 2352 1359 2380 non
1392 2344 1512 2381 extra
1545 2353 1726 2381 omnem
1747 2344 1961 2394 suspicio-

1079 2413 1183 2443 nem
1213 2404 1405 2455 positam
1444 2406 1576 2455 puto,
1624 2407 1773 2444 tamen
1814 2417 1960 2446 corre-

1079 2470 1168 2506 ctor
1197 2477 1354 2506 verum
1396 2469 1478 2506 est.
1535 2467 1612 2516 (Cf.
1646 2478 1737 2506 var.
1770 2466 1869 2507 lect.
1902 2469 1957 2508 ad

1079 2530 1166 2567 Sat.
1190 2529 1236 2577 2,
1270 2529 1314 2577 7,
1351 2529 1432 2580 43.)
1484 2529 1635 2580 Ipsum
1672 2532 1821 2570 autem
1853 2541 1952 2571 voc.

1078 2591 1215 2631 habet
1244 2593 1394 2632 nescio
1427 2592 1532 2643 quid
1561 2592 1762 2632 invidiosi
1795 2592 1961 2644 (Sptit-

1079 2654 1390 2706 terrichter)‚
1415 2657 1462 2692 ut
1482 2654 1598 2705 apud
1620 2655 1795 2694 Terent.
1815 2654 1895 2694 Ad.
1916 2655 1955 2704 4,

1080 2720 1127 2768 7,
1160 2718 1236 2758 23:
1285 2719 1355 2759 M1.
1389 2741 1412 2748 -
1432 2718 1518 2757 -id
1547 2722 1637 2757 arte
1666 2723 1711 2757 ut
1746 2720 1955 2770 corriqas.

1079 2782 1158 2821 DE.
1193 2781 1437 2821 Cori-ector!
1482 2782 1638 2831 Nempe
1673 2785 1747 2821 tua
1776 2786 1868 2822 arte
1894 2783 1960 2822 vi-

1078 2843 1183 2894 qinti
1221 2844 1361 2882 minae
1387 2865 1410 2872 -
1437 2865 1459 2871 —
1493 2844 1671 2893 periere.
1732 2844 1821 2884 Cic.
1858 2844 1960 2884 Phi-

1081 2904 1185 2956 lipp.
1217 2906 1266 2954 2,
1311 2906 1386 2953 47,
1430 2904 1505 2945 43;
1552 2907 1643 2945 Iam
1678 2907 1808 2956 enim,
1855 2918 1960 2956 quo-

1080 2969 1197 3007 niam
1233 2967 1476 3007 criminibus
1505 2969 1590 3008 eius
1623 2969 1723 3008 satis
1750 2970 1958 3019 respondi,

1081 3031 1128 3070 de
1157 3031 1245 3080 ipso
1275 3031 1538 3069 emendatore
1567 3043 1617 3070 ac
1636 3036 1869 3071 correctore
1890 3043 1962 3071 no-

1081 3096 1166 3132 stro
1206 3093 1414 3142 quaedam
1457 3093 1632 3132 dicenda
1673 3097 1780 3132 sunt.
1838 3095 1954 3133 Orat.

1082 3155 1158 3203 56,
1207 3155 1310 3194 49οῑ
1360 3155 1425 3194 hic
1459 3159 1670 3195 corrector
1708 3155 1752 3194 in
1791 3166 1836 3195 eo
1873 3156 1960 3205 ipso

1082 3217 1189 3265 loco,
1238 3228 1318 3266 quo
1361 3217 1644 3267 reprehendit,
1675 3239 1698 3246 -
1726 3240 1748 3246 -
1778 3217 1960 3256 immittit

1081 3281 1322 3330 imprudens
1363 3281 1448 3330 ipse
1491 3280 1718 3319 senarium.
1784 3279 1958 3319 Lectio—

1084 3353 1188 3382 nem
1208 3347 1418 3382 correctus
1435 3342 1608 3382 Bestius.
1636 3343 1745 3380 Idem
1766 3341 1958 3380 Diintzer

1085 3406 1129 3444 et
1158 3403 1377 3445 Obbarius
1410 3403 1519 3455 (coll.
1544 3404 1629 3442 Sat.
1654 3403 1700 3450 2,
1725 3403 1772 3451 5,
1796 3403 1848 3442 55
1872 3403 1957 3453 sq.)

1085 3465 1331 3518 explicant:
1361 3464 1649 3515 «corrigendo
1679 3464 1819 3504 factus
1849 3463 1960 3504 alter

1083 3528 1272 3577 Bestius,
1295 3528 1428 3568 homo
1449 3537 1630 3575 avarus,
1665 3528 1706 3567 in
1728 3523 1958 3567 helluones
