<?xml version="1.0" encoding="UTF-8"?>
<!DOCTYPE html PUBLIC "-//W3C//DTD XHTML 1.0 Transitional//EN"
    "http://www.w3.org/TR/xhtml1/DTD/xhtml1-transitional.dtd">
<html xmlns="http://www.w3.org/1999/xhtml" xml:lang="en" lang="en">
 <head>
  <title>
</title>
<meta http-equiv="Content-Type" content="text/html;charset=utf-8" />
  <meta name='ocr-system' content='tesseract 3.04.00' />
  <meta name='ocr-capabilities' content='ocr_page ocr_carea ocr_par ocr_line ocrx_word'/>
</head>
<body>
  <div class='ocr_page' id='page_1' title='image "./qhoratiusflaccus02horauoft_0260.png"; bbox 0 0 2231 3787; ppageno 0'>
   <div class='ocr_carea' id='block_1_1' title="bbox 320 319 424 371">
    <p class='ocr_par' dir='ltr' id='par_1_1' title="bbox 320 319 424 371">
     <span class='ocr_line' id='line_1_1' title="bbox 320 319 424 371; baseline -0.01 0"><span class='ocrx_word' id='word_1_1' title='bbox 320 319 424 371; x_wconf 65' lang='lat'>240</span> 
     </span>
    </p>
   </div>
   <div class='ocr_carea' id='block_1_2' title="bbox 953 316 1495 358">
    <p class='ocr_par' dir='ltr' id='par_1_2' title="bbox 953 316 1495 358">
     <span class='ocr_line' id='line_1_2' title="bbox 953 316 1495 358; baseline -0.004 -1"><span class='ocrx_word' id='word_1_2' title='bbox 953 317 1166 357; x_wconf 81' lang='lat' dir='ltr'>HORATII</span> <span class='ocrx_word' id='word_1_3' title='bbox 1197 316 1495 358; x_wconf 68' lang='lat' dir='ltr'>SATIRARUM</span> 
     </span>
    </p>
   </div>
   <div class='ocr_carea' id='block_1_3' title="bbox 399 443 1822 505">
    <p class='ocr_par' dir='ltr' id='par_1_3' title="bbox 399 443 1822 505">
     <span class='ocr_line' id='line_1_3' title="bbox 399 443 1822 505; baseline -0.005 -3"><span class='ocrx_word' id='word_1_4' title='bbox 399 451 530 503; x_wconf 82' lang='lat' dir='ltr'>Cum</span> <span class='ocrx_word' id='word_1_5' title='bbox 571 448 789 501; x_wconf 82' lang='lat' dir='ltr'>Ilionam</span> <span class='ocrx_word' id='word_1_6' title='bbox 829 447 1081 505; x_wconf 76' lang='lat' dir='ltr'>edomuit,</span> <span class='ocrx_word' id='word_1_7' title='bbox 1126 446 1358 500; x_wconf 80' lang='lat' dir='ltr'>Catienis</span> <span class='ocrx_word' id='word_1_8' title='bbox 1397 443 1538 497; x_wconf 92' lang='lat' dir='ltr'>mille</span> <span class='ocrx_word' id='word_1_9' title='bbox 1579 443 1822 496; x_wconf 89' lang='lat' dir='ltr'>ducentis</span> 
     </span>
    </p>
   </div>
   <div class='ocr_carea' id='block_1_4' title="bbox 399 546 1460 620">
    <p class='ocr_par' dir='ltr' id='par_1_4' title="bbox 399 546 1460 620">
     <span class='ocr_line' id='line_1_4' title="bbox 399 546 1460 620; baseline -0.006 -17"><span class='ocrx_word' id='word_1_10' title='bbox 399 577 417 598; x_wconf 57' lang='grc' dir='ltr'>«ι</span> <span class='ocrx_word' id='word_1_11' title='bbox 442 551 630 610; x_wconf 82' lang='lat' dir='ltr'>Mater,</span> <span class='ocrx_word' id='word_1_12' title='bbox 673 559 722 603; x_wconf 88' lang='lat' dir='ltr'>te</span> <span class='ocrx_word' id='word_1_13' title='bbox 763 548 1049 620; x_wconf 61' lang='lat' dir='ltr'>appelloln</span> <span class='ocrx_word' id='word_1_14' title='bbox 1093 546 1460 601; x_wconf 79' lang='lat' dir='ltr'>clamantibus.</span> 
     </span>
    </p>
   </div>
   <div class='ocr_carea' id='block_1_5' title="bbox 1536 543 2037 615">
    <p class='ocr_par' dir='ltr' id='par_1_5' title="bbox 1536 543 2037 615">
     <span class='ocr_line' id='line_1_5' title="bbox 1536 543 2037 615; baseline -0.004 -18"><span class='ocrx_word' id='word_1_15' title='bbox 1536 545 1671 598; x_wconf 87' lang='lat' dir='ltr'>Huic</span> <span class='ocrx_word' id='word_1_16' title='bbox 1710 561 1809 615; x_wconf 80' lang='lat' dir='ltr'>ego</span> <span class='ocrx_word' id='word_1_17' title='bbox 1849 543 2037 614; x_wconf 76' lang='lat' dir='ltr'>volgus</span> 
     </span>
    </p>
   </div>
   <div class='ocr_carea' id='block_1_6' title="bbox 394 645 1671 705">
    <p class='ocr_par' dir='ltr' id='par_1_6' title="bbox 394 645 1671 705">
     <span class='ocr_line' id='line_1_6' title="bbox 394 645 1671 705; baseline -0.005 -1"><span class='ocrx_word' id='word_1_18' title='bbox 394 652 570 705; x_wconf 84' lang='lat' dir='ltr'>Errori</span> <span class='ocrx_word' id='word_1_19' title='bbox 612 651 836 704; x_wconf 80' lang='lat' dir='ltr'>similem</span> <span class='ocrx_word' id='word_1_20' title='bbox 879 658 1128 704; x_wconf 89' lang='lat' dir='ltr'>cunctum</span> <span class='ocrx_word' id='word_1_21' title='bbox 1168 648 1399 700; x_wconf 78' lang='lat' dir='ltr'>insanire</span> <span class='ocrx_word' id='word_1_22' title='bbox 1446 645 1671 700; x_wconf 84' lang='lat' dir='ltr'>docebO.</span> 
     </span>
    </p>
   </div>
   <div class='ocr_carea' id='block_1_7' title="bbox 397 745 1778 818">
    <p class='ocr_par' dir='ltr' id='par_1_7' title="bbox 397 745 1778 818">
     <span class='ocr_line' id='line_1_7' title="bbox 397 745 1778 818; baseline -0.006 -13"><span class='ocrx_word' id='word_1_23' title='bbox 397 753 595 807; x_wconf 84' lang='lat' dir='ltr'>Insanit</span> <span class='ocrx_word' id='word_1_24' title='bbox 632 761 846 805; x_wconf 73' lang='lat' dir='ltr'>veteres</span> <span class='ocrx_word' id='word_1_25' title='bbox 886 760 1086 803; x_wconf 83' lang='lat' dir='ltr'>statuas</span> <span class='ocrx_word' id='word_1_26' title='bbox 1126 747 1483 818; x_wconf 85' lang='lat' dir='ltr'>Damasippus</span> <span class='ocrx_word' id='word_1_27' title='bbox 1523 745 1778 799; x_wconf 88' lang='lat' dir='ltr'>emendo:</span> 
     </span>
    </p>
   </div>
   <div class='ocr_carea' id='block_1_8' title="bbox 395 846 2133 925">
    <p class='ocr_par' dir='ltr' id='par_1_8' title="bbox 395 846 2133 925">
     <span class='ocr_line' id='line_1_8' title="bbox 395 846 2133 925; baseline -0.006 -18"><span class='ocrx_word' id='word_1_28' title='bbox 395 857 604 925; x_wconf 84' lang='lat' dir='ltr'>integer</span> <span class='ocrx_word' id='word_1_29' title='bbox 641 862 724 906; x_wconf 88' lang='lat' dir='ltr'>est</span> <span class='ocrx_word' id='word_1_30' title='bbox 763 852 952 905; x_wconf 89' lang='lat' dir='ltr'>mentis</span> <span class='ocrx_word' id='word_1_31' title='bbox 992 849 1304 919; x_wconf 85' lang='lat' dir='ltr'>Damasippi</span> <span class='ocrx_word' id='word_1_32' title='bbox 1343 846 1591 902; x_wconf 81' lang='lat' dir='ltr'>creditor.</span> <span class='ocrx_word' id='word_1_33' title='bbox 1670 847 1817 899; x_wconf 74' lang='lat' dir='ltr'>Esto!</span> <span class='ocrx_word' id='word_1_34' title='bbox 2068 847 2133 899; x_wconf 78' lang='lat'>65</span> 
     </span>
    </p>
   </div>
   <div class='ocr_carea' id='block_1_9' title="bbox 433 1024 912 1078">
    <p class='ocr_par' dir='ltr' id='par_1_9' title="bbox 433 1024 912 1078">
     <span class='ocr_line' id='line_1_9' title="bbox 433 1024 912 1078; baseline -0.008 -11"><span class='ocrx_word' id='word_1_35' title='bbox 433 1028 498 1067; x_wconf 75' lang='lat'>62.</span> <span class='ocrx_word' id='word_1_36' title='bbox 534 1027 701 1078; x_wconf 67' lang='lat' dir='ltr'>cuiqam·</span> <span class='ocrx_word' id='word_1_37' title='bbox 730 1024 912 1073; x_wconf 83' lang='lat' dir='ltr'>bS,LCt-.</span> 
     </span>
    </p>
   </div>
   <div class='ocr_carea' id='block_1_10' title="bbox 976 1018 2084 1075">
    <p class='ocr_par' dir='ltr' id='par_1_10' title="bbox 976 1018 2084 1075">
     <span class='ocr_line' id='line_1_10' title="bbox 976 1018 2084 1075; baseline -0.005 -12"><span class='ocrx_word' id='word_1_38' title='bbox 976 1024 1195 1075; x_wconf 88' lang='lat' dir='ltr'>(«Repone</span> <span class='ocrx_word' id='word_1_39' title='bbox 1225 1021 1374 1073; x_wconf 71' lang='lat' dir='ltr'>vulqus</span> <span class='ocrx_word' id='word_1_40' title='bbox 1403 1031 1457 1060; x_wconf 77' lang='lat' dir='ltr'>ex</span> <span class='ocrx_word' id='word_1_41' title='bbox 1486 1019 1662 1060; x_wconf 90' lang='lat' dir='ltr'>duobus</span> <span class='ocrx_word' id='word_1_42' title='bbox 1693 1018 1920 1059; x_wconf 90' lang='lat' dir='ltr'>Pulmanni</span> <span class='ocrx_word' id='word_1_43' title='bbox 1942 1020 1986 1058; x_wconf 92' lang='lat' dir='ltr'>et</span> <span class='ocrx_word' id='word_1_44' title='bbox 2006 1020 2084 1058; x_wconf 92' lang='lat' dir='ltr'>Ga-</span> 
     </span>
    </p>
   </div>
   <div class='ocr_carea' id='block_1_11' title="bbox 376 1080 2085 1137">
    <p class='ocr_par' dir='ltr' id='par_1_11' title="bbox 376 1080 2085 1137">
     <span class='ocr_line' id='line_1_11' title="bbox 376 1080 2085 1137; baseline -0.005 -9"><span class='ocrx_word' id='word_1_45' title='bbox 376 1089 502 1128; x_wconf 90' lang='lat' dir='ltr'>leano</span> <span class='ocrx_word' id='word_1_46' title='bbox 533 1090 698 1129; x_wconf 86' lang='lat' dir='ltr'>nostro.</span> <span class='ocrx_word' id='word_1_47' title='bbox 759 1088 988 1137; x_wconf 80' lang='lat' dir='ltr'>Nusquam</span> <span class='ocrx_word' id='word_1_48' title='bbox 1021 1084 1122 1125; x_wconf 87' lang='lat' dir='ltr'>alibi</span> <span class='ocrx_word' id='word_1_49' title='bbox 1152 1084 1300 1136; x_wconf 71' lang='lat' dir='ltr'>vulqus</span> <span class='ocrx_word' id='word_1_50' title='bbox 1328 1080 1574 1123; x_wconf 91' lang='lat' dir='ltr'>masculino</span> <span class='ocrx_word' id='word_1_51' title='bbox 1606 1092 1768 1133; x_wconf 82' lang='lat' dir='ltr'>genere</span> <span class='ocrx_word' id='word_1_52' title='bbox 1795 1082 1980 1133; x_wconf 85' lang='lat' dir='ltr'>usurpat</span> <span class='ocrx_word' id='word_1_53' title='bbox 2001 1081 2085 1121; x_wconf 92' lang='lat' dir='ltr'>Ho-</span> 
     </span>
    </p>
   </div>
   <div class='ocr_carea' id='block_1_12' title="bbox 375 1147 1180 1202">
    <p class='ocr_par' dir='ltr' id='par_1_12' title="bbox 375 1147 1180 1202">
     <span class='ocr_line' id='line_1_12' title="bbox 375 1147 1180 1202; baseline -0.006 -11"><span class='ocrx_word' id='word_1_54' title='bbox 375 1153 534 1199; x_wconf 86' lang='lat' dir='ltr'>ratius,</span> <span class='ocrx_word' id='word_1_55' title='bbox 568 1160 746 1202; x_wconf 87' lang='lat' dir='ltr'>semper</span> <span class='ocrx_word' id='word_1_56' title='bbox 777 1151 978 1188; x_wconf 82' lang='lat' dir='ltr'>neutro.»</span> <span class='ocrx_word' id='word_1_57' title='bbox 1010 1147 1180 1196; x_wconf 69' lang='lat' dir='ltr'>Bsxri..)</span> 
     </span>
    </p>
   </div>
   <div class='ocr_carea' id='block_1_13' title="bbox 320 1294 1204 3569">
    <p class='ocr_par' dir='ltr' id='par_1_13' title="bbox 320 1294 1204 3569">
     <span class='ocr_line' id='line_1_13' title="bbox 322 1294 1196 1348; baseline -0.008 -8"><span class='ocrx_word' id='word_1_58' title='bbox 322 1301 433 1340; x_wconf 82' lang='lat' dir='ltr'>notis</span> <span class='ocrx_word' id='word_1_59' title='bbox 453 1301 635 1338; x_wconf 89' lang='lat' dir='ltr'>utuntur</span> <span class='ocrx_word' id='word_1_60' title='bbox 654 1298 736 1337; x_wconf 87' lang='lat' dir='ltr'>hac</span> <span class='ocrx_word' id='word_1_61' title='bbox 758 1294 984 1348; x_wconf 90' lang='lat' dir='ltr'>particula.</span> <span class='ocrx_word' id='word_1_62' title='bbox 1010 1319 1052 1323; x_wconf 82' lang='lat'><strong>—</strong></span> <span class='ocrx_word' id='word_1_63' title='bbox 1077 1295 1196 1335; x_wconf 79' lang='lat' dir='ltr'>edor-</span> 
     </span>
     <span class='ocr_line' id='line_1_14' title="bbox 320 1358 1192 1413; baseline -0.007 -12"><span class='ocrx_word' id='word_1_64' title='bbox 320 1362 406 1413; x_wconf 77' lang='lat' dir='ltr'>mit]</span> <span class='ocrx_word' id='word_1_65' title='bbox 432 1372 535 1412; x_wconf 90' lang='lat' dir='ltr'>«pro</span> <span class='ocrx_word' id='word_1_66' title='bbox 558 1359 794 1411; x_wconf 85' lang='lat' dir='ltr'>praeterito</span> <span class='ocrx_word' id='word_1_67' title='bbox 816 1358 978 1409; x_wconf 86' lang='lat' dir='ltr'>accipi,</span> <span class='ocrx_word' id='word_1_68' title='bbox 1003 1367 1090 1396; x_wconf 90' lang='lat' dir='ltr'>non</span> <span class='ocrx_word' id='word_1_69' title='bbox 1112 1367 1192 1407; x_wconf 90' lang='lat' dir='ltr'>pro</span> 
     </span>
     <span class='ocr_line' id='line_1_15' title="bbox 320 1420 1193 1476; baseline -0.008 -12"><span class='ocrx_word' id='word_1_70' title='bbox 320 1424 545 1476; x_wconf 86' lang='lat' dir='ltr'>praesenti</span> <span class='ocrx_word' id='word_1_71' title='bbox 585 1421 762 1462; x_wconf 90' lang='lat' dir='ltr'>debet.»</span> <span class='ocrx_word' id='word_1_72' title='bbox 811 1422 964 1460; x_wconf 77' lang='lat' dir='ltr'>Ponpu.</span> <span class='ocrx_word' id='word_1_73' title='bbox 1016 1420 1193 1459; x_wconf 84' lang='lat' dir='ltr'>Minime</span> 
     </span>
     <span class='ocr_line' id='line_1_16' title="bbox 322 1481 1192 1533; baseline -0.003 -10"><span class='ocrx_word' id='word_1_74' title='bbox 322 1497 445 1525; x_wconf 67' lang='lat' dir='ltr'>vero.</span> <span class='ocrx_word' id='word_1_75' title='bbox 478 1484 586 1524; x_wconf 73' lang='lat' dir='ltr'>vide</span> <span class='ocrx_word' id='word_1_76' title='bbox 605 1482 805 1533; x_wconf 71' lang='lat' dir='ltr'>Madvigii</span> <span class='ocrx_word' id='word_1_77' title='bbox 822 1481 876 1521; x_wconf 89' lang='lat' dir='ltr'>ad</span> <span class='ocrx_word' id='word_1_78' title='bbox 894 1483 981 1521; x_wconf 88' lang='lat' dir='ltr'>Sat.</span> <span class='ocrx_word' id='word_1_79' title='bbox 1008 1482 1045 1529; x_wconf 76' lang='lat'>4,</span> <span class='ocrx_word' id='word_1_80' title='bbox 1066 1482 1104 1529; x_wconf 81' lang='lat'>6,</span> <span class='ocrx_word' id='word_1_81' title='bbox 1127 1481 1192 1521; x_wconf 76' lang='lat'>43.</span> 
     </span>
     <span class='ocr_line' id='line_1_17' title="bbox 321 1541 1195 1599; baseline -0.006 -12"><span class='ocrx_word' id='word_1_82' title='bbox 321 1548 678 1599; x_wconf 82' lang='lat' dir='ltr'>disputationem.</span> <span class='ocrx_word' id='word_1_83' title='bbox 738 1546 786 1583; x_wconf 92' lang='lat' dir='ltr'>In</span> <span class='ocrx_word' id='word_1_84' title='bbox 824 1545 1021 1583; x_wconf 90' lang='lat' dir='ltr'>oratione</span> <span class='ocrx_word' id='word_1_85' title='bbox 1054 1541 1195 1582; x_wconf 89' lang='lat' dir='ltr'>soluta</span> 
     </span>
     <span class='ocr_line' id='line_1_18' title="bbox 321 1607 1196 1654; baseline -0.006 -6"><span class='ocrx_word' id='word_1_86' title='bbox 321 1609 503 1648; x_wconf 86' lang='lat' dir='ltr'>dixisset</span> <span class='ocrx_word' id='word_1_87' title='bbox 533 1607 842 1647; x_wconf 85' lang='lat' dir='ltr'>«edormiret.»</span> <span class='ocrx_word' id='word_1_88' title='bbox 877 1626 923 1634; x_wconf 90' lang='lat'>-</span> <span class='ocrx_word' id='word_1_89' title='bbox 956 1607 1116 1654; x_wconf 78' lang='lat' dir='ltr'>Mater,</span> <span class='ocrx_word' id='word_1_90' title='bbox 1160 1609 1196 1644; x_wconf 85' lang='lat' dir='ltr'>te</span> 
     </span>
     <span class='ocr_line' id='line_1_19' title="bbox 321 1666 1194 1722; baseline -0.006 -12"><span class='ocrx_word' id='word_1_91' title='bbox 321 1671 503 1722; x_wconf 81' lang='lat' dir='ltr'>appello]</span> <span class='ocrx_word' id='word_1_92' title='bbox 563 1669 885 1720; x_wconf 81' lang='lat' dir='ltr'>Argumentum</span> <span class='ocrx_word' id='word_1_93' title='bbox 941 1666 1194 1717; x_wconf 80' lang='lat' dir='ltr'>tragoediae</span> 
     </span>
     <span class='ocr_line' id='line_1_20' title="bbox 321 1727 1193 1779; baseline -0.007 -7"><span class='ocrx_word' id='word_1_94' title='bbox 321 1733 596 1773; x_wconf 79' lang='lat' dir='ltr'>Pacuvianae</span> <span class='ocrx_word' id='word_1_95' title='bbox 617 1731 679 1770; x_wconf 90' lang='lat' dir='ltr'>sic</span> <span class='ocrx_word' id='word_1_96' title='bbox 692 1731 869 1769; x_wconf 84' lang='lat' dir='ltr'>enarrat</span> <span class='ocrx_word' id='word_1_97' title='bbox 880 1730 1076 1779; x_wconf 69' lang='lat' dir='ltr'>Hyginus</span> <span class='ocrx_word' id='word_1_98' title='bbox 1090 1727 1193 1767; x_wconf 89' lang='lat' dir='ltr'>Fab.</span> 
     </span>
     <span class='ocr_line' id='line_1_21' title="bbox 323 1789 1196 1842; baseline -0.007 -8"><span class='ocrx_word' id='word_1_99' title='bbox 323 1795 428 1834; x_wconf 71' lang='lat'>409:</span> <span class='ocrx_word' id='word_1_100' title='bbox 477 1794 674 1833; x_wconf 89' lang='lat' dir='ltr'>«Priamo</span> <span class='ocrx_word' id='word_1_101' title='bbox 714 1790 958 1842; x_wconf 72' lang='lat' dir='ltr'>Polydorus</span> <span class='ocrx_word' id='word_1_102' title='bbox 999 1789 1111 1829; x_wconf 88' lang='lat' dir='ltr'>filius</span> <span class='ocrx_word' id='word_1_103' title='bbox 1143 1800 1196 1828; x_wconf 80' lang='lat' dir='ltr'>ex</span> 
     </span>
     <span class='ocr_line' id='line_1_22' title="bbox 322 1850 1194 1901; baseline -0.006 -5"><span class='ocrx_word' id='word_1_104' title='bbox 322 1855 503 1896; x_wconf 87' lang='lat' dir='ltr'>Hecuba</span> <span class='ocrx_word' id='word_1_105' title='bbox 541 1865 642 1893; x_wconf 89' lang='lat' dir='ltr'>cum</span> <span class='ocrx_word' id='word_1_106' title='bbox 675 1855 794 1893; x_wconf 88' lang='lat' dir='ltr'>esset</span> <span class='ocrx_word' id='word_1_107' title='bbox 837 1855 986 1901; x_wconf 88' lang='lat' dir='ltr'>natus,</span> <span class='ocrx_word' id='word_1_108' title='bbox 1033 1850 1194 1891; x_wconf 88' lang='lat' dir='ltr'>Ilionae</span> 
     </span>
     <span class='ocr_line' id='line_1_23' title="bbox 323 1913 1198 1957; baseline -0.007 0"><span class='ocrx_word' id='word_1_109' title='bbox 323 1917 434 1957; x_wconf 81' lang='lat' dir='ltr'>filiae</span> <span class='ocrx_word' id='word_1_110' title='bbox 467 1927 572 1956; x_wconf 88' lang='lat' dir='ltr'>suae</span> <span class='ocrx_word' id='word_1_111' title='bbox 606 1915 826 1954; x_wconf 88' lang='lat' dir='ltr'>dederunt</span> <span class='ocrx_word' id='word_1_112' title='bbox 865 1925 965 1953; x_wconf 87' lang='lat' dir='ltr'>eum</span> <span class='ocrx_word' id='word_1_113' title='bbox 999 1913 1198 1953; x_wconf 89' lang='lat' dir='ltr'>educan-</span> 
     </span>
     <span class='ocr_line' id='line_1_24' title="bbox 323 1975 1198 2029; baseline -0.007 -10"><span class='ocrx_word' id='word_1_114' title='bbox 323 1980 428 2019; x_wconf 91' lang='lat' dir='ltr'>dum</span> <span class='ocrx_word' id='word_1_115' title='bbox 447 2011 453 2026; x_wconf 81' lang='lat'>,</span> <span class='ocrx_word' id='word_1_116' title='bbox 475 1989 588 2029; x_wconf 88' lang='lat' dir='ltr'>quae</span> <span class='ocrx_word' id='word_1_117' title='bbox 613 1976 921 2028; x_wconf 73' lang='lat' dir='ltr'>Polymestori,</span> <span class='ocrx_word' id='word_1_118' title='bbox 945 1976 1038 2026; x_wconf 84' lang='lat' dir='ltr'>regi</span> <span class='ocrx_word' id='word_1_119' title='bbox 1059 1975 1198 2015; x_wconf 89' lang='lat' dir='ltr'>Thra-</span> 
     </span>
     <span class='ocr_line' id='line_1_25' title="bbox 323 2036 1197 2089; baseline -0.007 -8"><span class='ocrx_word' id='word_1_120' title='bbox 323 2052 447 2088; x_wconf 89' lang='lat' dir='ltr'>cum,</span> <span class='ocrx_word' id='word_1_121' title='bbox 496 2041 589 2079; x_wconf 91' lang='lat' dir='ltr'>erat</span> <span class='ocrx_word' id='word_1_122' title='bbox 618 2041 773 2089; x_wconf 79' lang='lat' dir='ltr'>nupta,</span> <span class='ocrx_word' id='word_1_123' title='bbox 826 2048 961 2088; x_wconf 90' lang='lat' dir='ltr'>quem</span> <span class='ocrx_word' id='word_1_124' title='bbox 1006 2036 1074 2076; x_wconf 89' lang='lat' dir='ltr'>illa</span> <span class='ocrx_word' id='word_1_125' title='bbox 1116 2047 1197 2087; x_wconf 92' lang='lat' dir='ltr'>pro</span> 
     </span>
     <span class='ocr_line' id='line_1_26' title="bbox 323 2098 1199 2150; baseline -0.007 -8"><span class='ocrx_word' id='word_1_126' title='bbox 323 2102 409 2142; x_wconf 82' lang='lat' dir='ltr'>filio</span> <span class='ocrx_word' id='word_1_127' title='bbox 440 2113 519 2142; x_wconf 88' lang='lat' dir='ltr'>suo</span> <span class='ocrx_word' id='word_1_128' title='bbox 560 2101 777 2140; x_wconf 62' lang='lat' dir='ltr'>educaxit.</span> <span class='ocrx_word' id='word_1_129' title='bbox 838 2098 1088 2150; x_wconf 90' lang='lat' dir='ltr'>Deiphilum</span> <span class='ocrx_word' id='word_1_130' title='bbox 1118 2109 1199 2136; x_wconf 88' lang='lat' dir='ltr'>au—</span> 
     </span>
     <span class='ocr_line' id='line_1_27' title="bbox 323 2160 1199 2214; baseline -0.007 -10"><span class='ocrx_word' id='word_1_131' title='bbox 323 2169 436 2210; x_wconf 84' lang='lat' dir='ltr'>tem,</span> <span class='ocrx_word' id='word_1_132' title='bbox 483 2174 618 2214; x_wconf 89' lang='lat' dir='ltr'>quem</span> <span class='ocrx_word' id='word_1_133' title='bbox 658 2173 711 2201; x_wconf 72' lang='lat' dir='ltr'>ex</span> <span class='ocrx_word' id='word_1_134' title='bbox 752 2160 1053 2212; x_wconf 82' lang='lat' dir='ltr'>Polymestore</span> <span class='ocrx_word' id='word_1_135' title='bbox 1093 2170 1199 2211; x_wconf 92' lang='lat' dir='ltr'>pro-</span> 
     </span>
     <span class='ocr_line' id='line_1_28' title="bbox 324 2223 1197 2276; baseline -0.006 -10"><span class='ocrx_word' id='word_1_136' title='bbox 324 2228 570 2266; x_wconf 72' lang='lat' dir='ltr'>creaverat.</span> <span class='ocrx_word' id='word_1_137' title='bbox 618 2236 697 2276; x_wconf 92' lang='lat' dir='ltr'>pro</span> <span class='ocrx_word' id='word_1_138' title='bbox 738 2235 817 2264; x_wconf 91' lang='lat' dir='ltr'>suo</span> <span class='ocrx_word' id='word_1_139' title='bbox 861 2223 993 2263; x_wconf 80' lang='lat' dir='ltr'>fratre</span> <span class='ocrx_word' id='word_1_140' title='bbox 1033 2223 1197 2262; x_wconf 90' lang='lat' dir='ltr'>educa-</span> 
     </span>
     <span class='ocr_line' id='line_1_29' title="bbox 323 2285 1195 2337; baseline -0.001 -12"><span class='ocrx_word' id='word_1_141' title='bbox 323 2290 405 2337; x_wconf 70' lang='lat' dir='ltr'>vit,</span> <span class='ocrx_word' id='word_1_142' title='bbox 449 2290 494 2327; x_wconf 88' lang='lat' dir='ltr'>ut</span> <span class='ocrx_word' id='word_1_143' title='bbox 523 2288 558 2327; x_wconf 90' lang='lat' dir='ltr'>si</span> <span class='ocrx_word' id='word_1_144' title='bbox 585 2286 708 2327; x_wconf 90' lang='lat' dir='ltr'>alteri</span> <span class='ocrx_word' id='word_1_145' title='bbox 740 2297 895 2326; x_wconf 86' lang='lat' dir='ltr'>eorum</span> <span class='ocrx_word' id='word_1_146' title='bbox 922 2285 1024 2337; x_wconf 88' lang='lat' dir='ltr'>quid</span> <span class='ocrx_word' id='word_1_147' title='bbox 1057 2285 1195 2333; x_wconf 85' lang='lat' dir='ltr'>foret,</span> 
     </span>
     <span class='ocr_line' id='line_1_30' title="bbox 323 2347 1199 2402; baseline -0.005 -13"><span class='ocrx_word' id='word_1_148' title='bbox 323 2349 579 2402; x_wconf 88' lang='lat' dir='ltr'>parentibus</span> <span class='ocrx_word' id='word_1_149' title='bbox 623 2349 883 2400; x_wconf 83' lang='lat' dir='ltr'>praestaret.</span> <span class='ocrx_word' id='word_1_150' title='bbox 964 2347 1050 2387; x_wconf 89' lang='lat' dir='ltr'>Sed</span> <span class='ocrx_word' id='word_1_151' title='bbox 1096 2357 1199 2386; x_wconf 91' lang='lat' dir='ltr'>cum</span> 
     </span>
     <span class='ocr_line' id='line_1_31' title="bbox 321 2408 1200 2461; baseline -0.005 -10"><span class='ocrx_word' id='word_1_152' title='bbox 321 2412 473 2452; x_wconf 65' lang='lat' dir='ltr'>Achivi</span> <span class='ocrx_word' id='word_1_153' title='bbox 512 2411 637 2450; x_wconf 89' lang='lat' dir='ltr'>Troia</span> <span class='ocrx_word' id='word_1_154' title='bbox 669 2412 795 2461; x_wconf 87' lang='lat' dir='ltr'>capta</span> <span class='ocrx_word' id='word_1_155' title='bbox 837 2408 1009 2461; x_wconf 90' lang='lat' dir='ltr'>prolem</span> <span class='ocrx_word' id='word_1_156' title='bbox 1040 2409 1200 2448; x_wconf 85' lang='lat' dir='ltr'>Priami</span> 
     </span>
     <span class='ocr_line' id='line_1_32' title="bbox 324 2470 1203 2524; baseline -0.005 -11"><span class='ocrx_word' id='word_1_157' title='bbox 324 2475 565 2524; x_wconf 81' lang='lat' dir='ltr'>exstirpare</span> <span class='ocrx_word' id='word_1_158' title='bbox 596 2471 781 2520; x_wconf 73' lang='lat' dir='ltr'>vellent,</span> <span class='ocrx_word' id='word_1_159' title='bbox 817 2493 839 2499; x_wconf 95' lang='lat'><em>-</em></span> <span class='ocrx_word' id='word_1_160' title='bbox 859 2493 882 2499; x_wconf 96' lang='lat'><em>—</em></span> <span class='ocrx_word' id='word_1_161' title='bbox 913 2471 969 2510; x_wconf 89' lang='lat' dir='ltr'>ad</span> <span class='ocrx_word' id='word_1_162' title='bbox 998 2470 1203 2521; x_wconf 85' lang='lat' dir='ltr'>Polyme-</span> 
     </span>
     <span class='ocr_line' id='line_1_33' title="bbox 324 2533 1200 2585; baseline -0.005 -10"><span class='ocrx_word' id='word_1_163' title='bbox 324 2538 490 2575; x_wconf 89' lang='lat' dir='ltr'>storem</span> <span class='ocrx_word' id='word_1_164' title='bbox 535 2533 702 2585; x_wconf 81' lang='lat' dir='ltr'>legatos</span> <span class='ocrx_word' id='word_1_165' title='bbox 749 2534 990 2581; x_wconf 87' lang='lat' dir='ltr'>miserunt,</span> <span class='ocrx_word' id='word_1_166' title='bbox 1043 2533 1117 2583; x_wconf 86' lang='lat' dir='ltr'>qui</span> <span class='ocrx_word' id='word_1_167' title='bbox 1161 2533 1200 2572; x_wconf 93' lang='lat' dir='ltr'>ei</span> 
     </span>
     <span class='ocr_line' id='line_1_34' title="bbox 323 2593 1201 2647; baseline -0.005 -10"><span class='ocrx_word' id='word_1_168' title='bbox 323 2596 666 2647; x_wconf 80' lang='lat' dir='ltr'>Agamemnonis</span> <span class='ocrx_word' id='word_1_169' title='bbox 711 2594 843 2635; x_wconf 85' lang='lat' dir='ltr'>filiam</span> <span class='ocrx_word' id='word_1_170' title='bbox 886 2595 1063 2634; x_wconf 91' lang='lat' dir='ltr'>nomine</span> <span class='ocrx_word' id='word_1_171' title='bbox 1101 2593 1201 2633; x_wconf 87' lang='lat' dir='ltr'>Ele—</span> 
     </span>
     <span class='ocr_line' id='line_1_35' title="bbox 325 2657 1202 2709; baseline -0.005 -11"><span class='ocrx_word' id='word_1_172' title='bbox 325 2662 465 2698; x_wconf 89' lang='lat' dir='ltr'>ctram</span> <span class='ocrx_word' id='word_1_173' title='bbox 509 2657 822 2709; x_wconf 87' lang='lat' dir='ltr'>pollicerentur</span> <span class='ocrx_word' id='word_1_174' title='bbox 865 2658 908 2696; x_wconf 91' lang='lat' dir='ltr'>in</span> <span class='ocrx_word' id='word_1_175' title='bbox 949 2657 1202 2707; x_wconf 80' lang='lat' dir='ltr'>coniugium</span> 
     </span>
     <span class='ocr_line' id='line_1_36' title="bbox 326 2717 1202 2770; baseline -0.001 -12"><span class='ocrx_word' id='word_1_176' title='bbox 326 2723 366 2759; x_wconf 89' lang='lat' dir='ltr'>et</span> <span class='ocrx_word' id='word_1_177' title='bbox 397 2721 491 2758; x_wconf 85' lang='lat' dir='ltr'>auri</span> <span class='ocrx_word' id='word_1_178' title='bbox 520 2730 727 2769; x_wconf 73' lang='lat' dir='ltr'>magnam</span> <span class='ocrx_word' id='word_1_179' title='bbox 759 2720 953 2770; x_wconf 89' lang='lat' dir='ltr'>copiam,</span> <span class='ocrx_word' id='word_1_180' title='bbox 999 2719 1033 2758; x_wconf 90' lang='lat' dir='ltr'>si</span> <span class='ocrx_word' id='word_1_181' title='bbox 1072 2717 1202 2768; x_wconf 87' lang='lat' dir='ltr'>Poly-</span> 
     </span>
     <span class='ocr_line' id='line_1_37' title="bbox 326 2780 1198 2829; baseline -0.002 -9"><span class='ocrx_word' id='word_1_182' title='bbox 326 2782 506 2827; x_wconf 84' lang='lat' dir='ltr'>dorum,</span> <span class='ocrx_word' id='word_1_183' title='bbox 528 2781 686 2820; x_wconf 87' lang='lat' dir='ltr'>Priami</span> <span class='ocrx_word' id='word_1_184' title='bbox 708 2780 866 2829; x_wconf 86' lang='lat' dir='ltr'>filium,</span> <span class='ocrx_word' id='word_1_185' title='bbox 890 2780 1198 2819; x_wconf 79' lang='lat' dir='ltr'>interfecisset.</span> 
     </span>
     <span class='ocr_line' id='line_1_38' title="bbox 326 2841 1203 2893; baseline -0.002 -11"><span class='ocrx_word' id='word_1_186' title='bbox 326 2842 601 2893; x_wconf 67' lang='lat' dir='ltr'>Polymestor</span> <span class='ocrx_word' id='word_1_187' title='bbox 654 2841 900 2892; x_wconf 76' lang='lat' dir='ltr'>legatorum</span> <span class='ocrx_word' id='word_1_188' title='bbox 949 2841 1063 2881; x_wconf 90' lang='lat' dir='ltr'>dicta</span> <span class='ocrx_word' id='word_1_189' title='bbox 1114 2851 1203 2880; x_wconf 90' lang='lat' dir='ltr'>non</span> 
     </span>
     <span class='ocr_line' id='line_1_39' title="bbox 326 2900 1204 2955; baseline 0 -12"><span class='ocrx_word' id='word_1_190' title='bbox 326 2904 570 2955; x_wconf 71' lang='lat' dir='ltr'>repudiavit</span> <span class='ocrx_word' id='word_1_191' title='bbox 628 2902 990 2955; x_wconf 87' lang='lat' dir='ltr'>Deiphilumque,</span> <span class='ocrx_word' id='word_1_192' title='bbox 1066 2900 1204 2943; x_wconf 85' lang='lat' dir='ltr'>filium</span> 
     </span>
     <span class='ocr_line' id='line_1_40' title="bbox 326 2964 1202 3016; baseline -0.001 -11"><span class='ocrx_word' id='word_1_193' title='bbox 326 2978 474 3013; x_wconf 84' lang='lat' dir='ltr'>suum,</span> <span class='ocrx_word' id='word_1_194' title='bbox 505 2965 761 3016; x_wconf 85' lang='lat' dir='ltr'>imprudens</span> <span class='ocrx_word' id='word_1_195' title='bbox 783 2965 958 3013; x_wconf 88' lang='lat' dir='ltr'>occidit,</span> <span class='ocrx_word' id='word_1_196' title='bbox 982 2964 1202 3004; x_wconf 86' lang='lat' dir='ltr'>arbitrans</span> 
     </span>
     <span class='ocr_line' id='line_1_41' title="bbox 326 3027 1202 3077; baseline -0.002 -10"><span class='ocrx_word' id='word_1_197' title='bbox 326 3039 373 3067; x_wconf 86' lang='lat' dir='ltr'>se</span> <span class='ocrx_word' id='word_1_198' title='bbox 406 3027 693 3077; x_wconf 71' lang='lat' dir='ltr'>Polydorum,</span> <span class='ocrx_word' id='word_1_199' title='bbox 742 3027 877 3067; x_wconf 86' lang='lat' dir='ltr'>filium</span> <span class='ocrx_word' id='word_1_200' title='bbox 908 3028 1087 3075; x_wconf 84' lang='lat' dir='ltr'>Priami,</span> <span class='ocrx_word' id='word_1_201' title='bbox 1134 3027 1202 3065; x_wconf 92' lang='lat' dir='ltr'>in-</span> 
     </span>
     <span class='ocr_line' id='line_1_42' title="bbox 327 3088 1201 3140; baseline -0.001 -12"><span class='ocrx_word' id='word_1_202' title='bbox 327 3090 577 3128; x_wconf 74' lang='lat' dir='ltr'>terfecisse»</span> <span class='ocrx_word' id='word_1_203' title='bbox 612 3091 695 3127; x_wconf 85' lang='lat' dir='ltr'>cet.</span> <span class='ocrx_word' id='word_1_204' title='bbox 767 3090 858 3127; x_wconf 88' lang='lat' dir='ltr'>Iam</span> <span class='ocrx_word' id='word_1_205' title='bbox 899 3088 1016 3140; x_wconf 85' lang='lat' dir='ltr'>apud</span> <span class='ocrx_word' id='word_1_206' title='bbox 1060 3090 1201 3128; x_wconf 89' lang='lat' dir='ltr'>Pacu-</span> 
     </span>
     <span class='ocr_line' id='line_1_43' title="bbox 325 3148 1201 3200; baseline 0.001 -13"><span class='ocrx_word' id='word_1_207' title='bbox 325 3151 445 3189; x_wconf 65' lang='lat' dir='ltr'>vium</span> <span class='ocrx_word' id='word_1_208' title='bbox 467 3149 650 3200; x_wconf 85' lang='lat' dir='ltr'>Deiphili</span> <span class='ocrx_word' id='word_1_209' title='bbox 674 3150 830 3189; x_wconf 89' lang='lat' dir='ltr'>umbra</span> <span class='ocrx_word' id='word_1_210' title='bbox 847 3150 1081 3190; x_wconf 88' lang='lat' dir='ltr'>dormienti</span> <span class='ocrx_word' id='word_1_211' title='bbox 1103 3148 1201 3188; x_wconf 88' lang='lat' dir='ltr'>llio-</span> 
     </span>
     <span class='ocr_line' id='line_1_44' title="bbox 327 3210 1200 3262; baseline -0.002 -11"><span class='ocrx_word' id='word_1_212' title='bbox 327 3223 407 3251; x_wconf 90' lang='lat' dir='ltr'>nae</span> <span class='ocrx_word' id='word_1_213' title='bbox 439 3223 540 3251; x_wconf 89' lang='lat' dir='ltr'>cum</span> <span class='ocrx_word' id='word_1_214' title='bbox 571 3213 830 3262; x_wconf 74' lang='lat' dir='ltr'>appareret,</span> <span class='ocrx_word' id='word_1_215' title='bbox 872 3212 938 3251; x_wconf 88' lang='lat' dir='ltr'>his</span> <span class='ocrx_word' id='word_1_216' title='bbox 969 3210 1200 3251; x_wconf 73' lang='lat' dir='ltr'>versiculis</span> 
     </span>
     <span class='ocr_line' id='line_1_45' title="bbox 328 3272 1202 3323; baseline -0.005 -9"><span class='ocrx_word' id='word_1_217' title='bbox 328 3285 426 3314; x_wconf 90' lang='lat' dir='ltr'>eam</span> <span class='ocrx_word' id='word_1_218' title='bbox 458 3272 788 3323; x_wconf 83' lang='lat' dir='ltr'>alloquebatur:</span> <span class='ocrx_word' id='word_1_219' title='bbox 839 3274 999 3321; x_wconf 78' lang='lat' dir='ltr'>Mater,</span> <span class='ocrx_word' id='word_1_220' title='bbox 1047 3277 1083 3312; x_wconf 84' lang='lat' dir='ltr'>te</span> <span class='ocrx_word' id='word_1_221' title='bbox 1123 3283 1202 3322; x_wconf 84' lang='lat' dir='ltr'>ap-</span> 
     </span>
     <span class='ocr_line' id='line_1_46' title="bbox 322 3337 1201 3386; baseline -0.002 -12"><span class='ocrx_word' id='word_1_222' title='bbox 322 3337 455 3386; x_wconf 82' lang='lat' dir='ltr'>pello,</span> <span class='ocrx_word' id='word_1_223' title='bbox 488 3346 596 3385; x_wconf 77' lang='lat' dir='ltr'>quae</span> <span class='ocrx_word' id='word_1_224' title='bbox 624 3345 772 3373; x_wconf 79' lang='lat' dir='ltr'>curam</span> <span class='ocrx_word' id='word_1_225' title='bbox 802 3345 942 3372; x_wconf 78' lang='lat' dir='ltr'>somno</span> <span class='ocrx_word' id='word_1_226' title='bbox 963 3345 1201 3383; x_wconf 79' lang='lat' dir='ltr'>suspensam</span> 
     </span>
     <span class='ocr_line' id='line_1_47' title="bbox 327 3395 1202 3446; baseline -0.001 -10"><span class='ocrx_word' id='word_1_227' title='bbox 327 3399 461 3445; x_wconf 77' lang='lat' dir='ltr'>levas,</span> <span class='ocrx_word' id='word_1_228' title='bbox 506 3397 645 3445; x_wconf 73' lang='lat' dir='ltr'>Neque</span> <span class='ocrx_word' id='word_1_229' title='bbox 675 3399 710 3434; x_wconf 80' lang='lat' dir='ltr'>te</span> <span class='ocrx_word' id='word_1_230' title='bbox 741 3395 817 3433; x_wconf 84' lang='lat' dir='ltr'>mei</span> <span class='ocrx_word' id='word_1_231' title='bbox 848 3396 1033 3434; x_wconf 78' lang='lat' dir='ltr'>miseret:</span> <span class='ocrx_word' id='word_1_232' title='bbox 1079 3407 1202 3446; x_wconf 61' lang='lat' dir='ltr'>surge</span> 
     </span>
     <span class='ocr_line' id='line_1_48' title="bbox 329 3457 1197 3508; baseline 0 -11"><span class='ocrx_word' id='word_1_233' title='bbox 329 3463 364 3497; x_wconf 79' lang='lat' dir='ltr'>et</span> <span class='ocrx_word' id='word_1_234' title='bbox 394 3458 513 3508; x_wconf 82' lang='lat' dir='ltr'>sepeli</span> <span class='ocrx_word' id='word_1_235' title='bbox 542 3459 717 3496; x_wconf 77' lang='lat' dir='ltr'>natum!</span> <span class='ocrx_word' id='word_1_236' title='bbox 758 3457 859 3505; x_wconf 74' lang='lat' dir='ltr'>(Cic.</span> <span class='ocrx_word' id='word_1_237' title='bbox 884 3457 1010 3496; x_wconf 89' lang='lat' dir='ltr'>Tusc.</span> <span class='ocrx_word' id='word_1_238' title='bbox 1039 3457 1052 3494; x_wconf 78' lang='lat' dir='ltr'>i</span> <span class='ocrx_word' id='word_1_239' title='bbox 1079 3489 1087 3504; x_wconf 97' lang='lat'>,</span> <span class='ocrx_word' id='word_1_240' title='bbox 1121 3457 1197 3505; x_wconf 76' lang='lat'>44,</span> 
     </span>
     <span class='ocr_line' id='line_1_49' title="bbox 333 3518 1200 3569; baseline 0 -11"><span class='ocrx_word' id='word_1_241' title='bbox 333 3520 439 3567; x_wconf 77' lang='lat'>406.)</span> <span class='ocrx_word' id='word_1_242' title='bbox 508 3518 578 3558; x_wconf 88' lang='lat' dir='ltr'>Illa</span> <span class='ocrx_word' id='word_1_243' title='bbox 621 3521 769 3558; x_wconf 89' lang='lat' dir='ltr'>autem</span> <span class='ocrx_word' id='word_1_244' title='bbox 800 3520 1057 3569; x_wconf 80' lang='lat' dir='ltr'>experrecta</span> <span class='ocrx_word' id='word_1_245' title='bbox 1092 3519 1200 3558; x_wconf 86' lang='lat' dir='ltr'>haec</span> 
     </span>
    </p>
   </div>
   <div class='ocr_carea' id='block_1_14' title="bbox 1259 1292 2146 3571">
    <p class='ocr_par' dir='ltr' id='par_1_14' title="bbox 1259 1292 2146 3571">
     <span class='ocr_line' id='line_1_50' title="bbox 1259 1292 2136 1346; baseline -0.001 -13"><span class='ocrx_word' id='word_1_246' title='bbox 1259 1292 1631 1346; x_wconf 87' lang='lat' dir='ltr'>proloquebatur:</span> <span class='ocrx_word' id='word_1_247' title='bbox 1681 1293 1785 1344; x_wconf 71' lang='lat' dir='ltr'>Aqe,</span> <span class='ocrx_word' id='word_1_248' title='bbox 1819 1292 1960 1342; x_wconf 81' lang='lat' dir='ltr'>adsta,</span> <span class='ocrx_word' id='word_1_249' title='bbox 1992 1303 2136 1340; x_wconf 78' lang='lat' dir='ltr'>mane,</span> 
     </span>
     <span class='ocr_line' id='line_1_51' title="bbox 1260 1355 2137 1404; baseline -0.001 -10"><span class='ocrx_word' id='word_1_250' title='bbox 1260 1356 1376 1404; x_wconf 80' lang='lat' dir='ltr'>audi,</span> <span class='ocrx_word' id='word_1_251' title='bbox 1400 1356 1609 1394; x_wconf 72' lang='lat' dir='ltr'>iteradum</span> <span class='ocrx_word' id='word_1_252' title='bbox 1629 1355 1853 1394; x_wconf 75' lang='lat' dir='ltr'>eademmet</span> <span class='ocrx_word' id='word_1_253' title='bbox 1872 1355 2000 1394; x_wconf 84' lang='lat' dir='ltr'>istaec</span> <span class='ocrx_word' id='word_1_254' title='bbox 2019 1355 2137 1393; x_wconf 83' lang='lat' dir='ltr'>mihi!</span> 
     </span>
     <span class='ocr_line' id='line_1_52' title="bbox 1261 1416 2142 1466; baseline -0.002 -9"><span class='ocrx_word' id='word_1_255' title='bbox 1261 1418 1350 1458; x_wconf 91' lang='lat' dir='ltr'>Cic.</span> <span class='ocrx_word' id='word_1_256' title='bbox 1375 1417 1509 1457; x_wconf 87' lang='lat' dir='ltr'>Acad.</span> <span class='ocrx_word' id='word_1_257' title='bbox 1534 1418 1558 1456; x_wconf 74' lang='lat'>⁶2</span> <span class='ocrx_word' id='word_1_258' title='bbox 1575 1446 1584 1464; x_wconf 88' lang='lat'>,</span> <span class='ocrx_word' id='word_1_259' title='bbox 1617 1417 1694 1466; x_wconf 71' lang='lat'>27,</span> <span class='ocrx_word' id='word_1_260' title='bbox 1727 1417 1793 1457; x_wconf 90' lang='lat'>88.</span> <span class='ocrx_word' id='word_1_261' title='bbox 1820 1438 1865 1445; x_wconf 82' lang='lat'>—</span> <span class='ocrx_word' id='word_1_262' title='bbox 1890 1416 1976 1456; x_wconf 85' lang='lat' dir='ltr'>Csr.</span> <span class='ocrx_word' id='word_1_263' title='bbox 1996 1417 2142 1456; x_wconf 91' lang='lat' dir='ltr'>omni—</span> 
     </span>
     <span class='ocr_line' id='line_1_53' title="bbox 1260 1478 2136 1529; baseline -0.001 -11"><span class='ocrx_word' id='word_1_264' title='bbox 1260 1490 1316 1518; x_wconf 90' lang='lat' dir='ltr'>no</span> <span class='ocrx_word' id='word_1_265' title='bbox 1356 1478 1565 1518; x_wconf 87' lang='lat' dir='ltr'>Welcker</span> <span class='ocrx_word' id='word_1_266' title='bbox 1605 1479 1678 1518; x_wconf 80' lang='lat' dir='ltr'>Gr.</span> <span class='ocrx_word' id='word_1_267' title='bbox 1715 1478 1946 1529; x_wconf 70' lang='lat' dir='ltr'>Trayc‘dien</span> <span class='ocrx_word' id='word_1_268' title='bbox 1986 1479 2056 1517; x_wconf 91' lang='lat' dir='ltr'>III.</span> <span class='ocrx_word' id='word_1_269' title='bbox 2095 1489 2136 1529; x_wconf 92' lang='lat' dir='ltr'>p.</span> 
     </span>
     <span class='ocr_line' id='line_1_54' title="bbox 1261 1539 2137 1591; baseline -0.001 -11"><span class='ocrx_word' id='word_1_270' title='bbox 1261 1541 1381 1580; x_wconf 71' lang='lat'>4450.</span> <span class='ocrx_word' id='word_1_271' title='bbox 1435 1539 1562 1580; x_wconf 90' lang='lat' dir='ltr'>Halm</span> <span class='ocrx_word' id='word_1_272' title='bbox 1593 1540 1649 1579; x_wconf 90' lang='lat' dir='ltr'>ad</span> <span class='ocrx_word' id='word_1_273' title='bbox 1689 1541 1778 1580; x_wconf 90' lang='lat' dir='ltr'>Cic.</span> <span class='ocrx_word' id='word_1_274' title='bbox 1810 1550 1853 1591; x_wconf 89' lang='lat' dir='ltr'>p.</span> <span class='ocrx_word' id='word_1_275' title='bbox 1889 1540 2030 1579; x_wconf 89' lang='lat' dir='ltr'>Sestio</span> <span class='ocrx_word' id='word_1_276' title='bbox 2061 1540 2137 1588; x_wconf 82' lang='lat'>59,</span> 
     </span>
     <span class='ocr_line' id='line_1_55' title="bbox 1263 1601 2142 1653; baseline -0.002 -10"><span class='ocrx_word' id='word_1_277' title='bbox 1263 1603 1365 1643; x_wconf 73' lang='lat'>426:</span> <span class='ocrx_word' id='word_1_278' title='bbox 1398 1602 1646 1653; x_wconf 69' lang='lat' dir='ltr'>Emerqebat</span> <span class='ocrx_word' id='word_1_279' title='bbox 1675 1603 1831 1650; x_wconf 82' lang='lat' dir='ltr'>subito,</span> <span class='ocrx_word' id='word_1_280' title='bbox 1864 1613 1958 1642; x_wconf 82' lang='lat' dir='ltr'>cum</span> <span class='ocrx_word' id='word_1_281' title='bbox 1986 1601 2058 1641; x_wconf 80' lang='lat' dir='ltr'>sub</span> <span class='ocrx_word' id='word_1_282' title='bbox 2080 1606 2142 1641; x_wconf 87' lang='lat' dir='ltr'>ta-</span> 
     </span>
     <span class='ocr_line' id='line_1_56' title="bbox 1261 1665 2143 1716; baseline 0.001 -13"><span class='ocrx_word' id='word_1_283' title='bbox 1261 1665 1379 1704; x_wconf 81' lang='lat' dir='ltr'>bulas</span> <span class='ocrx_word' id='word_1_284' title='bbox 1399 1665 1682 1715; x_wconf 73' lang='lat' dir='ltr'>subrepserat,</span> <span class='ocrx_word' id='word_1_285' title='bbox 1715 1668 1762 1704; x_wconf 80' lang='lat' dir='ltr'>ut</span> <span class='ocrx_word' id='word_1_286' title='bbox 1783 1665 1962 1714; x_wconf 89' lang='lat' dir='ltr'>«Mater,</span> <span class='ocrx_word' id='word_1_287' title='bbox 1996 1666 2038 1704; x_wconf 88' lang='lat' dir='ltr'>te</span> <span class='ocrx_word' id='word_1_288' title='bbox 2059 1675 2143 1716; x_wconf 91' lang='lat' dir='ltr'>ap-</span> 
     </span>
     <span class='ocr_line' id='line_1_57' title="bbox 1260 1726 2143 1778; baseline 0 -12"><span class='ocrx_word' id='word_1_289' title='bbox 1260 1726 1401 1778; x_wconf 91' lang='lat' dir='ltr'>pello»</span> <span class='ocrx_word' id='word_1_290' title='bbox 1450 1728 1636 1766; x_wconf 77' lang='lat' dir='ltr'>dicturus</span> <span class='ocrx_word' id='word_1_291' title='bbox 1676 1727 1899 1766; x_wconf 79' lang='lat' dir='ltr'>videretur.</span> <span class='ocrx_word' id='word_1_292' title='bbox 1944 1750 1988 1754; x_wconf 90' lang='lat'>—</span> <span class='ocrx_word' id='word_1_293' title='bbox 2032 1726 2143 1766; x_wconf 84' lang='lat' dir='ltr'>mille</span> 
     </span>
     <span class='ocr_line' id='line_1_58' title="bbox 1262 1788 2144 1840; baseline 0 -13"><span class='ocrx_word' id='word_1_294' title='bbox 1262 1788 1458 1840; x_wconf 78' lang='lat' dir='ltr'>ducentis]</span> <span class='ocrx_word' id='word_1_295' title='bbox 1493 1790 1561 1828; x_wconf 89' lang='lat' dir='ltr'>«Si</span> <span class='ocrx_word' id='word_1_296' title='bbox 1583 1800 1670 1828; x_wconf 93' lang='lat' dir='ltr'>non</span> <span class='ocrx_word' id='word_1_297' title='bbox 1690 1799 1805 1828; x_wconf 92' lang='lat' dir='ltr'>unus</span> <span class='ocrx_word' id='word_1_298' title='bbox 1827 1788 2056 1828; x_wconf 85' lang='lat' dir='ltr'>dumtaxat</span> <span class='ocrx_word' id='word_1_299' title='bbox 2080 1788 2144 1827; x_wconf 87' lang='lat' dir='ltr'>hi-</span> 
     </span>
     <span class='ocr_line' id='line_1_59' title="bbox 1263 1849 2142 1899; baseline -0.001 -9"><span class='ocrx_word' id='word_1_300' title='bbox 1263 1852 1393 1899; x_wconf 89' lang='lat' dir='ltr'>strio,</span> <span class='ocrx_word' id='word_1_301' title='bbox 1441 1851 1521 1891; x_wconf 90' lang='lat' dir='ltr'>sed</span> <span class='ocrx_word' id='word_1_302' title='bbox 1553 1851 1772 1899; x_wconf 82' lang='lat' dir='ltr'>sexcenti,</span> <span class='ocrx_word' id='word_1_303' title='bbox 1818 1851 1866 1889; x_wconf 89' lang='lat' dir='ltr'>ut</span> <span class='ocrx_word' id='word_1_304' title='bbox 1902 1849 2061 1890; x_wconf 89' lang='lat' dir='ltr'>dicitur</span> <span class='ocrx_word' id='word_1_305' title='bbox 2100 1850 2142 1889; x_wconf 94' lang='lat' dir='ltr'>in</span> 
     </span>
     <span class='ocr_line' id='line_1_60' title="bbox 1261 1910 2058 1963; baseline -0.003 -12"><span class='ocrx_word' id='word_1_306' title='bbox 1261 1923 1393 1963; x_wconf 89' lang='lat' dir='ltr'>prosa</span> <span class='ocrx_word' id='word_1_307' title='bbox 1425 1913 1648 1961; x_wconf 90' lang='lat' dir='ltr'>oratione,</span> <span class='ocrx_word' id='word_1_308' title='bbox 1680 1914 1739 1952; x_wconf 90' lang='lat' dir='ltr'>ita</span> <span class='ocrx_word' id='word_1_309' title='bbox 1771 1910 2058 1951; x_wconf 86' lang='lat' dir='ltr'>clamarent.»</span> 
     </span>
     <span class='ocr_line' id='line_1_61' title="bbox 1319 1972 2143 2026; baseline -0.001 -13"><span class='ocrx_word' id='word_1_310' title='bbox 1319 1974 1464 2013; x_wconf 76' lang='lat'>62-65.</span> <span class='ocrx_word' id='word_1_311' title='bbox 1515 1975 1619 2013; x_wconf 85' lang='lat' dir='ltr'>Huic</span> <span class='ocrx_word' id='word_1_312' title='bbox 1665 1974 1767 2026; x_wconf 90' lang='lat' dir='ltr'>cet.]</span> <span class='ocrx_word' id='word_1_313' title='bbox 1800 1974 1934 2014; x_wconf 90' lang='lat' dir='ltr'>«Huic</span> <span class='ocrx_word' id='word_1_314' title='bbox 1979 1972 2143 2025; x_wconf 90' lang='lat' dir='ltr'>duplici</span> 
     </span>
     <span class='ocr_line' id='line_1_62' title="bbox 1263 2034 2142 2086; baseline 0.001 -13"><span class='ocrx_word' id='word_1_315' title='bbox 1263 2034 1467 2085; x_wconf 87' lang='lat' dir='ltr'>quidem,</span> <span class='ocrx_word' id='word_1_316' title='bbox 1515 2035 1596 2075; x_wconf 89' lang='lat' dir='ltr'>sed</span> <span class='ocrx_word' id='word_1_317' title='bbox 1640 2047 1782 2086; x_wconf 86' lang='lat' dir='ltr'>aeque</span> <span class='ocrx_word' id='word_1_318' title='bbox 1813 2046 1973 2086; x_wconf 81' lang='lat' dir='ltr'>magno</span> <span class='ocrx_word' id='word_1_319' title='bbox 2004 2036 2142 2075; x_wconf 87' lang='lat' dir='ltr'>errori</span> 
     </span>
     <span class='ocr_line' id='line_1_63' title="bbox 1263 2098 2145 2148; baseline 0.002 -12"><span class='ocrx_word' id='word_1_320' title='bbox 1263 2098 1424 2148; x_wconf 89' lang='lat' dir='ltr'>partim</span> <span class='ocrx_word' id='word_1_321' title='bbox 1480 2098 1583 2138; x_wconf 90' lang='lat' dir='ltr'>nihil</span> <span class='ocrx_word' id='word_1_322' title='bbox 1641 2098 1880 2138; x_wconf 91' lang='lat' dir='ltr'>metuenda</span> <span class='ocrx_word' id='word_1_323' title='bbox 1938 2098 2145 2138; x_wconf 86' lang='lat' dir='ltr'>reformi—</span> 
     </span>
     <span class='ocr_line' id='line_1_64' title="bbox 1264 2159 2141 2211; baseline 0.003 -14"><span class='ocrx_word' id='word_1_324' title='bbox 1264 2159 1419 2208; x_wconf 90' lang='lat' dir='ltr'>dandi‚</span> <span class='ocrx_word' id='word_1_325' title='bbox 1458 2162 1618 2211; x_wconf 89' lang='lat' dir='ltr'>partim</span> <span class='ocrx_word' id='word_1_326' title='bbox 1648 2171 1752 2200; x_wconf 87' lang='lat' dir='ltr'>vera</span> <span class='ocrx_word' id='word_1_327' title='bbox 1783 2159 1979 2211; x_wconf 88' lang='lat' dir='ltr'>pericula</span> <span class='ocrx_word' id='word_1_328' title='bbox 2011 2159 2141 2201; x_wconf 88' lang='lat' dir='ltr'>stulte</span> 
     </span>
     <span class='ocr_line' id='line_1_65' title="bbox 1263 2221 2145 2262; baseline 0.002 -2"><span class='ocrx_word' id='word_1_329' title='bbox 1263 2222 1576 2261; x_wconf 86' lang='lat' dir='ltr'>contemnendi</span> <span class='ocrx_word' id='word_1_330' title='bbox 1615 2221 1804 2261; x_wconf 91' lang='lat' dir='ltr'>similem</span> <span class='ocrx_word' id='word_1_331' title='bbox 1835 2232 2036 2262; x_wconf 89' lang='lat' dir='ltr'>errorem</span> <span class='ocrx_word' id='word_1_332' title='bbox 2068 2233 2145 2262; x_wconf 86' lang='lat' dir='ltr'>er·</span> 
     </span>
     <span class='ocr_line' id='line_1_66' title="bbox 1264 2282 2146 2333; baseline 0.003 -12"><span class='ocrx_word' id='word_1_333' title='bbox 1264 2293 1379 2331; x_wconf 86' lang='lat' dir='ltr'>rare,</span> <span class='ocrx_word' id='word_1_334' title='bbox 1417 2282 1503 2333; x_wconf 75' lang='lat' dir='ltr'>vel,</span> <span class='ocrx_word' id='word_1_335' title='bbox 1540 2285 1589 2323; x_wconf 90' lang='lat' dir='ltr'>ut</span> <span class='ocrx_word' id='word_1_336' title='bbox 1618 2284 1660 2323; x_wconf 91' lang='lat' dir='ltr'>h.</span> <span class='ocrx_word' id='word_1_337' title='bbox 1685 2283 1710 2323; x_wconf 94' lang='lat' dir='ltr'>l.</span> <span class='ocrx_word' id='word_1_338' title='bbox 1737 2285 1803 2323; x_wconf 90' lang='lat' dir='ltr'>est</span> <span class='ocrx_word' id='word_1_339' title='bbox 1835 2284 1968 2323; x_wconf 89' lang='lat' dir='ltr'>etiam</span> <span class='ocrx_word' id='word_1_340' title='bbox 1999 2284 2146 2324; x_wconf 87' lang='lat' dir='ltr'>effica-</span> 
     </span>
     <span class='ocr_line' id='line_1_67' title="bbox 1265 2345 2144 2394; baseline 0.002 -10"><span class='ocrx_word' id='word_1_341' title='bbox 1265 2345 1379 2394; x_wconf 92' lang='lat' dir='ltr'>cius,</span> <span class='ocrx_word' id='word_1_342' title='bbox 1411 2345 1618 2394; x_wconf 74' lang='lat' dir='ltr'>insanire,</span> <span class='ocrx_word' id='word_1_343' title='bbox 1651 2345 1804 2386; x_wconf 89' lang='lat' dir='ltr'>insano</span> <span class='ocrx_word' id='word_1_344' title='bbox 1832 2347 1970 2385; x_wconf 89' lang='lat' dir='ltr'>errori</span> <span class='ocrx_word' id='word_1_345' title='bbox 2001 2345 2144 2386; x_wconf 89' lang='lat' dir='ltr'>obno-</span> 
     </span>
     <span class='ocr_line' id='line_1_68' title="bbox 1264 2407 2139 2459; baseline 0.005 -12"><span class='ocrx_word' id='word_1_346' title='bbox 1264 2409 1383 2448; x_wconf 82' lang='lat' dir='ltr'>xium</span> <span class='ocrx_word' id='word_1_347' title='bbox 1430 2420 1558 2456; x_wconf 88' lang='lat' dir='ltr'>esse,</span> <span class='ocrx_word' id='word_1_348' title='bbox 1604 2407 1758 2459; x_wconf 78' lang='lat' dir='ltr'>volgus</span> <span class='ocrx_word' id='word_1_349' title='bbox 1803 2408 2019 2449; x_wconf 85' lang='lat' dir='ltr'>docebo.»</span> <span class='ocrx_word' id='word_1_350' title='bbox 2053 2410 2139 2451; x_wconf 83' lang='lat' dir='ltr'>Cir.</span> 
     </span>
     <span class='ocr_line' id='line_1_69' title="bbox 1264 2471 2144 2521; baseline 0.003 -12"><span class='ocrx_word' id='word_1_351' title='bbox 1264 2471 1373 2521; x_wconf 90' lang='lat' dir='ltr'>Epp.</span> <span class='ocrx_word' id='word_1_352' title='bbox 1399 2472 1413 2510; x_wconf 79' lang='lat'>4</span> <span class='ocrx_word' id='word_1_353' title='bbox 1436 2503 1443 2519; x_wconf 93' lang='lat'>,</span> <span class='ocrx_word' id='word_1_354' title='bbox 1470 2472 1485 2510; x_wconf 76' lang='grc'>’1</span> <span class='ocrx_word' id='word_1_355' title='bbox 1510 2503 1518 2520; x_wconf 89' lang='grc'>,</span> <span class='ocrx_word' id='word_1_356' title='bbox 1544 2472 1614 2510; x_wconf 78' lang='grc'>401</span> <span class='ocrx_word' id='word_1_357' title='bbox 1636 2483 1644 2509; x_wconf 91' lang='lat'>:</span> <span class='ocrx_word' id='word_1_358' title='bbox 1676 2471 1865 2510; x_wconf 81' lang='lat' dir='ltr'>Insanire</span> <span class='ocrx_word' id='word_1_359' title='bbox 1877 2476 2005 2521; x_wconf 79' lang='lat' dir='ltr'>putas</span> <span class='ocrx_word' id='word_1_360' title='bbox 2023 2473 2144 2513; x_wconf 82' lang='lat' dir='ltr'>solle-</span> 
     </span>
     <span class='ocr_line' id='line_1_70' title="bbox 1264 2531 2139 2574; baseline 0.003 -3"><span class='ocrx_word' id='word_1_361' title='bbox 1264 2533 1383 2572; x_wconf 78' lang='lat' dir='ltr'>mnia</span> <span class='ocrx_word' id='word_1_362' title='bbox 1411 2544 1488 2572; x_wconf 84' lang='lat' dir='ltr'>me.</span> <span class='ocrx_word' id='word_1_363' title='bbox 1546 2531 1705 2572; x_wconf 92' lang='lat' dir='ltr'>Paulus</span> <span class='ocrx_word' id='word_1_364' title='bbox 1727 2532 1875 2573; x_wconf 91' lang='lat' dir='ltr'>Silent.</span> <span class='ocrx_word' id='word_1_365' title='bbox 1898 2534 2027 2573; x_wconf 88' lang='lat' dir='ltr'>Anth.</span> <span class='ocrx_word' id='word_1_366' title='bbox 2051 2534 2139 2574; x_wconf 89' lang='lat' dir='ltr'>Pal.</span> 
     </span>
     <span class='ocr_line' id='line_1_71' title="bbox 1266 2588 2139 2647; baseline 0.003 -14"><span class='ocrx_word' id='word_1_367' title='bbox 1266 2596 1298 2634; x_wconf 96' lang='grc' dir='ltr'>Ι.</span> <span class='ocrx_word' id='word_1_368' title='bbox 1336 2606 1378 2646; x_wconf 90' lang='lat' dir='ltr'>p.</span> <span class='ocrx_word' id='word_1_369' title='bbox 1420 2595 1524 2634; x_wconf 69' lang='lat'>479:</span> <span class='ocrx_word' id='word_1_370' title='bbox 1577 2592 1725 2643; x_wconf 79' lang='grc' dir='ltr'><em>χόλον</em></span> <span class='ocrx_word' id='word_1_371' title='bbox 1766 2588 1954 2635; x_wconf 61' lang='grc' dir='ltr'><em>ἔνδικον</em></span> <span class='ocrx_word' id='word_1_372' title='bbox 1983 2592 2139 2647; x_wconf 55' lang='lat' dir='ltr'>aia-eg,</span> 
     </span>
     <span class='ocr_line' id='line_1_72' title="bbox 1269 2656 2144 2698; baseline 0.005 -4"><span class='ocrx_word' id='word_1_373' title='bbox 1269 2656 1419 2695; x_wconf 68' lang='lat' dir='ltr'>«iustzs</span> <span class='ocrx_word' id='word_1_374' title='bbox 1438 2657 1498 2695; x_wconf 88' lang='lat' dir='ltr'>ira</span> <span class='ocrx_word' id='word_1_375' title='bbox 1530 2657 1934 2698; x_wconf 80' lang='lat' dir='ltr'>excandescebas.»</span> <span class='ocrx_word' id='word_1_376' title='bbox 1971 2681 2015 2687; x_wconf 92' lang='lat'>—</span> <span class='ocrx_word' id='word_1_377' title='bbox 2039 2663 2144 2698; x_wconf 80' lang='lat' dir='ltr'>vete-</span> 
     </span>
     <span class='ocr_line' id='line_1_73' title="bbox 1265 2718 2142 2770; baseline 0.002 -13"><span class='ocrx_word' id='word_1_378' title='bbox 1265 2718 1344 2769; x_wconf 81' lang='lat' dir='ltr'>res]</span> <span class='ocrx_word' id='word_1_379' title='bbox 1368 2719 1528 2757; x_wconf 85' lang='lat' dir='ltr'>Horatii</span> <span class='ocrx_word' id='word_1_380' title='bbox 1551 2720 1750 2769; x_wconf 89' lang='lat' dir='ltr'>tempore</span> <span class='ocrx_word' id='word_1_381' title='bbox 1773 2718 2018 2770; x_wconf 87' lang='lat' dir='ltr'>sculptores</span> <span class='ocrx_word' id='word_1_382' title='bbox 2039 2719 2142 2760; x_wconf 89' lang='lat' dir='ltr'>nihil</span> 
     </span>
     <span class='ocr_line' id='line_1_74' title="bbox 1270 2779 2145 2829; baseline 0.002 -10"><span class='ocrx_word' id='word_1_383' title='bbox 1270 2780 1361 2819; x_wconf 85' lang='lat' dir='ltr'>fere</span> <span class='ocrx_word' id='word_1_384' title='bbox 1393 2780 1492 2819; x_wconf 80' lang='lat' dir='ltr'>novi</span> <span class='ocrx_word' id='word_1_385' title='bbox 1520 2779 1825 2829; x_wconf 85' lang='lat' dir='ltr'>inveniebant,</span> <span class='ocrx_word' id='word_1_386' title='bbox 1859 2780 1939 2820; x_wconf 89' lang='lat' dir='ltr'>sed</span> <span class='ocrx_word' id='word_1_387' title='bbox 1967 2792 2020 2820; x_wconf 92' lang='lat' dir='ltr'>eo</span> <span class='ocrx_word' id='word_1_388' title='bbox 2042 2792 2145 2821; x_wconf 88' lang='lat' dir='ltr'>con-</span> 
     </span>
     <span class='ocr_line' id='line_1_75' title="bbox 1268 2842 2144 2892; baseline 0.002 -11"><span class='ocrx_word' id='word_1_389' title='bbox 1268 2842 1375 2881; x_wconf 85' lang='lat' dir='ltr'>tenti</span> <span class='ocrx_word' id='word_1_390' title='bbox 1408 2843 1550 2889; x_wconf 89' lang='lat' dir='ltr'>erant,</span> <span class='ocrx_word' id='word_1_391' title='bbox 1583 2843 1631 2880; x_wconf 89' lang='lat' dir='ltr'>ut</span> <span class='ocrx_word' id='word_1_392' title='bbox 1660 2842 1963 2892; x_wconf 82' lang='lat' dir='ltr'>antiquissima</span> <span class='ocrx_word' id='word_1_393' title='bbox 1994 2854 2144 2883; x_wconf 88' lang='lat' dir='ltr'>exem-</span> 
     </span>
     <span class='ocr_line' id='line_1_76' title="bbox 1267 2903 2144 2955; baseline 0.002 -13"><span class='ocrx_word' id='word_1_394' title='bbox 1267 2903 1403 2955; x_wconf 89' lang='lat' dir='ltr'>plaria</span> <span class='ocrx_word' id='word_1_395' title='bbox 1445 2914 1579 2953; x_wconf 86' lang='lat' dir='ltr'>quam</span> <span class='ocrx_word' id='word_1_396' title='bbox 1623 2905 1954 2944; x_wconf 87' lang='lat' dir='ltr'>accuratissime</span> <span class='ocrx_word' id='word_1_397' title='bbox 1998 2906 2144 2945; x_wconf 88' lang='lat' dir='ltr'>imita-</span> 
     </span>
     <span class='ocr_line' id='line_1_77' title="bbox 1267 2966 2142 3015; baseline 0.001 -9"><span class='ocrx_word' id='word_1_398' title='bbox 1267 2968 1433 3006; x_wconf 87' lang='lat' dir='ltr'>rentur.</span> <span class='ocrx_word' id='word_1_399' title='bbox 1496 2966 1707 3013; x_wconf 87' lang='lat' dir='ltr'>Quocirca</span> <span class='ocrx_word' id='word_1_400' title='bbox 1740 2966 1894 3015; x_wconf 84' lang='lat' dir='ltr'>iiebat,</span> <span class='ocrx_word' id='word_1_401' title='bbox 1942 2969 1988 3006; x_wconf 91' lang='lat' dir='ltr'>ut</span> <span class='ocrx_word' id='word_1_402' title='bbox 2014 2969 2142 3008; x_wconf 85' lang='lat' dir='ltr'>vete-</span> 
     </span>
     <span class='ocr_line' id='line_1_78' title="bbox 1267 3027 2141 3078; baseline 0.003 -12"><span class='ocrx_word' id='word_1_403' title='bbox 1267 3038 1366 3066; x_wconf 91' lang='lat' dir='ltr'>rum</span> <span class='ocrx_word' id='word_1_404' title='bbox 1397 3027 1615 3067; x_wconf 83' lang='lat' dir='ltr'>artificum</span> <span class='ocrx_word' id='word_1_405' title='bbox 1645 3038 1786 3078; x_wconf 89' lang='lat' dir='ltr'>usque</span> <span class='ocrx_word' id='word_1_406' title='bbox 1817 3028 1873 3068; x_wconf 88' lang='lat' dir='ltr'>ad</span> <span class='ocrx_word' id='word_1_407' title='bbox 1907 3027 2141 3069; x_wconf 84' lang='lat' dir='ltr'>Alexandri</span> 
     </span>
     <span class='ocr_line' id='line_1_79' title="bbox 1266 3090 2143 3141; baseline 0.002 -12"><span class='ocrx_word' id='word_1_408' title='bbox 1266 3090 1321 3129; x_wconf 88' lang='lat' dir='ltr'>M.</span> <span class='ocrx_word' id='word_1_409' title='bbox 1347 3090 1539 3129; x_wconf 89' lang='lat' dir='ltr'>aetatem</span> <span class='ocrx_word' id='word_1_410' title='bbox 1569 3100 1704 3140; x_wconf 89' lang='lat' dir='ltr'>opera</span> <span class='ocrx_word' id='word_1_411' title='bbox 1736 3091 1830 3141; x_wconf 91' lang='lat' dir='ltr'>ipsa</span> <span class='ocrx_word' id='word_1_412' title='bbox 1860 3091 1901 3129; x_wconf 92' lang='lat' dir='ltr'>in</span> <span class='ocrx_word' id='word_1_413' title='bbox 1933 3090 2027 3130; x_wconf 90' lang='lat' dir='ltr'>dies</span> <span class='ocrx_word' id='word_1_414' title='bbox 2047 3093 2143 3131; x_wconf 91' lang='lat' dir='ltr'>stu-</span> 
     </span>
     <span class='ocr_line' id='line_1_80' title="bbox 1267 3150 2137 3201; baseline 0.002 -11"><span class='ocrx_word' id='word_1_415' title='bbox 1267 3150 1433 3190; x_wconf 83' lang='lat' dir='ltr'>diosius</span> <span class='ocrx_word' id='word_1_416' title='bbox 1475 3153 1814 3201; x_wconf 83' lang='lat' dir='ltr'>quaererentur.</span> <span class='ocrx_word' id='word_1_417' title='bbox 1885 3153 2004 3191; x_wconf 87' lang='lat' dir='ltr'>Statii</span> <span class='ocrx_word' id='word_1_418' title='bbox 2037 3152 2137 3192; x_wconf 85' lang='lat' dir='ltr'>Silv.</span> 
     </span>
     <span class='ocr_line' id='line_1_81' title="bbox 1266 3211 2145 3262; baseline 0.001 -10"><span class='ocrx_word' id='word_1_419' title='bbox 1266 3211 1315 3259; x_wconf 82' lang='lat'>4,</span> <span class='ocrx_word' id='word_1_420' title='bbox 1364 3212 1411 3259; x_wconf 88' lang='lat'>6,</span> <span class='ocrx_word' id='word_1_421' title='bbox 1458 3213 1532 3251; x_wconf 65' lang='lat'>¹⁴22:</span> <span class='ocrx_word' id='word_1_422' title='bbox 1597 3214 1695 3262; x_wconf 83' lang='lat' dir='ltr'>Quis</span> <span class='ocrx_word' id='word_1_423' title='bbox 1714 3235 1737 3241; x_wconf 97' lang='lat'>-</span> <span class='ocrx_word' id='word_1_424' title='bbox 1756 3213 1883 3253; x_wconf 83' lang='lat' dir='ltr'>oculis</span> <span class='ocrx_word' id='word_1_425' title='bbox 1923 3214 2145 3254; x_wconf 81' lang='lat' dir='ltr'>certaverit</span> 
     </span>
     <span class='ocr_line' id='line_1_82' title="bbox 1266 3275 2144 3326; baseline 0.005 -14"><span class='ocrx_word' id='word_1_426' title='bbox 1266 3284 1452 3322; x_wconf 78' lang='lat' dir='ltr'>unquam</span> <span class='ocrx_word' id='word_1_427' title='bbox 1500 3275 1696 3323; x_wconf 80' lang='lat' dir='ltr'>Vindicis,</span> <span class='ocrx_word' id='word_1_428' title='bbox 1743 3275 1951 3326; x_wconf 78' lang='lat' dir='ltr'>artificum</span> <span class='ocrx_word' id='word_1_429' title='bbox 1990 3280 2144 3316; x_wconf 83' lang='lat' dir='ltr'>veteres</span> 
     </span>
     <span class='ocr_line' id='line_1_83' title="bbox 1267 3336 2142 3385; baseline 0.006 -12"><span class='ocrx_word' id='word_1_430' title='bbox 1267 3346 1487 3385; x_wconf 66' lang='lat' dir='ltr'>assuescere</span> <span class='ocrx_word' id='word_1_431' title='bbox 1517 3336 1699 3375; x_wconf 74' lang='lat' dir='ltr'>ductus?</span> <span class='ocrx_word' id='word_1_432' title='bbox 1741 3358 1784 3363; x_wconf 93' lang='lat'>—</span> <span class='ocrx_word' id='word_1_433' title='bbox 1826 3336 2008 3375; x_wconf 81' lang='lat' dir='ltr'>Distinxi</span> <span class='ocrx_word' id='word_1_434' title='bbox 2038 3349 2142 3378; x_wconf 91' lang='lat' dir='ltr'>cum</span> 
     </span>
     <span class='ocr_line' id='line_1_84' title="bbox 1266 3397 2138 3444; baseline 0.002 -8"><span class='ocrx_word' id='word_1_435' title='bbox 1266 3398 1512 3444; x_wconf 76' lang='lat' dir='ltr'>Duntzero,</span> <span class='ocrx_word' id='word_1_436' title='bbox 1559 3401 1605 3436; x_wconf 91' lang='lat' dir='ltr'>ut</span> <span class='ocrx_word' id='word_1_437' title='bbox 1650 3397 1867 3437; x_wconf 80' lang='lat' dir='ltr'>sententia</span> <span class='ocrx_word' id='word_1_438' title='bbox 1914 3398 2026 3437; x_wconf 90' lang='lat' dir='ltr'>haec</span> <span class='ocrx_word' id='word_1_439' title='bbox 2056 3399 2138 3439; x_wconf 87' lang='lat' dir='ltr'>sit:</span> 
     </span>
     <span class='ocr_line' id='line_1_85' title="bbox 1269 3458 2140 3508; baseline 0.002 -11"><span class='ocrx_word' id='word_1_440' title='bbox 1269 3459 1353 3497; x_wconf 79' lang='lat' dir='ltr'>«Ex</span> <span class='ocrx_word' id='word_1_441' title='bbox 1410 3458 1639 3498; x_wconf 89' lang='lat' dir='ltr'>hominum</span> <span class='ocrx_word' id='word_1_442' title='bbox 1692 3458 1934 3508; x_wconf 79' lang='lat' dir='ltr'>volgarium</span> <span class='ocrx_word' id='word_1_443' title='bbox 1990 3470 2140 3500; x_wconf 89' lang='lat' dir='ltr'>errore</span> 
     </span>
     <span class='ocr_line' id='line_1_86' title="bbox 1267 3520 2140 3571; baseline 0.001 -12"><span class='ocrx_word' id='word_1_444' title='bbox 1267 3530 1372 3559; x_wconf 84' lang='lat' dir='ltr'>sane</span> <span class='ocrx_word' id='word_1_445' title='bbox 1418 3520 1578 3559; x_wconf 90' lang='lat' dir='ltr'>insanit</span> <span class='ocrx_word' id='word_1_446' title='bbox 1622 3520 1937 3571; x_wconf 82' lang='lat' dir='ltr'>Damasippus,</span> <span class='ocrx_word' id='word_1_447' title='bbox 1981 3522 2140 3561; x_wconf 88' lang='lat' dir='ltr'>mentis</span> 
     </span>
    </p>
   </div>
  </div>
 </body>
</html>
