2231 3787
843 286 939 325 [1ss.
975 287 1021 325 ll.

1084 287 1247 326 El'lST.
1282 288 1309 325 l⁴

1895 284 1995 337 6229

247 415 450 468 Indocti
492 415 779 488 stolidique
821 424 873 469 ct
910 416 1226 487 depugnare
1264 417 1458 487 parati,

245 517 298 569 Si
339 516 614 570 discordet
653 535 853 589 equeS,
897 518 1075 571 inedia
1116 518 1250 571 inter
1288 518 1523 571 carmina
1562 528 1791 590 poscunt

1899 519 1918 571 ll
1933 520 1999 570 85

243 621 345 671 Aut
385 637 569 672 ursum
608 629 697 672 aut
737 619 971 690 pugiles,
1012 619 1093 672 his
1134 638 1255 672 nam
1294 620 1576 691 plebecula
1615 620 1833 692 plaudit.

244 722 439 774 Verum
478 721 673 791 equitis
713 738 933 791 quoque
975 722 1078 774 iam
1119 722 1364 792 migravit
1405 721 1471 776 ab
1512 740 1643 776 aure
1682 722 1929 794 voluptas

245 822 433 876 Omnis
473 822 539 875 ad
582 822 815 876 incertos
856 822 1042 876 oculos
1083 832 1135 876 et
1173 823 1369 893 gaudia
1409 842 1559 878 vana.

230 965 423 1004 Pottierii
454 968 497 1004 et
527 964 769 1014 Schmidii.)
806 987 849 992 —-
887 965 978 1004 1186.
1011 967 1164 1016 gaudet
1195 965 1278 1016 bp,
1313 964 1567 1016 complures
1601 968 1814 1015 Pottierii,
1857 970 1949 1007 tres

228 1027 461 1075 Schmidii‚
494 1028 599 1076 LCt,
633 1026 869 1066 Bentleius.
906 1028 971 1077 (Ut
990 1038 1086 1077 nos,
1120 1030 1162 1075 S,
1197 1028 1304 1068 Cod.
1331 1030 1516 1080 Franeq.
1543 1032 1587 1069 et
1608 1030 1695 1069 duo
1718 1031 1943 1080 Pottierii.)

238 1113 281 1118 —
307 1090 398 1130 487.
433 1091 582 1139 equitis
603 1089 743 1130 Codd.
769 1090 881 1138 noti,
916 1090 1055 1131 LCtF:
1089 1090 1217 1140 equiti
1236 1090 1458 1131 Bentlcius
1481 1093 1592 1131 coni.
1619 1094 1663 1132 et
1691 1094 1745 1134 M.
1775 1116 1819 1122 —
1855 1093 1946 1133 488.

229 1153 416 1204 inqratos
444 1151 667 1194 Bentleius
699 1151 969 1192 coniectura.

172 1269 313 1310 blicae
355 1270 634 1323 temporibus
674 1271 942 1323 temporaria
975 1272 1055 1311 fie-

172 1335 272 1373 rent
303 1345 355 1372 ex
385 1332 516 1384 ligno.
560 1334 718 1374 Mansit
748 1336 900 1374 autem
930 1345 1053 1383 usus,

173 1398 220 1435 ut
250 1396 370 1436 ferae
402 1398 445 1436 et
471 1396 641 1448 pugiles
664 1397 798 1436 etiam
820 1397 863 1436 in
886 1397 1056 1437 theatro

172 1457 335 1510 populo
367 1461 580 1510 poscente
612 1458 951 1507 exhiberentur,
1003 1471 1055 1499 eo

172 1524 400 1572 tempore,
436 1532 523 1572 quo
545 1520 634 1561 ludi
657 1520 822 1573 publici
843 1533 930 1561 non
954 1522 1059 1561 ede-

173 1583 349 1624 bantur.
378 1607 421 1611 —
440 1584 620 1636 pugiles]
643 1581 847 1634 πύκτας,
872 1581 1057 1638 πυγμά-

172 1658 291 1697 χους
312 1645 512 1687 diversos
535 1658 556 1685 a
582 1645 914 1697 gladiatoribus.
957 1649 1054 1698 lpse

171 1711 394 1760 Augustus
406 1710 605 1758 spectavit
615 1710 906 1749 studiosissime
916 1721 946 1760 p
955 1722 982 1748 u
989 1722 1016 1761 9
1025 1710 1058 1748 i-

172 1771 248 1811 les
268 1771 501 1811 etinaxinie
515 1772 700 1811 Latinos.
722 1773 854 1822 (Suet.
870 1771 1053 1821 Oct.45.)

173 1832 379 1873 Similiter
409 1836 560 1873 autem
581 1834 806 1885 Hecyram
837 1845 962 1874 suam
988 1831 1056 1873 b'is

173 1895 467 1936 disturbatam
508 1907 607 1937 esse
650 1897 852 1947 queritur
889 1898 1057 1936 Teren-

173 1959 257 1999 tius
278 1957 390 1998 Prol.
416 1960 466 1998 Il.
492 1959 567 1998 25:
619 1959 721 1999 Cum
744 1961 934 2009 primum
964 1971 1057 2000 eam

173 2031 298 2072 agere
341 2022 480 2070 coepi,
521 2022 716 2073 puyiluni
753 2022 920 2073 9l07·ia,
968 2023 1057 2061 Fu-

172 2083 362 2122 nambuli
419 2085 560 2123 eodem
617 2085 787 2124 accessit
837 2089 1057 2135 eoespecta—

172 2148 251 2186 tio:
305 2146 508 2186 Comitum
556 2151 798 2195 conventus,
850 2148 1053 2198 studium,

171 2210 332 2249 clamor
376 2209 597 2248 mulierum
639 2210 808 2258 Fecere,
861 2214 907 2249 ut
962 2213 1058 2249 ante

172 2277 331 2322 tempus
379 2272 541 2311 eoeirein
586 2272 717 2323 foras.
766 2297 791 2303 -
840 2297 864 2304 -
911 2274 1057 2324 Refero

173 2337 318 2376 denuo.
368 2335 507 2375 Primo
538 2340 637 2375 actu
659 2336 831 2385 placeo:
869 2347 963 2375 cum
989 2337 1057 2375 in—

173 2403 286 2438 terea
322 2409 469 2437 rumor
507 2399 619 2437 venit
659 2399 819 2438 Datum
864 2400 918 2437 iri
960 2399 1057 2450 yla—

174 2461 374 2501 diatores:
414 2461 597 2511 populus
640 2462 856 2509 convniam·
902 2462 1058 2500 tumul-

173 2528 371 2573 tuantur,
404 2524 611 2573 clamant,
644 2528 841 2576 pugnant
871 2525 919 2564 de
948 2524 1056 2571 loco,·

172 2587 262 2638 E90
306 2586 466 2625 interea
504 2597 641 2625 meum
669 2598 753 2626 non
774 2587 897 2636 potui
927 2586 1058 2626 tutari

173 2649 321 2688 locum.
374 2648 498 2687 Idem
521 2648 564 2687 in
584 2648 741 2688 vitium
761 2648 1056 2689 Athenienses

174 2709 384 2762 paulatim
416 2710 678 2750 inciderunt.
732 2710 794 2750 Cf.
832 2711 1056 2751 Athenae-

175 2783 250 2812 um
283 2773 297 2811 l
322 2804 330 2821 ,
355 2772 422 2812 35.
455 2785 497 2824 p.
524 2773 589 2812 49.
616 2784 664 2812 e:
694 2767 938 2826 Ἀθηναῖοι
956 2772 1057 2812 Πο-

173 2832 316 2888 θεινῷ
349 2830 411 2888 τῷ
444 2833 780 2894 νευροσπάστῃ
817 2834 905 2889 τὴν
934 2848 1057 2888 σκη-

175 2894 262 2949 νὴν
291 2892 501 2949 οἔδωκαν,
545 2893 629 2949 ἀφ’
676 2891 735 2952 ἧς
763 2898 1056 2940 ἐνεθουσίων

176 2961 226 2999 οἱ
253 2961 359 3018 περὶ
388 2956 664 3018 Εὐριπίδην.
703 2986 746 2990 -
776 2962 954 3013 plaudit]
987 2962 1055 3002 Sic

176 3026 202 3063 S
247 3034 351 3064 cum
395 3024 653 3065 melioribus
697 3025 848 3076 utique
894 3024 1053 3069 Codd.,

177 3087 258 3127 etsi
288 3085 316 3126 b
348 3088 499 3126 noster
530 3086 710 3126 exhibet
741 3088 908 3138 yaudet.
969 3087 1055 3127 Sed

175 3149 319 3190 solum
358 3149 400 3187 in
440 3147 629 3188 lectione
660 3159 683 3188 a
714 3148 843 3189 nobis
873 3152 1054 3201 recepta

174 3224 329 3253 veram
349 3213 438 3251 vim
463 3211 623 3262 accipit
643 3222 685 3249 v.
709 3211 783 3251 his.
824 3212 915 3252 Hoc
937 3213 1054 3251 enim

177 3275 306 3315 dicit:
361 3275 470 3314 «His
514 3273 650 3313 rebus
698 3273 877 3314 ludicris
921 3276 1054 3324 atque

176 3337 394 3385 inanibus,
421 3348 509 3376 non
530 3347 637 3376 vero
659 3335 832 3376 fabulae
857 3335 925 3375 vel
947 3337 1058 3387 opti-

176 3411 302 3449 mae,
349 3398 616 3451 applaudit.»
677 3399 836 3437 Contra
868 3398 928 3437 his
956 3409 1057 3437 num

172 3461 384 3512 plebecula
411 3462 564 3513 „claudet
594 3461 785 3500 otiosum
807 3462 872 3499 est
904 3462 946 3499 et
977 3459 1056 3499 mi-

179 3536 278 3565 sere
322 3523 499 3576 languet
540 3535 645 3575 prae
678 3521 776 3565 illo;
824 3524 1054 3575 praeterea

1123 1273 1271 1312 nostra
1304 1274 1347 1312 in
1377 1271 1568 1313 lectione
1599 1275 1719 1324 grata
1754 1275 1822 1312 est
1843 1274 2005 1313 Latinis

1123 1334 1306 1375 auribus
1337 1333 1585 1375 allitteratio
1609 1336 1678 1385 ple
1702 1335 1819 1385 plau.

1180 1398 1381 1438 1187-1190.
1422 1399 1570 1438 Verum
1589 1399 1738 1448 equilis
1760 1399 1861 1450 cet]
1895 1400 2006 1438 Satis

1122 1471 1202 1512 pro
1248 1461 1434 1511 imperio
1480 1460 1732 1500 Bentleius:
1793 1461 2005 1512 «Repone

1121 1523 1274 1572 equiti,
1310 1522 1430 1573 quod
1461 1523 1661 1573 castigati
1691 1523 1911 1563 sermonis
1935 1534 2007 1561 ra-

1121 1586 1180 1625 tio
1224 1584 1439 1637 postulat,
1491 1587 1539 1624 ut
1582 1584 1650 1624 vel
1694 1587 1820 1637 pueri
1865 1586 2007 1625 scient

1122 1648 1209 1686 iam
1251 1647 1605 1687 commonefacti.
1659 1649 1768 1687 Nota
1807 1649 1909 1687 sunt
1938 1646 2007 1686 illa

1124 1713 1167 1751 et
1197 1709 1377 1750 similia:
1410 1711 1537 1749 Haud
1567 1714 1705 1749 tamen
1735 1711 1890 1749 audaci
1920 1722 2007 1750 ces—

1121 1775 1171 1813 sit
1188 1774 1346 1826 fiducia
1368 1774 1519 1813 Turno.
1559 1773 1684 1812 Haud
1703 1784 1817 1812 secus
1838 1785 2007 1813 accenso

1120 1837 1256 1889 gliscit
1296 1836 1495 1876 violentia
1541 1835 1720 1874 Turno.»
1781 1836 2007 1874 Sententia

1123 1902 1219 1939 est:
1269 1899 1496 1948 «Verum,
1546 1897 1667 1949 quod
1712 1897 2009 1938 sane-dolen-

1122 1962 1230 2001 dum
1261 1964 1353 2010 est,
1387 1962 1471 2012 ipsi
1501 1960 1557 2000 illi
1591 1961 1786 2011 equites,
1822 1962 1896 2011 qui
1926 1971 2007 2012 po-

1121 2024 1273 2065 litioris
1304 2024 1466 2074 ingenii
1508 2034 1606 2064 esse
1639 2023 1877 2071 deberent,
1919 2023 2007 2062 iam

1122 2086 1449 2127 oblectamenta
1482 2097 1725 2137 puerorum
1751 2085 2008 2137 praeferunt

1122 2148 1323 2188 fabulis.»
1357 2149 1469 2187 Vera
1490 2158 1624 2187 causa
1643 2158 1867 2198 quaenam
1890 2147 2007 2186 erat?

1120 2212 1186 2250 An
1227 2209 1347 2260 quod
1379 2213 1422 2248 et
1457 2210 1498 2248 in
1531 2208 1754 2260 equitibus
1785 2211 1830 2248 et
1859 2209 1901 2247 in
1933 2219 2007 2248 se-

1123 2272 1293 2312 natorio
1315 2271 1470 2311 ordine
1495 2271 1626 2323 (hunc
1644 2271 1762 2310 enim
1783 2282 1866 2309 una
1886 2281 2007 2310 com-

1122 2333 1340 2386 plectitur)
1365 2333 1562 2374 studium
1584 2333 1845 2384 dignitatum
1869 2334 1913 2372 et
1933 2343 2008 2372 cu-

1122 2408 1171 2436 ra
1202 2408 1354 2436 rerum
1386 2395 1664 2448 publicarum
1696 2396 1785 2435 iam
1806 2394 2008 2434 deferve-

1123 2462 1214 2509 rat,
1247 2460 1365 2500 unde
1388 2461 1511 2500 vanis
1534 2457 1818 2511 spectaculis,
1843 2457 2006 2508 quibus

1123 2525 1300 2576 tempus
1343 2525 1564 2571 tererent,
1609 2522 1755 2573 potius
1785 2520 2007 2560 vacabant

1122 2597 1206 2625 nec
1255 2586 1400 2625 minus
1455 2582 1607 2624 oculos
1655 2584 1706 2623 iis
1754 2582 2004 2635 pascebant

1122 2658 1256 2698 quam
1278 2645 1516 2700 popellus?
1542 2669 1585 2674 —
1618 2646 1808 2698 incertos]
1842 2655 2003 2695 «vagos

1122 2712 1166 2749 et
1195 2710 1518 2757 inconstantes,
1552 2709 1626 2759 qui
1657 2719 1879 2759 nusquam
1902 2719 2005 2747 con-

1121 2772 1280 2812 sistunt
1321 2782 1467 2822 neque
1501 2771 1661 2810 eadem
1692 2782 1740 2811 re
1773 2771 1848 2811 diu
1879 2769 2004 2810 dele—

1122 2836 1319 2883 ctantur,
1353 2833 1435 2874 sed
1465 2833 1599 2873 modo
1631 2833 1686 2873 ad
1716 2834 1827 2883 hoc,
1869 2833 2003 2873 modo

1122 2897 1177 2938 ad
1198 2896 1303 2936 illud
1325 2908 1372 2936 se
1395 2897 1703 2936 convertunt.»
1749 2897 1866 2947 Virg.
1889 2898 1998 2936 Aen.

1120 2962 1159 3009 2,
1184 2959 1288 2999 ⁶224:
1327 2959 1488 2998 Taurus
1507 2981 1529 2987 -
1545 2981 1568 2987 -
1594 2960 1798 2999 incertam
1826 2959 2007 2999 excussit

1119 3023 1276 3063 cervice
1313 3023 1504 3062 securim.
1557 3021 1731 3071 Quintil.
1763 3023 1810 3071 8,
1845 3022 1888 3070 3,
1924 3022 1997 3061 68;

1117 3087 1223 3137 fuya
1264 3086 1448 3135 incerta,
1498 3096 1631 3136 «vaga
1664 3086 1708 3125 et
1737 3085 1830 3126 siue
1878 3085 2000 3123 certo

1121 3146 1302 3188 consilio
1335 3149 1507 3199 capta.»
1547 3147 1610 3187 Cf.
1637 3148 1724 3187 Sat.
1750 3148 1765 3186 4
1790 3179 1798 3194 ,
1823 3146 1871 3195 3,
1897 3146 1997 3184 1¹09:

1115 3221 1306 3250 venerem
1336 3211 1538 3250 incertam
1567 3210 1776 3260 rapientes
1802 3218 1918 3247 more
1935 3207 1999 3257 fe-

1118 3285 1282 3313 rarum.
1319 3273 1516 3324 (Diversa
1547 3272 1863 3324 significatione
1895 3269 2001 3308 oculi

1118 3336 1266 3375 incerti
1298 3334 1505 3375 dicuntur
1534 3346 1558 3374 a
1580 3336 1746 3374 Seneca
1770 3332 1904 3383 Epist.
1929 3330 1996 3379 83,

1119 3398 1200 3437 20:
1245 3398 1385 3437 Adlice
1419 3397 1537 3436 illam
1575 3395 1881 3446 ignorationem
1908 3394 1997 3442 sui,

1120 3461 1247 3500 dubia
1267 3465 1303 3500 et
1326 3471 1485 3510 parum
1501 3458 1736 3508 explanata
1752 3456 1895 3505 verba,
1929 3457 1997 3495 in-

1119 3527 1250 3563 certos
1270 3523 1429 3571 ocutos,
1461 3521 1641 3572 aradum
1664 3524 1874 3561 errantem
1895 3520 1995 3569 cet.)
