2231 3787
214 257 316 310 2³18
849 256 1064 298 HonATn
1097 254 1395 296 sATmARUM

287 388 460 443 Albuti
501 387 645 442 senis
685 386 953 458 exemplo,
997 386 1125 439 dum
1162 383 1342 437 munia
1381 381 1538 441 didit,

285 492 490 545 Saevus
529 490 654 553 erit,
695 505 796 542 nec
846 488 923 541 sic
961 496 1020 539 ut
1057 485 1282 556 simplex
1319 482 1550 536 Naevius
1586 489 1801 535 unctam

289 592 537 647 Convivis
566 589 847 662 praebebit
869 606 1094 660 aquam,
1121 584 1431 640 vitiumhoc
1452 600 1671 655 quoque
1693 599 1960 652 magnum.

285 694 481 764 Accipe
520 709 682 750 nunc.
724 692 894 745 victus
932 688 1106 742 tenuis
1146 703 1287 758 quae
1327 693 1636 757 quantaque
1676 700 1862 737 secum
1967 682 2034 734 70

287 795 496 849 Affcrat.

575 792 837 864 Imprimis
875 790 1056 844 valeas
1097 788 1268 842 bene:
1310 804 1460 848 nam,
1500 786 1683 839 variae
1722 801 1811 838 res

290 897 353 951 Ut
391 903 618 949 noceant
656 893 878 953 homini,
920 889 1114 944 credas
1152 906 1360 943 memor
1398 887 1536 941 illius
1577 903 1761 947 escae,

287 1000 437 1063 Quae
478 994 703 1066 simplex
741 993 867 1047 olim
906 992 1000 1046 tibi
1039 991 1267 1056 sederit3
1308 998 1360 1044 at
1397 988 1553 1043 simul
1593 988 1731 1042 assis

287 1098 565 1153 Miscueris
606 1096 758 1157 elixa,
806 1094 964 1149 simul
1003 1092 1288 1165 conchylia
1325 1091 1530 1154 turdiS,

327 1281 393 1320 67.
425 1278 568 1319 Albuci
599 1278 709 1326 LCt,
743 1274 981 1316 Bentleius.
1019 1298 1064 1304 —
1097 1275 1205 1314 dedit
1235 1272 1290 1322 b,
1324 1272 1454 1313 adibit
1484 1270 1623 1312 Codd.
1648 1269 1748 1322 aliq.
1781 1270 1908 1310 Feae.
1936 1292 1979 1298 —-

272 1344 337 1383 68.
371 1342 456 1394 nec]
491 1351 618 1391 neque
648 1340 763 1380 LCF.
801 1360 844 1366 -
881 1339 947 1378 69.
974 1336 1206 1388 praebebat
1234 1335 1282 1375 b.

273 1491 418 1530 67-69.
450 1488 600 1540 Albuti]
632 1489 682 1529 L't
712 1497 870 1538 saepe,
905 1496 1018 1537 quae
1042 1496 1096 1524 ex

217 1554 379 1593 Horatii
413 1553 547 1604 ipsius
577 1549 727 1590 verbis
758 1550 851 1589 sine
890 1547 976 1587 ulla
1016 1559 1096 1587 ex-

216 1614 448 1666 plicatione
472 1612 754 1663 colliguntur,
788 1613 1018 1661 tamquam
1037 1610 1098 1648 hi-

215 1677 408 1724 storiam,
449 1674 832 1726 quemadmodum
863 1671 1092 1720 dicebant,

216 1738 391 1778 tradunt
424 1736 711 1785 Scholiastae,
745 1736 808 1775 sic
838 1736 880 1774 h.
905 1734 932 1774 l.
957 1736 1091 1774 Acro:

219 1800 443 1841 «Albutius
466 1799 646 1850 quidam
667 1797 935 1846 luxuriosus,
961 1808 1099 1847 quan-

217 1863 273 1902 do
305 1861 506 1901 mittebat
533 1871 686 1900 servos
708 1870 812 1899 suos
835 1859 891 1898 ad
911 1859 1097 1899 obsonia

218 1924 539 1976 comparanda,
576 1924 769 1962 mortem
801 1923 863 1962 eis
894 1921 1098 1962 minaba-

218 1991 309 2035 tur,
342 1987 424 2026 nisi
453 1997 532 2037 pro
559 1984 781 2024 voluntate
804 1985 898 2025 eius
920 1995 1099 2036 compa-

217 2050 431 2088 rassent.»
463 2046 594 2087 Alias.
631 2046 855 2086 «Albutius
873 2058 975 2086 cum
997 2058 1097 2086 con-

218 2112 461 2158 vivaretur,
495 2110 635 2149 servis
666 2110 755 2148 suis
786 2109 928 2148 officia
950 2109 1099 2148 distri—

218 2172 387 2211 buebat
417 2174 460 2211 et
489 2173 729 2221 antequam
759 2170 914 2222 aliquis
943 2181 1097 2210 eorum

218 2237 441 2286 peccaret,
454 2233 671 2273 caedebat
684 2245 774 2282 eos,
789 2233 941 2273 dicens
953 2234 1098 2272 vereri

220 2309 283 2346 se,
310 2309 380 2345 ne,
405 2308 507 2336 cum
527 2298 806 2348 peccassent,
831 2296 1018 2335 caedere
1040 2295 1098 2335 illi

218 2363 372 2412 postea
403 2371 491 2400 non
519 2361 741 2398 vacaret.»
791 2359 1092 2410 Porphyrion:

221 2424 324 2462 «Hic
354 2425 421 2463 est
448 2421 670 2470 Albutius,
705 2422 779 2472 qui
810 2423 853 2461 et
873 2432 1032 2461 avarus
1054 2421 1097 2460 et

219 2483 396 2535 elegans
419 2485 721 2524 conviviorum
744 2485 982 2535 apparator
1002 2493 1099 2522 sae-

218 2558 300 2586 vus
332 2549 397 2587 est
428 2546 603 2586 habitus
635 2546 676 2585 in
708 2556 883 2593 servos3
933 2545 1007 2596 qui
1038 2544 1094 2583 ob

221 2610 507 2660 cupiditatem
548 2609 726 2648 nimiam
766 2607 960 2647 habendi
990 2606 1098 2646 alie-

221 2682 323 2710 nam
360 2682 547 2710 uxorem
586 2680 714 2710 suam
750 2680 923 2708 veneno
961 2679 1098 2708 neca-

219 2733 323 2772 vit.»
376 2733 477 2782 (Cir.
504 2734 590 2772 Sat.
615 2732 660 2781 2,
696 2732 739 2779 4,
774 2731 857 2781 48.)
898 2751 941 2758 -—
973 2730 1094 2781 didit]

220 2795 270 2833 V.
313 2795 542 2845 antiquum
592 2797 635 2833 et
688 2794 912 2845 poeticum
959 2793 1099 2831 didere

220 2855 341 2895 idem
358 2856 447 2895 fere
461 2867 511 2895 ac
526 2855 766 2904 «dividere,
783 2854 1094 2894 distribuere.»

223 2919 283 2958 Ex
313 2919 581 2968 ignoratione
620 2919 748 2956 huius
786 2916 910 2955 verbi
951 2917 1097 2955 ortum

223 2982 286 3020 est
310 2982 558 3019 monstrum
579 2978 802 3026 lectionis,
838 2989 972 3029 quam
993 2989 1099 3029 spe-

224 3043 389 3081 ciosam
420 3046 547 3083 vocat
579 3043 684 3081 Fea:
719 3042 816 3079 dum
844 3041 990 3079 munia
1011 3042 1101 3079 adi-

223 3104 300 3150 bit,
345 3104 384 3142 in
417 3114 555 3143 coena
587 3102 759 3142 aditiali.
820 3103 985 3141 Verum
1016 3103 1100 3142 hoc

223 3166 348 3205 dicit:
403 3167 543 3204 «Dum
580 3176 733 3205 servos
772 3176 901 3204 suum
940 3176 1101 3215 quem—

224 3239 309 3278 que
347 3238 507 3267 munus
549 3227 604 3266 ad
637 3238 838 3267 mensam
879 3227 1002 3266 obire
1033 3229 1101 3266 iu-

223 3290 319 3331 bet.
354 3290 453 3340 quia
488 3290 566 3340 ipsi
600 3290 727 3328 nimis
755 3288 856 3328 lenti
880 3288 1097 3336 videntur,

224 3352 421 3391 desaevit
454 3362 620 3401 eosque
653 3349 767 3389 male
791 3349 980 3398 mulcatg
1016 3362 1100 3401 qua

224 3410 447 3453 iracundia
482 3415 525 3453 et
554 3412 637 3453 sibi
677 3415 719 3452 et
756 3413 950 3452 convivis
998 3424 1104 3452 coe-

224 3487 305 3515 nae
352 3475 508 3526 gaudia
555 3474 841 3526 corrumpit.»
922 3475 983 3515 De
1029 3473 1103 3514 tali

1160 1483 1508 1523 ministeriorum
1543 1480 1852 1521 distributione
1885 1480 2039 1521 confe-

1160 1548 1283 1585 ratur
1312 1544 1450 1585 Plaut.
1475 1543 1635 1583 Pseud.
1663 1544 1708 1592 4,
1740 1544 1791 1593 2,
1823 1543 1900 1583 28:
1955 1543 2040 1582 Tibi

1162 1609 1236 1648 hoc
1260 1607 1504 1657 praecipio,
1548 1609 1594 1645 ut
1630 1606 1790 1645 niteant
1819 1607 1952 1646 aedes,
1973 1627 1997 1634 -
2017 1628 2040 1634 -

1163 1672 1220 1710 Tu
1240 1674 1322 1710 esto
1352 1668 1692 1709 lectisterniator:
1732 1668 1791 1707 Tu
1819 1671 2042 1719 arqentwm

1159 1733 1306 1780 eluiem·
1350 1733 1459 1771 idem
1493 1731 1711 1771 exstruito.
1776 1731 1945 1770 Seneca
1984 1730 2039 1770 de

1160 1797 1288 1835 Brev.
1312 1795 1428 1833 vitae
1462 1794 1535 1832 42:
1571 1796 1733 1842 quanta
1761 1792 1970 1832 celeritate
1989 1793 2043 1832 si-

1160 1869 1241 1910 gno
1272 1858 1368 1896 dato
1388 1855 1525 1908 gylabri
1547 1857 1603 1895 ad
1630 1855 1863 1895 ministeria
1883 1855 2044 1894 discur-

1159 1925 1272 1960 rant.
1332 1921 1482 1958 Iuven.
1509 1917 1580 1966 44,
1614 1918 1666 1957 59
1697 1929 1763 1969 sq.
1801 1938 1845 1945 —
1878 1928 1953 1957 nec
1985 1918 2043 1957 sic

1163 1983 1264 2031 cet.]
1313 1982 1399 2020 «Ex
1443 1979 1579 2019 altera
1619 1981 1744 2031 parte
1777 1990 1865 2019 non
1894 1979 2041 2019 minus

1162 2044 1345 2085 offendit
1388 2043 1644 2082 convivator
1687 2040 1942 2092 negligens,
1995 2043 2043 2081 ut

1159 2107 1363 2154 Naevius,
1397 2106 1530 2144 homo
1551 2104 1745 2154 ignotus,
1769 2115 1917 2154 neque
1940 2114 2044 2142 ava-

1161 2180 1237 2209 rus
1266 2179 1350 2207 nec
1387 2166 1658 2214 luxuriosus,
1704 2167 1753 2205 ut
1789 2165 1893 2205 olim
1922 2166 2042 2205 varie

1163 2230 1462 2283 explicabant,
1505 2228 1609 2276 sed,
1653 2229 1701 2267 ut
1730 2228 1809 2276 ait,
1841 2228 2038 2277 simplex,

1163 2295 1238 2344 qui
1267 2295 1449 2345 propter
1480 2291 1661 2331 nimiam
1691 2291 1824 2330 animi
1863 2290 2041 2330 bonita-

1162 2359 1253 2396 tem
1285 2365 1438 2395 servos
1467 2354 1601 2394 etiam
1622 2352 1801 2393 desides
1824 2363 1876 2392 ac
1895 2353 2042 2403 pigros

1162 2430 1250 2459 non
1295 2418 1520 2467 castigat.»
1559 2438 1604 2444 -
1639 2415 1822 2466 unctam]
1865 2415 2040 2466 settim

1164 2482 1233 2520 «in
1276 2480 1419 2519 unctis
1464 2489 1498 2518 s.
1546 2477 1735 2518 sordidis
1785 2476 2040 2517 calicibus.»

1163 2544 1314 2582 Senon
1350 2541 1472 2581 Conf.
1497 2542 1583 2580 Sat.
1607 2541 1655 2589 2,
1680 2540 1726 2589 4,
1751 2541 1818 2580 78.
1847 2563 1891 2568 -
1909 2550 2043 2590 prae—

1163 2605 1266 2645 bebit
1295 2603 1464 2655 aquam]
1496 2603 1593 2643 Vid.
1619 2603 1675 2642 ad
1697 2604 1784 2642 Sat.
1810 2603 1854 2652 4,
1887 2601 1933 2651 4,
1972 2602 2038 2642 88.

1217 2728 1390 2767 72-84.
1434 2726 1500 2778 Ut]
1536 2726 1815 2777 «quomodO,
1850 2727 2043 2777 quanto-

1162 2800 1314 2842 pere.»
1380 2789 1502 2829 Conf.
1540 2789 1628 2829 Cic.
1663 2801 1706 2841 p.
1740 2788 1822 2829 Mil.
1863 2788 1939 2837 24,
1973 2787 2037 2828 64.

1167 2876 1211 2880 —
1261 2851 1430 2902 sederit]
1484 2851 1758 2901 «quieverit,
1810 2849 1952 2890 nullos
2000 2852 2042 2890 in

1161 2912 1405 2953 ventriculo
1455 2912 1668 2953 tumultus
1713 2912 1912 2953 excitarit
1959 2923 2043 2952 nec

1163 2986 1378 3016 nauseam
1399 2975 1593 3016 fecerit.»
1653 2975 1857 3015 Similiter
1877 2974 1933 3014 de
1954 2975 2043 3014 ani-

1164 3049 1237 3078 mo
1269 3039 1438 3078 Seneca
1469 3039 1603 3090 Epist.
1629 3039 1675 3077 2:
1710 3038 1840 3077 Certis
1867 3037 2044 3088 ingeniis

1163 3102 1385 3141 immorari
1413 3105 1451 3141 et
1479 3101 1681 3140 innutriri
1705 3104 1885 3150 oportet,
1917 3099 1952 3139 si
1970 3110 2043 3139 ve-

1165 3166 1214 3203 lis
1244 3165 1403 3215 aliquid
1437 3165 1621 3212 trahere,
1669 3164 1777 3213 quod
1819 3163 1864 3202 in
1902 3162 2042 3201 animo

1162 3228 1337 3279 fideliter
1365 3228 1514 3267 sedeat.
1576 3227 1672 3267 Mox
1711 3225 1947 3276 opponitur
1981 3225 2043 3263 ci—

1167 3290 1260 3339 bus,
1309 3289 1379 3339 qui
1421 3290 1561 3329 statim
1604 3291 1788 3337 sumptus
1825 3287 2037 3326 emittitur.

1169 3353 1214 3391 In
1246 3351 1409 3391 Horatii
1439 3350 1535 3390 loco
1559 3361 1598 3389 ν.
1622 3350 1767 3389 sederit
1787 3347 1918 3388 nolim
1941 3359 2043 3388 cum

1169 3412 1261 3453 aliis
1292 3412 1458 3452 referre
1489 3411 1544 3452 ad
1567 3423 1605 3450 v.
1629 3411 1780 3458 sidere,
1815 3410 1895 3451 etsi
1915 3410 2042 3449 huius

1168 3474 1411 3526 legitimum
1447 3476 1511 3515 est
1555 3472 1802 3526 perfectum
1844 3473 1964 3522 sedi,
1997 3474 2043 3511 ut
