2231 3787
312 306 414 357 596

909 304 1121 344 HORATII
1155 303 1519 343 EPISTOLARUM

383 436 698 491 Pontificum
736 434 927 497 libros,
971 452 1174 487 annosa
1212 432 1480 485 volumina
1521 438 1698 483 vatum

379 539 592 592 Dictitet
628 537 829 592 Albano
870 538 1048 589 Musas
1087 535 1139 586 in
1178 542 1357 587 monte
1395 532 1616 586 locutas.

380 641 462 703 Si,
504 640 631 711 quia
669 640 998 692 Graecorum
1036 644 1158 689 sunt
1196 634 1567 706 antiquissima
1604 650 1857 705 quaeque

379 741 587 812 Scripta
624 739 707 793 vel
746 739 968 810 optima,
1011 737 1232 792 Romani
1271 744 1565 809 pensantur
1604 734 1795 789 eadem

413 907 480 945 ⁶27.
510 906 557 944 de
575 908 712 944 monte
731 903 1102 954 Guelferbytanus
1122 902 1345 942 Schmidii.
1372 925 1415 931 —
1439 902 1507 942 28.
1532 901 1760 941 Graiorum
1781 899 1887 940 Cod.
1911 898 2062 940 Bland.

358 968 606 1018 antiquiss,
626 967 713 1006 duo
734 966 964 1015 Torrentii,
988 979 1032 1016 κ,
1050 964 1274 1006 Bentleius
1291 976 1343 1004 ac
1359 963 1679 1015 Dillenburger.
1707 963 1771 1013 (Ut
1790 973 1886 1010 nos,
1911 972 2067 1002 omnes

356 1031 574 1078 Pottierii,
609 1029 819 1069 Schmidii
850 1030 894 1069 et
922 1029 1090 1080 nostri.)
1127 1052 1171 1057 —
1210 1028 1276 1068 29.
1304 1031 1531 1077 pensentur
1562 1025 1705 1066 «Alii»
1737 1023 1856 1077 apud
1886 1024 2066 1064 Lambi-

356 1104 464 1133 num
494 1093 537 1133 et
566 1091 731 1144 aliquot
758 1093 887 1132 Feae.
937 1091 1001 1141 (Ut
1030 1101 1134 1140 nos,
1174 1090 1334 1139 nostri,
1374 1090 1591 1138 Pottierii,
1635 1087 1846 1128 Schmidii
1876 1087 2064 1139 omnes.)

298 1234 488 1273 Nursina
531 1234 703 1273 duritia.
776 1232 973 1272 Foedera
1024 1233 1176 1271 autem

299 1294 600 1346 intelliguntur
635 1296 750 1335 inter
787 1293 1023 1335 Romulum
1055 1296 1099 1333 et
1128 1294 1172 1331 T.

297 1358 471 1396 Tatium
498 1356 568 1397 vel
600 1358 712 1397 inter
742 1355 915 1396 Tullum
946 1354 1176 1395 Hostilium

298 1421 343 1458 et
372 1419 558 1459 Sabinos
582 1420 776 1469 (Dionys.
802 1417 894 1458 Hal.
920 1417 964 1464 3,
999 1417 1082 1467 33.)
1105 1415 1175 1455 vel

296 1482 450 1532 primis
480 1480 647 1520 liberae
679 1481 743 1520 rei
773 1479 977 1531 publicae
1000 1481 1177 1529 tempo-

295 1542 420 1582 ribus
459 1544 558 1582 icta.
596 1565 640 1569 —
675 1542 872 1593 aequata]
915 1541 1095 1591 «aequis
1134 1542 1177 1579 et

294 1605 419 1644 iustis
451 1604 787 1644 condicionibus
822 1604 951 1643 icta.»

350 1666 497 1706 26-27.
533 1667 778 1718 Pontificum
807 1665 948 1716 libros]
978 1663 1174 1715 Intellige

294 1728 556 1780 pontificum
587 1731 630 1768 et
659 1727 816 1768 Libros
836 1726 1016 1767 rituales
1039 1729 1082 1766 et
1102 1728 1175 1765 In-

294 1791 579 1841 digitamenta
598 1790 666 1841 (de
690 1790 852 1841 quibus
875 1788 1054 1830 consule
1073 1792 1175 1829 Am-

293 1851 461 1891 brosch
489 1852 591 1892 uber
619 1853 682 1891 die
711 1852 1070 1903 Religionsbucher
1100 1853 1174 1891 der

291 1915 456 1954 Romer.
479 1915 612 1953 Βοηη.
642 1913 779 1964 4843.)
805 1915 848 1953 et
868 1913 1058 1953 Annales
1081 1925 1175 1953 ma·-

292 1977 435 2017 ximos
466 1988 494 2015 a
520 1977 714 2028 Pontifice
740 1977 929 2015 maoeimo
950 1987 1093 2027 usque
1116 1975 1172 2015 ad

294 2049 332 2077 a.
370 2050 414 2078 u.
438 2050 476 2078 c.
512 2040 605 2078 620.
644 2038 888 2086 confect0s3
935 2039 978 2078 in
1010 2038 1171 2089 quibus

293 2103 413 2140 certe
445 2103 654 2151 quattuor
679 2101 929 2151 primorum
950 2100 1076 2142 Urbis
1098 2112 1172 2141 se-

292 2161 495 2202 culorum
525 2173 597 2203 res
620 2165 770 2213 gestae
791 2163 939 2214 prisco
961 2173 1169 2203 sermone

293 2226 517 2276 expositae
550 2227 689 2264 erant.
743 2225 832 2264 Cic.
868 2224 923 2264 de
954 2226 1084 2276 Legg.
1119 2227 1166 2274 ll,

290 2287 337 2335 2,
371 2287 416 2326 6:
463 2287 642 2326 Annales
679 2288 921 2339 Pontificmn
956 2288 1171 2327 mamimu-

288 2360 408 2398 rum,
443 2349 589 2398 quibas
617 2350 720 2389 nihil
744 2354 877 2399 potest
905 2361 989 2389 esse
1018 2351 1170 2389 iucun-

290 2412 382 2451 dius
400 2412 617 2462 (Ursinusz
650 2412 860 2464 ieiunius).
888 2412 951 2452 Cf.
971 2412 1026 2452 de
1049 2414 1165 2452 Orat.

289 2475 337 2522 ¹2,
373 2475 445 2523 112,
479 2475 547 2514 52.
575 2496 617 2501 —
650 2475 865 2514 volumina
893 2475 1050 2526 vatum]
1074 2474 1168 2514 Noli

287 2535 530 2586 intelligere
579 2548 681 2577 cum
729 2537 972 2576 Niebuhrio
1016 2538 1167 2576 vetera

287 2599 440 2638 nescio
473 2609 587 2649 quae
628 2600 823 2638 carmina
864 2600 1012 2650 epica,
1059 2599 1164 2639 sed:

291 2663 493 2701 «veteres
522 2660 657 2702 libros
688 2662 861 2703 Marcii»
897 2662 974 2712 (sic
1000 2663 1166 2713 optime

290 2721 367 2761 Ed.
392 2723 532 2773 princ.
559 2723 698 2772 4484„
731 2723 784 2763 al.
808 2724 956 2773 Navii,
998 2724 1042 2763 id
1074 2725 1162 2773 est,

289 2785 375 2823 Atti
404 2786 525 2824 Navii
554 2787 740 2836 Auguris
772 2787 860 2826 noti
891 2787 1074 2837 propter
1094 2796 1167 2825 co-

290 2848 380 2885 tem
419 2847 633 2886 novacula
677 2848 918 2888 dissectam
961 2850 1164 2899 tempore

290 2907 508 2957 Tarquinii
546 2910 695 2948 Prisci.
749 2910 839 2949 Cic.
879 2909 933 2948 de
974 2910 1161 2948 Divinat.

289 2969 335 3017 11,
382 2970 466 3016 47„
512 2970 565 3009 al.
607 2972 778 3020 Naevii,
828 2972 949 3022 quod
983 2971 1163 3010 omnino

289 3028 446 3070 falsum
492 3034 578 3081 est)
628 3034 771 3074 «vatis
814 3036 889 3073 aut
925 3031 1162 3083 Sibyllae.»

287 3092 493 3131 PoRPnYR.
518 3094 650 3133 Recte
670 3094 1038 3146 interpretabere:
1065 3104 1165 3133 «va-

288 3154 434 3193 ticinia
456 3155 658 3196 versibus
681 3157 894 3196 Saturniis
917 3157 1161 3207 composita

288 3227 310 3253 a
344 3216 421 3256 Cn.
464 3218 675 3265 Marcio,»
713 3219 802 3257 Liv.
841 3219 914 3266 25,
957 3220 1039 3268 42„
1085 3218 1160 3258 ubi

286 3279 380 3328 ipsa
410 3280 520 3319 vatis
551 3279 710 3328 verba,
744 3280 861 3330 quod
894 3283 1018 3320 erant
1048 3281 1161 3320 anti-

288 3339 467 3388 quiora,
522 3340 702 3392 paulum
751 3344 853 3381 sunt
910 3342 1155 3382 immutata.

286 3398 392 3439 Plin.
416 3401 466 3441 H.
492 3404 541 3441 N.
567 3404 614 3451 7,
647 3402 712 3442 33.
766 3403 855 3442 Cic.
886 3403 940 3442 de
970 3404 1156 3444 Divinat.

286 3461 324 3508 4,
350 3461 416 3510 04,
457 3464 523 3503 89.
546 3465 731 3504 Marcios
747 3464 901 3514 fratres
923 3468 1154 3505 memorat.

1240 1230 1436 1269 carmina
1457 1228 1632 1268 fatidica
1653 1227 1924 1268 hexametris
1941 1228 2120 1268 Graecis

1239 1293 1366 1330 erant
1387 1291 1645 1341 composita.
1681 1289 1744 1330 Cf.
1765 1299 1803 1329 V.
1823 1289 1889 1329 86.
1916 1311 1963 1317 ——
1987 1290 2121 1329 Dicti-

1237 1352 1304 1403 tet]
1351 1352 1604 1391 «communi
1649 1362 1872 1391 consensu
1915 1362 2119 1402 pronun-

1239 1415 1358 1454 tiet.»
1395 1436 1436 1442 —
1471 1413 1630 1453 Albano
1661 1413 1765 1465 cet]
1801 1415 1852 1455 Ut
1885 1415 2037 1454 Musae
2074 1414 2118 1453 in

1238 1481 1455 1518 Parnasso
1478 1480 1520 1518 et
1541 1478 1751 1519 Helicone
1774 1480 1992 1518 Graecam
2012 1482 2117 1530 po'e-

1238 1542 1306 1582 sin
1356 1540 1675 1588 condiderunt,
1727 1541 1790 1581 sic
1838 1552 1890 1580 ex
1936 1552 2114 1589 eorum,

1238 1614 1350 1655 quos
1390 1602 1567 1652 irridet,
1612 1604 1817 1654 opinione
1853 1614 1877 1642 a
1910 1603 2117 1643 Camenis

1237 1667 1280 1704 in
1310 1666 1463 1704 monte
1494 1663 1663 1704 Albano
1694 1666 1785 1704 Iovi
1815 1663 1966 1704 Latiali
1987 1675 2116 1705 sacro

1235 1727 1519 1769 versantibus
1550 1728 1699 1778 poesis
1730 1729 1880 1768 Latina
1916 1728 2117 1779 profecta

1237 1793 1345 1830 erat.
1396 1791 1562 1830 Ennius
1601 1791 1648 1839 4,
1695 1790 1742 1829 3:
1793 1791 1965 1838 Musae,
2012 1801 2118 1839 quas

1234 1856 1470 1891 memorant
1502 1852 1727 1891 Casmenas
1755 1863 1836 1890 esse
1862 1852 2016 1891 Latini.
2051 1852 2116 1891 De

1234 1915 1390 1964 Egeria
1432 1914 1654 1965 nympha,
1693 1915 1863 1953 Numae
1905 1914 2113 1964 coniuge,
2166 1939 2169 1942 >
2228 1928 2231 1929 ⁷

1235 1986 1370 2027 quam
1402 1976 1533 2014 etiam
1563 1976 1733 2014 Musam
1754 1974 1973 2014 vocabant
2000 1975 2114 2025 (Dio-

1234 2049 1332 2087 nys.
1357 2036 1448 2077 Hal.
1474 2038 1518 2085 2,
1543 2038 1607 2076 60.
1642 2036 1749 2076 Plut.
1774 2038 1902 2077 Num.
1927 2037 2002 2088 8.),
2027 2038 2114 2077 Ho-

1233 2100 1396 2138 ratium
1433 2099 1651 2149 cogitasse
1692 2099 1838 2138 minus
1880 2098 2112 2150 probabile

1234 2162 1422 2201 videtur.

1288 2223 1435 2264 28-33.
1483 2224 1549 2273 Si,
1594 2224 1695 2273 quia
1725 2224 1828 2276 cet.]
1863 2225 2019 2274 «Atqui
2049 2225 2109 2271 Si,

1233 2287 1459 2337 quoniam,
1484 2288 1531 2325 ut
1553 2297 1633 2336 ego
1653 2297 1831 2337 quoque
1851 2297 1953 2327 cum
1972 2287 2114 2327 omni-

1231 2347 1315 2388 bus
1346 2347 1459 2387 ultro
1500 2347 1664 2397 fateor,
1713 2350 1876 2399 scripta
1917 2350 2112 2388 Graeco-

1231 2421 1331 2450 rum
1363 2411 1667 2461 antiquissima
1701 2421 1907 2461 quaeque
1940 2412 2111 2463 (impri—

1231 2473 1315 2512 mis
1347 2473 1527 2512 Homeri
1557 2474 1600 2512 et
1620 2471 1868 2512 Archilochi
1890 2474 2108 2524 poemata)

1231 2534 1392 2574 eadem
1424 2536 1555 2575 etiam
1585 2536 1966 2586 praestantissima
1986 2536 2103 2584 sunt,

1230 2597 1395 2636 idcirco
1427 2598 1667 2648 scriptores
1698 2598 1836 2637 Latini
1866 2596 1995 2637 simili
2034 2608 2108 2637 ra-

1228 2659 1347 2698 tione
1378 2659 1691 2707 aestimantur,
1738 2661 1786 2698 ut
1829 2659 1985 2710 priscis
2013 2659 2108 2710 pri—

1229 2731 1328 2760 mus
1358 2719 1482 2760 locus
1511 2720 1749 2768 tribuatur,
1782 2719 1983 2771 pluribus
2004 2732 2108 2760 ver-

1227 2781 1295 2822 bis
1327 2793 1414 2821 non
1443 2782 1531 2821 iam
1561 2792 1673 2833 opus
1713 2783 1801 2829 est;
1849 2782 1986 2822 immo
2023 2781 2106 2822 ab-

1228 2844 1488 2884 surdissima
1532 2854 1738 2894 quaeque
1785 2840 2106 2897 ἐνθυμήματα

1226 2905 1283 2945 illi
1313 2905 1468 2946 similia
1500 2905 1690 2957 probare
1721 2905 1867 2947 licet.»
1903 2929 1947 2935 —
1973 2907 2106 2948 Grae-

1224 2968 1383 3020 corum]
1421 2968 1682 3009 Praestabat
1717 2969 1789 3009 hic
1819 2969 1961 3009 forma
1997 2980 2105 3021 pro-

1226 3040 1301 3069 sae
1362 3031 1584 3071 orationis.
1667 3029 1815 3070 Altera
1873 3031 2104 3071 Graiorwm

1226 3092 1362 3141 (Ovid.
1386 3094 1564 3133 Metam.
1591 3092 1664 3142 43,
1697 3092 1809 3144 244.)
1841 3104 1866 3133 a
1885 3093 2102 3144 paucissi-

1224 3156 1307 3195 mis
1324 3156 1502 3196 inducta
1521 3158 1587 3195 est
1608 3157 1792 3207 propter
1805 3166 1847 3194 v.
1862 3155 1928 3195 49.
1950 3178 1994 3184 —-
2014 3158 2103 3194 true

1222 3218 1326 3270 tina]
1358 3214 1566 3274 τρυτάνη
1592 3218 1648 3269 (in
1672 3228 1761 3268 quo
1783 3228 1826 3256 v.
1847 3217 1992 3268 prima
2013 3215 2101 3267 syl-

1222 3279 1322 3320 laba
1343 3282 1410 3320 est
1438 3279 1589 3331 longa,
1623 3290 1647 3320 a
1668 3279 1828 3319 Latinis
1849 3278 2096 3330 corripitur)

1220 3354 1288 3394 pr.
1308 3342 1522 3391 foramen,
1546 3342 1658 3381 intra
1680 3340 1799 3392 quod
1821 3341 1888 3380 est
1906 3339 2034 3391 ligula
2057 3352 2093 3381 s.

1222 3414 1409 3444 examen
1429 3404 1473 3443 in
1494 3402 1624 3453 libra,
1658 3402 1923 3454 plerumque
1942 3413 2024 3454 pro
2044 3401 2098 3442 li-

1219 3465 1300 3505 bra
1321 3464 1482 3505 bilanci
1514 3467 1557 3504 et
1587 3466 1751 3505 statera
1781 3465 1894 3516 ipsa,
1927 3466 1976 3505 ut
2004 3465 2091 3505 Sat.

286 3523 446 3564 Contra
478 3536 591 3575 quae
623 3524 812 3576 Sibyllae
851 3525 1158 3567 tribuebantur
1220 3529 1265 3578 11,
1305 3527 1349 3577 3,
1382 3528 1448 3566 72.
1490 3550 1533 3554 —
1571 3525 1642 3565 Nil
1673 3526 1787 3565 intra
1820 3526 1922 3578 cet]
1957 3525 2095 3567 Pleri-
