2231 3787
886 241 981 280 Lm.
1019 242 1067 279 ll.

1128 241 1238 280 sA'r.
1276 243 1321 279 κ’.
1903 241 1994 292 30!

259 374 428 426 Heres
469 380 543 427 et,
587 371 628 423 si
671 371 790 442 quis
831 387 990 423 casus
1031 387 1260 441 puerum
1299 371 1468 441 egerit
1508 376 1676 426 Orco,

259 476 313 526 ln
353 490 584 527 vacuum
621 473 829 536 venias3
870 489 1093 543 perraro
1133 471 1267 526 haec
1307 472 1422 527 alea
1461 472 1601 526 fallit.
1938 475 2004 524 ijo

256 575 359 639 Qui
399 583 774 628 testamentum
815 573 988 628 tradet
1025 573 1117 627 tibi
1158 591 1370 645 cunque
1411 574 1722 645 legendum.

255 675 504 729 Abnuere
543 684 595 729 et
633 675 840 729 tabulas
880 693 910 728 a
951 685 999 730 te
1041 693 1321 730 removere
1361 685 1659 734 memento,

255 778 342 831 Sic
382 786 583 838 tamen,
626 786 683 830 ut
721 777 858 831 limis
899 777 1102 849 rapiaS,
1145 778 1276 849 quid
1315 778 1487 850 prima
1528 778 1769 832 secundo

254 879 390 933 Cera
429 878 552 933 velit
592 897 778 942 versu,
821 878 966 932 solus
1008 879 1257 932 multisne
1298 879 1554 941 cohereS,

254 980 430 1035 Veloci
471 998 729 1052 percurro
771 981 942 1034 oculo

1020 980 1343 1052 Plerumque
1384 990 1631 1035 recoctus
1937 984 2001 1033 2555

254 1083 439 1137 Scriba
481 1101 547 1137 ex
586 1083 944 1154 quinqueviro
985 1101 1207 1136 corvum
1247 1083 1467 1138 deludet
1504 1084 1762 1142 hiantem.

290 1233 355 1273 53.
389 1234 511 1273 limus
540 1235 580 1273 S.
620 1256 663 1261 —
698 1233 764 1273 56.
799 1232 951 1273 deludit
982 1244 1005 1272 e
1038 1233 1176 1273 Codd.
1211 1235 1253 1274 F.

178 1357 314 1410 cuum]
348 1360 421 1398 «ut
452 1359 492 1397 in
515 1358 848 1410 possessionem
870 1368 1057 1397 vacuam

179 1421 343 1461 herede
375 1421 593 1461 succedas
625 1423 668 1460 et
703 1432 756 1460 ex
787 1431 886 1461 asse
925 1421 1056 1461 heres

179 1483 301 1524 fias.»
356 1484 431 1524 Est
474 1484 677 1523 ICtorum
720 1482 931 1530 verbum3
976 1494 1056 1522 va-

177 1556 277 1585 cans
319 1548 360 1586 et
404 1557 541 1585 vacua
577 1546 778 1596 possessio
823 1544 1056 1596 aliquoties

179 1609 398 1661 reperitur
428 1608 546 1660 apud
585 1609 761 1657 Gaium,
809 1611 855 1647 ut
895 1609 940 1655 2,
984 1609 1051 1648 51.

178 1669 223 1719 4,
258 1671 350 1710 431.

231 1734 370 1773 51-57.
404 1733 513 1772 limis
532 1732 691 1785 rapias]
717 1732 932 1784 «obliquis
953 1743 1057 1772 ocu-

178 1794 228 1835 lis
259 1796 418 1847 raptim
449 1794 612 1846 legas»
663 1799 764 1835 Aca.
802 1794 942 1835 Plaut.
967 1795 1052 1835 Mil.

178 1856 291 1898 Glor.
315 1858 365 1907 4,
399 1859 445 1906 6,
479 1859 524 1898 2:
557 1858 737 1908 Aspicito
758 1858 888 1907 limis,
922 1869 970 1898 ne
991 1858 1056 1898 ille

177 1932 249 1960 nos
264 1932 304 1961 se
314 1922 462 1961 sentiat
474 1922 624 1961 videre.
649 1922 824 1961 Terent.
838 1921 946 1960 Eun.
960 1920 999 1969 3,
1012 1922 1052 1969 5,

177 1982 248 2022 53:
281 1994 355 2035 eqo
375 1983 484 2023 limis
503 1987 636 2033 specto
657 1983 726 2022 Sic
748 1995 828 2033 per
844 1982 1055 2035 flabellum

176 2046 423 2086 clanculum.
461 2070 505 2075 —-
531 2046 677 2096 prima
696 2068 715 2074 -
734 2046 852 2096 Cera]
880 2047 930 2085 V.
953 2056 1056 2085 cera

178 2110 224 2147 ut
245 2109 569 2159 homonymum
582 2120 622 2148 ν.
636 2109 801 2148 tabulae
819 2109 1055 2160 coniunge-

176 2170 308 2209 batur
342 2171 383 2210 in
417 2172 741 2222 nuncupatione
782 2171 1050 2211 testamenti.

178 2233 307 2272 Gaius
338 2233 384 2280 2,
432 2231 532 2272 104ε
588 2232 771 2272 Testator
799 2232 964 2272 tabulas
993 2237 1054 2272 te-

177 2295 367 2334 stamenti
397 2299 533 2333 tenens
561 2295 622 2333 ita
651 2295 772 2347 dicit:
822 2295 933 2334 Haec
968 2296 1048 2343 ita,

176 2362 220 2396 ut
251 2358 292 2396 in
311 2357 372 2396 his
392 2357 540 2396 tabulis
560 2357 744 2406 cerisque
764 2358 921 2406 scripta
940 2362 1050 2406 sunt,

176 2421 235 2459 ita
265 2421 339 2469 do,
389 2421 446 2458 ita
476 2421 582 2471 leqo,
633 2420 691 2458 ita
720 2424 865 2468 testor,
913 2421 1053 2470 itaque

177 2493 269 2530 vos,
304 2482 504 2531 Quirites,
538 2482 932 2521 testimoniummihi
957 2493 1053 2531 per-

176 2544 358 2584 hibetote.
409 2545 589 2583 Sueton.
620 2545 719 2583 Ner.
754 2545 824 2583 47:
874 2544 1051 2585 Cautum

178 2607 215 2656 (a
246 2607 451 2656 Nerone),
483 2610 529 2645 ut
549 2607 591 2645 in
612 2607 862 2647 testamentis
886 2608 1052 2657 primae

176 2669 283 2708 duae
313 2679 454 2718 cerae,
488 2673 730 2709 testatorum
750 2670 869 2709 modo
889 2671 1052 2710 nomine

176 2732 394 2782 inscripto,
450 2743 610 2772 vacuae
648 2733 877 2784 siqnaturis
916 2737 1052 2773 osten—

176 2793 383 2833 derentur.
458 2794 550 2834 Hoc
595 2795 723 2845 igitur
753 2794 878 2834 dicit:
928 2795 1049 2846 «lege

177 2854 369 2903 occulte,
403 2856 509 2907 quid
539 2857 752 2908 scriptum
773 2858 827 2898 sit
852 2858 1051 2898 secundo

178 2927 311 2956 versu
351 2917 451 2957 inde
490 2917 545 2957 ab
584 2919 703 2959 initio
735 2921 1049 2967 testamenti;»

179 2989 281 3017 nam
321 2979 464 3029 primo
504 2990 638 3020 versu
669 2991 771 3021 cum
802 2983 1052 3023 nominatus

178 3041 298 3079 esset
318 3041 522 3089 testator,
554 3041 818 3093 plerumque
841 3045 1050 3085 continuo

177 3101 233 3141 ad
253 3101 431 3142 heredis
453 3102 769 3144 institutionem
789 3106 1046 3146 transibant.

176 3162 386 3214 Apuleius
406 3163 461 3203 de
492 3165 634 3215 magia
656 3176 694 3204 c.
724 3166 819 3205 100:
852 3169 1053 3219 Leqepo-

178 3225 258 3264 tius
286 3228 596 3274 testamentum;
617 3248 640 3254 —
659 3248 682 3254 -
702 3227 766 3266 hic
784 3230 982 3278 reperies,
1016 3235 1053 3270 et

181 3287 342 3335 quidem
374 3299 475 3327 ‘mat²
514 3299 541 3327 a
579 3289 815 3338 principio:
864 3291 1051 3333 Slcmms

181 3348 343 3390 Pennus
372 3360 509 3390 FJst
529 3360 642 3391 „uz-:rs
661 3361 760 3389 mm
778 3361 913 3392 usmis
933 3363 1050 3393 Esro.

182 3408 267 3448 Cfr.
290 3411 481 3452 Brisson.
508 3413 650 3451 Form.
675 3413 719 3456 7,
755 3412 818 3453 1¹4.
867 3414 1053 3454 Contra-

180 3470 295 3511 rium
332 3473 465 3513 habet
503 3475 679 3514 Sueton.
721 3475 847 3515 Caes.
887 3476 957 3515 83:
1010 3479 1052 3516 in

1318 1236 1383 1285 (Ut
1412 1246 1515 1284 nos,
1549 1235 1702 1285 bScE.)

1123 1359 1209 1397 ima
1239 1371 1337 1399 cera
1368 1360 1410 1401 C.
1447 1361 1667 1400 Octavium
1696 1362 1822 1401 etiam
1851 1363 1890 1402 in
1929 1365 2001 1414 sa—

1121 1421 1285 1461 miliam
1304 1434 1531 1472 nomenque
1551 1424 1779 1474 adoptavit.
1809 1448 1853 1453 —
1875 1426 1999 1478 solus]

1121 1484 1254 1524 heres
1284 1485 1413 1535 igitur
1444 1497 1496 1525 ex
1526 1497 1640 1526 asse.
1684 1510 1726 1515 —
1758 1487 2003 1538 Plerumque

1122 1547 1225 1598 cet.]
1259 1547 1385 1586 Ilaud
1416 1559 1515 1587 raro
1546 1548 1615 1588 alii
1647 1560 1825 1600 quoque
1857 1562 1999 1601 aeque

1121 1608 1317 1649 infelices
1339 1620 1470 1650 casus
1493 1611 1532 1650 in
1566 1611 1886 1652 hereditatibus
1908 1613 2001 1652 l'ru—

1119 1672 1209 1711 stra
1242 1672 1426 1722 captatis
1466 1674 1774 1724 experiuntur,
1822 1674 1999 1724 qualem

1120 1745 1263 1785 nuper
1284 1735 1462 1782 Nasica,
1497 1736 1622 1776 cuius
1645 1735 1872 1776 calamitas
1896 1740 1999 1777 tunc

1121 1797 1295 1836 videtur
1335 1799 1500 1838 derisui
1540 1799 1674 1839 fuisse
1716 1800 1899 1846 civitam
1948 1811 1999 1840 ac

1121 1860 1307 1901 fortasse
1348 1860 1507 1900 eadem
1554 1861 1723 1901 induxit
1770 1863 1998 1903 Horatium

1120 1923 1176 1962 ad
1208 1923 1529 1964 describendos
1571 1924 1652 1963 hac
1694 1925 1825 1965 satira
1864 1926 1999 1966 herc—

1120 1984 1307 2036 dipetas.
1355 2007 1398 2013 —
1448 1986 1645 2038 recoctus]
1691 1988 1740 2026 V.
1779 1998 1999 2037 recoquere

1120 2049 1298 2099 saepius
1330 2051 1570 2100 usurpatur
1591 2060 1670 2100 pro
1696 2050 1763 2089 «in
1786 2048 1892 2090 alios
1915 2051 2000 2090 for-

1120 2121 1242 2150 mare
1285 2121 1444 2159 usus‚»
1490 2113 1538 2150 ut
1581 2110 1691 2151 Flor.
1730 2112 1775 2160 3,
1823 2113 1897 2160 ⁵20,
1946 2113 1994 2152 6:

1120 2174 1334 2225 (Spartaci
1355 2174 1476 2223 socii)
1499 2184 1519 2213 e
1545 2174 1659 2224 ferro
1689 2175 1999 2226 ergastulorum

1117 2240 1276 2275 recocto
1305 2236 1467 2287 gladios
1487 2247 1538 2274 ac
1568 2237 1650 2275 tela
1676 2237 1877 2287 fecerunt.
1923 2238 1998 2277 Est

1120 2299 1278 2349 igitur,
1337 2300 1385 2337 ut
1437 2309 1517 2338 nos
1571 2298 1761 2338 dicimus
1813 2310 1998 2350 umqe-

1118 2361 1423 2409 schmolzen,
1456 2361 1796 2412 umqesormt,
1833 2363 1999 2400 «muta-

1119 2424 1159 2461 ta
1199 2423 1344 2473 priore
1377 2422 1637 2462 condicione
1678 2423 1820 2463 sactus
1855 2434 1997 2474 quae-

1118 2483 1260 2523 sticuli
1281 2495 1411 2524 causa
1431 2483 1575 2524 scriba
1589 2495 1639 2524 ex
1658 2485 1994 2535 quinqueviro.»

1118 2547 1251 2586 Cuius
1301 2548 1450 2586 autem
1506 2547 1680 2597 generis
1731 2547 1997 2598 quinquevir

1117 2609 1188 2648 hic
1227 2608 1512 2660 intelligatur,
1558 2611 1703 2649 utrum
1745 2611 1995 2650 mensarius

1117 2684 1173 2712 an
1218 2670 1497 2723 municipalis
1549 2672 1636 2723 (qui
1685 2684 1903 2724 persaepe
1952 2674 1994 2713 in

1115 2735 1332 2786 Inscriptt.
1360 2735 1695 2785 memorantur),
1729 2746 1814 2775 non
1837 2734 1989 2786 liquet.

1114 2797 1195 2838 Alii
1233 2795 1451 2848 explicant
1484 2796 1705 2844 «vafrum,
1746 2799 1993 2846 astutum,»

1115 2861 1411 2912 provocantes
1441 2859 1498 2898 ad
1531 2858 1684 2899 Catulli
1714 2859 1786 2906 54,
1820 2863 1865 2900 5:
1900 2860 1997 2910 Fuf-

1112 2923 1201 2975 fitio
1230 2923 1315 2962 seni
1351 2926 1509 2961 recocto
1542 2921 1632 2971 (ubi
1674 2922 1821 2973 potius
1860 2922 1996 2973 signi-

1116 2984 1215 3024 ficat
1237 2984 1499 3035 j¹u9endlich,
1534 2984 1701 3034 frisch,·)
1733 2986 1777 3024 et
1807 2983 1995 3023 Phaedri

1116 3047 1161 3097 4,
1187 3048 1201 3085 l
1224 3079 1231 3095 ,
1256 3047 1328 3086 1¹6:
1361 3047 1594 3085 retorridus
1615 3046 1759 3096 (mus),
1783 3045 1996 3097 supplen-

1115 3111 1183 3149 tes
1213 3107 1269 3147 ad
1289 3119 1330 3146 v.
1355 3108 1491 3147 scriba
1513 3107 1723 3148 «sactus».
1785 3107 1863 3147 Alii
1886 3106 1993 3148 falso

1116 3170 1409 3223 explicarunt:
1446 3182 1524 3210 «ex
1554 3170 1699 3210 scriba
1730 3170 1994 3221 quinquevi-

1116 3234 1262 3272 ratum
1293 3232 1506 3284 adeptus,
1554 3243 1656 3272 mox
1688 3243 1740 3271 ex
1772 3234 1992 3282 quinque-

1115 3295 1210 3334 viro
1231 3294 1379 3334 scriba
1409 3295 1569 3334 iterum
1599 3294 1783 3334 sactus.»
1810 3316 1852 3321 -
1875 3294 1994 3331 hian-

1116 3357 1207 3408 tem]
1241 3357 1419 3396 Lucian.
1453 3357 1560 3397 Tim.
1594 3357 1660 3395 22.
1695 3355 1750 3394 de
1792 3365 1868 3401 eo,
1917 3355 1991 3404 qui

1117 3419 1366 3469 captatores
1397 3416 1596 3458 similiter
1625 3417 1889 3456 testamento
1911 3415 1992 3454 de-

1118 3480 1255 3530 cepit:
1284 3476 1398 3528 τοὺς
1417 3477 1576 3531 μάτην
1591 3473 1856 3529 κεχηνότας
1877 3475 1992 3518 ἐκεί-
