2231 3787
897 245 996 285 LlB.
1031 245 1080 284 11.
1142 245 1254 284 SAT.
1289 244 1337 282 V.

1935 241 2037 294 299

286 376 597 430 pelliculam
638 392 830 429 curare
871 375 1024 439 iube,
1065 373 1099 426 fi
1139 375 1382 446 cognitor
1420 375 1563 445 ipse:

285 480 469 531 Persta
508 486 670 548 atque
710 476 942 537 obdura,
986 493 1084 530 seu
1123 476 1286 529 rubra
1327 475 1579 530 Canicula
1620 475 1785 530 findet

289 580 519 633 Infantes
560 587 783 639 statuas,
828 596 924 632 scu
966 578 1148 650 pingui
1188 586 1364 632 tentus
1404 595 1590 632 omaso

1971 579 2037 631 40

323 761 389 801 38.
421 760 464 812 fi]
495 761 550 800 sis
579 762 605 800 S
637 763 681 800 et
712 772 826 801 corr.
859 761 903 801 b.
939 759 1130 810 (Habent
1156 761 1187 813 fi
1216 761 1322 812 cEp,
1355 771 1422 812 pr.
1455 759 1500 808 b,
1533 757 1687 813 γὸνω.)
1724 782 1767 788 -
1789 760 1983 811 ficoqni-

269 829 354 872 tom·
388 824 472 874 ipsc
499 825 639 863 Persta
671 822 809 864 Bcntl.
847 844 891 851 —
927 824 993 863 39.
1025 823 1170 874 fundet
1200 823 1243 863 h.
1281 846 1323 852 -
1359 822 1427 863 40.
1461 823 1639 874 Infantis
1668 834 1705 862 c.

216 989 288 1038 40,
325 987 392 1028 36.
467 989 608 1038 Atque
655 998 762 1027 sane
808 986 913 1028 alias
959 988 1093 1027 miras

212 1046 416 1108 φράσεις
446 1051 575 1089 liuius
604 1051 764 1100 poetae
788 1049 916 1089 nobis
939 1060 1096 1090 serva-

212 1114 273 1152 vit
304 1112 464 1152 Gellius
490 1112 562 1161 48,
598 1112 664 1151 44.
689 1111 845 1152 veluti:
878 1112 1095 1163 Sanguine

213 1176 388 1216 diluitur
417 1176 548 1214 tellus.
583 1196 607 1202 -
627 1197 650 1203 -
681 1175 829 1213 Omnia
858 1178 1094 1214 noctescunt

211 1238 386 1278 tenebris
428 1237 620 1288 caligyinis
670 1241 791 1276 atrae
841 1238 926 1276 cet.
1003 1236 1090 1276 Cfr.

210 1301 439 1341 Weichert
468 1302 587 1340 Poet.
612 1301 703 1339 Lat.
730 1310 772 1350 p.
797 1299 869 1339 334
900 1310 999 1350 sqq.
1053 1300 1092 1339 Is

211 1364 360 1415 igitur,
394 1365 439 1402 ut
469 1364 528 1402 ait
554 1364 890 1403 Commentator
912 1362 1093 1413 Cruquii

212 1427 304 1478 (csr.
330 1424 505 1474 Quintil.
529 1425 576 1473 8,
602 1425 647 1472 6,
674 1426 772 1475 lt),
798 1426 1092 1476 Pragmatiam

213 1488 547 1540 (narrationem)
579 1486 683 1527 belli
724 1486 872 1528 Gallici
913 1489 950 1539 (a
986 1487 1093 1527 Iulio

212 1552 404 1592 Caesare
445 1551 569 1602 gesti)
611 1551 697 1591 hoc
732 1562 866 1591 versu
907 1561 1093 1591 exorsus

213 1615 332 1654 erat:
384 1614 571 1663 Iuppiter
612 1613 805 1653 hibernas
848 1625 958 1653 cana
1000 1614 1094 1653 nive

210 1676 398 1726 conspuit
450 1676 590 1726 Alpes,
653 1676 812 1716 eadem
872 1674 1091 1716 cacozelia

210 1749 339 1786 usus,
387 1750 473 1789 qua
514 1739 726 1790 Hegesias
757 1739 876 1792 apud
906 1740 1089 1789 Dionys.

211 1801 344 1841 Halic.
371 1801 426 1841 de
450 1803 660 1853 Compos.
683 1814 726 1854 p.
748 1802 814 1842 29.
836 1801 991 1842 Goell.:
1024 1796 1090 1842 Οὐ

211 1860 301 1921 γὰρ
339 1860 518 1921 μικρὰν
560 1865 602 1915 (f.
635 1860 846 1922 μακρὰν)
888 1866 954 1915 εἰς
994 1864 1093 1917 Θη-

209 1926 362 1976 βαίων
393 1921 520 1984 ὕδωρ
559 1921 762 1967 ἔπτυσεν
793 1922 820 1966 ὁ
851 1924 1092 1978 Διόνυσος

210 1988 307 2030 κτλ.
368 1992 460 2029 Iam
490 1990 579 2029 Iovi
610 1990 767 2030 festive
798 1991 953 2030 irrisor
982 1990 1093 2030 sub-

210 2053 349 2093 stituit
392 2053 569 2092 Furium
598 2053 770 2103 ipsum;
817 2055 909 2093 tota
940 2056 1091 2094 autem

210 2115 500 2167 reprehensio
545 2115 661 2154 cadit
705 2116 748 2154 in
791 2127 928 2156 unam
972 2115 1091 2156 illam

211 2179 362 2216 durani
407 2181 444 2216 et
486 2188 514 2215 a
557 2177 787 2228 lonqinqua
825 2179 1093 2219 similitudine

211 2241 399 2287 ductam,
439 2240 487 2278 ut
524 2239 582 2278 ait
613 2238 788 2287 Quintil.
821 2239 847 2280 l.
873 2239 919 2289 l.,
953 2242 1090 2281 immo

213 2302 409 2353 putidam
435 2302 744 2353 metaphoram
762 2305 962 2353 conspuit,
988 2315 1091 2344 nam

210 2375 342 2403 canas
372 2365 553 2413 pruinas
591 2364 684 2414 ipse
717 2364 824 2403 dixit
852 2365 931 2404 Od.
963 2366 1007 2414 4,
1042 2365 1089 2416 4,

211 2425 250 2466 4.
285 2428 328 2466 et
364 2426 556 2466 hibernas
583 2426 704 2476 Alpes
740 2427 871 2466 Tacit.
904 2428 1010 2467 Hist.
1044 2429 1089 2477 4,

211 2488 278 2527 70.
346 2489 410 2527 De
458 2489 543 2527 hoc
586 2489 717 2539 igitur
759 2491 956 2529 constat:
1003 2491 1092 2530 iam

211 2549 282 2590 vel
321 2551 443 2602 ipsae
481 2550 725 2603 particulae
755 2563 826 2592 seu
845 2575 868 2581 -
889 2564 959 2592 seu
989 2554 1093 2593 satis

212 2612 520 2653 demonstrant
549 2615 663 2653 Furii
694 2614 829 2655 fuisse
862 2616 995 2655 etiam
1022 2615 1092 2655 illa

212 2685 354 2726 aeque
393 2676 543 2727 inepta
571 2677 705 2716 rubra
734 2678 937 2718 Canicula
967 2679 1095 2730 findet

211 2737 395 2787 Infantes
441 2742 617 2778 statuas.
696 2741 932 2779 Praeterea
988 2751 1094 2792 per—

214 2809 350 2850 quam
407 2800 672 2841 inconcinne
732 2802 898 2841 Horatii
956 2803 1092 2854 ipsius

212 2861 390 2911 imagini
412 2862 473 2912 (ut
491 2861 693 2914 plerique
716 2863 999 2915 arbitrantur)
1021 2877 1095 2905 ru-

213 2922 290 2961 bra
327 2925 412 2963 cet.
447 2927 748 2976 opponeretur
783 2927 966 2978 parodia
1008 2928 1094 2967 Fu-

214 2985 360 3023 riana:
391 2985 545 3024 Furius
568 2992 763 3037 conspuet
780 2988 914 3038 Alpes.
966 2989 1094 3030 Ridet

214 3046 344 3097 igitur
373 3046 460 3086 duo
491 3047 561 3088 illa
592 3050 704 3089 mira
732 3048 930 3091 ἐπίθετα
956 3053 1094 3092 rubra

214 3119 295 3159 pro
314 3110 505 3160 flagrans
527 3109 618 3159 (Od.
642 3110 689 3160 3,
711 3112 784 3161 43,
809 3113 882 3164 9.),
913 3115 1090 3165 ferven8‚

214 3171 336 3222 iqnea
373 3170 512 3222 (longe
557 3173 721 3214 rectius
763 3174 858 3225 ipse
890 3176 945 3216 de
975 3178 1092 3217 Iovis

216 3231 383 3283 fulgure
415 3233 492 3273 Od.
527 3234 570 3281 4,
603 3235 649 3282 02,
683 3236 728 3273 2:
778 3236 947 3277 rubente
974 3239 1094 3279 Deoe-

214 3295 348 3346 tera.)
397 3297 441 3335 et
491 3297 657 3336 statuas
704 3297 881 3347 infantes
925 3299 1089 3349 dictas,

216 3367 326 3406 quo,
359 3358 441 3397 nisi
463 3368 733 3409 magnopere
756 3358 903 3408 fallor,
938 3361 1092 3401 Furius

217 3419 464 3469 exprimere
508 3419 709 3460 voluerat
758 3422 956 3462 omnium
999 3424 1093 3463 sta-

217 3481 391 3521 tuarum
421 3478 657 3535 ποιότητα
687 3485 751 3531 et,
786 3494 889 3524 cum
919 3484 961 3524 in
991 3495 1093 3536 pro-

1157 977 1314 1018 verbio
1336 980 1456 1018 esset
1475 982 1617 1017 statua
1642 979 1893 1018 taciturnius
1914 979 2035 1031 (Epp.

1157 1042 1206 1090 2,
1238 1042 1289 1090 2,
1324 1040 1407 1091 83.)
1440 1039 1508 1080 vel
1545 1041 1593 1079 ut
1630 1042 1697 1081 cst
1736 1041 1855 1092 apud
1892 1041 2039 1081 Philo-

1158 1114 1262 1143 nem
1294 1103 1398 1150 Quis
1429 1114 1516 1142 rer.
1551 1103 1639 1142 div.
1673 1103 1768 1143 her.
1802 1114 1845 1155 p.
1881 1104 1920 1143 7.
1956 1104 2036 1143 Pf.:

1157 1164 1207 1205 ἐν
1250 1160 1471 1216 ἀψύχοις
1514 1159 1789 1223 ἀνδριᾶσιν,
1836 1160 1909 1216 οἷς
1939 1157 2039 1205 ὦτα

1155 1229 1245 1281 μέν
1275 1226 1429 1277 ἐστιν,
1476 1223 1623 1268 ἀκοαὶ
1653 1226 1703 1268 δὲ
1734 1223 1824 1269 οὐκ
1864 1223 2035 1278 ἔνεισι,

1156 1291 1340 1330 mirifice
1364 1302 1411 1331 se
1442 1290 1562 1342 loqui
1593 1292 1797 1342 opinatus
1819 1293 1927 1340 erat,
1960 1290 2037 1330 ubi

1156 1355 1352 1405 infanteS,
1366 1348 1654 1406 ἀγλώττους,
1669 1349 1924 1403 ἀναύδους,
1943 1365 2040 1394 mu—

1157 1418 1223 1457 tas
1254 1416 1347 1457 illas
1369 1417 1716 1457 denominasset.
1755 1416 1835 1457 Alii
1857 1416 2038 1468 quidem

1158 1478 1378 1531 explicant
1395 1490 1579 1519 «recens
1603 1479 1755 1529 factas,
1775 1491 1829 1519 ex
1844 1479 1972 1519 viridi
1993 1478 2040 1519 li-

1158 1553 1242 1592 gno
1259 1554 1296 1590 3»
1324 1542 1563 1582 afferentes
1585 1541 1707 1583 Plinii
1728 1543 1778 1582 H.
1797 1544 1847 1582 N.
1867 1542 1943 1591 ⁶22,
1967 1541 2034 1582 46.

1156 1605 1357 1656 infantem
1387 1606 1577 1645 boletum.
1637 1605 1804 1645 Verum
1830 1606 1951 1657 prior
1972 1614 2040 1644 ra-

1156 1669 1215 1707 tio
1245 1670 1429 1721 propter
1459 1669 1601 1719 ipsam
1624 1666 1872 1707 cacozelian
1897 1667 2038 1718 magis

1158 1732 1364 1771 convenit-
1393 1742 1529 1783 pravo
1563 1730 1678 1770 Furii
1707 1730 1898 1780 ingenio.
1945 1730 2038 1769 Iam

1156 1805 1288 1840 vero,
1321 1796 1471 1833 utrum
1503 1793 1656 1833 Furius
1687 1793 1730 1832 in
1761 1793 1940 1832 aestatis
1964 1792 2039 1832 de-

1158 1856 1395 1908 scriptione
1418 1867 1526 1896 usus
1548 1856 1604 1896 sit
1633 1857 1723 1895 tota
1745 1854 1816 1895 illa
1846 1855 2036 1906 imagine

1155 1919 1290 1958 rubra
1319 1919 1521 1959 Canicula
1548 1918 1706 1969 findit
1734 1918 1915 1968 infantes
1950 1921 2039 1957 sta-

1156 1987 1274 2032 tuas,
1321 1994 1377 2022 an
1421 1982 1661 2033 separatim
1703 1979 1863 2021 alicubi
1905 1980 2040 2020 rubra

1158 2046 1387 2093 Canicula,
1431 2044 1534 2084 alibi
1567 2044 1750 2095 Infantes
1777 2047 1941 2083 statuas
1970 2042 2039 2082 di-

1156 2108 1289 2158 xerit,
1323 2106 1542 2147 malitiose
1573 2117 1682 2146 vero
1713 2106 1800 2145 duo
1833 2105 2038 2146 membra

1155 2170 1296 2210 verbo
1327 2171 1454 2222 findet
1493 2169 1772 2209 coniunxerit
1808 2169 2035 2216 Horatius,

1156 2234 1433 2283 ignoramus,
1467 2231 1573 2271 illud
1603 2234 1754 2272 tamen
1774 2232 1916 2283 magis
1938 2242 2041 2271 con-

1157 2297 1422 2335 sentaneum
1466 2295 1548 2334 est.
1629 2293 1843 2335 Cumulus
1888 2296 2038 2333 autem

1157 2358 1345 2398 accedet
1373 2357 1608 2409 parodiae,
1642 2356 1718 2396 ubi
1749 2357 2037 2396 statuerimus

1158 2420 1291 2459 etiam
1340 2420 1520 2459 tertium
1565 2418 1671 2458 illud
1712 2419 1864 2470 pinqui
1905 2422 2039 2458 tentus

1156 2493 1298 2522 omaso
1329 2482 1450 2533 (voll
1476 2494 1570 2521 von
1597 2482 1784 2532 feisten
1812 2481 2038 2521 Kaldau-

1155 2557 1262 2585 nen.
1306 2544 1456 2595 Voss.)
1496 2545 1610 2584 Furii
1632 2544 1790 2592 fuisse,
1816 2546 1881 2593 ut,
1913 2546 2034 2595 puta,

1157 2619 1261 2647 cum
1302 2607 1357 2647 de
1397 2607 1616 2647 Ariovisto
1655 2605 1795 2646 aliove
1841 2606 2038 2646 hostium

1157 2670 1271 2710 duce
1303 2671 1455 2720 ageret
1491 2679 1708 2720 eumque,
1751 2680 1838 2719 quo
1870 2667 2038 2718 gratifi-

1158 2734 1335 2773 caretur
1366 2732 1568 2780 Caesari,
1602 2733 1786 2783 propter
1813 2731 2037 2770 voracita-

1156 2797 1250 2836 tem
1293 2794 1486 2835 barbaro
1532 2793 1711 2845 dignam
1743 2793 2033 2845 deprimeret.

1157 2859 1227 2899 Sic
1259 2858 1378 2898 enim
1409 2856 1554 2898 solent
1582 2857 1719 2908 inepti
1757 2855 2034 2905 laudatores,

1156 2922 1206 2960 ut
1232 2921 1423 2972 scriptor
1452 2918 1521 2959 ille
1551 2919 1789 2959 historicus
1811 2918 1929 2970 apud
1950 2920 2038 2957 Lu-

1158 2984 1270 3024 cian.
1296 2983 1352 3023 de
1375 2982 1595 3024 conscrib.
1614 2983 1716 3023 hist.
1738 2981 1813 3022 44:
1841 2976 2042 3029 Ἀχιλλεῖ

1156 3040 1246 3099 μὲν
1265 3042 1350 3085 τὸν
1372 3040 1607 3103 ἡμέτερον
1628 3039 1844 3102 ἄρχοντα
1865 3041 2034 3095 εἴκαζε,

1159 3109 1364 3166 Θερσίτῃ
1394 3106 1445 3148 δὲ
1474 3104 1560 3147 τὸν
1589 3105 1684 3147 τῶν
1713 3102 1914 3164 Περσῶν
1943 3104 2037 3154 βα-

1158 3171 1318 3222 σιλέα,
1351 3167 1441 3213 οὐκ
1471 3168 1627 3222 εἰδώς,
1663 3164 1737 3211 ὅτι
1758 3166 1784 3210 ὁ
1803 3165 2037 3220 Ἀχιλλεὺς

1157 3230 1367 3289 ἀμείνων
1388 3227 1448 3288 ἧν
1469 3230 1617 3288 αὐτῷ,
1641 3228 1900 3291 εἰἝκ-ῑορα
1918 3229 2036 3285 μᾶλ-

1157 3298 1242 3340 λον
1271 3295 1306 3353 ἢ
1335 3300 1568 3356 Θερσίτην
1598 3295 1815 3355 καθῄρει.
1849 3298 2037 3337 Cacoze-

1157 3362 1211 3402 lia
1229 3365 1379 3403 autem
1397 3374 1501 3403 cum
1520 3363 1621 3402 insit
1640 3363 1682 3400 in
1704 3363 1794 3400 toto
1812 3357 2032 3404 membro,

1157 3428 1344 3476 augetur
1356 3425 1551 3477 epitheto
1564 3434 1703 3476 prope
1717 3423 1857 3462 otioso
1869 3420 2032 3471 pingui,

1157 3497 1239 3538 pro
1270 3498 1359 3538 quo
1378 3487 1452 3527 vili
1482 3486 1704 3526 dicturum
1735 3482 1868 3524 fuisse
1899 3483 2036 3522 Hora-
