2231 3787
144 274 246 326 462

213 404 455 476 Neglegit
493 410 582 456 aut
620 402 817 456 horret.

216 506 346 560 Vilia
384 505 710 559 vendentem
751 503 984 556 tunicato
1025 509 1204 554 scruta
1248 499 1464 571 popello

216 611 461 679 Occupat
499 616 552 661 et
589 606 799 660 salvere
844 604 992 657 iubet
1030 603 1194 674 prior.

758 271 975 311 HORATII
1007 269 1376 311 EPISTOLARUM

893 399 1158 454 Volteium
1198 415 1355 451 mane
1395 397 1671 468 Philippus

1273 601 1365 655 Ille
1405 600 1648 672 Philippo

216 713 488 765 Excusare
532 708 775 762 laborem
814 714 867 759 et
906 705 1242 759 mercenaria
1279 702 1482 764 vincla,

220 812 378 878 Quod
416 829 523 866 non
563 827 721 863 mane
763 808 983 862 domum
1020 806 1283 868 venisset,
1326 804 1585 876 denique,
1628 804 1776 875 quod
1803 822 1907 857 non

217 914 548 969 providisset
587 929 727 966 eum.

806 910 893 964 Sic
935 909 1207 980 ignovisse
1246 916 1430 979 putato

220 1018 302 1071 Me
343 1015 465 1078 tibi,
509 1015 553 1068 si
594 1030 794 1068 coenas
833 1011 998 1066 hodie
1036 1028 1266 1066 mecum.
1326 1010 1392 1065 Ut
1428 1008 1572 1063 libet.
1626 1010 1764 1079 Ergo
1914 1009 1980 1060 70

258 1190 323 1231 64.
358 1189 578 1229 Exhibent
614 1188 884 1240 scripturam
922 1186 1102 1238 ueqleqit
1139 1185 1276 1225 bScE.
1317 1208 1361 1235 —‚
1392 1183 1620 1223 uuoltcium
1662 1183 1751 1234 (sic)
1789 1183 1836 1222 E.
1875 1206 1918 1210 —-

204 1255 270 1294 65.
305 1257 449 1292 crusta
478 1264 522 1304 p.
559 1276 603 1279 —
641 1251 706 1291 69.
741 1250 981 1290 Provisisset
1010 1251 1055 1289 L.

149 1405 309 1445 magna
349 1391 617 1434 contumelia
651 1393 696 1432 in
727 1401 937 1431 sermone
968 1389 1035 1430 fa-

148 1457 305 1499 miliari
347 1457 564 1508 usurpant
602 1456 633 1494 il
660 1455 849 1503 ribaldo,
895 1453 1036 1493 nostri

150 1519 375 1561 interdum
396 1520 469 1559 cler
483 1518 633 1569 Fleqel.
656 1540 700 1546 -
723 1517 877 1566 horret]
903 1526 1034 1567 «prae

149 1581 418 1623 verecundia
451 1582 494 1620 et
523 1581 675 1621 nescio
698 1590 785 1630 quo
817 1577 950 1619 stulto
981 1577 1038 1616 ti-

150 1656 320 1685 more.»
377 1642 530 1684 Catull.
573 1642 646 1693 64,
682 1643 796 1682 459:
840 1640 1040 1681 horrebas

145 1708 277 1759 prisci
300 1710 531 1757 praecepta
557 1705 763 1755 parentis.

207 1770 346 1810 65-70.
377 1769 632 1818 vendente-m]
648 1768 895 1817 Tamquam
911 1775 1041 1817 prae-

154 1845 205 1873 co
236 1833 490 1872 auctionem
520 1830 715 1871 faciebat
739 1829 892 1868 vilium
923 1839 1043 1868 mer-

155 1897 298 1944 cium,
333 1905 447 1945 quae
471 1892 659 1933 aliorum
681 1894 820 1932 erant.
848 1914 892 1919 —
927 1891 1042 1931 tuui-

154 1962 285 1998 cato—
298 1955 474 2007 popello]
531 1954 742 2006 Opifices,
798 1953 1042 1993 tabernarii

155 2021 427 2069 omninoque
457 2017 748 2069 pauperiores
773 2016 921 2055 tunica
943 2017 1042 2054 tan-

154 2081 410 2129 tummodo,
444 2092 532 2120 non
563 2081 684 2130 toga,
727 2079 867 2119 induti
898 2080 1038 2118 erant.

156 2146 290 2186 Tacit.
324 2142 432 2184 Dial.
468 2144 520 2181 7:
561 2142 710 2193 vulqus
738 2142 978 2191 imperitum
1007 2144 1044 2180 et

157 2208 366 2248 tunicatus
391 2207 455 2245 hic
479 2205 671 2255 populus,
704 2206 856 2244 Iuven.
882 2203 921 2253 3,
946 2204 1041 2243 474;

156 2273 260 2312 Pars
287 2280 447 2320 magna
465 2267 614 2307 Italiae
634 2270 712 2316 est,
745 2267 779 2306 si
798 2277 944 2306 verum
965 2266 1045 2305 ad-

156 2335 382 2383 mittimus,
416 2333 461 2371 in
490 2342 576 2381 qua
594 2331 724 2370 Nemo
756 2335 899 2382 togam
923 2330 1047 2369 sumit

157 2399 238 2438 ‹nisi
264 2400 469 2437 mortuus.
507 2417 553 2423 —
585 2394 743 2446 scruta]
783 2403 920 2445 «quas
949 2391 1047 2432 vol—

159 2473 240 2514 gus
283 2463 433 2512 qrutas
473 2459 648 2497 vocat.»
696 2458 836 2497 Comi.
881 2457 1044 2503 CRVQ.;

159 2523 280 2563 unde
312 2521 472 2562 clarius
503 2520 636 2559 etiam
668 2517 813 2558 elucet
840 2516 1048 2558 vocabuli

162 2585 301 2626 Latini
337 2583 535 2634 cognatio
577 2592 682 2621 cum
711 2583 782 2621 Gr.
817 2576 848 2634 ἦ
880 2577 1044 2638 γρύτη.

162 2647 352 2688 Lucilius
383 2645 501 2698 apud
532 2644 637 2685 Gell.
672 2644 712 2693 3,
748 2644 826 2685 44:
863 2642 1049 2694 Quidni?

164 2714 202 2750 et
231 2713 374 2749 scruta
410 2709 574 2759 quidem
611 2711 657 2746 ut
692 2707 844 2746 vendat
880 2710 1048 2746 scruta-

162 2774 244 2812 riu’
290 2773 439 2811 laudat
479 2771 773 2822 Praefractam
816 2769 1044 2821 striyilem,

164 2835 319 2874 soleam
353 2833 558 2883 improbu’
596 2833 873 2872 dimidiatam.
901 2855 946 2860 —
973 2832 1049 2871 Oc-

165 2897 306 2948 cupat]
328 2893 505 2945 φθάνει
526 2891 913 2952 προσαγορεύων.
957 2894 1044 2935 Cfr.

168 2962 355 3000 Gronov.
389 2958 445 2998 ad
482 2960 679 2998 Senecae
716 2959 896 3008 Thyest.
936 2958 1044 2997 270:

167 3024 264 3071 hoc,
308 3022 467 3070 anime,
512 3032 697 3070 occupa:
755 3032 842 3060 «ne
873 3019 943 3060 ille
983 3020 1050 3059 fa-

170 3086 254 3125 ciat
274 3084 436 3135 prior.»
483 3084 595 3122 Item
624 3082 846 3122 Drakenb.
871 3082 928 3122 ad
954 3082 1045 3121 Liv.

168 3149 237 3196 24,
262 3147 313 3186 39
334 3159 341 3185 :
390 3145 619 3195 Occupat-tt
647 3148 786 3184 tamen
813 3145 954 3194 Scipio
973 3145 1050 3183 Pae

170 3211 269 3249 dum
298 3209 503 3248 traiicere.
532 3230 576 3234 —
609 3207 769 3246 salvere
793 3206 915 3258 iubet]
938 3207 1046 3257 Epp.

173 3274 217 3321 4,
253 3272 326 3320 40,
361 3272 407 3310 4;
448 3271 627 3309 Fuscum
655 3269 814 3309 salvere
847 3268 1047 3308 iubemus.

174 3335 264 3375 Cic.
305 3333 361 3373 ad
403 3335 488 3374 Att.
522 3332 570 3382 4,
605 3331 678 3381 44,
710 3332 759 3371 2:
804 3331 1052 3380 Dionysium

172 3396 264 3436 iube
292 3396 475 3444 salvere3
524 3396 656 3435 etiam
688 3392 888 3433 absolute
918 3394 1048 3433 iubeo.

173 3460 348 3498 Terent.
380 3458 515 3498 Andr.
551 3457 590 3507 3,
624 3456 663 3505 3,
698 3458 744 3496 4:
781 3455 902 3495 Iubeo
928 3456 1053 3496 Chre-

173 3524 331 3561 metem.
360 3543 404 3549 —
427 3520 646 3559 Excusare
664 3518 862 3568 laborem]
892 3517 1050 3558 Nobis:

1102 1399 1348 1429 «excusare
1402 1398 1450 1429 se
1495 1389 1680 1439 propter
1723 1385 1982 1435 laborem;»

1100 1451 1181 1492 sed
1211 1449 1316 1490 illud
1347 1449 1559 1500 frequens
1590 1450 1632 1489 in
1664 1448 1984 1490 consuetudine

1100 1515 1264 1554 Latina.
1313 1513 1402 1553 Cic.
1435 1511 1621 1564 Philipp.
1654 1513 1699 1562 9,
1733 1512 1780 1562 4,
1813 1514 1866 1552 8:
1909 1524 1987 1552 etc-

1099 1587 1248 1617 cusare
1276 1575 1480 1615 morbum.
1517 1598 1563 1603 —
1599 1576 1866 1615 mercenaria
1892 1576 1988 1614 viu-

1099 1639 1180 1690 οἱα]
1215 1638 1556 1678 «necessitatem
1577 1636 1856 1677 auctionibus
1879 1648 1990 1689 ope-

1100 1713 1198 1741 ram
1230 1700 1394 1750 dandi,
1417 1712 1500 1752 pro
1532 1712 1621 1751 qua
1651 1712 1789 1753 opera
1819 1702 1988 1740 certam

1102 1764 1365 1805 mercedem
1409 1763 1658 1815 accipiebat
1698 1762 1754 1803 ab
1794 1763 1869 1812 iis,
1916 1762 1991 1813 qui

1104 1826 1516 1867 auctionabantur.»
1555 1828 1642 1866 Sat.
1679 1828 1722 1877 4,
1756 1827 1804 1875 6,
1838 1826 1905 1866 87.
1942 1848 1988 1854 --

1102 1888 1361 1940 Providisset]
1405 1890 1559 1940 «prius
1592 1900 1696 1928 eum
1724 1888 1912 1930 vidisset
1940 1899 1992 1928 ac

1105 1952 1384 1994 salutasset.»
1426 1950 1564 1991 Plaut.
1597 1951 1717 1991 Asin.
1751 1953 1797 2001 2,
1831 1951 1879 2000 4,
1911 1950 1989 1991 44:

1104 2018 1200 2056 Non
1240 2015 1373 2054 hercle
1413 2017 1450 2053 te
1473 2013 1778 2063 provideram:
1823 2024 1990 2063 quaeso,

1105 2091 1156 2119 ne
1182 2079 1284 2117 vitio
1311 2081 1468 2116 vertas.
1516 2077 1692 2115 Terent.
1717 2075 1853 2116 Andr.
1880 2076 1918 2125 4,
1950 2076 1990 2123 2,

1107 2143 1188 2182 11⁶2:
1219 2141 1353 2180 Herus
1375 2143 1453 2188 est,
1488 2149 1618 2187 neque
1640 2139 1928 2188 provideram.
1945 2161 1990 2166 ——

1107 2203 1189 2256 Sic]
1237 2213 1322 2242 «ea
1354 2201 1659 2242 condicione.»
1703 2223 1749 2228 —-
1799 2201 1848 2240 Ut
1885 2199 1992 2252 libet]

1107 2267 1291 2306 Diversa
1337 2264 1478 2316 signif.
1522 2275 1545 2303 a
1576 2275 1618 2303 V.
1654 2264 1719 2303 49.
1753 2264 1803 2303 Η.
1835 2262 1863 2303 l.
1913 2263 1997 2301 «ut

1107 2329 1281 2369 iubes.»
1316 2352 1361 2356 —-
1393 2339 1505 2367 nuuc
1533 2327 1548 2366 i
1579 2327 1680 2379 cet]
1728 2327 1875 2366 «Nun
1903 2325 1996 2377 yeh

1107 2393 1206 2432 und
1245 2391 1495 2430 verdieue
1537 2390 1616 2429 dir
1659 2389 1779 2429 brav
1826 2389 1992 2429 Geta.»

1108 2456 1236 2495 Voss.
1271 2476 1319 2481 —
1351 2453 1615 2505 rem-augye]
1649 2453 1738 2493 Cic.
1771 2464 1815 2504 p.
1847 2451 1991 2492 Rabir.

1108 2519 1227 2558 Post.
1254 2516 1320 2565 44,
1346 2515 1400 2556 38
1423 2527 1431 2555 :
1467 2516 1537 2566 qui
1555 2538 1578 2544 -
1593 2538 1616 2543 —
1635 2527 1726 2555 rem
1745 2538 1806 2544 --
1826 2515 1941 2555 bonis
1960 2517 1997 2554 et

1109 2580 1284 2620 honestis
1311 2578 1545 2619 rationibus
1574 2579 1772 2618 azcoetsset.

1166 2642 1313 2682 74-76.
1348 2642 1524 2681 dicenda
1553 2641 1744 2693 tacenda]
1779 2642 1853 2680 «ut
1875 2639 1993 2679 bene

1111 2707 1265 2758 potus,
1314 2714 1608 2755 quaecunque
1653 2704 1697 2742 in
1733 2702 1926 2742 buccam
1957 2701 1997 2741 ei

1110 2768 1370 2807 venerant.»
1412 2766 1591 2805 Dictum
1621 2767 1689 2805 est
1708 2759 1995 2814 ἅσυνὸέτως,

1110 2833 1159 2870 ut
1186 2830 1320 2881 fanda
1339 2828 1546 2879 nefanda,
1576 2828 1747 2867 honesta
1765 2828 1996 2877 inhonesta,

1113 2895 1183 2933 Gr.
1207 2888 1330 2949 ῥητὰ
1352 2892 1433 2930 καὶ
1453 2886 1652 2947 ἄῤῥητα.
1676 2890 1908 2931 Demosth.
1928 2890 1994 2939 48,

1114 2957 1221 2995 1122:
1254 2951 1378 3008 βοᾷς
1407 2949 1529 3011 ῥητὰ
1559 2955 1641 2994 καὶ
1669 2948 1856 3011 ἄρῥητα
1887 2947 1998 2993 ὄνο-

1111 3014 1290 3070 μάζων.
1325 3017 1458 3068 Soph.
1493 3016 1598 3057 Oed.
1627 3015 1718 3057 Col.
1745 3016 1843 3056 4004
1872 3027 1881 3054 :
1912 3009 1999 3072 ῥη-

1112 3076 1197 3120 τὸν
1216 3074 1430 3136 ἄρξητόν
1459 3075 1496 3120 τ’
1518 3074 1649 3130 οε’]τος.
1682 3080 1798 3130 Virg.
1821 3080 1930 3118 Aen.
1955 3077 1996 3126 9,

1113 3143 1218 3182 595:
1253 3143 1380 3194 digna
1411 3147 1534 3192 atque
1563 3143 1738 3194 indiyna
1764 3142 1902 3181 relatu
1925 3142 2000 3180 Vo-

1113 3205 1306 3256 ciferans.
1367 3205 1510 3245 Voss:
1543 3205 1796 3244 schwatzt
1824 3214 1880 3243 er
1906 3203 2000 3242 mit

1114 3267 1294 3308 Schick
1322 3269 1422 3307 und
1451 3268 1545 3307 mit
1568 3265 1834 3306 Unschick.
1868 3265 1998 3304 Simi-

1114 3330 1213 3370 liter
1244 3331 1421 3369 Lucian.
1455 3330 1617 3380 Nigrin.
1652 3330 1718 3368 ⁶22.
1755 3327 1809 3367 de
1842 3327 1999 3368 huius-

1115 3392 1236 3432 modi
1258 3392 1490 3432 clientibus
1519 3389 1874 3431 convictoribus:
1909 3385 1998 3429 πό-

1117 3467 1180 3494 σα
1199 3454 1288 3507 μὲν
1309 3451 1624 3508 ἐμφαγόντες,
1647 3449 1778 3493 πόσα
1797 3450 1847 3493 δὲ
1868 3447 1998 3509 παρὰ

1114 3514 1312 3571 γνώμην
1355 3514 1629 3570 ἐμπιόντες,
1675 3513 1806 3555 πόσα
1845 3513 1896 3555 δὲ
1931 3506 1997 3554 ὦν
