2231 3787
311 259 411 312 620

918 260 1129 300 HORATII
1161 258 1523 300 EPISTOLARUM

382 390 626 445 Floribus
664 398 716 444 et
752 390 876 443 vino
917 390 1144 443 Genium
1181 405 1478 442 memorem
1515 386 1694 439 brevis
1733 385 1867 437 aevi.

380 492 710 547 Fescennina
749 509 847 563 per
884 491 1025 545 hunc
1065 492 1277 543 inventa
1314 488 1526 542 licentia
1565 503 1771 540 morem

2027 484 2128 538 445

382 595 635 648 Versibus
676 593 891 647 alternis
932 591 1224 663 opprobria
1263 590 1461 643 rustica
1499 588 1653 650 fudit,

428 745 513 785 145.
548 746 705 784 ini-ecla
738 741 960 782 Bentleius
992 752 1094 780 cum
1125 740 1302 780 Barthio
1332 739 1386 778 ad
1419 737 1645 778 Claudian.
1680 749 1721 788 p.
1756 737 1876 785 765.,
1911 737 1985 788 qui
2014 737 2078 777 sic

364 808 622 847 memorum·
653 817 733 857 per
755 814 930 843 merum
951 813 1148 842 errorem
1171 800 1316 841 locum
1341 799 1535 840 attulisse
1557 799 1754 847 videtur,
1788 798 2079 850 quemadmo-

366 869 472 908 dum
504 868 689 907 sortasse
730 866 863 905 etiam
904 863 1157 904 politianus.

366 929 604 977 Schmidii.)

313 1065 568 1117 culparum,
603 1073 793 1114 quarum
823 1061 906 1112 ipsi
936 1058 1063 1099 nobis
1086 1069 1192 1097 con-

313 1129 390 1167 scii
417 1127 601 1166 fortasse
624 1135 710 1163 non
733 1134 901 1163 sumus.
930 1146 972 1150 —
998 1119 1187 1171 Genium]

314 1190 376 1230 Cf.
401 1186 747 1240 Epp.02.⁶2,1187.
783 1185 1011 1224 Censorin.
1036 1183 1082 1222 3:
1116 1182 1192 1222 Ge-

311 1253 406 1291 ·nius
447 1255 504 1290 est
542 1251 659 1297 deus,
709 1248 825 1286 cuius
867 1248 911 1285 in
954 1245 1102 1290 tutela,
1147 1248 1193 1283 ut

314 1315 485 1365 quisque
502 1317 623 1351 natus
640 1315 710 1360 est,
742 1311 857 1349 vivit.
889 1309 964 1348 Hic
981 1309 1064 1347 sive
1085 1307 1193 1357 quod

313 1381 357 1415 ut
396 1386 604 1427 yenamur
639 1377 782 1421 curat,
830 1372 914 1411 sive
959 1371 1068 1420 quod
1106 1379 1193 1407 una

312 1439 480 1490 genitur
519 1437 753 1484 nobisczmz,
801 1434 883 1473 sice
920 1433 1048 1472 etiam
1085 1432 1194 1481 quod

314 1512 389 1539 nos
418 1500 576 1551 genitos
605 1497 773 1546 suscipit
799 1507 848 1534 ac
879 1499 1055 1542 tutatur,
1088 1497 1196 1532 certe

315 1561 562 1613 agenendo
593 1560 738 1612 qenins
768 1558 1022 1608 appellatur.
1041 1556 1195 1594 -—Ge-

315 1626 406 1664 nius
436 1628 573 1662 autem
605 1624 661 1661 ila
695 1621 808 1660 nobis
843 1620 1033 1658 assiduus
1063 1618 1195 1657 obse-r-

313 1692 437 1727 i-alor
459 1686 672 1736 appositus
693 1688 771 1733 est,
804 1687 848 1722 ut
869 1693 917 1721 ne
931 1684 1086 1732 puncto
1107 1680 1195 1730 qui·

315 1753 406 1790 dein
445 1749 638 1798 temporis
676 1747 839 1798 longius
867 1745 1082 1793 abscedat,
1129 1742 1196 1780 secl

315 1813 366 1852 ab
407 1816 523 1851 ulero
562 1811 712 1849 matris
751 1812 938 1858 acceptos
978 1808 1033 1846 ad
1063 1810 1198 1845 αἰνε-

315 1885 429 1913 mum
474 1873 586 1911 vilae
629 1872 735 1910 diem
778 1870 1007 1909 comitetur.
1074 1866 1196 1905 Genii

316 1946 465 1975 mares
489 1936 527 1973 in
552 1932 865 1983 Iconographia
890 1931 1067 1980 antiqua
1090 1927 1196 1966 nudi

318 2013 419 2041 cum
449 1999 683 2040 volucrum
715 1996 815 2045 alis,
864 1993 1081 2036 feminiles
1105 1994 1198 2044 (Iu-

318 2062 469 2111 nones)
515 2060 714 2101 vestibus
757 2059 936 2098 indutae
977 2067 1078 2096 cum
1118 2054 1196 2094 alis

318 2123 589 2177 papilionum
612 2122 892 2172 effinguntur.
926 2120 976 2158 V.
998 2119 1132 2158 Bechi
1154 2118 1197 2157 in

316 2188 458 2227 Museo
488 2184 612 2224 Borb.
646 2185 753 2223 XIII.
788 2182 893 2222 Tab.
926 2181 964 2221 8.
996 2192 1038 2232 p.
1071 2181 1110 2219 2.
1148 2200 1191 2206 —

317 2260 539 2288 *memorem
579 2247 712 2285 brevis
746 2244 858 2296 aevi]
905 2245 1004 2295 Ipse
1037 2242 1197 2282 Genius

319 2311 529 2361 quoniam
561 2320 647 2348 una
679 2319 782 2347 cum
813 2318 887 2350 eo,
921 2315 1056 2357 quem
1088 2306 1200 2344 tuta-

321 2376 413 2419 tur,
463 2375 505 2411 et
536 2371 732 2411 nascitur
763 2371 806 2409 et
836 2368 983 2407 interit
1014 2366 1199 2406 eadem-

319 2446 406 2486 que
451 2434 611 2474 laetitia
657 2435 699 2472 et
743 2431 963 2471 maestitia
993 2429 1196 2477 afficitur,

320 2510 407 2549 qua
453 2498 608 2544 homo,
656 2506 742 2534 non
785 2494 931 2533 minus
963 2503 1098 2542 quam
1127 2492 1198 2530 hic

320 2570 495 2600 memor
533 2560 599 2598 est
638 2557 789 2596 brevis
827 2557 964 2603 vitae,
1013 2556 1197 2605 eiusque

320 2633 478 2663 cursus
508 2623 551 2659 ut
585 2631 720 2671 quam
759 2619 1059 2670 prosperrime
1090 2628 1198 2668 pro-

320 2684 450 2724 cedat
481 2685 615 2735 optat.
660 2680 812 2732 (Gloss.
839 2680 1013 2720 Codicis
1043 2681 1074 2719 E
1107 2679 1196 2718 fere

320 2752 369 2788 ut
413 2747 710 2799 Porphyrion:
761 2746 873 2792 «Qui
915 2745 1031 2783 enim
1067 2743 1196 2794 genio

322 2811 568 2862 indulgent,
593 2819 817 2850 memores
841 2811 942 2849 sunt
960 2809 1076 2847 vitae
1097 2807 1200 2847 bre-

322 2875 522 2923 sitatis»)

378 2935 470 2976 ⁴45.
503 2934 594 2974 146.
640 2934 891 2973 Fescennina
917 2955 939 2962 —
964 2955 985 2961 -
1012 2930 1196 2982 licentia]

322 2996 560 3038 Fescennia
596 2996 670 3045 (sic
701 2994 807 3035 Plin.
832 2996 881 3034 II.
906 2996 955 3034 N.
981 2995 1026 3042 3,
1050 2995 1096 3041 5,
1121 2992 1195 3042 8.),

320 3059 519 3100 Etruriae
565 3058 776 3109 oppidum
820 3068 957 3109 prope
1004 3057 1197 3096 Tiberim

324 3123 439 3169 erat,
500 3119 575 3159 ubi
625 3118 831 3170 nuptialia
875 3120 1053 3158 inventa
1097 3119 1197 3158 sunt

323 3183 516 3223 carmina
560 3182 816 3234 procacium
860 3192 911 3220 ac
947 3180 1199 3220 licentioso-

322 3257 422 3285 rum
443 3246 638 3285 iocorum
662 3242 806 3295 plena,
831 3253 1021 3293 quorum
1043 3241 1198 3282 similia

324 3308 425 3347 dicit
463 3308 716 3347 Latinorum
756 3304 993 3356 opprobria
1025 3303 1091 3343 illa
1124 3316 1198 3343 ru-

325 3370 446 3410 stica.
481 3369 616 3419 (Serv.
641 3367 696 3407 ad
724 3369 831 3406 Aen.
856 3367 899 3414 7,
932 3366 1043 3414 695,
1081 3365 1198 3417 apud

325 3441 457 3483 quem
500 3432 568 3470 est
597 3427 892 3477 Fescennium.)
939 3426 1091 3467 Catuli.
1128 3428 1194 3477 64,

330 3493 425 3531 126:
475 3494 533 3532 Ne
573 3493 644 3532 sliu
673 3495 809 3532 luceat
832 3501 998 3541 procax
1028 3490 1196 3530 Fescen-

1212 864 1284 910 (Ut
1313 874 1416 911 nos,
1465 872 1621 902 omnes
1656 861 1813 908 nostri,
1860 860 2074 907 Pottierii,

1254 1057 1357 1095 nina
1387 1055 1552 1094 locutio.
1588 1054 1712 1094 Cons.
1737 1053 1792 1094 de
1825 1054 1957 1095 initiis
1985 1055 2133 1106 poesis

1255 1118 1460 1158 scenicae
1505 1116 1624 1168 apud
1667 1118 1888 1156 Romanos
1934 1117 1988 1168 (a.
2016 1128 2060 1156 u.
2092 1127 2132 1157 c.

1255 1179 1366 1230 391.)
1413 1180 1503 1218 Liv.
1542 1179 1588 1227 7,
1626 1179 1665 1218 ⁰2.
1719 1179 1770 1217 Et
1804 1179 1917 1218 haec
1952 1178 2134 1230 quidem

1257 1242 1509 1281 communis
1541 1243 1584 1280 et
1614 1243 1795 1292 recepta
1826 1241 1943 1292 apud
1975 1242 2136 1281 Roma-

1256 1315 1338 1344 nos
1382 1306 1449 1344 est
1492 1304 1682 1353 notati0‚
1730 1314 1866 1355 quam
1902 1303 2136 1344 manifesto

1257 1368 1436 1406 secutus
1454 1368 1521 1406 est
1541 1367 1672 1406 etiam
1692 1365 1885 1406 Catullus
1909 1368 1953 1406 et
1967 1368 2136 1407 Seneca

1257 1428 1440 1468 Medeae
1473 1441 1513 1468 v.
1549 1430 1563 1467 si
1576 1429 1647 1467 Δ13;
1681 1429 1803 1468 Festa
1832 1429 1961 1469 dicax:
1987 1429 2137 1480 fundat

1257 1491 1446 1530 convicia
1473 1492 1760 1530 Fescenninus.
1808 1490 1929 1531 Klotz
1958 1502 2065 1531 vero
2093 1492 2138 1531 in

1257 1553 1370 1593 Jahn
1400 1555 1449 1593 N.
1479 1554 1515 1592 J.
1554 1553 1647 1593 Vol.
1680 1553 1745 1593 38.
1769 1555 1808 1593 2.
1840 1565 1882 1606 p.
1910 1555 2002 1594 4⁶20.
2035 1566 2133 1595 voc.

1260 1618 1494 1666 cognatum
1525 1618 1649 1667 putat
1690 1627 1792 1655 cum
1831 1627 1901 1656 η’.
1937 1616 2135 1667 fascinus,

1255 1679 1518 1729 praefiscini,
1564 1676 1871 1728 βασκαίνειν,
1913 1679 2137 1720 advocans

1259 1741 1364 1779 item
1398 1741 1510 1780 Festi
1531 1741 1791 1789 Fescenmoe,
1824 1743 1873 1780 ut
1892 1741 2014 1781 dedit
2034 1740 2140 1782 Mul-

1259 1801 1325 1841 ler
1355 1813 1396 1853 p.
1422 1802 1488 1842 86.
1513 1804 1645 1853 atque
1675 1814 1840 1842 versum
1857 1803 2139 1854 fescenninum

1260 1864 1505 1914 significare
1539 1875 1756 1905 «versum
1785 1865 1937 1906 fascini
1968 1877 2003 1907 s.
2038 1878 2140 1906 ora-

1260 1926 1388 1966 tionis
1438 1925 1678 1966 invidiosae
1727 1925 1953 1978 plenum.»
2017 1930 2138 1977 Quae

1263 1989 1444 2039 quidem
1474 1989 1768 2029 incertissima
1802 1992 1870 2030 est
1899 1991 2061 2042 opinio.
2093 2015 2136 2020 —

1260 2051 1442 2102 inventa]
1477 2054 1614 2091 «Cum
1646 2052 1716 2092 hic
1747 2063 1845 2092 mos
1876 2052 2051 2093 dierum
2081 2053 2141 2094 fe-

1262 2116 1432 2153 storum
1463 2125 1486 2152 a
1516 2115 1693 2154 rusticis
1715 2114 2042 2156 celebratorum
2065 2127 2140 2157 se-

1262 2176 1349 2216 mel
1381 2176 1660 2227 invaluisset,
1695 2189 1747 2217 ex
1775 2178 1862 2218 hoc
1881 2189 2007 2219 more
2027 2190 2141 2231 pau-

1261 2238 1384 2279 latim
1407 2251 1459 2278 eo
1481 2241 1704 2291 progressi
1726 2243 1843 2291 sunt,
1876 2243 1924 2280 ut
1944 2243 2141 2283 carmina

1262 2303 1535 2342 Fescennina
1554 2304 1842 2343 invenirent.»
1873 2303 2057 2344 Bentleii
2075 2304 2141 2345 le-

1263 2365 1346 2403 ctio
1390 2365 1553 2404 invecta
1583 2364 1698 2405 nulla
1730 2367 1850 2406 certa
1883 2366 2032 2406 nititur
2060 2378 2141 2407 au-

1264 2428 1489 2476 ctoritate,
1524 2429 1603 2469 etsi
1633 2429 1717 2467 Fea
1749 2430 1862 2468 teste
1893 2439 1993 2468 eam
2014 2429 2142 2469 affert

1261 2489 1421 2530 alicubi
1441 2491 1529 2529 iam
1546 2488 1796 2530 Politianus.
1819 2490 1985 2532 Verum
2001 2491 2140 2533 verba

1263 2554 1357 2605 Ipsa
1381 2564 1460 2602 per
1487 2553 1594 2591 hunc
1622 2563 1781 2592 morem
1809 2552 2043 2594 manifesto
2064 2554 2141 2594 do-

1263 2618 1365 2656 cent
1385 2617 1563 2667 po'etam
1584 2626 1670 2654 non
1693 2615 1779 2655 hoc
1801 2615 1983 2656 dixisse:
2018 2627 2142 2656 «ver-

1262 2691 1363 2720 sum
1395 2678 1715 2718 Fescenninum
1745 2689 1800 2717 ex
1841 2677 1938 2717 urbe
1966 2679 2141 2718 Fescen-

1260 2742 1364 2780 nina
1408 2741 1586 2791 (Festus
1617 2741 1659 2778 in
1688 2738 1944 2788 Fescennini)
1987 2739 2030 2779 in
2060 2741 2140 2782 Ur—

1261 2803 1367 2843 bem
1397 2803 1621 2842 invectum
1653 2811 1773 2849 esse,
1821 2800 1901 2841 sed
1937 2801 2005 2842 his
2035 2812 2140 2842 ver-

1261 2866 1329 2905 bis
1367 2866 1554 2916 primam
1596 2864 1740 2903 omnis
1769 2863 1917 2914 poesis
1947 2864 2138 2904 rusticae

1264 2929 1362 2978 (non
1404 2925 1546 2966 solum
1578 2926 1826 2964 carminum
1861 2924 2135 2977 nuptialium)

1262 2990 1475 3039 originem
1493 2988 1739 3039 significare
1758 2986 1907 3027 voluit.
1927 2987 2014 3028 Csr.
2033 2986 2140 3028 Miil-

1261 3051 1325 3092 ler
1367 3051 1569 3090 Etrusker
1596 3052 1646 3090 II.
1689 3061 1732 3102 p.
1764 3050 1858 3091 284.
1904 3050 2038 3091 Munk
2081 3049 2137 3090 de

1261 3113 1468 3155 Atellanis
1512 3124 1555 3164 p.
1592 3113 1656 3153 43.
1698 3133 1741 3140 —
1789 3112 1978 3162 alternis]
2019 3110 2140 3152 Alter

1263 3177 1381 3216 enim
1432 3175 1556 3215 alteri
1600 3174 1840 3226 opprobria
1883 3172 2136 3225 regei-ebat,

1262 3239 1353 3279 fere
1385 3240 1433 3277 ut
1462 3239 1503 3277 in
1534 3238 1752 3278 Theocriti
1790 3238 1834 3277 et
1861 3235 2025 3287 Virgilii
2052 3235 2140 3275 bu-

1263 3301 1410 3341 colicis
1440 3294 1735 3352 ἁμοιβαίοις.
1782 3302 1843 3339 Ac
1862 3298 2058 3350 propius,
2091 3299 2139 3336 ut

1263 3364 1615 3404 consentaneum
1638 3364 1718 3411 est,
1743 3359 2019 3402 accedebant
2039 3370 2139 3398 car-

1262 3427 1379 3466 mina
1403 3425 1470 3466 illa
1492 3423 1769 3476 trIumphalia
1789 3456 1796 3472 ,
1831 3433 1945 3473 quae
1968 3432 2139 3462 memo-

1263 3491 1329 3528 rat
1362 3487 1520 3528 Plinius
1558 3488 1606 3527 Η.
1639 3488 1686 3526 N.
1725 3485 1792 3532 19,
1832 3484 1878 3531 8,
1917 3483 1990 3524 Μῑ
2040 3484 2138 3524 Olus
