2231 3787
799 249 894 289 LIB.
931 251 959 289 Ι.
1021 251 1183 292 EPIST.
1218 253 1303 292 XX.

1873 255 1973 306 589

221 378 376 430 Forte
414 395 593 431 meum
634 379 677 432 si
719 380 840 450 quis
880 388 929 434 te
968 382 1372 452 percontabitur
1410 401 1626 445 aevum,

218 477 299 531 Me
341 487 532 549 quater
569 480 814 534 undenos
854 482 987 535 sciat
1026 483 1332 554 implevisse
1372 486 1728 549 Decembre5‚

219 578 491 650 Collegam
528 582 791 652 Lepidum
828 601 936 655 quo
977 584 1126 638 duxit
1160 585 1359 639 Lollius
1400 603 1555 641 anno.

259 729 324 768 26.
354 731 698 779 percunctabatur
728 734 793 772 Ct.
831 756 874 761 —
908 734 975 774 27,
1010 735 1236 775 decembris
1264 737 1310 776 E.
1349 759 1390 766 -
1426 736 1493 777 28.
1518 738 1640 779 duxit
1669 738 1785 780 Libri
1807 743 1912 791 noti,

199 792 330 831 etiam
362 794 516 833 nostri:
552 794 661 833 dimit
688 795 923 846 Doeringio
955 798 1135 837 auctore
1168 799 1222 838 M.

143 925 238 964 dere
267 925 456 964 lustrum.
520 926 722 967 Horatius
761 931 910 969 autem
943 940 1023 969 na-

142 988 211 1026 tus
242 997 280 1026 a.
305 999 348 1027 u.
374 999 412 1027 c.
439 988 532 1028 689.
567 1000 605 1028 a.
631 1001 673 1029 u.
700 1001 736 1029 o.
761 991 853 1030 733.
878 993 1020 1032 XLIV.

142 1059 280 1089 annos
314 1051 442 1090 natus
475 1053 584 1090 erat.
622 1074 665 1079 —
706 1052 914 1104 Colleyam
942 1055 1023 1094 Le-

134 1112 283 1161 pidum
313 1123 394 1161 quo
423 1112 557 1164 duxit]
589 1112 908 1165 Explicandum
936 1116 1022 1156 hoc

142 1175 210 1213 est
240 1185 294 1213 ex
317 1174 469 1214 Cassio
492 1176 629 1215 Dione
651 1175 724 1225 54,
749 1177 787 1216 6.
835 1180 918 1217 Per
937 1179 1024 1217 Au-

140 1236 255 1287 gusti
286 1235 536 1276 absentiam
569 1237 620 1287 (a.
654 1249 696 1277 u.
733 1249 770 1277 c.
795 1239 906 1288 73²2..)
939 1251 1023 1291 po—

139 1297 269 1349 pulus
300 1299 523 1339 Romanus
554 1300 596 1338 in
624 1300 827 1341 creandis
859 1312 1022 1341 consu-

138 1359 252 1400 libus
284 1360 500 1400 seditione
531 1362 717 1412 agitatus
759 1365 840 1402 est.
903 1363 1021 1403 Con-

139 1423 307 1464 sulatus
339 1424 519 1474 quidem
546 1423 670 1465 locus
691 1424 801 1465 alter
820 1427 1018 1476 Augusto

137 1485 421 1533 servabatur,
456 1486 648 1536 ideoque
680 1489 782 1527 anni
807 1488 900 1527 733.
935 1489 1019 1528 ini—

138 1549 195 1588 tio
239 1549 293 1588 M.
333 1546 494 1587 Lollius
533 1549 728 1599 primum
759 1548 877 1589 solus
909 1560 1018 1589 con-

135 1609 326 1652 sulatum
347 1610 504 1661 gessit3
531 1611 720 1650 Caesare
743 1613 893 1651 autem
911 1623 1013 1652 eum

135 1674 353 1713 honorem
384 1684 472 1712 non
503 1673 747 1723 accipiente
779 1674 828 1721 Q.
863 1675 1015 1713 Aemi—

133 1735 216 1776 lius
253 1734 318 1775 Μ’.
356 1735 400 1774 F.
439 1734 632 1786 Lepidus
678 1736 722 1774 et
758 1737 804 1774 L.
843 1734 1013 1775 Silanus

134 1809 238 1838 eum
294 1797 575 1848 petiverunt3
637 1796 786 1847 itaque
845 1797 1014 1837 ambitu

134 1861 281 1900 omnia
325 1860 388 1900 sic
433 1858 782 1908 conturbarunt,
828 1861 877 1898 ut
905 1871 1015 1911 pru—

133 1924 290 1964 dentes
331 1923 412 1961 viri
442 1923 690 1972 Augustum
723 1923 909 1961 Romam
939 1933 1015 1962 re-

131 1987 358 2026 vocarent.
391 1986 489 2035 Ipse
513 1983 695 2034 quidem
718 1985 905 2024 Romam
926 1995 1014 2024 non

132 2048 282 2096 rediit,
324 2046 405 2086 sed
445 2046 702 2085 candidatos
743 2046 799 2085 ad
829 2058 876 2087 se
908 2058 1015 2098 pro-

132 2111 271 2151 fectos
301 2110 462 2148 acriter
489 2109 731 2159 increpuit,
777 2110 1012 2161 iussosque

134 2183 236 2212 cum
266 2171 469 2221 suffragia
500 2169 723 2209 ferrentur
753 2170 913 2211 abesse
945 2172 1015 2210 di-

132 2234 265 2274 misit.
308 2231 449 2272 Nihilo
479 2231 582 2271 inde
605 2230 800 2272 sedatius
820 2243 894 2272 res
915 2235 1014 2272 acta

134 2298 224 2344 est,
273 2295 354 2335 sed
386 2295 556 2334 tantum
588 2293 734 2334 denuo
771 2294 1012 2334 factionum

133 2369 184 2397 ac
205 2357 437 2397 turbarum
460 2356 644 2405 exstitit,
667 2358 716 2395 ut
734 2357 807 2396 vix
829 2356 1012 2397 tandem

1089 930 1215 980 quasi
1247 931 1459 971 comitem
1481 931 1703 984 aliquanto
1728 934 1969 976 tardiorem

1087 992 1209 1030 deurit
1239 993 1468 1043 Lepidum.
1521 996 1582 1034 Ex
1603 995 1777 1037 duabus
1806 997 1968 1037 borum

1088 1053 1321 1094 consulum
1363 1057 1721 1108 inscriptionibus
1758 1058 1828 1099 vel
1862 1071 1968 1112 pro-

1086 1117 1185 1165 pter
1201 1116 1425 1166 quandam
1444 1118 1745 1161 urbanitatem
1758 1120 1827 1161 vel
1841 1122 1969 1163 dum—

1085 1179 1205 1216 taxat
1232 1181 1414 1230 propter
1445 1181 1644 1222 variandi
1676 1183 1871 1223 studium
1902 1184 1967 1223 al-

1084 1241 1178 1279 tera
1209 1240 1322 1280 haec
1353 1243 1443 1281 est:
1476 1245 1535 1282 Μ.
1560 1245 1796 1285 LOLLIVS.
1834 1248 1892 1286 M.
1916 1247 1962 1286 F.

1086 1303 1132 1351 Q.
1156 1302 1398 1342 LEPIDVS.
1431 1306 1505 1345 Μ’.
1529 1307 1594 1352 F.‚
1619 1306 1780 1347 altera:
1809 1310 1855 1358 Q.
1878 1310 1967 1348 LE-

1081 1363 1254 1403 PIDVS.
1292 1365 1366 1404 M'.
1400 1366 1445 1405 F.
1468 1368 1526 1407 M.
1551 1368 1787 1408 LOLLIVS.
1820 1371 1879 1409 M.
1915 1371 1961 1409 F.

1083 1425 1132 1463 V.
1157 1424 1273 1465 Piale
1292 1427 1447 1466 antichi
1461 1430 1581 1478 ponti
1597 1430 1638 1468 di
1655 1431 1787 1469 Roma
1805 1443 1849 1482 p.
1866 1432 1959 1472 208.

1083 1485 1241 1526 collato
1272 1488 1472 1529 Excursu
1492 1492 1523 1529 I.
1557 1491 1613 1530 ad
1634 1493 1721 1531 Sat.
1746 1494 1792 1542 2,
1823 1494 1868 1542 3,
1894 1493 1960 1533 36.

1080 1549 1144 1587 De
1189 1547 1393 1590 libertate
1433 1554 1583 1592 autem
1614 1564 1638 1592 a
1670 1553 1889 1594 nonnullis
1921 1556 1964 1595 iu

1079 1610 1342 1652 invertendo
1374 1614 1605 1655 consulum
1639 1617 1793 1656 ordine
1824 1618 1964 1656 inter-

1080 1671 1188 1711 dum
1232 1677 1445 1726 usurpata
1490 1676 1568 1716 cfr.
1601 1678 1756 1718 Marini
1790 1679 1963 1718 Fratelh'

1076 1734 1225 1774 Ανυαῖἱ
1254 1747 1296 1787 p.
1331 1737 1426 1777 244.
1459 1742 1560 1778 nota
1589 1739 1688 1788 464,
1716 1741 1752 1779 4.
1788 1742 1832 1780 et
1851 1742 1962 1781 Bor-

1079 1797 1203 1848 ghesi
1223 1798 1328 1838 Ann.
1350 1799 1438 1838 dell'
1456 1801 1555 1840 Inst.
1574 1801 1663 1841 XII.
1689 1813 1730 1853 p.
1750 1802 1845 1841 230.
1881 1803 1962 1843 Ce-

1079 1860 1227 1898 terum
1247 1859 1302 1899 de
1324 1872 1432 1900 vero
1448 1861 1609 1902 horum
1624 1874 1838 1903 versuum
1855 1875 1960 1904 sen-

1079 1932 1131 1961 su
1162 1921 1239 1960 cfr.
1273 1923 1668 1964 Introductionem.
1718 1926 1960 1978 (Doeringii

1078 1983 1187 2022 diaeit
1230 1984 1297 2023 est
1335 1995 1388 2023 ex
1425 1985 1476 2025 iis
1508 1987 1798 2037 coniecturis,
1843 1999 1957 2039 quae

1076 2046 1330 2096 ingeniosae
1349 2047 1544 2098 quidem,
1570 2049 1650 2089 sed
1667 2061 1754 2089 non
1776 2061 1958 2101 prorsus

1077 2110 1357 2148 necessariae
1397 2111 1637 2160 certaeque
1675 2113 1789 2150 sunt.
1864 2113 1958 2152 Fir—

1076 2180 1199 2209 mare
1231 2171 1383 2211 autem
1414 2183 1515 2211 eam
1553 2174 1736 2213 conatus
1768 2174 1835 2212 est
1862 2175 1953 2214 Liv.

1076 2232 1116 2280 7,
1140 2230 1215 2271 24:
1247 2232 1404 2283 ingenti
1432 2235 1565 2274 studio
1588 2240 1765 2285 pat-rum
1793 2241 1958 2276 creatus

1075 2292 1217 2332 consul
1247 2293 1483 2345 (Camillus)
1507 2297 1708 2349 collegam
1725 2297 1802 2347 Ap.
1828 2297 1953 2337 Clau-

1075 2357 1190 2396 dium
1211 2358 1362 2398 dixit.
1395 2359 1459 2399 Id.
1485 2359 1551 2410 37,
1572 2360 1647 2401 47:
1672 2362 1842 2401 Fulvius
1861 2373 1956 2403 con—

134 2419 324 2471 Lepidus
368 2416 521 2459 consul
563 2419 805 2458 crearetur.
856 2420 1009 2469 Itaque
1072 2419 1137 2477 su}
1176 2431 1285 2459 unus
1326 2425 1526 2461 creatur:
1556 2424 1758 2472 --isque
1786 2428 1954 2474 postero

133 2480 265 2520 veluti
310 2481 560 2532 praecedens
609 2479 769 2520 Lollius
817 2482 918 2532 post
960 2491 1009 2520 se
1073 2481 1137 2522 die
1157 2481 1229 2522 Cn.
1253 2483 1751 2537 Manlium--colleqam
1780 2487 1952 2540 discit.)
