2231 3787
864 251 960 290 [AB.
996 251 1045 289 ιι.
1108 251 1218 290 su.
1252 251 1300 288 v.
1892 250 1993 301 303

260 383 385 436 Filia
423 383 671 438 Nasicae.
715 383 998 436 metuentis
1038 381 1268 435 reddere
1309 382 1535 436 soldum.
1927 387 1992 436 (35

256 486 385 537 Tum
425 503 591 554 gener
630 485 730 538 hoe
771 484 944 538 saciet:
986 483 1194 537 tabulas
1233 501 1424 538 socero
1466 484 1612 538 dabit
1650 495 1808 556 atque

256 588 319 642 Ut
357 586 497 655 legat
534 586 733 649 orabit,
774 585 995 639 multum
1033 586 1224 639 Nasica
1262 595 1481 656 negatas

253 688 491 758 Accipiet
529 687 742 740 tandem
783 698 835 741 et
873 688 1064 742 tacitus
1104 687 1268 758 leget,
1313 688 1654 759 invenietque

253 788 329 842 Nil
370 788 471 842 sibi
513 789 742 859 legatum
783 799 998 860 praeter
1036 789 1249 860 plorare
1290 790 1531 861 suisque.

252 890 386 943 lllud
426 890 491 943 ad
534 891 666 945 haec
707 891 894 945 iubeo:
937 891 1130 945 mulier
1167 893 1209 945 si
1251 891 1384 945 sorte
1424 891 1611 946 dolosa

253 991 570 1050 Libertusve
610 1010 796 1046 senem
835 992 1065 1046 delirum
1103 1003 1389 1064 temperet,
1434 994 1532 1047 illis

254 1094 495 1147 Aeeedas
535 1094 745 1156 socius,
787 1094 1003 1156 laudeS,
1046 1093 1281 1148 lauderis
1319 1105 1377 1147 ut
1414 1096 1627 1150 absens.

252 1195 482 1248 Adiuvat
520 1194 620 1248 hoe
659 1212 906 1266 quoque,
950 1194 1046 1248 sed
1084 1195 1246 1249 vineit
1284 1195 1439 1267 longe
1479 1198 1627 1267 prius
1668 1198 1842 1269 ipsum

251 1298 569 1368 Expugnare
610 1306 785 1367 eaput.
863 1295 1072 1351 Scribet
1110 1296 1248 1350 mala
1287 1298 1524 1352 earmina
1562 1316 1779 1354 vecors:

250 1398 504 1452 Laudato.
582 1398 854 1452 Scortator
893 1398 1016 1452 erit:
1057 1415 1188 1452 eave
1228 1407 1279 1452 te
1319 1408 1494 1471 roget3
1536 1400 1672 1454 ultro
1926 1404 1992 1455 75

287 1549 352 1588 67.
386 1550 551 1601 lcqatur
580 1549 667 1588 abit
696 1549 741 1588 E.
781 1571 825 1577 —
858 1549 924 1588 72.
956 1549 1123 1589 Accedis
1153 1550 1389 1601 (superser.
1423 1550 1468 1602 a)
1499 1550 1544 1591 b.
1572 1574 1616 1580 —
1651 1552 1717 1592 73.
1740 1554 1875 1592 vincet
1896 1555 1936 1593 S.

236 1632 279 1640 —
313 1611 381 1652 74.
414 1611 566 1652 Scribit
595 1614 642 1660 E,
676 1623 729 1652 ex
744 1609 837 1652 aliis
855 1611 995 1652 Codd.
1020 1612 1063 1652 F.
1099 1612 1163 1663 (Ut
1184 1624 1285 1662 nos,
1319 1612 1435 1665 bScp
1458 1614 1503 1654 et
1524 1614 1712 1654 Pottierii
1746 1617 1934 1664 omnes.)

236 1696 279 1702 —-
303 1675 483 1715 crimina
512 1675 558 1715 Ε.

178 1807 235 1847 sis
266 1807 387 1858 prius
419 1805 563 1847 solvas
601 1807 733 1855 mihi,
783 1808 819 1848 si
859 1806 938 1847 tibi
973 1817 1055 1859 per

178 1868 285 1908 deos
315 1868 479 1909 inferos
508 1867 631 1918 licet,
671 1868 776 1909 illud
806 1870 1052 1920 aenigma.»

181 1953 224 1958 —
257 1930 429 1983 iuvenis]
476 1932 762 1980 Octavianus,
797 1932 871 1983 qui
905 1932 1053 1982 (natus

177 2004 215 2032 a.
240 2004 282 2032 u.
307 2005 346 2033 c.
381 1993 491 2044 69t.)
529 2005 567 2033 a.
601 2005 645 2033 u.
678 2005 717 2033 e.
759 1995 852 2033 725.
887 2005 1053 2033 annum

178 2056 449 2106 trigesimum
475 2059 682 2107 quartum
702 2056 875 2107 agebat.
895 2079 938 2086 -
953 2059 1056 2097 Par-

176 2119 253 2158 this
287 2118 529 2170 horrendus]
571 2130 732 2169 «quem
762 2119 1055 2161 reformidant

179 2180 371 2225 Parthi;»
404 2191 677 2231 quamquam
708 2180 872 2221 nullam
903 2183 1055 2222 etiam-

176 2244 280 2281 tunc
312 2242 638 2293 expeditionem
669 2245 821 2283 eontra
852 2255 929 2284 eos
952 2255 1055 2284 sus-

177 2307 370 2355 ceperat.
407 2326 453 2332 —
486 2305 719 2344 Demissum
753 2305 894 2356 yenus]
932 2306 1049 2356 Virg.

175 2369 283 2406 Aen.
309 2367 324 2405 1
346 2398 352 2412 ,
389 2366 484 2406 ’288;
518 2367 666 2416 Julius,
689 2378 716 2405 α
736 2378 888 2417 magno
910 2368 1055 2406 (lemis-

175 2439 264 2468 sum
292 2440 439 2468 nomen
467 2429 575 2468 Julo.
645 2429 779 2468 Tacit.
820 2431 930 2468 Ann.
974 2430 1050 2477 42,

176 2491 227 2531 58
246 2503 253 2528 t
287 2492 398 2530 Nero
418 2512 440 2518 —
460 2513 482 2518 -
504 2492 736 2530 Romanum
767 2492 888 2530 Troia
910 2492 1055 2531 (lemis-

176 2564 266 2592 sum
303 2558 340 2592 et
382 2553 515 2593 Iuliae
553 2554 694 2603 stirpis
733 2558 946 2593 auctorem
974 2554 1055 2593 Ae—

175 2627 296 2656 neam
340 2616 510 2664 aliaque
553 2616 665 2655 haud
705 2617 856 2666 procul
901 2616 1055 2667 fabulis

174 2683 315 2718 vetera
342 2679 521 2729 facunde
541 2683 769 2718 exsecutus.
793 2702 838 2707 —
857 2678 1051 2730 procera]

178 2739 564 2788 Quemadmodum
583 2741 703 2791 forti,
728 2742 791 2781 sie
812 2741 925 2781 haec
947 2752 1056 2792 quo-

177 2813 262 2853 que
294 2801 497 2853 ambigua
539 2801 635 2843 laus
675 2805 767 2852 est,
813 2805 861 2842 ut
896 2801 1050 2844 Catull.

177 2864 253 2912 86,
286 2865 334 2903 4:
377 2865 782 2916 Quinctia-lonya,
818 2866 943 2905 Recta
979 2869 1049 2905 est.

181 2947 225 2952 —
259 2925 437 2975 Corano]
471 2926 639 2966 homini
669 2927 813 2976 diviti,
857 2928 926 2967 eui
965 2929 1054 2967 Na-

178 2987 289 3034 sica,
331 2989 380 3025 ut
419 2987 462 3027 in
492 2989 586 3028 eius
616 2988 910 3030 hereditatem
940 2991 1053 3030 irre-

176 3049 323 3099 peret,
375 3046 510 3089 filiam
557 3060 684 3090 suam
732 3051 775 3090 in
818 3052 1051 3091 matrimo-

177 3110 300 3149 nium
329 3108 465 3149 dedit.
490 3131 537 3138 —
570 3113 785 3151 metuentis
813 3112 916 3164 cet]
949 3114 1050 3165 «qui

177 3173 360 3224 propter
387 3172 611 3222 angustias
632 3172 900 3215 domesticas
930 3174 1051 3215 nole-

176 3231 253 3272 bat
270 3235 505 3274 restituere
524 3244 601 3274 aes
621 3233 834 3285 alienum,
857 3236 1045 3286 solidum,

178 3295 393 3347 integram
423 3295 543 3336 illam
573 3307 814 3345 summam,
858 3308 993 3348 quam
1023 3310 1047 3338 a

179 3356 350 3398 Corano
398 3360 599 3398 mutuam
647 3361 948 3410 sumpserat.»
1001 3384 1045 3389 -

174 3424 343 3468 praeter
364 3421 553 3470 plorare]
582 3420 728 3477 χωρὶς
747 3418 832 3461 τοῦ
852 3418 1047 3471 κλαίειν,

181 3477 414 3531 οἰμώζειν.
460 3482 510 3522 V.
528 3486 700 3532 praeter
719 3482 762 3522 h.
782 3481 827 3530 l.,
851 3485 899 3522 ut
918 3483 1051 3523 inter-

1118 1807 1249 1857 dum,
1285 1809 1353 1848 est
1380 1819 1461 1859 pro
1483 1808 1712 1849 adverbio.
1765 1809 1887 1849 Ovid.
1913 1810 1997 1850 He—

1118 1869 1228 1909 roid.
1261 1870 1335 1919 47,
1370 1870 1472 1910 462:
1518 1872 1589 1911 ,Nil
1617 1872 1679 1911 illi
1710 1873 1828 1922 potui
1862 1873 1996 1912 dicere

1111 1936 1284 1981 praeter
1326 1933 1439 1972 erit.
1501 1935 1725 1973 Sententia
1763 1937 1852 1974 est:
1895 1935 1995 1974 «Ni-

1118 1992 1176 2032 hil
1208 1995 1388 2034 omnino
1420 2006 1522 2035 eum
1566 1996 1615 2035 iis
1660 1995 1874 2047 legasset,
1918 2007 1995 2036 eos

1118 2056 1405 2096 exheredax'it
1442 2056 1649 2109 maloque
1689 2059 1876 2098 affecit.»
1927 2059 1996 2098 Si-

1116 2117 1279 2158 militer
1307 2118 1580 2170 Polystratus
1621 2123 1872 2172 eaptatores
1912 2121 1995 2161 de-

1116 2180 1218 2221 lusit
1247 2181 1366 2232 apud
1386 2183 1564 2222 Lucian.
1588 2183 1695 2223 Dial.
1722 2185 1846 2224 Mort.
1871 2183 1915 2232 9,
1944 2183 1991 2223 3:

1115 2236 1264 2292 ἄλλας
1302 2241 1353 2283 δὲ
1389 2240 1476 2294 τὰς
1513 2241 1712 2297 ἀληθεῖς
1755 2241 1991 2297 διαθήκας

1115 2299 1240 2352 ἔχων
1277 2305 1460 2356 ἐκείνας
1490 2307 1745 2348 κατέλιπον
1777 2305 1996 2359 οἰμώζειν

1115 2360 1269 2407 ἅπασι
1309 2366 1518 2424 φράσας.
1579 2369 1671 2409 Noli
1713 2371 1907 2420 cogitare
1939 2369 1994 2409 de

1116 2431 1198 2470 hae
1219 2430 1288 2470 vel
1310 2430 1438 2471 simili
1460 2431 1668 2471 formula:
1702 2433 1892 2472 N.·1slc.1.i1
1911 2441 1996 2472 cm!

1114 2502 1206 2533 sms
1234 2503 1418 2533 nomm:
1445 2503 1585 2533 IUBEO.
1609 2506 1650 2532 v.
1674 2493 1828 2533 Iacohs
1856 2495 1992 2534 Lectt.

1118 2554 1280 2595 Venus.
1303 2566 1345 2606 p.
1372 2554 1465 2595 402.

1172 2617 1319 2657 70-78.
1368 2616 1532 2669 mulier]
1581 2617 1898 2657 «concubina»
1949 2641 1991 2646 —

1117 2679 1324 2731 temperet]
1359 2679 1441 2719 «ad
1481 2679 1712 2720 arbitrium
1751 2691 1883 2720 suum
1921 2691 1995 2720 re-

1118 2743 1230 2793 gat.»
1267 2743 1405 2782 Comi.
1432 2743 1562 2789 Cimo.
1591 2763 1635 2770 —
1661 2743 1817 2794 laudes]
1842 2753 1995 2794 «prae-

1117 2806 1288 2853 sentes,
1330 2808 1378 2845 ut
1417 2804 1495 2844 tibi
1526 2803 1731 2845 benevoli
1762 2804 1910 2844 fiant.»
1947 2827 1992 2833 -

1115 2866 1258 2918 vincit]
1291 2868 1558 2918 «praestat»,
1591 2869 1768 2923 κρατεῖ.
1794 2888 1841 2894 -
1857 2865 1994 2917 prius]

1118 2928 1187 2968 «id
1218 2928 1362 2980 quod»
1393 2927 1465 2968 vel
1506 2931 1685 2980 «utpote
1728 2927 1848 2979 quod
1872 2929 1997 2978 prius

1115 2991 1141 3029 i.
1167 3001 1206 3030 e.
1240 2989 1462 3030 efficacius
1503 2992 1621 3038 est,»
1667 2993 1883 3047 κρεῖττον
1921 2984 1992 3029 ὅν.

1112 3051 1192 3092 Alii
1221 3063 1263 3091 v.
1281 3052 1404 3102 prius
1433 3062 1514 3103 pro
1541 3052 1796 3092 accusativo
1827 3050 1996 3091 habent

1114 3115 1335 3166 «priorem
1365 3114 1606 3162 rationem,
1641 3124 1727 3164 qua
1757 3115 1800 3153 te
1823 3115 1996 3153 socium

1113 3175 1292 3217 dolosae
1324 3174 1501 3216 mulieri
1530 3174 1745 3216 libertove
1777 3175 1994 3215 accedere

1112 3238 1261 3278 iussi.»
1298 3261 1341 3266 —
1374 3238 1511 3288 ipsum
1546 3238 1810 3289 Expuynare
1848 3239 1991 3294 caput]

1113 3301 1240 3351 quasi
1261 3301 1407 3351 regni,
1441 3299 1623 3340 divitem
1654 3300 1829 3351 ipsum,
1862 3296 1994 3336 blan-

1113 3361 1228 3403 ditiis
1276 3364 1409 3413 atque
1459 3360 1692 3412 obsequio.
1743 3382 1787 3387 —
1832 3358 1990 3410 vecors]

1113 3424 1348 3464 «vecordia
1365 3423 1559 3475 quadam
1573 3422 1630 3462 ad
1651 3421 1847 3462 carmina
1870 3431 1995 3460 com-

1111 3485 1318 3537 ponenda
1362 3487 1530 3525 actus.»
1577 3505 1623 3512 —
1670 3482 1790 3534 cave]
1837 3481 1992 3523 ultima
