2231 3787
251 203 317 253 0'8

888 202 1102 242 llORATll
1136 200 1436 242 SATIRARUM

253 332 354 397 Qui
393 333 518 393 nisi,
562 349 684 385 cum
724 332 899 385 tristes
940 332 1138 384 misero
1178 347 1377 384 venere
1418 328 1719 389 Kalendae,

251 433 555 487 Mercedem
594 442 684 486 aut
721 450 968 485 nummos
1008 430 1152 484 uude
1191 430 1334 484 unde
1377 429 1621 490 extricat,
1666 446 1877 480 amaras

250 537 503 588 Porrecto
543 534 725 605 iugulo
764 533 1014 587 historias
1055 532 1298 603 captivus
1339 539 1395 583 ut
1433 529 1594 584 audit.

253 636 570 690 Comminxit
607 636 803 689 lectum
841 643 998 706 potus
1037 650 1295 687 mensave
1334 630 1569 686 catillum

2001 629 2069 679 90

250 737 482 791 Euandri
523 736 768 790 manibus
807 736 987 789 tritum
1027 733 1255 787 deiecit:
1298 732 1367 785 ob
1407 730 1545 784 hanc
1584 746 1698 783 rem

360 850 425 889 87.
450 848 662 887 Kalendae
683 846 827 886 BbSc:
854 845 1059 886 Calendae
1079 843 1190 883 Edd.
1209 866 1252 871 —
1277 843 1342 881 91.
1369 841 1526 892 tritum]
1551 844 1709 880 tortum
1726 839 1834 880 Cod.
1858 839 2017 890 Regius

307 914 350 951 et
379 923 404 950 a
436 921 570 950 manu
602 908 798 949 secunda
832 908 983 947 Codex
1012 905 1122 945 alter
1153 902 1520 954 Magdalenensis,
1553 901 1752 942 Bentleio
1773 900 2014 953 probante;

305 974 507 1022 sculptum
531 971 638 1012 Cod.
665 969 770 1011 Coll.
795 970 909 1009 Trin.
938 971 1005 1008 «et
1027 968 1181 1007 aetatis
1204 967 1247 1006 et
1268 967 1396 1005 notae
1418 965 1682 1016 sequioris.»
1709 988 1753 992 —
1770 963 1948 1014 proiecit
1965 963 2014 1002 B.

251 1067 359 1105 ritui·
390 1067 430 1104 in
461 1065 681 1115 Inscriptt.
717 1065 759 1103 et
791 1062 909 1114 apud
940 1059 1123 1102 Martial.

251 1130 297 1169 5.
344 1128 410 1166 ⁰28.
476 1128 713 1166 Drusonem
756 1123 948 1176 aliquem
994 1133 1127 1162 nemo

251 1188 424 1236 adhuc,
482 1188 602 1239 quod
651 1187 818 1236 sciam,
878 1187 1128 1237 expiscatus

253 1252 350 1302 est.)
410 1253 450 1291 Is
486 1251 615 1301 igit-ur
652 1249 865 1289 imitabat
901 1248 1128 1288 debitores

251 1314 308 1354 ad
351 1313 595 1354 audiendas
634 1323 736 1353 suas
780 1311 1007 1358 historias3
1055 1309 1129 1360 qui

253 1388 352 1416 cum
399 1375 610 1417 solvendo
654 1386 740 1414 non
783 1375 954 1421 essent,
1004 1372 1131 1423 quasi

253 1440 394 1479 coacti
411 1440 536 1478 erant
556 1438 667 1477 tristi
688 1436 934 1476 recitationi
951 1434 1127 1482 adesse,

253 1513 307 1541 ne
353 1500 475 1540 illum
518 1499 810 1538 offenderent.
865 1492 1131 1552 Ἄντίοτρο-

251 1575 346 1612 (ρος
391 1563 457 1601 est
505 1559 754 1600 Philostrati
802 1557 1129 1599 narratiuncula

252 1626 306 1665 de
338 1625 453 1663 Varo
484 1622 703 1673 quodam,
750 1621 945 1672 superbo
977 1619 1132 1659 adole—

252 1684 472 1733 scentulo,
498 1685 537 1723 in
561 1683 799 1724 Polemone
822 1683 871 1722 V.
896 1683 937 1722 S.
962 1694 1006 1734 p.
1030 1681 1126 1722 540.

252 1748 341 1788 Ol.:
390 1747 439 1786 οἱ
472 1743 797 1797 δανειζόμενοι
839 1746 946 1801 παρ’
979 1738 1129 1784 αὐτοῦ

253 1807 482 1866 χρήματα
497 1805 552 1848 τὸ
574 1809 655 1848 καὶ
675 1804 970 1859 μελετῶντος
990 1801 1132 1863 ἀκρο-

253 1871 474 1912 άσασθαι
511 1872 853 1928 προσέγραφον
891 1865 954 1922 τῷ
986 1865 1126 1922 τόκῳ.

257 1959 300 1964 —
323 1935 547 1986 Kalendae]
574 1934 659 1974 Csr.
686 1933 823 1985 Epod.
847 1934 887 1981 Ξ,
913 1933 964 1973 69
986 1943 1052 1983 sq.
1082 1955 1127 1959 —

252 1999 481 2037 Mercedem·
511 2001 585 2036 aut
614 1996 815 2046 nummos]
851 2005 1036 2034 «usuras
1058 1995 1133 2032 aut

253 2062 463 2099 sortem.»
490 2059 668 2098 -uncle
699 2057 816 2109 unde]
849 2068 929 2108 pro
962 2056 1133 2095 «unde—

255 2133 454 2172 cunque»
488 2121 670 2161 meliore
702 2122 845 2160 aetate
878 2119 997 2171 apud
1027 2122 1130 2170 poe-

254 2188 320 2224 tas
379 2184 609 2223 dumtaxat
673 2183 921 2234 reperitur,
992 2180 1134 2219 ubiubi

246 2248 387 2301 etiam
418 2246 535 2296 apud
567 2246 843 2285 Ciceronem.
873 2267 917 2271 —
940 2245 1132 2283 Porrecto

251 2307 408 2359 itiqulo]
441 2308 565 2358 quasi
597 2307 775 2358 captivi,
810 2305 971 2357 quibus
999 2307 1133 2355 caput

253 2372 536 2410 truncaturus
590 2373 657 2409 est
707 2369 861 2408 victor.
912 2391 957 2396 —
1005 2368 1133 2407 histo-

251 2433 355 2483 rias]
395 2431 490 2471 Noli
521 2442 623 2470 cum
655 2430 922 2470 nonnemine
952 2431 1130 2468 vertere

252 2494 599 2540 Mahrchen,
652 2493 797 2531 minus
847 2492 991 2530 etiam·
1029 2501 1132 2530 cum

254 2560 425 2596 Acrone
469 2553 651 2604 aliisque
693 2552 911 2604 explicare
953 2553 1133 2591 «convi—

253 2619 339 2665 cia,
379 2614 712 2655 contumelias.»
765 2616 857 2654 Hoc
899 2614 1130 2663 significat,

255 2681 477 2719 Rusonem
508 2678 754 2729 pessimum
775 2677 1041 2727 scriptorem
1062 2676 1132 2715 hi-

255 2742 466 2781 storicum
495 2751 601 2779 suae
634 2739 789 2778 aetatis
822 2738 971 2778 fuisse.
1038 2737 1134 2787 (Qui

254 2804 449 2842 historias
488 2801 759 2852 explicarunt
794 2799 864 2840 vel
897 2798 1130 2840 «fabellas»

254 2864 325 2905 vel
366 2882 384 2901 «
402 2865 597 2904 comicia
614 2879 659 2912 ι),
710 2875 798 2903 non
836 2863 1135 2902 meminerant

255 2927 428 2978 lepidae
459 2924 813 2966 narratiunculae
845 2924 964 2976 apud
996 2926 1135 2963 Sene—

256 3001 355 3029 cam
376 2990 452 3040 Ep.
478 2989 554 3028 95:
586 2988 795 3028 Recitator
822 2988 1053 3027 Historiam
1072 2987 1136 3025 i-n-

255 3056 415 3104 gentem
437 3051 575 3090 attulit
591 3083 603 3099 ,
626 3050 898 3089 minutissime
917 3050 1132 3099 scriptam,

256 3114 461 3153 artissime
492 3113 713 3162 plicatam,
754 3115 791 3151 el
820 3123 978 3163 massua,
1010 3115 1134 3161 parte

254 3176 436 3225 perlecta
493 3175 786 3223 «Desinant»,
853 3174 1008 3223 inquil,
1066 3189 1085 3209 α
1100 3174 1135 3211 si

258 3239 416 3278 voltis.»
474 3238 767 3277 Acclamalur:
819 3238 1012 3285 «Recita,
1063 3246 1135 3275 re-

257 3300 364 3339 cila»
397 3299 448 3338 ab
477 3300 557 3348 his,
605 3299 675 3348 qui
716 3299 833 3337 illum
863 3298 1136 3338 obmutescere

259 3362 365 3400 illico
394 3361 601 3411 cupiunt.)
626 3384 668 3388 —
699 3359 830 3410 audit]
864 3361 989 3400 Hunc
1018 3360 1136 3399 reci-

259 3423 376 3462 tandi
436 3434 608 3463 morem
667 3421 899 3462 induxerat
959 3422 1134 3462 Asinius

1192 1057 1342 1099 Pollio.
1368 1059 1550 1109 (Seneca
1572 1057 1776 1108 Excerpt.
1803 1057 2009 1096 Controv.
2029 1054 2068 1095 4.

1192 1119 1415 1169 Prooem.)
1449 1120 1724 1159 Recitatorem
1760 1117 1954 1157 acerbum
1983 1118 2074 1157 Ho-

1193 1183 1330 1222 ratius
1362 1181 1576 1221 describit
1605 1183 1653 1220 A.
1688 1183 1734 1220 P.
1769 1179 1848 1220 474
1880 1190 1980 1230 sqq.

1249 1306 1395 1346 90—95.
1441 1304 1641 1356 catillum]
1681 1304 1820 1343 Varro
1857 1305 1904 1343 L.
1942 1304 1988 1343 L.
2022 1304 2070 1349 5,

1196 1369 1302 1407 4⁶20:
1356 1369 1463 1407 Vasa
1503 1367 1547 1406 in
1588 1377 1732 1406 mensa
1775 1365 1962 1405 escaria:
2005 1365 2076 1404 ubi

1188 1430 1347 1479 pultem
1376 1434 1451 1468 aul
1486 1429 1685 1468 iul-alenti
1715 1429 1815 1478 quid
1846 1427 2074 1478 ponebant,

1195 1504 1223 1532 a
1243 1492 1444 1541 capiendo
1466 1492 1662 1531 catinum
1682 1490 1973 1539 nominarunt,
1997 1489 2077 1528 nisi

1195 1556 1304 1604 quod
1324 1554 1454 1593 Siculi
1475 1554 1617 1593 dicunt
1637 1549 1852 1599 κάτινον,
1883 1551 1953 1591 ubi
1981 1562 2078 1591 assa

1188 1616 1415 1666 ponebant.
1467 1637 1511 1643 -
1558 1615 1765 1666 Euandri]
1816 1625 1929 1664 «quo
1973 1624 2076 1654 cum

1195 1678 1390 1730 quotidie
1431 1689 1539 1718 usus
1579 1678 1635 1718 sit
1674 1678 1763 1716 iam
1802 1677 1975 1728 priscus
2005 1675 2076 1715 ille

1195 1752 1276 1780 rex
1306 1740 1535 1787 Euander,
1569 1738 1816 1791 stupendae
1839 1737 2079 1789 antiquita-

1194 1804 1250 1844 tis
1282 1805 1327 1842 et
1355 1804 1593 1854 propterea
1624 1801 1806 1841 maximi
1834 1801 1966 1851 pretii
2000 1798 2079 1839 tibi

1196 1866 1414 1905 videtur.»
1474 1864 1575 1915 Ipsa
1604 1866 1695 1903 tam
1725 1863 1882 1903 festiva
1910 1862 2079 1913 hyper-

1195 1927 1298 1967 bola
1345 1926 1461 1966 ridet
1507 1925 1754 1966 absurdum
1805 1925 2078 1975 antiquitatis

1196 1990 1393 2030 studium
1425 2000 1608 2040 prorsus
1639 1990 1686 2027 ut
1716 1989 1802 2027 Sat.
1836 1988 1884 2036 2,
1917 1987 1966 2034 3,
1999 1987 2074 2026 ⁶30:

1198 2052 1304 2091 Olim
1324 2062 1424 2090 ozam
1446 2061 1648 2099 quaerere
1665 2049 1877 2098 amabam,
1899 2050 1987 2098 Quo
2005 2059 2080 2087 va-

1194 2115 1257 2165 fer
1277 2114 1345 2152 ille
1362 2114 1486 2163 pedes
1506 2112 1670 2152 lavisset
1690 2112 1888 2161 Sisyphus
1907 2121 2016 2150 aere.
2036 2112 2080 2150 et

1197 2174 1403 2215 Martialis
1425 2175 1470 2223 8,
1504 2175 1549 2221 6,
1580 2175 1627 2213 7:
1670 2174 1756 2212 Hoc
1776 2177 1938 2212 cratere
1956 2173 2080 2223 ferat:

1197 2238 1400 2276 commisit
1421 2236 1589 2286 proelia
1618 2236 1799 2275 Rhoecus
1820 2235 1923 2275 Cum
1954 2234 2081 2284 Lapi-

1196 2300 1296 2339 this:
1335 2310 1484 2349 pussna
1524 2298 1652 2338 debile
1687 2298 1821 2337 cernis
1850 2307 1966 2347 opus,
2026 2296 2080 2336 Hi

1195 2362 1276 2401 duo
1297 2362 1496 2412 longaevo
1517 2364 1734 2400 censentur
1748 2361 1922 2400 Nestore
1939 2359 2078 2410 fundi:

1194 2425 1343 2464 Pollice
1378 2425 1426 2463 cle
1454 2424 1571 2473 Pylio
1610 2423 1714 2462 trita
1741 2421 1930 2462 columba.
1963 2421 2076 2461 nitet.

1196 2487 1245 2525 In
1274 2485 1467 2525 Euandri
1503 2485 1777 2524 mentionem
1814 2485 1950 2523 etiam
1978 2483 2079 2523 ideo

1197 2547 1394 2587 incidere
1442 2548 1646 2598 poterat,
1711 2545 1832 2596 quod
1879 2547 1923 2585 in
1970 2546 2079 2585 Foro

1196 2609 1351 2649 boario
1391 2610 1487 2648 erat
1526 2606 1739 2647 Hercules
1777 2606 2076 2658 triumphalis,

1198 2672 1249 2711 ab
1289 2672 1492 2711 Euandro
1529 2673 1746 2718 sacralu8,
1790 2673 1837 2708 ul
1873 2670 2076 2718 produnt.

1198 2733 1304 2775 Plin.
1331 2734 1382 2773 H.
1403 2734 1452 2773 N.
1474 2731 1540 2780 34,
1560 2732 1598 2771 7.
1634 2732 1785 2771 Iocum
1808 2730 1928 2770 haud
1949 2741 2080 2781 agno—

1199 2798 1375 2837 scentes
1417 2794 1706 2834 Scholiastae:
1758 2794 1865 2842 «Qui
1894 2793 1950 2833 de
1981 2804 2080 2845 per—

1200 2859 1320 2899 sonis
1359 2857 1607 2897 Horatianis
1648 2856 1924 2907 scripserunt
1960 2857 2082 2897 aiunt

1199 2920 1460 2961 Euandrum
1478 2920 1597 2959 hunc
1618 2917 1891 2958 caelatorem
1912 2920 1956 2958 et
1984 2916 2081 2970 pla-

1200 2986 1297 3024 sten
1348 2983 1615 3030 statuarum,
1673 2991 1809 3032 quem
1845 2981 1902 3021 M.
1942 2981 2082 3020 Anto-

1200 3047 1323 3085 nium
1341 3044 1396 3083 ab
1413 3043 1596 3083 Athenis
1611 3041 1924 3082 Alexandriam
1942 3043 2082 3082 trans-

1200 3106 1374 3154 tulisse,
1409 3105 1510 3145 inde
1540 3106 1654 3145 inter
1675 3105 1873 3156 captivos
1894 3105 2080 3144 Romam

1200 3169 1468 3221 perductum
1511 3166 1648 3207 mult-a
1688 3178 1821 3218 opera
1864 3164 2079 3206 mirabilia

1200 3233 1403 3272 fecisse.»
1479 3231 1791 3278 Recentiores‚
1843 3228 1919 3278 qui
1965 3227 2081 3267 hanc

1200 3293 1537 3346 explicationem
1559 3292 1831 3345 praeferunt,
1855 3289 2079 3330 arbitran-

1201 3360 1272 3397 tur
1295 3368 1395 3398 esse
1418 3357 1633 3406 eundem,
1657 3355 1713 3395 de
1735 3365 1823 3405 quo
1843 3352 2005 3394 Plinius
2026 3353 2075 3394 H.

1200 3421 1249 3460 N.
1274 3420 1350 3468 36,
1382 3421 1430 3468 5,
1465 3420 1539 3460 32:
1578 3417 1769 3458 Timothei
1788 3427 1917 3456 manu
1936 3415 2079 3455 Diana
