2231 3787
877 265 973 303 Lus.
1008 265 1055 303 11.
1119 266 1279 305 nrisr.
1313 267 1344 305 1.
1914 265 2016 319 613

266 394 378 446 Hoc
423 410 587 464 paces
626 393 866 447 habuere
906 394 1082 449 bonae
1123 396 1375 467 ventique
1415 397 1655 450 secundi.

262 496 460 548 Romae
501 494 659 549 dulce
699 495 791 549 diu
830 496 924 549 suit
961 505 1013 550 et
1050 496 1311 551 sollemne
1351 498 1563 552 reclusa

261 597 413 650 Mane
454 597 614 650 domo
654 597 899 668 vigilare,
942 598 1119 653 clienti
1158 617 1409 671 promere
1450 601 1590 664 iura,

264 699 460 752 Cautos
498 699 803 753 nominibus
846 700 1006 754 rectis
1046 701 1355 772 expendere
1395 720 1667 765 nummOS,
1916 705 2016 757 1105

258 800 489 854 Maiores
528 800 741 862 audire,
782 801 973 854 minori
1014 802 1223 864 dicere,
1266 821 1365 874 per
1402 822 1543 875 quae

243 944 374 984 Canto
404 943 600 983 malebat
630 944 861 984 Schiitzius
884 945 1070 995 Opuscc.
1094 957 1137 996 p.
1164 945 1257 986 u248.
1287 969 1329 976 κ-
1355 949 1476 986 certis
1506 950 1714 998 quattuor
1750 949 1957 994 Pottierii‚

241 1007 305 1045 Lt.
342 1027 387 1035 —
419 1018 627 1056 exponere
656 1008 827 1057 Fragm.
864 1007 1194 1047 Dommerichii.
1232 1009 1402 1057 (Totum
1434 1020 1641 1058 versum,
1674 1013 1723 1050 ut
1752 1022 1854 1059 nos,
1889 1022 1962 1051 ex—

241 1068 395 1110 hibent
423 1070 601 1121 bSEcp;
633 1071 756 1109 rectis
784 1069 921 1109 habet
951 1070 1084 1109 etiam
1116 1070 1287 1120 Fragm.
1321 1071 1670 1121 Dommerichii.)

1135 1187 1229 1225 nori
1261 1186 1380 1237 dare)
1414 1190 1546 1239 atque
1578 1190 1807 1239 expendere
1839 1191 2017 1242 (expen-

1134 1260 1228 1288 sam
1262 1249 1436 1301 ferre).»
1485 1252 1664 1299 Quoties
1689 1253 1804 1292 enim
1827 1253 2016 1304 pecunia

1133 1314 1288 1351 mutua
1332 1312 1542 1362 dabatur,
1601 1314 1794 1353 creditor
1837 1315 1928 1355 suis
1971 1315 2016 1354 in

1132 1373 1292 1414 tabulis
1337 1376 1521 1426 expensi
1566 1377 1609 1415 et
1647 1377 1819 1427 accepti
1850 1388 2016 1417 nomen

1133 1436 1250 1485 eius,
1286 1437 1355 1476 cui
1376 1438 1614 1488 pecuniam
1637 1438 1792 1486 dabat,
1824 1440 2017 1490 perscri-

185 1197 233 1226 re
265 1186 407 1226 navali
437 1187 698 1238 frequenter
723 1187 911 1239 repetita
934 1187 1068 1226 etiam

185 1249 303 1301 apud
347 1260 508 1301 prosae
558 1250 767 1290 orationis
808 1250 1065 1301 scriptores.

185 1312 274 1352 Cic.
299 1312 355 1351 ad
376 1313 462 1352 Att.
488 1313 537 1360 ⁶2,
565 1313 578 1351 i
600 1344 608 1361 ,
634 1313 678 1352 6:
716 1313 845 1363 Quid,
878 1313 912 1351 si
943 1312 1069 1351 eliam

184 1375 426 1425 Caesarem,
483 1377 599 1415 cuius
641 1387 752 1415 nune
794 1376 905 1415 venti
947 1376 1069 1415 valde

181 1443 276 1478 sunt
304 1439 489 1488 secundi,
535 1439 662 1478 reddo
690 1439 926 1488 meliorem,
967 1449 1069 1477 num

182 1502 349 1540 tandem
370 1500 510 1540 obsum
529 1500 834 1550 reipublicae?
866 1500 928 1541 Cf.
955 1501 1063 1551 Epp.
1130 1497 1282 1537 bebat.
1334 1498 1440 1538 Inde
1471 1510 1619 1539 nomen
1649 1500 1864 1551 significat
1886 1503 1929 1541 et
1949 1502 2016 1542 de-

180 1564 228 1612 2,
252 1564 298 1612 Ξ,
322 1563 395 1602 201
424 1573 493 1614 sq,
1095 1581 1099 1625 Ι
1131 1559 1259 1599 bitum
1273 1560 1561 1601 etdebitorem.
1586 1563 1721 1613 lungo
1733 1564 1883 1603 autem
1894 1574 2015 1603 num-

238 1625 440 1665 403-405.
488 1626 643 1664 Romae
672 1625 775 1677 cet]
814 1627 1067 1665 «Romano-
1095 1628 1098 1691 t
1129 1633 1217 1662 mos
1258 1628 1402 1662 cautos
1438 1624 1672 1663 nominibus
1707 1626 1829 1664 rectis
1858 1624 2011 1675 ablat,

181 1700 282 1728 rum
320 1689 474 1728 contra
517 1687 572 1727 ab
605 1687 774 1728 artibus
805 1687 1065 1727 liberalibus
1094 1694 1097 1771 ξ
1129 1696 1219 1724 non
1241 1687 1472 1735 expendere
1488 1686 1720 1726 nominibus
1736 1687 1869 1726 dativ.
1902 1688 2016 1726 Scri-

179 1751 376 1803 primum
420 1761 682 1791 aversorum
726 1751 839 1790 haec
888 1749 1066 1789 fuerunt
1121 1752 1217 1798 ptos
1247 1750 1314 1788 est
1343 1748 1414 1788 vel
1444 1748 1575 1800 gloss.
1607 1750 1693 1789 ICti
1726 1748 1911 1789 alicuius
1941 1749 2012 1790 vel

179 1813 418 1865 praecipua
451 1813 628 1852 studia»
663 1814 748 1853 cet.
792 1812 915 1852 Conf.
939 1814 988 1851 Α.
1014 1813 1060 1851 P.
1130 1822 1282 1850 errore
1314 1812 1460 1850 ortum
1491 1822 1545 1850 ex
1572 1809 1702 1861 gloss.
1726 1813 1879 1862 scripto
1903 1812 2013 1862 (chi-

183 1876 261 1916 323
283 1886 381 1927 sqq.
411 1900 454 1903 —
478 1875 684 1927 sollemne]
714 1874 1063 1915 «consuetudine
1128 1873 1390 1924 rographo);
1439 1874 1560 1912 certis
1603 1875 1753 1913 autem
1794 1873 2012 1914 substitu—

179 1939 434 1979 usitatum.»
479 1939 618 1979 Comi.
654 1939 785 1985 Cimo.
852 1939 1064 1977 Ceterum
1128 1938 1223 1975 tum
1255 1935 1310 1975 ab
1342 1936 1415 1986 iis,
1449 1937 1523 1987 qui
1553 1947 1594 1975 v.
1618 1937 1741 1975 rectis
1763 1936 1883 1976 haud
1904 1937 2010 1977 satis

179 2001 291 2041 haec
322 2002 539 2052 scriptura
561 2001 783 2052 reperitur
804 2001 846 2040 in
868 1999 1063 2051 reliquiis
1128 1997 1443 2049 intelligerent3
1492 2010 1649 2039 verum
1679 2000 1802 2038 certis
1829 2000 2013 2038 nomini-

179 2063 478 2114 Inscriptionis
500 2063 750 2112 Vaticanae,
779 2063 836 2103 ad
859 2066 1061 2115 tempora
1128 2060 1201 2100 bus
1232 2063 1379 2101 esset:
1428 2063 1643 2112 «propter
1675 2063 1819 2102 certas
1851 2072 2010 2102 causas

178 2127 343 2166 veteris
364 2127 427 2165 rei
450 2125 654 2177 publicae
676 2127 955 2175 referendae,
984 2126 1062 2165 uhi
1127 2134 1162 2163 s.
1197 2125 1434 2164 rationes.»
1471 2123 1556 2163 Cfr.
1583 2125 1670 2164 Cic.
1702 2135 1784 2175 pro
1808 2125 2010 2172 Quinctio

179 2190 260 2228 est:
279 2189 798 2228 RJTVSSOLLEMNES.
817 2188 1058 2239 (Grut.4-92‚
1129 2185 1201 2234 Μ,
1236 2185 1310 2225 38:
1371 2186 1443 2234 qui
1486 2184 1582 2233 tibi,
1626 2190 1672 2225 uc
1715 2187 1798 2235 ais,
1844 2187 2011 2225 certis

178 2250 233 2301 7.)
260 2275 304 2279 —-
322 2251 462 2303 Mane]
496 2253 582 2291 Sat.
611 2252 648 2300 l,
681 2252 719 2300 4,
746 2252 824 2291 110:
859 2251 943 2291 Sub
959 2251 1062 2302 galli
1126 2247 1434 2287 nominibus
1462 2248 1666 2298 qrandem
1691 2249 1914 2298 pecuniam
1944 2249 2012 2289 de-

178 2317 347 2354 cantum
372 2315 582 2354 consultor
600 2313 670 2353 ubi
700 2314 807 2353 ostia
831 2314 988 2364 pulsat.
1014 2337 1058 2342 —
1126 2310 1224 2349 buit.
1262 2311 1393 2361 (Lect.
1418 2310 1591 2360 Fragm.
1618 2310 1725 2350 Cod.
1750 2311 2006 2350 Dommeri-

178 2376 316 2416 clienti
357 2388 555 2427 promere
601 2376 720 2427 iura]
771 2377 912 2416 Sensu
954 2388 1062 2428 pro-
1090 2384 1093 2392 ¹
1127 2373 1234 2421 chii,
1268 2382 1404 2423 quem
1434 2372 1506 2411 hic
1536 2370 1692 2411 Seculo
1727 2372 1816 2411 XII.
1851 2382 2009 2411 exara—

176 2439 272 2490 prio
294 2438 604 2490 accipiendum
635 2450 758 2478 reor:
794 2437 965 2478 «clienti
987 2450 1062 2490 pa-
1125 2437 1219 2474 tum
1251 2445 1351 2475 esse
1383 2435 1576 2486 putavit,
1613 2435 1655 2474 in
1688 2433 2008 2486 scriptiuncula

177 2503 356 2541 tronum
387 2500 634 2541 consulenti
664 2501 719 2540 de
751 2502 844 2541 iure
870 2512 1062 2553 respon—
1090 2527 1092 2541 .
1126 2496 1385 2537 Helmstadii
1418 2497 1539 2536 4759.
1574 2497 1690 2536 edita
1722 2498 1766 2536 et
1796 2498 2008 2549 excerpta

178 2562 285 2603 dere
316 2561 524 2613 utiliaque
556 2562 734 2602 consilia
767 2563 889 2611 dare,
922 2564 1061 2602 inter·
1088 2566 1093 2606 t
1124 2561 1167 2599 in
1200 2559 1404 2600 Seebode
1434 2560 1543 2599 Krit.
1566 2559 1670 2599 Bibl.
1697 2559 1816 2599 4822.
1840 2570 1883 2611 p.
1910 2559 2004 2600 ⁴69.

178 2625 284 2665 dum
317 2626 450 2665 etiam
479 2624 577 2665 lites
603 2626 719 2664 inter
739 2624 852 2664 duos
875 2623 1059 2665 clientes
1088 2656 1092 2695 1
1124 2623 1231 2661 mihi
1254 2624 1407 2662 contra
1430 2632 1565 2673 quam
1587 2623 1617 2661 I.
1641 2623 1709 2661 Fr.
1731 2622 2007 2672 Heusingero

178 2688 296 2728 ortas
327 2687 614 2727 diiudicare.»
647 2686 726 2726 Od.
752 2686 791 2735 3,
819 2688 858 2736 5,
882 2686 933 2726 53
956 2697 1056 2737 sqq.
1124 2696 1271 2736 neque
1316 2685 1480 2725 Horatii
1523 2695 1705 2732 manus,
1752 2695 1836 2724 nec
1876 2684 2006 2724 docta

127 2770 129 2772 ·
182 2770 224 2778 -
276 2750 447 2799 Cautos]
510 2760 622 2801 «per
665 2749 1056 2800 chirographum.»
1123 2747 1425 2799 interpolatio,
1459 2747 1539 2787 sed
1570 2746 1774 2787 fortuitus
1800 2758 1924 2787 error
1943 2748 2007 2786 vi-

162 2811 318 2853 'Gloss
345 2811 519 2852 Codicis
541 2813 587 2852 E.
639 2810 947 2851 Formularum
968 2822 1060 2852 ser-
1124 2811 1282 2860 detur:
1331 2811 1414 2850 etsi
1458 2810 1543 2849 hoc
1581 2820 1787 2860 exponere
1820 2809 2003 2850 firmare

177 2885 310 2914 mone
341 2885 559 2926 perquam
593 2874 703 2914 scite
735 2874 806 2913 hic
836 2884 942 2914 usus
974 2876 1056 2924 est,
1124 2875 1310 2913 conatus
1341 2874 1408 2912 est
1438 2872 1740 2923 Heusingerus
1779 2870 1876 2911 loco
1909 2871 2000 2911 Cic.

177 2940 228 2978 ut
256 2941 442 2990 apparet
472 2950 525 2978 ex
555 2937 662 2979 Plin.
691 2939 800 2990 Epp.
825 2939 890 2988 40,
915 2939 981 2987 62,
1005 2940 1054 2978 ⁶2:
1124 2935 1181 2975 ad
1209 2936 1294 2975 Att.
1319 2936 1364 2985 5,
1396 2934 1436 2984 4,
1468 2935 1516 2974 3:
1549 2936 1612 2974 De
1642 2934 1772 2984 Oppio
1802 2933 1898 2974 bene
1927 2944 2003 2973 cu-

179 3000 506 3041 distribuendam
534 3002 643 3040 inter
672 3001 911 3040 decuriones
934 3013 1060 3051 pecu·
1121 2999 1248 3047 rasti,
1288 2998 1397 3048 quod
1427 2998 1464 3037 ei
1491 2997 1643 3037 DCCC.
1676 2996 1924 3047 exposuisti,
1957 2995 2001 3035 id

179 3064 295 3103 niam
315 3064 401 3111 ita,
433 3067 479 3102 ut
506 3068 644 3103 recte
674 3065 734 3103 rei
757 3064 951 3113 publicae
979 3075 1060 3103 ca-
1123 3062 1212 3111 est,
1272 3061 1421 3100 einen
1471 3059 1642 3100 Credit
1686 3058 2000 3111 anqewiesen

176 3129 342 3166 veant.
377 3125 485 3165 Cod.
510 3126 558 3173 2,
593 3124 639 3173 4,
662 3126 710 3165 2:
741 3130 877 3165 recte
906 3130 1059 3166 cauta
1120 3122 1268 3174 hast.)

172 3188 375 3238 pecunia,
409 3188 452 3226 et
482 3187 545 3226 sic
575 3185 805 3236 aliquoties
832 3188 950 3238 apud
971 3189 1058 3227 Ga—

178 3250 270 3289 ium
311 3253 442 3298 recte,
490 3248 534 3288 id
564 3249 654 3296 est,
705 3249 902 3299 «optimo
932 3250 1052 3299 iure,
1177 3247 1376 3288 406-408.
1424 3248 1608 3287 Maiores
1636 3247 1738 3298 cet.]
1779 3247 1873 3285 Non
1904 3244 1997 3283 sine

177 3310 420 3362 legitime.»
472 3311 547 3350 Est
586 3310 738 3360 igitur:
788 3311 1055 3362 «pecuniam
1121 3311 1315 3361 quadam
1345 3309 1506 3350 malitia
1538 3310 1581 3349 in
1609 3310 1694 3349 hoc
1713 3306 1999 3359 potissimum

176 3378 307 3422 reete,
356 3373 399 3413 id
430 3374 517 3422 est,
565 3384 588 3411 a
620 3371 821 3411 debitore
853 3371 1055 3423 legitimis
1118 3374 1345 3413 versatam
1361 3383 1460 3413 esse
1478 3372 1582 3411 dicit
1597 3379 1822 3411 summam
1835 3367 1997 3407 doctri*-

179 3435 573 3486 chirographorum
606 3435 659 3483 (v.
686 3434 838 3473 Gaium
864 3434 909 3482 3,
943 3434 1053 3485 434.)
1119 3446 1224 3483 nae,
1268 3445 1402 3485 quam
1434 3433 1764 3479 adolescentes,
1812 3440 1915 3470 cum
1946 3440 1995 3470 se

180 3496 377 3538 formulis
417 3502 588 3537 cautam
617 3497 719 3536 huic
750 3496 935 3536 credere
969 3496 1054 3547 (fe-
1083 3471 1088 3519 Ι
1119 3498 1347 3547 tamquam
1393 3493 1733 3535 contubernales
1777 3495 1852 3533 aut
1890 3492 1995 3533 iuris
