2231 3787
866 272 963 312 LIB.
999 272 1046 311 11.
1109 272 1220 311 SAT.
1254 272 1321 311 111.

260 405 434 457 Iratus
474 403 592 463 tibi,
636 402 782 475 quod
820 402 926 455 vini
967 402 1252 473 somnique
1294 401 1559 472 benignus

256 504 335 558 Nil
376 505 597 576 dignum
638 521 887 558 sermone
927 520 1106 557 canas.

258 606 631 660 Saturnalibus
671 606 775 659 huc
814 605 1006 677 fugisti.

258 709 353 763 Dic
394 708 598 780 aliquid
639 708 855 779 dignum
896 707 1198 778 promissis:
1242 707 1433 779 incipe.

1085 604 1311 659 Sobrius
1351 622 1480 676 ergo

1184 503 1326 568 Quid
1364 503 1493 557 fiet?
1531 505 1594 556 At
1632 503 1762 575 ipsis

1974 606 2005 656 Ue

1509 706 1588 759 Nil
1630 715 1726 760 est.

297 899 335 940 4.
368 900 426 938 Ab
456 898 588 950 bScp,
623 899 815 938 Potticrii
845 897 1071 950 plerique,
1106 898 1262 938 LCtFJ.
1297 897 1366 948 (Ac
1395 908 1418 936 e
1443 896 1581 937 Codd.
1607 895 1805 936 Blandin.
1840 895 1953 934 anti-

242 963 396 1014 quiss,
422 962 540 1001 Leid.
574 963 615 1001 et
639 972 704 1013 pr.
740 962 889 1012 Regin.
923 960 1145 1001 Bentleius
1177 963 1219 1000 et
1250 962 1304 1001 M.
1339 960 1569 1000 Accedunt
1607 962 1697 999 tres
1728 958 1952 1007 Pottierii.)

247 1048 290 1053 —
325 1027 364 1064 5.
396 1025 540 1076 fugisti
570 1024 743 1064 sobrius.
803 1025 918 1075 Erqo
949 1024 1219 1074 distinguunt
1241 1022 1486 1070 Bentleius,
1521 1024 1574 1062 M.
1626 1022 1715 1071 («In
1737 1032 1824 1060 uno
1848 1021 1960 1061 Cru-

243 1089 334 1138 quii
364 1086 593 1128 Blandinio
624 1098 704 1139 pro
735 1098 833 1139 eryo
857 1089 950 1127 erat
972 1091 1068 1126 esto.
1107 1086 1301 1126 Venusta
1333 1096 1439 1126 sane
1471 1083 1644 1125 lectio.»
1677 1085 1845 1134 Brsrt.)

188 1255 271 1295 mis
302 1253 454 1293 itidem
487 1252 627 1292 Codd.
663 1252 859 1300 firmata,
891 1251 950 1291 Ab
973 1252 1070 1301 ipsis

189 1317 369 1357 minime
401 1316 639 1367 significat,
681 1316 728 1354 ut
766 1313 960 1354 nonnulli
991 1325 1068 1353 ca-

187 1379 384 1420 lumniati
416 1380 542 1418 sunt:
592 1377 719 1417 «inde
751 1377 806 1417 ab
846 1377 951 1428 ipsis
989 1377 1068 1416 Sa—

187 1440 478 1488 turnalibus,»
498 1440 575 1481 sed
600 1440 838 1488 diceretur,
859 1441 905 1479 ut
924 1439 1069 1490 fuyere

187 1516 216 1544 a
238 1504 408 1554 patria,
451 1503 503 1542 ab
532 1504 643 1543 hoste
671 1514 752 1555 pro
782 1503 878 1542 his:
924 1503 1070 1553 fugere

181 1567 396 1617 patriam,
420 1567 585 1606 hostem.
621 1566 747 1614 Quod
768 1568 918 1605 autem
940 1566 1069 1604 Bent-

186 1628 296 1669 leius
328 1629 520 1680 quaerit:
555 1628 815 1676 «Quomodo
845 1627 900 1667 ab
923 1628 1070 1666 Satur-

186 1691 358 1732 nalibus
389 1691 541 1742 fugere
572 1692 742 1742 potuit?
792 1690 922 1742 quid,
969 1700 1068 1730 ma-

185 1753 302 1803 lum,
354 1764 501 1793 annon
549 1755 640 1793 tam
687 1765 789 1794 rure
840 1763 976 1804 quam
1024 1753 1068 1791 in

186 1815 297 1857 urbe
330 1817 425 1856 dies
456 1816 752 1856 Saturnalium
782 1817 962 1856 erant‘2»
1002 1815 1067 1855 fa-

186 1878 266 1919 cile
298 1879 407 1920 solvi
437 1882 639 1929 poterat:
691 1881 828 1928 «ruri,
862 1881 910 1918 ut
941 1877 1066 1918 vole-

184 1941 284 1990 bat,
332 1952 561 1982 summum
604 1953 687 1993 per
730 1943 869 1981 otium
912 1941 1064 1980 vivere

185 2007 357 2056 poterat
378 2006 601 2054 Horatius,
634 2005 677 2044 in
697 2004 809 2044 urbe
831 2015 919 2043 non
940 2004 1063 2053 item,

185 2067 262 2107 ubi
303 2068 516 2108 conviviis
560 2068 776 2108 interesse
823 2066 1063 2107 debebat.»

240 2132 279 2170 5.
312 2130 621 2182 Saturnalibus]
645 2128 912 2178 Saturnalia,
946 2127 1066 2186 Κρό-

186 2205 286 2241 νια,
320 2191 663 2232 celebrabantur
682 2203 706 2231 a
731 2191 800 2232 die
831 2192 938 2231 XVI.
972 2190 1062 2231 Kal.

186 2257 275 2295 Ian.
325 2255 381 2305 (d.
427 2256 491 2295 Π.
529 2267 588 2295 m.
627 2254 884 2305 Decembr.)
922 2258 1065 2305 usque

187 2319 244 2358 ad
272 2318 380 2357 XIV.
403 2317 495 2357 Kal.
520 2319 611 2357 Ian.
648 2318 749 2366 (Liv.
775 2318 842 2366 30,
875 2317 949 2357 36:
983 2317 1067 2356 Sa—

185 2380 420 2420 turnalibus
451 2380 615 2429 primis.
667 2380 757 2419 Cic.
782 2379 839 2418 ad
867 2380 952 2418 Att.
989 2378 1063 2427 43,

186 2444 261 2490 52,
302 2443 347 2481 t:
389 2443 575 2482 secundis
604 2441 912 2481 Saturnalibus.
976 2440 1067 2480 lbi-

187 2506 315 2545 dem:
365 2505 494 2544 tertiis
523 2504 833 2544 Saturnalibus.
895 2504 1065 2554 Lipsius

187 2566 401 2609 saturnal.
427 2569 443 2607 t
469 2600 478 2615 ,
511 2567 535 2607 3
567 2569 610 2607 et
639 2567 695 2617 4.)
728 2568 771 2606 in
801 2567 1065 2606 memoriam

187 2632 359 2683 priscae
386 2631 618 2670 hominum
639 2631 754 2669 vitae
770 2661 779 2677 ,
812 2629 888 2669 ubi
909 2639 1066 2669 omnes

186 2693 339 2743 liberi,
391 2703 548 2733 omnes
596 2694 711 2733 inter
758 2703 806 2733 se
855 2690 1066 2743 aequales

187 2757 384 2804 suerant;
423 2757 631 2796 continuo
661 2756 792 2807 igitur
821 2754 1068 2807 epulaban-

186 2822 273 2869 tur,
289 2818 516 2867 ludebant,
532 2817 649 2858 dona
660 2817 744 2858 sibi
764 2818 954 2857 invicem
971 2818 1069 2857 mit-

188 2882 361 2931 tebant,
395 2881 563 2922 domini
582 2882 747 2930 servis,
779 2880 940 2932 quibus
960 2883 1066 2921 tunc

186 2944 368 2985 libertas
389 2943 565 2984 dicendi
591 2954 804 2984 concessa
836 2945 932 2983 erat
962 2944 1064 2993 (Sat.

187 3008 237 3055 ⁶3,
284 3007 332 3055 7,
377 3005 452 3056 4.),
496 3006 580 3045 ioci
623 3016 755 3045 causa
791 3004 1067 3057 apparebant

189 3068 246 3109 ad
289 3078 484 3107 mensas.
556 3067 722 3118 Lepide
758 3069 914 3118 totum,
960 3066 1066 3107 illud

188 3129 402 3172 sollemne
433 3129 646 3169 describit
674 3131 893 3171 Lucianus
922 3131 966 3170 in
987 3131 1066 3170 Sa-

188 3192 433 3234 turnalibus
463 3193 512 3231 2:
560 3193 710 3232 πίνειν
748 3193 830 3232 καὶ
868 3187 1065 3244 μεθύειν

189 3257 270 3297 καὶ
290 3253 417 3309 βοᾷν
438 3254 519 3294 καὶ
541 3255 721 3305 παίζειν
742 3255 823 3295 καὶ
843 3253 1064 3303 κυβεύειν

189 3319 271 3359 καὶ
318 3313 559 3376 ἄρχοντας
607 3316 934 3357 καθίστασθαι
982 3319 1063 3358 καὶ

190 3376 303 3430 τοὺς
333 3381 521 3430 οἰκέτας
551 3374 749 3427 εὐωχεῖν
771 3379 852 3419 καὶ
880 3377 1064 3433 γυμνὸν

189 3439 319 3498 ᾄδει-ν
366 3442 447 3482 καὶ
499 3445 686 3500 κροτεῖν
734 3435 1066 3499 ὑποτρέμοντα

1134 1255 1288 1297 Catull.
1317 1256 1388 1304 14,
1414 1257 1486 1296 15ῑ
1519 1256 1837 1305 Saturnalibus,
1861 1256 2014 1305 optimo

1132 1319 1306 1359 dierum.
1375 1320 1469 1367 Quo
1514 1318 1569 1358 de
1615 1319 1800 1369 strepitu
1845 1319 2014 1357 Seneca

1131 1382 1268 1433 Epist.
1296 1381 1346 1421 48
1368 1393 1375 1419 :
1407 1380 1632 1420 December
1653 1385 1710 1420 est
1730 1381 1898 1429 mensis,
1921 1392 2015 1420 cum

1133 1445 1318 1483 maatime
1354 1443 1501 1482 civitas
1534 1444 1719 1482 desudat.
1779 1444 1848 1482 Ius
1885 1444 2016 1482 lumc-

1131 1507 1223 1545 riae
1247 1505 1410 1555 publice
1440 1507 1585 1544 datum
1615 1509 1684 1544 est.
1744 1505 1905 1556 Inyenti
1935 1517 2016 1555 ap-

1125 1573 1288 1619 paratu
1315 1572 1464 1608 sonant
1494 1569 1650 1608 omnia.
1712 1568 1763 1607 Et
1802 1568 2014 1607 Saturna-

1130 1630 1270 1680 libus,
1317 1632 1515 1671 Senecae
1554 1631 1676 1670 certe
1715 1629 2010 1680 temporibus,

1129 1692 1366 1745 voluptatis
1388 1703 1544 1741 causa,
1567 1695 1615 1731 ut
1635 1693 1694 1731 ait
1714 1691 1906 1739 ibidem,
1942 1693 2011 1730 to-

1130 1767 1231 1807 gam
1277 1755 1512 1796 exuebant.
1549 1776 1596 1783 -
1628 1753 1725 1805 huc]
1768 1755 1835 1793 «in
1864 1752 2013 1793 villam

1131 1822 1252 1859 tuam
1292 1819 1545 1858 Sabinam.»
1608 1818 1798 1857 Ditiores
1829 1816 2014 1855 Romani

1130 1881 1355 1921 habebant
1376 1880 1498 1921 villas
1519 1882 1562 1920 et
1583 1880 1774 1919 aestivas
1797 1881 1841 1918 et
1861 1878 2015 1918 hiber—

1130 1955 1232 1993 nas,
1266 1946 1314 1983 ut
1343 1943 1505 1984 Plinius
1536 1944 1682 1982 minor
1702 1943 1810 1994 Epp.
1835 1943 1880 1990 5,
1905 1942 1944 1981 6.
1969 1942 2012 1981 in

1129 2008 1283 2047 Tuscis
1304 2007 1395 2047 suis
1417 2007 1631 2046 aestivam
1655 2008 1698 2044 et
1718 2006 1757 2053 Ξ,
1783 2005 1847 2043 17,
1878 2005 2015 2043 «Lau-

1129 2071 1354 2111 rentinum
1400 2079 1436 2108 s.
1479 2069 1676 2108 Laurens
1718 2066 2010 2114 hibernum»,

1129 2132 1205 2172 ubi
1236 2133 1330 2183 ipse
1362 2142 1564 2182 quoque,
1598 2132 1646 2169 ut
1676 2129 1902 2176 Horatius,
1935 2139 2013 2167 ur-

1129 2195 1233 2234 bani
1263 2194 1474 2245 strepitus
1507 2192 1672 2232 vitandi
1703 2202 1834 2231 causa
1866 2192 2014 2230 Satur-

1130 2255 1303 2297 nalibus
1340 2256 1502 2306 degere
1535 2253 1721 2294 solebat.
1757 2253 1810 2303 (ἓ.
1835 2251 1919 2303 ⁶24.)
1962 2250 2013 2291 Il-

1129 2319 1205 2359 lud
1243 2329 1352 2358 vero
1392 2328 1612 2369 perquam
1652 2315 1888 2356 ridiculum
1919 2316 2008 2363 est,

1130 2381 1251 2432 quod
1293 2380 1616 2430 Damasippus,
1662 2389 1765 2418 cum
1809 2377 2012 2427 disputa-

1130 2442 1334 2483 tiunculis
1387 2442 1478 2482 suis
1546 2441 1701 2480 Stoicis
1760 2438 2011 2487 obtudisset

1130 2517 1260 2546 aures
1281 2505 1515 2544 hominum
1536 2505 1578 2543 in
1600 2502 1712 2542 urbe
1734 2501 2006 2552 degentium,

1130 2580 1205 2609 rus
1253 2567 1540 2620 persequitur
1599 2566 1846 2611 Horatium,
1909 2575 2010 2604 cer—

1130 2635 1199 2672 tus
1230 2632 1331 2683 post
1359 2629 1687 2669 exhortationes
1709 2628 1814 2667 istas
1836 2637 1884 2666 se
1907 2636 2011 2666 con—

1129 2695 1244 2734 vivio
1265 2693 1321 2733 ab
1356 2703 1409 2732 eo
1433 2693 1670 2742 exceptum
1699 2690 1774 2737 iri,
1807 2688 1928 2739 quod
1949 2687 2010 2728 fe-

1130 2759 1207 2798 stis
1250 2755 1330 2797 illis
1368 2753 1527 2795 diebus
1570 2754 1614 2793 in
1643 2752 1755 2792 urbe
1784 2753 1857 2791 vix
1887 2751 2010 2802 quis-

1131 2831 1267 2872 quam
1298 2820 1336 2858 ei
1378 2816 1661 2869 praebuisset
1704 2814 1761 2854 ob
1805 2815 2004 2860 metum,

1130 2894 1187 2923 ne
1228 2879 1475 2930 aretalogus
1516 2879 1712 2919 convivis
1755 2875 2007 2917 molestiam

1131 2944 1376 2986 exhiberet.
1412 2964 1458 2970 —
1490 2941 1664 2981 Sobrius
1691 2939 1794 2990 cet.]
1826 2939 1920 2978 Hoc
1946 2937 2009 2977 di-

1130 3009 1208 3049 cit:
1245 3008 1384 3047 «Cum
1415 3006 1490 3056 qui
1520 3005 1563 3044 in
1581 3002 1694 3043 urbe
1716 3002 1869 3041 vivunt
1889 3010 2008 3040 nunc

1127 3070 1404 3110 luxurientur
1424 3069 1468 3107 et
1485 3065 1751 3119 plerumque
1773 3062 1884 3104 ebrii
1905 3062 2006 3110 sint,

1127 3135 1174 3173 tu
1207 3133 1253 3172 in
1294 3132 1379 3171 hac
1415 3128 1649 3170 solitudine
1693 3126 1870 3168 sobrius
1909 3135 2008 3164 ma-

1128 3206 1238 3236 nens
1270 3194 1365 3234 dic»
1398 3194 1482 3232 cet.

1183 3256 1327 3296 6-40.
1380 3255 1550 3306 diqnum
1583 3251 1826 3303 promissis]
1877 3252 1924 3289 Α.
1956 3249 2001 3287 Ρ.

1129 3319 1228 3359 438;
1277 3318 1384 3367 Quid
1424 3317 1595 3368 dignum
1636 3318 1750 3353 tanto
1796 3313 1899 3362 feret
1941 3309 2006 3347 hic

1120 3382 1352 3432 promissor
1380 3379 1529 3419 hiatu?
1570 3400 1616 3407 —
1662 3377 1733 3416 Nil
1775 3373 1851 3423 est]
1904 3371 2004 3410 «Ni-

1129 3443 1186 3483 hil
1215 3443 1412 3494 proters3
1453 3441 1611 3480 frustra
1643 3450 1666 3478 a
1698 3441 1740 3476 te
1772 3433 2005 3485 exspecta-

190 3529 281 3555 --,
327 3501 479 3546 ταῦτα
531 3504 717 3554 ἐφεῖταί
765 3516 853 3556 μοι
893 3507 1060 3544 ποιεῖν.
1128 3516 1229 3545 mus
1268 3505 1414 3554 magni
1454 3501 1616 3552 aliquid
1657 3502 1697 3539 et
1741 3494 2000 3548 praeclari.»
