2231 3787
782 248 878 287 Atts
910 247 1149 287 PoETtizt

143 378 381 448 ignotum
424 377 652 446 tragicae
693 394 861 445 genus
903 376 1170 455 invenisse
1211 377 1475 429 Camena(-
1778 377 1878 427 ‘2733

140 478 342 531 Dicitur
380 486 432 530 et
470 477 720 548 plaustris
758 478 968 531 vexisse
1009 483 1254 548 poemata
1296 479 1330 529 Τ
1336 476 1539 547 hespiS.

137 579 288 641 Quae
328 588 581 631 canerent
621 588 950 650 agerentque
990 579 1229 650 peruncti
1271 578 1508 632 faecibus
1549 596 1657 630 ora.

140 680 264 731 Post
303 678 441 732 hunc
483 696 747 749 personae
789 679 1070 750 pallaeque
1113 690 1354 751 repertor
1394 679 1648 733 honestae

116 867 269 906 dictum
299 877 410 906 unus
444 867 568 906 Feae.
601 891 639 894 —
679 868 768 906 277.
796 869 872 916 Qui
905 867 1125 906 ltentieius
1158 870 1425 907 vonit-vtum.

61 1033 285 1092 χάριτας,
322 1033 515 1086 Βάκχος
543 1030 621 1076 ὅτε
654 1039 834 1092 τοιττιῐ
859 1049 938 1075 κα-

60 1095 197 1152 τάγοι
249 1095 429 1168 χορρν,
479 1090 516 1152 ᾧ
566 1095 671 1154 τρά)
672 1112 738 1148 ος
786 1097 938 1138 αἴθων

58 1156 307 1210 Χώττικὸς
325 1173 383 1212 ην
393 1173 554 1201 σιιων
565 1173 768 1216 αηυιχος
783 1153 936 1200 ἆθλον

58 1218 142 1264 ἔτι.
165 1225 328 1265 Chron.
349 1226 441 1264 Pal.
461 1225 528 1265 58.
549 1237 591 1277 p.
608 1225 702 1264 304.
722 1225 932 1264 Boeckhs

54 1281 150 1337 Ἀφ
183 1278 240 1327 οὗ
274 1286 455 1357 Θέσπις
483 1282 510 1326 6
548 1283 751 1340 ποιητὴς
797 1282 934 1338 [ἐφά-

57 1349 156 1403 νη,]
204 1346 389 1406 πρῶτος
427 1345 484 1400 ὃς
514 1346 695 1401 ἐδίδαξε·
727 1348 934 1406 [δρ]ἆ[μα

56 1411 107 1452 ἑν
148 1403 316 1464 ἅ]στ[ει
350 1413 430 1452 καὶ
468 1412 560 1464 ε]τε’
564 1413 625 1466 9η
659 1409 686 1452 6
707 1409 933 1480 Ἣ·ι[]ράγος

56 1466 285 1526 [ἆθλον]ἰ
269 1469 351 1527 ἐτη
382 1474 623 1527 ΙΙΗΙΙ[ΔΔ]
645 1499 667 1505 -
694 1469 933 1531 αόχοντος

51 1531 343 1589 Ἀθ[ήνησι].
408 1568 416 1575 .
444 1568 452 1576 .
480 1539 615 1578 ιαὶου
647 1536 731 1577 τοῦ
764 1538 932 1592 προτέ-

54 1610 157 1656 ρου.
194 1599 344 1647 «Quod
366 1568 423 1639 ad
444 1610 608 1640 annum
632 1601 799 1649 attinet,
823 1611 933 1640 con-

55 1660 302 1701 sistendum
332 1672 439 1702 sane
463 1662 507 1701 in
529 1660 701 1713 Olymp.
728 1663 794 1701 64.
820 1663 933 1702 eius—

55 1733 141 1774 que
159 1722 299 1763 tribus
315 1724 538 1775 prioribus
556 1725 723 1764 annis.»
743 1726 927 1764 Boscxn.

53 1796 94 1825 a.
114 1785 217 1826 Chr.
237 1786 438 1827 536-534.
457 1786 540 1827 sub
558 1788 796 1828 Pisistrato.
822 1789 932 1828 The-

52 1846 189 1900 spidis
219 1849 377 1888 merita
407 1850 572 1901 optime
604 1851 805 1901 exposuit
832 1851 931 1890 Ari—

51 1908 232 1950 stoteles
262 1910 379 1962 apud
402 1911 691 1951 Themistium
715 1913 754 1951 ei
778 1912 833 1950 ita
855 1911 931 1951 ad-

50 1973 307 2011 versantem
336 1972 407 2011 Or.
431 1972 498 2011 26.
523 1983 621 2024 pag.
646 1972 740 2013 382.
774 1972 926 2013 Dind.·

45 2025 180 2072 Ἀλλὰ
209 2032 291 2072 καὶ
314 2028 352 2089 ᾖ
377 2030 530 2086 σεμιὴ
551 2032 789 2090 τραγωδία
808 2031 928 2086 μετὰ

50 2091 211 2147 πάσης
241 2089 367 2147 (Suos)
409 2092 496 2148 τῆς
525 2094 704 2148 σκευῆς
732 2096 813 2136 καὶ
843 2095 928 2137 τοῦ

50 2154 246 2213 χοροῦ
249 2134 330 2197 rsa).
361 2155 455 2197 τῶν
485 2154 755 2215 ὑποκριτῶν
785 2171 930 2216 παρε-

50 2203 255 2273 λη’λυιῖεν
299 2219 348 2271 ἐς
391 2217 447 2260 τὸ
487 2220 713 2278 θέατρον·
758 2222 838 2261 καὶ
871 2234 927 2262 ου

52 2281 356 2338 προσέχομεν
398 2277 705 2353 Ἀριστοτελει
754 2277 827 2323 ὅτι
872 2280 928 2323 τὸ

49 2342 140 2397 μὲν
167 2342 356 2401 πρῶτον
377 2339 414 2384 6
444 2342 594 2402 χορὸς
623 2342 784 2385 εἰσιών
816 2337 929 2403 ᾖδεν

51 2407 121 2458 εἰς
149 2403 263 2458 τοὺς
282 2404 452 2458 θεούς,
486 2407 663 2459 Θέσπις
683 2407 733 2449 δὲ
754 2406 930 2466 πρόλο-

49 2465 138 2523 γόν
166 2481 217 2510 τε
246 2470 326 2510 καὶ
351 2465 494 2526 ῥῆσιν
513 2467 715 2527 ἑξεῦοεν,
748 2468 929 2520 Αἰσχύ-

50 2528 134 2582 λος
161 2529 212 2571 δὲ
241 2533 398 2588 τρίτον
429 2529 692 2590 ὑποκριτήν
738 2533 930 2585 (praeter

50 2592 238 2633 chorum
283 2595 326 2633 et
370 2591 790 2652 πρωταγωνιστήν)
846 2594 927 2634 καὶ

51 2649 362 2713 ὀκρίβαντας,
404 2653 463 2696 τὰ
491 2655 542 2697 δὲ
572 2655 715 2697 πλείω
745 2653 929 2697 τούτων

49 2715 362 2769 Σοφοκλέους
381 2715 724 2772 ἀπελαίσαμεν
743 2720 823 2759 καὶ
840 2714 930 2760 Εἰ·

48 2777 262 2837 ριπὶὅου,
307 2780 363 2821 ad
407 2793 542 2833 quem
585 2782 733 2823 locum
777 2785 926 2823 tamen

49 2840 106 2882 cf.
123 2842 340 2883 Ritterum
360 2843 415 2884 ad
431 2845 608 2886 Aristot.
628 2847 749 2885 Poet.
768 2856 811 2896 p.
831 2845 923 2886 445.

51 2923 99 2932 -
138 2904 343 2954 plaustris
378 2907 482 2959 cet.]
523 2908 657 2948 Error
693 2907 763 2946 hic
804 2909 926 2947 ortus

49 2965 225 3007 videtur
244 2978 298 3008 ex
318 2968 574 3009 confusione
596 2979 699 3009 cum
720 2969 786 3017 iis,
810 2979 925 3019 quae

8 3039 9 3042 ¹
48 3023 108 3068 τὰ
126 3027 181 3070 ἐκ
200 3027 297 3070 τῶν
315 3024 517 3082 ἁμαξῶν
536 3029 772 3071 vocabant.
806 3029 925 3070 Plato

7 3103 13 3114 ²
48 3090 179 3142 Legg
215 3092 254 3131 4.
290 3102 334 3144 p.
358 3092 454 3133 637.
483 3093 530 3133 B.
562 3092 739 3132 Suidats
774 3087 844 3132 Τά
872 3091 926 3132 ἐκ

0 3155 10 3180 ἵ
46 3148 143 3192 τῶν
170 3147 398 3206 ἁμαξῶν·
443 3152 521 3195 ἐπὶ
550 3152 645 3194 τῶν
672 3149 927 3211 ἀπαρακα-

3 3219 19 3267 ρ
47 3210 235 3265 λόπτως
243 3212 578 3256 σκωπτόντων.
593 3213 821 3269 Ἀθήνησι
834 3212 926 3273 γὰρ

0 3279 15 3322 ,ἕ
47 3272 101 3315 ἐν
126 3273 185 3334 τῇ
217 3273 312 3317 τῶν
329 3274 478 3317 Χοῶν
505 3275 648 3336 ἑορτῇ
681 3278 732 3317 οἱ
758 3274 924 3330 κωμά-

0 3346 10 3361 *
48 3337 207 3388 ζοντες
225 3337 302 3380 ἐπὶ
321 3336 416 3379 τῶν
434 3334 634 3392 ἁμαξῶν
649 3336 763 3391 τοὺς
776 3335 926 3380 ἀπαν-

49 3395 230 3451 τῶντας
263 3395 514 3442 εσκωπτόν
551 3414 602 3442 τε
629 3403 711 3443 καὶ
740 3400 924 3444 ἐλοιδό-

51 3473 183 3518 ρουν.
212 3461 269 3504 τὸ
297 3463 337 3504 δ’
369 3461 490 3506 αὐτὸ
520 3467 598 3507 καὶ
620 3470 722 3517 τοῖς
742 3466 923 3519 Ληναί-

1527 869 1616 921 um]
1650 871 1754 907 utris
1777 870 1818 908 tt.

1004 1049 1074 1086 οις
1107 1029 1307 1093 ὕστεηον
1337 1038 1548 1078 ε’,τοίουικ
1597 1042 1725 1078 (Lertc
1765 1043 1875 1079 sinti-

1001 1099 1266 1148 quissimuin
1306 1111 1467 1139 scenae
1498 1112 1636 1151 genus
1667 1104 1761 1140 crat
1791 1114 1875 1142 non

1001 1158 1263 1211 plaustrum,
1289 1162 1367 1201 sed
1390 1160 1461 1201 ελε
1468 1159 1523 1211 ός
1528 1159 1765 1218 ,τράπεζα
1791 1158 1875 1220 ἁρ-

1000 1222 1143 1269 χαῖα
1190 1235 1246 1270 εᾳ
1306 1219 1364 1274 ἢν
1401 1219 1492 1280 :106
1531 1226 1591 1264 Θῑ-
1591 1223 1765 1276 onlong
1808 1231 1875 1275 εἰς

999 1296 1068 1335 τις
1111 1279 1298 1335 ἀναβὰς
1337 1290 1438 1336 τοῖς
1478 1291 1731 1342 χορευταῖς
1759 1283 1847 1328 ἁπε-
1841 1311 1874 1318 —

999 1349 1206 1403 κρίιατο.
1230 1346 1377 1387 Pollux
1395 1349 1473 1388 On.
1495 1349 1534 1395 4,
1551 1350 1640 1389 423.
1666 1351 1873 1393 itandius

999 1411 1041 1449 in
1065 1411 1295 1450 Prooeniio
1313 1412 1483 1452 lenensi
1506 1413 1674 1452 aestivo
1691 1425 1730 1451 a.
1754 1413 1870 1453 4849.

996 1472 1211 1523 probasse
1252 1472 1410 1512 dicitur
1441 1476 1623 1514 Acronis
1654 1476 1873 1527 interpre—

996 1535 1170 1574 tationis
1214 1545 1462 1575 summam:
1529 1537 1752 1589 «Thespis
1797 1538 1872 1577 suit

996 1597 1298 1645 Atheniensis,
1333 1598 1406 1648 qui
1435 1599 1604 1649 primus
1624 1599 1873 1650 tragoedias

997 1659 1180 1706 invenit,
1229 1659 1284 1698 ad
1326 1671 1435 1710 quas
1477 1661 1727 1702 recitandas
1758 1662 1871 1701 circa

994 1722 1115 1760 x‘icos
1159 1720 1355 1773 plaustro
1400 1733 1580 1774 quoque
1624 1723 1874 1763 vehebatur

995 1786 1096 1822 ante
1113 1784 1413 1824 inventionem
1430 1795 1638 1824 scenae.»
1655 1785 1750 1823 vid.
1770 1786 1873 1824 Zeit-

992 1845 1135 1895 schrist
1170 1846 1201 1895 f.
1232 1846 1443 1885 Alter-thu).
1480 1846 1568 1885 vll.
1602 1858 1644 1897 p.
1675 1846 1787 1897 544.)
1823 1870 1866 1875 -

989 1907 1174 1958 faecibus
1201 1908 1295 1957 ora]
1340 1905 1358 1941 «ὲ
1373 1919 1427 1948 ne
1471 1911 1867 1959 cognoscerentur:

994 1968 1191 2008 nondum
1229 1969 1347 2008 enim
1384 1981 1492 2010 usus
1527 1973 1624 2010 erat
1654 1981 1872 2022 persona-

994 2036 1128 2070 rum.
1119 2045 1137 2065 ›
1170 2031 1321 2070 Senot..
1334 2063 1342 2079 ,
1377 2033 1441 2081 (ac
1471 2030 1671 2072 similiter
1691 2033 1871 2072 Tzetzes

995 2092 1142 2131 Cram.
1166 2103 1210 2144 p.
1235 2092 1340 2137 335
1373 2094 1446 2133 2οῑ
1480 2095 1610 2151 τρυγὶ
1642 2096 1870 2164 κατακρί-

994 2164 1137 2192 σαντε
1140 2166 1163 2203 ς
1207 2147 1366 2193 αὐτῶν
1409 2151 1495 2205 τὰς
1538 2156 1654 2206 θεας
1690 2151 1870 2209 ἀγνω-

994 2211 1346 2267 στοφανῶς.)
1377 2217 1456 2257 sed
1488 2217 1673 2258 sortasse
1699 2220 1868 2258 tantum

996 2279 1077 2319 ioci
1101 2281 1144 2318 et
1164 2277 1366 2319 lasciviae
1389 2289 1537 2319 causa.
1572 2280 1737 2319 Verum
1759 2280 1870 2320 haec

994 2341 1138 2392 potius
1168 2340 1224 2379 ad
1256 2341 1421 2391 primas
1447 2341 1705 2381 comoediae
1737 2342 1869 2392 origi-

993 2413 1072 2443 nes
1100 2403 1345 2454 pertinent,
1378 2403 1461 2443 nisi
1482 2405 1626 2443 omnia
1649 2402 1748 2443 ficta
1768 2407 1869 2444 sunt

995 2476 1047 2504 ex
1088 2476 1129 2502 v.
1172 2462 1407 2522 τρυγῳδία
1449 2465 1864 2517 (Hesenyesany).

996 2550 1039 2555 —
1073 2528 1164 2580 ora]
1202 2528 1308 2567 Mira
1339 2527 1521 2578 quidem
1553 2530 1619 2568 est
1641 2527 1815 2568 Codicis
1835 2529 1866 2568 B

993 2589 1285 2639 antiquissimi
1307 2588 1436 2629 lectio
1457 2590 1583 2638 atri-3,
1615 2589 1696 2630 sed
1718 2592 1866 2630 tamen

993 2662 1119 2691 mero
1150 2663 1203 2691 ex
1234 2663 1386 2692 errore
1418 2654 1527 2692 orta.

1074 2713 1247 2754 78-280.
1275 2714 1492 2766 personae]
1526 2715 1617 2754 Hoc
1638 2714 1866 2754 inventum

993 2775 1186 2816 nonnulli
1224 2776 1480 2817 tribuebant
1515 2777 1601 2817 iam
1640 2776 1864 2828 Thespidi,

991 2841 1102 2879 teste
1147 2839 1300 2879 Suida:
1348 2838 1538 2897 πρῶτον
1574 2838 1664 2893 μὲν
1694 2841 1867 2896 χοίσας

990 2898 1046 2941 τὸ
1075 2898 1335 2973 τρόσωπρν
1353 2902 1577 2957 ψιιιιθίῳ
1596 2899 1864 2960 ετραγώδη-

990 2976 1095 3014 σεν,
1128 2970 1231 3005 elta
1257 2961 1504 3024 ἀνδράχνῃ
1525 2966 1793 3007 &canaan
1813 2979 1864 3006 εν

990 3026 1053 3081 τῷ
1073 3025 1447 3078 επιδείκνυσθαι,
1472 3030 1554 3069 καὶ
1572 3024 1694 3081 μετὰ.
1715 3024 1864 3068 ταῦτα

989 3087 1235 3144 εἰσήνεγκε
1263 3092 1345 3132 καὶ.
1372 3088 1461 3145 τὴν
1480 3090 1574 3132 τῶν
1595 3093 1865 3149 προσωπεί-

989 3165 1055 3191 ων
1084 3151 1260 3211 χρῆσιν
1288 3154 1340 3195 ἑν
1365 3151 1495 3213 μόνῃ
1532 3149 1686 3212 ὀθόνῃ
1717 3164 1863 3193 κατα-

988 3215 1248 3268 σκευάσας.
1294 3218 1416 3258 Hanc
1445 3226 1685 3269 personam
1714 3214 1863 3267 perse-

989 3279 1107 3320 cisse
1136 3279 1385 3332 Aeschylus
1405 3279 1600 3326 videtur,
1632 3281 1680 3317 ut
1708 3289 1861 3333 χαρα-

987 3339 1166 3399 κτῆρας
1203 3343 1415 3390 deorum,
1461 3342 1650 3381 heroum
1687 3341 1862 3379 cetero-

985 3415 1177 3456 rumque
1206 3408 1407 3445 actorum
1437 3403 1685 3443 accuratius
1714 3401 1862 3452 expri-

986 3470 1144 3508 meret.
1192 3489 1238 3496 —
1284 3465 1535 3518 pallaeque]
1597 3463 1856 3520 σύρματος.
