<?xml version="1.0" encoding="UTF-8"?>
<!DOCTYPE html PUBLIC "-//W3C//DTD XHTML 1.0 Transitional//EN"
    "http://www.w3.org/TR/xhtml1/DTD/xhtml1-transitional.dtd">
<html xmlns="http://www.w3.org/1999/xhtml" xml:lang="en" lang="en">
 <head>
  <title>
</title>
<meta http-equiv="Content-Type" content="text/html;charset=utf-8" />
  <meta name='ocr-system' content='tesseract 3.04.00' />
  <meta name='ocr-capabilities' content='ocr_page ocr_carea ocr_par ocr_line ocrx_word'/>
</head>
<body>
  <div class='ocr_page' id='page_1' title='image "./qhoratiusflaccus02horauoft_0060.png"; bbox 0 0 2231 3787; ppageno 0'>
   <div class='ocr_carea' id='block_1_1' title="bbox 266 225 1465 278">
    <p class='ocr_par' dir='ltr' id='par_1_1' title="bbox 266 225 1465 278">
     <span class='ocr_line' id='line_1_1' title="bbox 266 225 1465 278; baseline -0.003 -11"><span class='ocrx_word' id='word_1_1' title='bbox 266 226 331 278; x_wconf 68' lang='grc'><strong>46</strong></span> <span class='ocrx_word' id='word_1_2' title='bbox 919 226 1132 266; x_wconf 72' lang='lat' dir='ltr'>HORATII</span> <span class='ocrx_word' id='word_1_3' title='bbox 1165 225 1465 266; x_wconf 64' lang='lat' dir='ltr'>SATIRARL&#39;M</span> 
     </span>
    </p>
   </div>
   <div class='ocr_carea' id='block_1_2' title="bbox 265 354 1652 429">
    <p class='ocr_par' dir='ltr' id='par_1_2' title="bbox 265 354 1652 429">
     <span class='ocr_line' id='line_1_2' title="bbox 265 354 1652 429; baseline -0.004 -18"><span class='ocrx_word' id='word_1_4' title='bbox 265 358 342 411; x_wconf 80' lang='lat' dir='ltr'><strong>Nil</strong></span> <span class='ocrx_word' id='word_1_5' title='bbox 384 358 610 429; x_wconf 83' lang='lat' dir='ltr'><strong>aequale</strong></span> <span class='ocrx_word' id='word_1_6' title='bbox 652 357 848 410; x_wconf 85' lang='lat' dir='ltr'><strong>homini</strong></span> <span class='ocrx_word' id='word_1_7' title='bbox 892 357 985 409; x_wconf 80' lang='lat' dir='ltr'><strong>suit</strong></span> <span class='ocrx_word' id='word_1_8' title='bbox 1026 356 1131 419; x_wconf 75' lang='lat' dir='ltr'><strong>illi,</strong></span> <span class='ocrx_word' id='word_1_9' title='bbox 1174 373 1338 426; x_wconf 84' lang='lat' dir='ltr'><strong>saepe</strong></span> <span class='ocrx_word' id='word_1_10' title='bbox 1381 354 1525 408; x_wconf 76' lang='lat' dir='ltr'><strong>velut</strong></span> <span class='ocrx_word' id='word_1_11' title='bbox 1564 355 1652 424; x_wconf 75' lang='lat' dir='ltr'><strong>qui</strong></span> 
     </span>
    </p>
   </div>
   <div class='ocr_carea' id='block_1_3' title="bbox 266 454 2087 530">
    <p class='ocr_par' dir='ltr' id='par_1_3' title="bbox 266 454 2087 530">
     <span class='ocr_line' id='line_1_3' title="bbox 266 454 2087 530; baseline -0.007 -15"><span class='ocrx_word' id='word_1_12' title='bbox 266 460 529 515; x_wconf 87' lang='lat' dir='ltr'><strong>Currebat</strong></span> <span class='ocrx_word' id='word_1_13' title='bbox 567 460 774 530; x_wconf 77' lang='lat' dir='ltr'><strong>fugiens</strong></span> <span class='ocrx_word' id='word_1_14' title='bbox 814 458 1049 517; x_wconf 78' lang='lat' dir='ltr'><strong>hostem,</strong></span> <span class='ocrx_word' id='word_1_15' title='bbox 1093 475 1359 529; x_wconf 88' lang='lat' dir='ltr'><strong>persaepe</strong></span> <span class='ocrx_word' id='word_1_16' title='bbox 1399 456 1545 510; x_wconf 80' lang='lat' dir='ltr'><strong>velut</strong></span> <span class='ocrx_word' id='word_1_17' title='bbox 1585 456 1675 526; x_wconf 77' lang='lat' dir='ltr'><strong>qui</strong></span> <span class='ocrx_word' id='word_1_18' title='bbox 2031 454 2087 505; x_wconf 69' lang='lat' dir='ltr'><strong>li)</strong></span> 
     </span>
    </p>
   </div>
   <div class='ocr_carea' id='block_1_4' title="bbox 266 558 1709 630">
    <p class='ocr_par' dir='ltr' id='par_1_4' title="bbox 266 558 1709 630">
     <span class='ocr_line' id='line_1_4' title="bbox 266 558 1709 630; baseline -0.004 -14"><span class='ocrx_word' id='word_1_19' title='bbox 266 563 483 616; x_wconf 86' lang='lat' dir='ltr'><strong>Iunonis</strong></span> <span class='ocrx_word' id='word_1_20' title='bbox 524 579 677 615; x_wconf 88' lang='lat' dir='ltr'><strong>sacra</strong></span> <span class='ocrx_word' id='word_1_21' title='bbox 719 562 907 625; x_wconf 70' lang='lat' dir='ltr'><strong>ferret,</strong></span> <span class='ocrx_word' id='word_1_22' title='bbox 948 559 1180 614; x_wconf 87' lang='lat' dir='ltr'><strong>habebat</strong></span> <span class='ocrx_word' id='word_1_23' title='bbox 1220 576 1384 630; x_wconf 82' lang='lat' dir='ltr'><strong>saepe</strong></span> <span class='ocrx_word' id='word_1_24' title='bbox 1426 558 1709 612; x_wconf 73' lang='lat' dir='ltr'><strong>ducentos,</strong></span> 
     </span>
    </p>
   </div>
   <div class='ocr_carea' id='block_1_5' title="bbox 267 658 1888 736">
    <p class='ocr_par' dir='ltr' id='par_1_5' title="bbox 267 658 1888 736">
     <span class='ocr_line' id='line_1_5' title="bbox 267 658 1888 736; baseline -0.005 -17"><span class='ocrx_word' id='word_1_25' title='bbox 267 667 442 736; x_wconf 77' lang='lat' dir='ltr'><strong>Saepe</strong></span> <span class='ocrx_word' id='word_1_26' title='bbox 483 664 674 718; x_wconf 88' lang='lat' dir='ltr'><strong>decem</strong></span> <span class='ocrx_word' id='word_1_27' title='bbox 715 680 929 728; x_wconf 64' lang='lat' dir='ltr'><strong>servos,</strong></span> <span class='ocrx_word' id='word_1_28' title='bbox 966 662 1127 715; x_wconf 91' lang='lat' dir='ltr'><strong>modo</strong></span> <span class='ocrx_word' id='word_1_29' title='bbox 1168 679 1326 733; x_wconf 79' lang='lat' dir='ltr'><strong>reges</strong></span> <span class='ocrx_word' id='word_1_30' title='bbox 1367 669 1529 731; x_wconf 85' lang='lat' dir='ltr'><strong>atque</strong></span> <span class='ocrx_word' id='word_1_31' title='bbox 1569 658 1888 720; x_wconf 84' lang='lat' dir='ltr'><strong>tetrarchaS,</strong></span> 
     </span>
    </p>
   </div>
   <div class='ocr_carea' id='block_1_6' title="bbox 266 760 2055 838">
    <p class='ocr_par' dir='ltr' id='par_1_6' title="bbox 266 760 2055 838">
     <span class='ocr_line' id='line_1_6' title="bbox 266 760 2055 838; baseline -0.003 -19"><span class='ocrx_word' id='word_1_32' title='bbox 266 767 458 821; x_wconf 84' lang='lat' dir='ltr'><strong>Omnia</strong></span> <span class='ocrx_word' id='word_1_33' title='bbox 499 784 714 838; x_wconf 82' lang='lat' dir='ltr'><strong>magna,</strong></span> <span class='ocrx_word' id='word_1_34' title='bbox 757 765 1011 836; x_wconf 81' lang='lat' dir='ltr'><strong>loquens,</strong></span> <span class='ocrx_word' id='word_1_35' title='bbox 1054 763 1243 817; x_wconf 88' lang='lat' dir='ltr'><strong>modo:</strong></span> <span class='ocrx_word' id='word_1_36' title='bbox 1288 763 1364 816; x_wconf 83' lang='lat' dir='ltr'><strong>Sit</strong></span> <span class='ocrx_word' id='word_1_37' title='bbox 1401 761 1528 814; x_wconf 91' lang='lat' dir='ltr'><strong>mihi</strong></span> <span class='ocrx_word' id='word_1_38' title='bbox 1568 778 1755 814; x_wconf 87' lang='lat' dir='ltr'><strong>mensa</strong></span> <span class='ocrx_word' id='word_1_39' title='bbox 1794 760 1960 832; x_wconf 79' lang='lat' dir='ltr'>tripes</span> <span class='ocrx_word' id='word_1_40' title='bbox 2004 769 2055 814; x_wconf 88' lang='lat' dir='ltr'><strong>et</strong></span> 
     </span>
    </p>
   </div>
   <div class='ocr_carea' id='block_1_7' title="bbox 267 863 1818 938">
    <p class='ocr_par' dir='ltr' id='par_1_7' title="bbox 267 863 1818 938">
     <span class='ocr_line' id='line_1_7' title="bbox 267 863 1818 938; baseline -0.006 -14"><span class='ocrx_word' id='word_1_41' title='bbox 267 869 482 924; x_wconf 88' lang='lat' dir='ltr'><strong>Concha</strong></span> <span class='ocrx_word' id='word_1_42' title='bbox 523 867 649 922; x_wconf 80' lang='lat' dir='ltr'><strong>salis</strong></span> <span class='ocrx_word' id='word_1_43' title='bbox 687 867 806 938; x_wconf 84' lang='lat' dir='ltr'><strong>puri</strong></span> <span class='ocrx_word' id='word_1_44' title='bbox 847 876 900 919; x_wconf 86' lang='lat' dir='ltr'><strong>et</strong></span> <span class='ocrx_word' id='word_1_45' title='bbox 945 874 1095 937; x_wconf 78' lang='lat' dir='ltr'><strong>toga,</strong></span> <span class='ocrx_word' id='word_1_46' title='bbox 1138 882 1279 936; x_wconf 85' lang='lat' dir='ltr'><strong>quae</strong></span> <span class='ocrx_word' id='word_1_47' title='bbox 1320 863 1613 917; x_wconf 76' lang='lat' dir='ltr'><strong>defendere</strong></span> <span class='ocrx_word' id='word_1_48' title='bbox 1652 863 1818 934; x_wconf 79' lang='lat' dir='ltr'><strong>frigus</strong></span> 
     </span>
    </p>
   </div>
   <div class='ocr_carea' id='block_1_8' title="bbox 267 971 962 1040">
    <p class='ocr_par' dir='ltr' id='par_1_8' title="bbox 267 971 962 1040">
     <span class='ocr_line' id='line_1_8' title="bbox 267 971 962 1040; baseline -0.003 -16"><span class='ocrx_word' id='word_1_49' title='bbox 267 971 522 1036; x_wconf 70' lang='lat' dir='ltr'><strong>Quamvis</strong></span> <span class='ocrx_word' id='word_1_50' title='bbox 562 987 745 1024; x_wconf 88' lang='lat' dir='ltr'><strong>crassa</strong></span> <span class='ocrx_word' id='word_1_51' title='bbox 784 976 962 1040; x_wconf 81' lang='lat' dir='ltr'><strong>queat.</strong></span> 
     </span>
    </p>
   </div>
   <div class='ocr_carea' id='block_1_9' title="bbox 1038 965 2088 1020">
    <p class='ocr_par' dir='ltr' id='par_1_9' title="bbox 1038 965 2088 1020">
     <span class='ocr_line' id='line_1_9' title="bbox 1038 965 2088 1020; baseline -0.003 -1"><span class='ocrx_word' id='word_1_52' title='bbox 1038 967 1233 1020; x_wconf 89' lang='lat' dir='ltr'><strong>Decies</strong></span> <span class='ocrx_word' id='word_1_53' title='bbox 1274 974 1499 1020; x_wconf 89' lang='lat' dir='ltr'><strong>centena</strong></span> <span class='ocrx_word' id='word_1_54' title='bbox 1538 965 1787 1019; x_wconf 81' lang='lat' dir='ltr'><strong>dedisses</strong></span> <span class='ocrx_word' id='word_1_55' title='bbox 2028 965 2088 1017; x_wconf 57' lang='lat'><strong>¹125</strong></span> 
     </span>
    </p>
   </div>
   <div class='ocr_carea' id='block_1_10' title="bbox 319 1139 2038 1257">
    <p class='ocr_par' dir='ltr' id='par_1_10' title="bbox 319 1139 2038 1257">
     <span class='ocr_line' id='line_1_10' title="bbox 380 1139 2038 1191; baseline -0.004 -6"><span class='ocrx_word' id='word_1_56' title='bbox 380 1147 440 1185; x_wconf 82' lang='grc'><strong>11.</strong></span> <span class='ocrx_word' id='word_1_57' title='bbox 474 1145 609 1185; x_wconf 83' lang='lat' dir='ltr'><strong>alebat</strong></span> <span class='ocrx_word' id='word_1_58' title='bbox 637 1142 861 1183; x_wconf 83' lang='lat' dir='ltr'><strong>Bentleius</strong></span> <span class='ocrx_word' id='word_1_59' title='bbox 894 1153 946 1182; x_wconf 80' lang='lat' dir='ltr'><strong>ex</strong></span> <span class='ocrx_word' id='word_1_60' title='bbox 979 1141 1087 1182; x_wconf 90' lang='lat' dir='ltr'><strong>Cod.</strong></span> <span class='ocrx_word' id='word_1_61' title='bbox 1121 1142 1249 1181; x_wconf 84' lang='lat' dir='ltr'><strong>Voss.</strong></span> <span class='ocrx_word' id='word_1_62' title='bbox 1287 1141 1333 1191; x_wconf 74' lang='grc' dir='ltr'><strong>(ζ)</strong></span> <span class='ocrx_word' id='word_1_63' title='bbox 1368 1151 1545 1180; x_wconf 88' lang='lat' dir='ltr'><strong>errore:</strong></span> <span class='ocrx_word' id='word_1_64' title='bbox 1595 1140 1773 1180; x_wconf 77' lang='lat' dir='ltr'><strong>halebat.</strong></span> <span class='ocrx_word' id='word_1_65' title='bbox 1836 1139 2038 1191; x_wconf 83' lang='lat' dir='ltr'><strong>(Habebat</strong></span> 
     </span>
     <span class='ocr_line' id='line_1_11' title="bbox 319 1203 2030 1257; baseline -0.005 -8"><span class='ocrx_word' id='word_1_66' title='bbox 319 1209 466 1249; x_wconf 81' lang='lat' dir='ltr'><strong>firmat</strong></span> <span class='ocrx_word' id='word_1_67' title='bbox 496 1209 663 1248; x_wconf 80' lang='lat' dir='ltr'><strong>Seneca</strong></span> <span class='ocrx_word' id='word_1_68' title='bbox 694 1207 771 1257; x_wconf 85' lang='lat' dir='ltr'><strong>Ep.</strong></span> <span class='ocrx_word' id='word_1_69' title='bbox 808 1205 918 1254; x_wconf 67' lang='lat'>420.)</span> <span class='ocrx_word' id='word_1_70' title='bbox 956 1227 999 1232; x_wconf 88' lang='lat'>—</span> <span class='ocrx_word' id='word_1_71' title='bbox 1036 1203 1100 1244; x_wconf 60' lang='lat'><strong>2¹4.</strong></span> <span class='ocrx_word' id='word_1_72' title='bbox 1130 1204 1251 1254; x_wconf 81' lang='lat' dir='ltr'><strong>puri,</strong></span> <span class='ocrx_word' id='word_1_73' title='bbox 1284 1207 1382 1254; x_wconf 70' lang='lat' dir='ltr'><strong>toqa</strong></span> <span class='ocrx_word' id='word_1_74' title='bbox 1413 1203 1596 1242; x_wconf 78' lang='lat' dir='ltr'><strong>Seneca.</strong></span> <span class='ocrx_word' id='word_1_75' title='bbox 1635 1226 1677 1232; x_wconf 75' lang='lat'>—</span> <span class='ocrx_word' id='word_1_76' title='bbox 1715 1203 1779 1242; x_wconf 57' lang='lat'><strong>215.</strong></span> <span class='ocrx_word' id='word_1_77' title='bbox 1810 1203 1969 1242; x_wconf 80' lang='lat' dir='ltr'><strong>deciens</strong></span> <span class='ocrx_word' id='word_1_78' title='bbox 1989 1203 2030 1241; x_wconf 87' lang='lat' dir='ltr'><strong>S.</strong></span> 
     </span>
    </p>
   </div>
   <div class='ocr_carea' id='block_1_11' title="bbox 261 1354 1148 3529">
    <p class='ocr_par' dir='ltr' id='par_1_11' title="bbox 261 1354 1148 3529">
     <span class='ocr_line' id='line_1_12' title="bbox 264 1354 1144 1408; baseline -0.009 -9"><span class='ocrx_word' id='word_1_79' title='bbox 264 1360 414 1399; x_wconf 85' lang='lat' dir='ltr'><strong>nescio</strong></span> <span class='ocrx_word' id='word_1_80' title='bbox 471 1367 608 1408; x_wconf 88' lang='lat' dir='ltr'><strong>quam</strong></span> <span class='ocrx_word' id='word_1_81' title='bbox 660 1355 778 1395; x_wconf 86' lang='lat' dir='ltr'><strong>hene</strong></span> <span class='ocrx_word' id='word_1_82' title='bbox 829 1354 1144 1405; x_wconf 81' lang='lat' dir='ltr'><strong>comparantes</strong></span> 
     </span>
     <span class='ocr_line' id='line_1_13' title="bbox 265 1416 1145 1471; baseline -0.008 -11"><span class='ocrx_word' id='word_1_83' title='bbox 265 1422 380 1471; x_wconf 76' lang='lat' dir='ltr'><strong>Virg.</strong></span> <span class='ocrx_word' id='word_1_84' title='bbox 412 1422 522 1460; x_wconf 83' lang='lat' dir='ltr'><strong>Aen.</strong></span> <span class='ocrx_word' id='word_1_85' title='bbox 557 1419 605 1467; x_wconf 87' lang='grc'><strong>6,</strong></span> <span class='ocrx_word' id='word_1_86' title='bbox 641 1417 742 1458; x_wconf 71' lang='lat'><strong>646:</strong></span> <span class='ocrx_word' id='word_1_87' title='bbox 788 1416 1034 1465; x_wconf 81' lang='lat' dir='ltr'><strong>Obloquitur</strong></span> <span class='ocrx_word' id='word_1_88' title='bbox 1061 1427 1145 1454; x_wconf 79' lang='lat' dir='ltr'><strong>uu-</strong></span> 
     </span>
     <span class='ocr_line' id='line_1_14' title="bbox 265 1480 1029 1532; baseline -0.008 -10"><span class='ocrx_word' id='word_1_89' title='bbox 265 1484 388 1524; x_wconf 79' lang='lat' dir='ltr'><strong>mcris</strong></span> <span class='ocrx_word' id='word_1_90' title='bbox 415 1486 567 1532; x_wconf 81' lang='lat' dir='ltr'><strong>septem</strong></span> <span class='ocrx_word' id='word_1_91' title='bbox 596 1480 840 1520; x_wconf 80' lang='lat' dir='ltr'><strong>discrimina</strong></span> <span class='ocrx_word' id='word_1_92' title='bbox 867 1489 1029 1518; x_wconf 75' lang='lat' dir='ltr'><strong>vocum.</strong></span> 
     </span>
     <span class='ocr_line' id='line_1_15' title="bbox 319 1538 1144 1595; baseline -0.008 -10"><span class='ocrx_word' id='word_1_93' title='bbox 319 1545 438 1585; x_wconf 69' lang='lat'><strong>9-119.</strong></span> <span class='ocrx_word' id='word_1_94' title='bbox 483 1544 567 1595; x_wconf 78' lang='lat' dir='ltr'><strong>Nil]</strong></span> <span class='ocrx_word' id='word_1_95' title='bbox 604 1541 739 1582; x_wconf 84' lang='lat' dir='ltr'><strong>«Nihil</strong></span> <span class='ocrx_word' id='word_1_96' title='bbox 779 1543 874 1582; x_wconf 88' lang='lat' dir='ltr'><strong>erat</strong></span> <span class='ocrx_word' id='word_1_97' title='bbox 910 1538 1144 1590; x_wconf 85' lang='lat' dir='ltr'><strong>aequabile</strong></span> 
     </span>
     <span class='ocr_line' id='line_1_16' title="bbox 264 1602 1146 1652; baseline -0.008 -5"><span class='ocrx_word' id='word_1_98' title='bbox 264 1610 306 1648; x_wconf 90' lang='lat' dir='ltr'><strong>in</strong></span> <span class='ocrx_word' id='word_1_99' title='bbox 327 1606 397 1646; x_wconf 86' lang='lat' dir='ltr'><strong>illo</strong></span> <span class='ocrx_word' id='word_1_100' title='bbox 418 1606 597 1646; x_wconf 90' lang='lat' dir='ltr'><strong>homine</strong></span> <span class='ocrx_word' id='word_1_101' title='bbox 615 1617 623 1652; x_wconf 85' lang='lat'>;</span> <span class='ocrx_word' id='word_1_102' title='bbox 657 1605 698 1644; x_wconf 91' lang='lat' dir='ltr'><strong>in</strong></span> <span class='ocrx_word' id='word_1_103' title='bbox 722 1603 839 1643; x_wconf 90' lang='lat' dir='ltr'><strong>nulla</strong></span> <span class='ocrx_word' id='word_1_104' title='bbox 860 1614 908 1642; x_wconf 91' lang='lat' dir='ltr'><strong>re</strong></span> <span class='ocrx_word' id='word_1_105' title='bbox 932 1602 1015 1642; x_wconf 88' lang='lat' dir='ltr'><strong>sibi</strong></span> <span class='ocrx_word' id='word_1_106' title='bbox 1037 1613 1146 1642; x_wconf 89' lang='lat' dir='ltr'><strong>con—</strong></span> 
     </span>
     <span class='ocr_line' id='line_1_17' title="bbox 263 1667 1142 1718; baseline -0.007 -8"><span class='ocrx_word' id='word_1_107' title='bbox 263 1670 450 1711; x_wconf 87' lang='lat' dir='ltr'><strong>stabat.»</strong></span> <span class='ocrx_word' id='word_1_108' title='bbox 524 1667 738 1718; x_wconf 79' lang='lat' dir='ltr'><strong>Synesius</strong></span> <span class='ocrx_word' id='word_1_109' title='bbox 782 1667 906 1706; x_wconf 89' lang='lat' dir='ltr'><strong>Narr.</strong></span> <span class='ocrx_word' id='word_1_110' title='bbox 948 1667 1054 1715; x_wconf 81' lang='lat' dir='ltr'><strong>Aeg.</strong></span> <span class='ocrx_word' id='word_1_111' title='bbox 1098 1675 1142 1716; x_wconf 93' lang='lat' dir='ltr'><strong>p.</strong></span> 
     </span>
     <span class='ocr_line' id='line_1_18' title="bbox 263 1722 1145 1781; baseline -0.007 -9"><span class='ocrx_word' id='word_1_112' title='bbox 263 1733 302 1773; x_wconf 84' lang='lat'><strong>8.</strong></span> <span class='ocrx_word' id='word_1_113' title='bbox 335 1731 467 1771; x_wconf 84' lang='lat' dir='ltr'><strong>Krab.</strong></span> <span class='ocrx_word' id='word_1_114' title='bbox 503 1731 558 1770; x_wconf 90' lang='lat' dir='ltr'><strong>de</strong></span> <span class='ocrx_word' id='word_1_115' title='bbox 589 1730 825 1781; x_wconf 83' lang='lat' dir='ltr'><strong>Typhone:</strong></span> <span class='ocrx_word' id='word_1_116' title='bbox 865 1722 964 1768; x_wconf 76' lang='grc' dir='ltr'><strong>οὐδ’</strong></span> <span class='ocrx_word' id='word_1_117' title='bbox 997 1722 1145 1777; x_wconf 81' lang='grc' dir='ltr'><em>αὐτὸς</em></span> 
     </span>
     <span class='ocr_line' id='line_1_19' title="bbox 263 1785 1147 1851; baseline -0.005 -18"><span class='ocrx_word' id='word_1_118' title='bbox 263 1787 323 1848; x_wconf 73' lang='grc' dir='ltr'><strong>ἢν</strong></span> <span class='ocrx_word' id='word_1_119' title='bbox 344 1789 472 1848; x_wconf 73' lang='grc' dir='ltr'><strong>αὑτῷ</strong></span> <span class='ocrx_word' id='word_1_120' title='bbox 495 1788 833 1851; x_wconf 74' lang='grc' dir='ltr'><em>παραπλήσιος</em></span> <span class='ocrx_word' id='word_1_121' title='bbox 847 1822 857 1839; x_wconf 92' lang='lat'><strong>,</strong></span> <span class='ocrx_word' id='word_1_122' title='bbox 889 1785 1012 1831; x_wconf 74' lang='grc' dir='ltr'><em>ἀλλὰ</em></span> <span class='ocrx_word' id='word_1_123' title='bbox 1032 1802 1147 1830; x_wconf 71' lang='grc' dir='ltr'><em>,ταν-</em></span> 
     </span>
     <span class='ocr_line' id='line_1_20' title="bbox 263 1850 1142 1904; baseline -0.007 -7"><span class='ocrx_word' id='word_1_124' title='bbox 263 1854 475 1897; x_wconf 68' lang='grc' dir='ltr'><em>τοδαπόν</em></span> <span class='ocrx_word' id='word_1_125' title='bbox 517 1868 561 1896; x_wconf 81' lang='grc' dir='ltr'><strong>τι</strong></span> <span class='ocrx_word' id='word_1_126' title='bbox 606 1850 776 1894; x_wconf 78' lang='grc' dir='ltr'><em>κακόν.</em></span> <span class='ocrx_word' id='word_1_127' title='bbox 813 1877 858 1882; x_wconf 91' lang='grc'>-</span> <span class='ocrx_word' id='word_1_128' title='bbox 903 1854 1015 1893; x_wconf 69' lang='lat' dir='ltr'><strong>velut</strong></span> <span class='ocrx_word' id='word_1_129' title='bbox 1057 1852 1142 1904; x_wconf 83' lang='lat' dir='ltr'><strong>qui]</strong></span> 
     </span>
     <span class='ocr_line' id='line_1_21' title="bbox 262 1915 1142 1979; baseline -0.006 -19"><span class='ocrx_word' id='word_1_130' title='bbox 262 1918 564 1979; x_wconf 72' lang='grc' dir='ltr'><em>βραχυλογία</em></span> <span class='ocrx_word' id='word_1_131' title='bbox 587 1929 691 1970; x_wconf 84' lang='lat' dir='ltr'><strong>pro:</strong></span> <span class='ocrx_word' id='word_1_132' title='bbox 727 1918 894 1968; x_wconf 90' lang='lat' dir='ltr'><strong>«Saepe</strong></span> <span class='ocrx_word' id='word_1_133' title='bbox 917 1915 1142 1965; x_wconf 85' lang='lat' dir='ltr'><strong>currebat,</strong></span> 
     </span>
     <span class='ocr_line' id='line_1_22' title="bbox 261 1981 1141 2034; baseline -0.007 -10"><span class='ocrx_word' id='word_1_134' title='bbox 261 1983 384 2024; x_wconf 86' lang='lat' dir='ltr'><strong>velut</strong></span> <span class='ocrx_word' id='word_1_135' title='bbox 413 1984 489 2034; x_wconf 86' lang='lat' dir='ltr'><strong>qui</strong></span> <span class='ocrx_word' id='word_1_136' title='bbox 517 1982 692 2033; x_wconf 81' lang='lat' dir='ltr'><strong>fugiens</strong></span> <span class='ocrx_word' id='word_1_137' title='bbox 722 1981 901 2020; x_wconf 83' lang='lat' dir='ltr'><strong>hostem</strong></span> <span class='ocrx_word' id='word_1_138' title='bbox 924 1981 1141 2028; x_wconf 89' lang='lat' dir='ltr'><strong>curreret,</strong></span> 
     </span>
     <span class='ocr_line' id='line_1_23' title="bbox 262 2041 1145 2098; baseline -0.008 -11"><span class='ocrx_word' id='word_1_139' title='bbox 262 2057 398 2098; x_wconf 83' lang='lat' dir='ltr'><strong>saepe</strong></span> <span class='ocrx_word' id='word_1_140' title='bbox 437 2045 556 2086; x_wconf 86' lang='lat' dir='ltr'><strong>lente</strong></span> <span class='ocrx_word' id='word_1_141' title='bbox 595 2042 858 2092; x_wconf 84' lang='lat' dir='ltr'><strong>incedebat,</strong></span> <span class='ocrx_word' id='word_1_142' title='bbox 904 2041 1026 2082; x_wconf 86' lang='lat' dir='ltr'><strong>velut</strong></span> <span class='ocrx_word' id='word_1_143' title='bbox 1070 2042 1145 2093; x_wconf 90' lang='lat' dir='ltr'><strong>qui</strong></span> 
     </span>
     <span class='ocr_line' id='line_1_24' title="bbox 263 2105 1147 2149; baseline -0.006 0"><span class='ocrx_word' id='word_1_144' title='bbox 263 2109 442 2149; x_wconf 88' lang='lat' dir='ltr'><strong>Iunonis</strong></span> <span class='ocrx_word' id='word_1_145' title='bbox 486 2117 610 2148; x_wconf 86' lang='lat' dir='ltr'><strong>sacra</strong></span> <span class='ocrx_word' id='word_1_146' title='bbox 656 2106 836 2146; x_wconf 86' lang='lat' dir='ltr'><strong>ferret.»</strong></span> <span class='ocrx_word' id='word_1_147' title='bbox 887 2128 932 2133; x_wconf 88' lang='lat'>—</span> <span class='ocrx_word' id='word_1_148' title='bbox 976 2105 1147 2144; x_wconf 79' lang='lat' dir='ltr'><strong>Iunonis</strong></span> 
     </span>
     <span class='ocr_line' id='line_1_25' title="bbox 261 2164 1141 2225; baseline -0.007 -13"><span class='ocrx_word' id='word_1_149' title='bbox 261 2172 412 2222; x_wconf 84' lang='lat' dir='ltr'><strong>sacra]</strong></span> <span class='ocrx_word' id='word_1_150' title='bbox 459 2170 673 2222; x_wconf 82' lang='lat' dir='ltr'><strong>Loquitur</strong></span> <span class='ocrx_word' id='word_1_151' title='bbox 718 2169 773 2209; x_wconf 90' lang='lat' dir='ltr'><strong>de</strong></span> <span class='ocrx_word' id='word_1_152' title='bbox 813 2164 1141 2225; x_wconf 72' lang='grc' dir='ltr'><em>κανηφόροις,</em></span> 
     </span>
     <span class='ocr_line' id='line_1_26' title="bbox 265 2230 1145 2286; baseline -0.002 -15"><span class='ocrx_word' id='word_1_153' title='bbox 265 2245 406 2286; x_wconf 85' lang='lat' dir='ltr'><strong>«quae</strong></span> <span class='ocrx_word' id='word_1_154' title='bbox 429 2232 636 2273; x_wconf 89' lang='lat' dir='ltr'><strong>manibus</strong></span> <span class='ocrx_word' id='word_1_155' title='bbox 657 2230 842 2272; x_wconf 86' lang='lat' dir='ltr'><strong>sublatis</strong></span> <span class='ocrx_word' id='word_1_156' title='bbox 864 2242 994 2271; x_wconf 89' lang='lat' dir='ltr'><strong>sacra</strong></span> <span class='ocrx_word' id='word_1_157' title='bbox 1011 2241 1145 2281; x_wconf 91' lang='lat' dir='ltr'><strong>quae-</strong></span> 
     </span>
     <span class='ocr_line' id='line_1_27' title="bbox 263 2293 1142 2348; baseline -0.008 -11"><span class='ocrx_word' id='word_1_158' title='bbox 263 2297 368 2337; x_wconf 89' lang='lat' dir='ltr'><strong>dam</strong></span> <span class='ocrx_word' id='word_1_159' title='bbox 388 2297 581 2348; x_wconf 88' lang='lat' dir='ltr'><strong>reposita</strong></span> <span class='ocrx_word' id='word_1_160' title='bbox 601 2295 645 2334; x_wconf 91' lang='lat' dir='ltr'><strong>in</strong></span> <span class='ocrx_word' id='word_1_161' title='bbox 661 2293 880 2346; x_wconf 85' lang='lat' dir='ltr'><strong>capitibus</strong></span> <span class='ocrx_word' id='word_1_162' title='bbox 896 2293 1142 2334; x_wconf 86' lang='lat' dir='ltr'><strong>ferebant.»</strong></span> 
     </span>
     <span class='ocr_line' id='line_1_28' title="bbox 265 2355 1145 2409; baseline -0.007 -9"><span class='ocrx_word' id='word_1_163' title='bbox 265 2360 368 2409; x_wconf 69' lang='lat' dir='ltr'><strong>(Cio.</strong></span> <span class='ocrx_word' id='word_1_164' title='bbox 402 2361 562 2399; x_wconf 79' lang='lat' dir='ltr'><strong>Aecus.</strong></span> <span class='ocrx_word' id='word_1_165' title='bbox 595 2356 645 2405; x_wconf 74' lang='lat'><strong>4,</strong></span> <span class='ocrx_word' id='word_1_166' title='bbox 679 2356 736 2406; x_wconf 88' lang='grc'><strong>3.)</strong></span> <span class='ocrx_word' id='word_1_167' title='bbox 786 2357 836 2396; x_wconf 93' lang='grc' dir='ltr'><strong>Η.</strong></span> <span class='ocrx_word' id='word_1_168' title='bbox 870 2355 896 2395; x_wconf 93' lang='lat' dir='ltr'><strong>l.</strong></span> <span class='ocrx_word' id='word_1_169' title='bbox 930 2356 1034 2395; x_wconf 89' lang='lat' dir='ltr'><strong>sunt</strong></span> <span class='ocrx_word' id='word_1_170' title='bbox 1072 2356 1145 2394; x_wconf 90' lang='lat' dir='ltr'><strong>Iu-</strong></span> 
     </span>
     <span class='ocr_line' id='line_1_29' title="bbox 263 2418 1144 2470; baseline -0.006 -9"><span class='ocrx_word' id='word_1_171' title='bbox 263 2422 414 2470; x_wconf 88' lang='lat' dir='ltr'><strong>nonis,</strong></span> <span class='ocrx_word' id='word_1_172' title='bbox 452 2431 556 2460; x_wconf 89' lang='lat' dir='ltr'><strong>cum</strong></span> <span class='ocrx_word' id='word_1_173' title='bbox 586 2418 689 2459; x_wconf 88' lang='lat' dir='ltr'><strong>alibi</strong></span> <span class='ocrx_word' id='word_1_174' title='bbox 718 2420 1029 2458; x_wconf 78' lang='lat' dir='ltr'><strong>memorentur</strong></span> <span class='ocrx_word' id='word_1_175' title='bbox 1067 2429 1144 2457; x_wconf 87' lang='lat' dir='ltr'><strong>ca-</strong></span> 
     </span>
     <span class='ocr_line' id='line_1_30' title="bbox 263 2480 1141 2536; baseline -0.006 -12"><span class='ocrx_word' id='word_1_176' title='bbox 263 2485 490 2536; x_wconf 87' lang='lat' dir='ltr'><strong>nephoroe</strong></span> <span class='ocrx_word' id='word_1_177' title='bbox 525 2483 602 2533; x_wconf 89' lang='lat' dir='ltr'><strong>(sic</strong></span> <span class='ocrx_word' id='word_1_178' title='bbox 634 2480 741 2531; x_wconf 88' lang='lat' dir='ltr'><strong>Cic.)</strong></span> <span class='ocrx_word' id='word_1_179' title='bbox 774 2481 1023 2529; x_wconf 82' lang='lat' dir='ltr'><strong>Minervae,</strong></span> <span class='ocrx_word' id='word_1_180' title='bbox 1058 2481 1141 2520; x_wconf 90' lang='lat' dir='ltr'><strong>Ce-</strong></span> 
     </span>
     <span class='ocr_line' id='line_1_31' title="bbox 263 2542 1145 2596; baseline -0.007 -10"><span class='ocrx_word' id='word_1_181' title='bbox 263 2546 376 2587; x_wconf 89' lang='lat' dir='ltr'><strong>reris</strong></span> <span class='ocrx_word' id='word_1_182' title='bbox 412 2546 567 2596; x_wconf 85' lang='lat' dir='ltr'><strong>(Attica</strong></span> <span class='ocrx_word' id='word_1_183' title='bbox 603 2544 723 2594; x_wconf 68' lang='lat' dir='ltr'><strong>virqo</strong></span> <span class='ocrx_word' id='word_1_184' title='bbox 765 2543 867 2582; x_wconf 86' lang='lat' dir='ltr'><strong>Cum</strong></span> <span class='ocrx_word' id='word_1_185' title='bbox 896 2543 1029 2581; x_wconf 84' lang='lat' dir='ltr'><strong>sacris</strong></span> <span class='ocrx_word' id='word_1_186' title='bbox 1069 2542 1145 2581; x_wconf 89' lang='lat' dir='ltr'><strong>Ce-</strong></span> 
     </span>
     <span class='ocr_line' id='line_1_32' title="bbox 263 2604 1145 2656; baseline -0.007 -8"><span class='ocrx_word' id='word_1_187' title='bbox 263 2609 394 2656; x_wconf 76' lang='lat' dir='ltr'><strong>reriS,</strong></span> <span class='ocrx_word' id='word_1_188' title='bbox 427 2608 514 2646; x_wconf 90' lang='lat' dir='ltr'><strong>Sat.</strong></span> <span class='ocrx_word' id='word_1_189' title='bbox 538 2607 584 2654; x_wconf 72' lang='lat'><strong>⁶2,</strong></span> <span class='ocrx_word' id='word_1_190' title='bbox 609 2605 656 2654; x_wconf 87' lang='lat'><strong>8,</strong></span> <span class='ocrx_word' id='word_1_191' title='bbox 692 2604 791 2654; x_wconf 50' lang='lat'><strong>44),</strong></span> <span class='ocrx_word' id='word_1_192' title='bbox 824 2604 1009 2651; x_wconf 89' lang='lat' dir='ltr'><strong>Bacchi,</strong></span> <span class='ocrx_word' id='word_1_193' title='bbox 1040 2604 1145 2643; x_wconf 91' lang='lat' dir='ltr'><strong>Dia-</strong></span> 
     </span>
     <span class='ocr_line' id='line_1_33' title="bbox 265 2666 1140 2719; baseline -0.006 -8"><span class='ocrx_word' id='word_1_194' title='bbox 265 2681 364 2710; x_wconf 86' lang='lat' dir='ltr'><strong>nae.</strong></span> <span class='ocrx_word' id='word_1_195' title='bbox 418 2670 616 2719; x_wconf 71' lang='lat' dir='ltr'><strong>(Theocr.</strong></span> <span class='ocrx_word' id='word_1_196' title='bbox 649 2669 696 2717; x_wconf 68' lang='lat'><strong>2,</strong></span> <span class='ocrx_word' id='word_1_197' title='bbox 733 2668 815 2718; x_wconf 87' lang='grc'>66.)</span> <span class='ocrx_word' id='word_1_198' title='bbox 849 2668 938 2707; x_wconf 91' lang='lat' dir='ltr'><strong>Cic.</strong></span> <span class='ocrx_word' id='word_1_199' title='bbox 973 2667 1028 2706; x_wconf 90' lang='lat' dir='ltr'><strong>de</strong></span> <span class='ocrx_word' id='word_1_200' title='bbox 1061 2666 1140 2707; x_wconf 86' lang='lat' dir='ltr'><strong>Off.</strong></span> 
     </span>
     <span class='ocr_line' id='line_1_34' title="bbox 267 2730 1146 2779; baseline -0.003 -8"><span class='ocrx_word' id='word_1_201' title='bbox 267 2734 311 2779; x_wconf 69' lang='grc'><strong>«1,</strong></span> <span class='ocrx_word' id='word_1_202' title='bbox 345 2731 418 2771; x_wconf 85' lang='grc'><strong>36;</strong></span> <span class='ocrx_word' id='word_1_203' title='bbox 460 2731 698 2771; x_wconf 79' lang='lat' dir='ltr'><strong>Cavendum</strong></span> <span class='ocrx_word' id='word_1_204' title='bbox 728 2734 807 2779; x_wconf 85' lang='lat' dir='ltr'><strong>est,</strong></span> <span class='ocrx_word' id='word_1_205' title='bbox 847 2741 898 2770; x_wconf 78' lang='lat' dir='ltr'><strong>ne</strong></span> <span class='ocrx_word' id='word_1_206' title='bbox 917 2752 940 2758; x_wconf 92' lang='lat'><em>-</em></span> <span class='ocrx_word' id='word_1_207' title='bbox 961 2730 1146 2768; x_wconf 80' lang='lat' dir='ltr'><strong>tardita—</strong></span> 
     </span>
     <span class='ocr_line' id='line_1_35' title="bbox 265 2792 1142 2845; baseline -0.003 -12"><span class='ocrx_word' id='word_1_208' title='bbox 265 2794 370 2834; x_wconf 82' lang='lat' dir='ltr'><strong>tibus</strong></span> <span class='ocrx_word' id='word_1_209' title='bbox 397 2798 571 2833; x_wconf 82' lang='lat' dir='ltr'><strong>utamur</strong></span> <span class='ocrx_word' id='word_1_210' title='bbox 597 2794 642 2833; x_wconf 72' lang='lat' dir='ltr'><strong>in</strong></span> <span class='ocrx_word' id='word_1_211' title='bbox 660 2794 849 2845; x_wconf 58' lang='lat' dir='ltr'><strong>inpressu</strong></span> <span class='ocrx_word' id='word_1_212' title='bbox 870 2792 1142 2841; x_wconf 71' lang='lat' dir='ltr'><strong>mollioribus,</strong></span> 
     </span>
     <span class='ocr_line' id='line_1_36' title="bbox 263 2856 1148 2908; baseline -0.003 -11"><span class='ocrx_word' id='word_1_213' title='bbox 263 2862 311 2898; x_wconf 87' lang='lat' dir='ltr'><strong>ut</strong></span> <span class='ocrx_word' id='word_1_214' title='bbox 333 2868 591 2908; x_wconf 77' lang='lat' dir='ltr'><strong>pomparum</strong></span> <span class='ocrx_word' id='word_1_215' title='bbox 619 2857 787 2908; x_wconf 80' lang='lat' dir='ltr'><strong>ferculis</strong></span> <span class='ocrx_word' id='word_1_216' title='bbox 813 2857 965 2896; x_wconf 82' lang='lat' dir='ltr'><strong>similes</strong></span> <span class='ocrx_word' id='word_1_217' title='bbox 985 2867 1067 2895; x_wconf 84' lang='lat' dir='ltr'><strong>esse</strong></span> <span class='ocrx_word' id='word_1_218' title='bbox 1086 2856 1148 2894; x_wconf 80' lang='lat' dir='ltr'><strong>vi-</strong></span> 
     </span>
     <span class='ocr_line' id='line_1_37' title="bbox 265 2919 1145 2970; baseline -0.003 -10"><span class='ocrx_word' id='word_1_219' title='bbox 265 2922 456 2960; x_wconf 82' lang='lat' dir='ltr'><strong>deamur.</strong></span> <span class='ocrx_word' id='word_1_220' title='bbox 492 2943 537 2948; x_wconf 91' lang='lat'>—</span> <span class='ocrx_word' id='word_1_221' title='bbox 569 2920 702 2969; x_wconf 84' lang='lat' dir='ltr'><strong>Saepe</strong></span> <span class='ocrx_word' id='word_1_222' title='bbox 730 2919 878 2970; x_wconf 81' lang='lat' dir='ltr'><strong>decem]</strong></span> <span class='ocrx_word' id='word_1_223' title='bbox 911 2919 1145 2958; x_wconf 90' lang='lat' dir='ltr'><strong>minimum</strong></span> 
     </span>
     <span class='ocr_line' id='line_1_38' title="bbox 266 2981 1146 3023; baseline -0.003 -1"><span class='ocrx_word' id='word_1_224' title='bbox 266 2983 357 3023; x_wconf 83' lang='lat' dir='ltr'><strong>fere</strong></span> <span class='ocrx_word' id='word_1_225' title='bbox 389 2992 624 3022; x_wconf 72' lang='lat' dir='ltr'><strong>servorum</strong></span> <span class='ocrx_word' id='word_1_226' title='bbox 644 2992 897 3022; x_wconf 90' lang='lat' dir='ltr'><strong>numerum.</strong></span> <span class='ocrx_word' id='word_1_227' title='bbox 935 2981 1042 3020; x_wconf 81' lang='lat' dir='ltr'><strong>Octo</strong></span> <span class='ocrx_word' id='word_1_228' title='bbox 1064 2981 1146 3020; x_wconf 91' lang='lat' dir='ltr'><strong>ha-</strong></span> 
     </span>
     <span class='ocr_line' id='line_1_39' title="bbox 266 3042 1145 3084; baseline -0.002 0"><span class='ocrx_word' id='word_1_229' title='bbox 266 3043 405 3084; x_wconf 89' lang='lat' dir='ltr'><strong>bebat</strong></span> <span class='ocrx_word' id='word_1_230' title='bbox 433 3045 639 3084; x_wconf 86' lang='lat' dir='ltr'><strong>Horatius</strong></span> <span class='ocrx_word' id='word_1_231' title='bbox 669 3044 711 3083; x_wconf 89' lang='lat' dir='ltr'><strong>in</strong></span> <span class='ocrx_word' id='word_1_232' title='bbox 752 3042 913 3083; x_wconf 80' lang='lat' dir='ltr'><strong>familia</strong></span> <span class='ocrx_word' id='word_1_233' title='bbox 951 3054 1030 3083; x_wconf 87' lang='lat' dir='ltr'><strong>sua</strong></span> <span class='ocrx_word' id='word_1_234' title='bbox 1068 3054 1145 3082; x_wconf 86' lang='lat' dir='ltr'><strong>ru-</strong></span> 
     </span>
     <span class='ocr_line' id='line_1_40' title="bbox 267 3105 1145 3154; baseline -0.003 -7"><span class='ocrx_word' id='word_1_235' title='bbox 267 3109 400 3153; x_wconf 83' lang='lat' dir='ltr'><strong>stica,</strong></span> <span class='ocrx_word' id='word_1_236' title='bbox 449 3108 535 3146; x_wconf 86' lang='lat' dir='ltr'><strong>Sat.</strong></span> <span class='ocrx_word' id='word_1_237' title='bbox 578 3107 627 3151; x_wconf 64' lang='lat'><strong>2,</strong></span> <span class='ocrx_word' id='word_1_238' title='bbox 671 3107 720 3154; x_wconf 77' lang='lat'><strong>7,</strong></span> <span class='ocrx_word' id='word_1_239' title='bbox 764 3106 883 3153; x_wconf 47' lang='lat'><strong>4484</strong></span> <span class='ocrx_word' id='word_1_240' title='bbox 931 3105 1073 3145; x_wconf 89' lang='lat' dir='ltr'><strong>tribus</strong></span> <span class='ocrx_word' id='word_1_241' title='bbox 1105 3105 1145 3144; x_wconf 91' lang='lat' dir='ltr'><strong>ei</strong></span> 
     </span>
     <span class='ocr_line' id='line_1_41' title="bbox 267 3167 1142 3217; baseline -0.005 -7"><span class='ocrx_word' id='word_1_242' title='bbox 267 3180 408 3211; x_wconf 87' lang='lat' dir='ltr'><strong>coena</strong></span> <span class='ocrx_word' id='word_1_243' title='bbox 429 3168 776 3217; x_wconf 82' lang='lat' dir='ltr'><strong>ministrabatur,</strong></span> <span class='ocrx_word' id='word_1_244' title='bbox 801 3169 887 3207; x_wconf 85' lang='lat' dir='ltr'><strong>Sat.</strong></span> <span class='ocrx_word' id='word_1_245' title='bbox 909 3169 924 3207; x_wconf 78' lang='lat'>4</span> <span class='ocrx_word' id='word_1_246' title='bbox 946 3200 953 3217; x_wconf 92' lang='lat'><strong>,</strong></span> <span class='ocrx_word' id='word_1_247' title='bbox 979 3168 1023 3216; x_wconf 82' lang='lat'><strong>6,</strong></span> <span class='ocrx_word' id='word_1_248' title='bbox 1050 3167 1142 3206; x_wconf 72' lang='lat'><strong>446.</strong></span> 
     </span>
     <span class='ocr_line' id='line_1_42' title="bbox 266 3230 1147 3280; baseline -0.003 -8"><span class='ocrx_word' id='word_1_249' title='bbox 266 3232 358 3272; x_wconf 86' lang='lat' dir='ltr'><strong>Val.</strong></span> <span class='ocrx_word' id='word_1_250' title='bbox 393 3233 504 3272; x_wconf 84' lang='lat' dir='ltr'><strong>Max.</strong></span> <span class='ocrx_word' id='word_1_251' title='bbox 548 3231 594 3279; x_wconf 74' lang='lat'><strong>4,</strong></span> <span class='ocrx_word' id='word_1_252' title='bbox 642 3230 687 3280; x_wconf 79' lang='lat'><strong>4,</strong></span> <span class='ocrx_word' id='word_1_253' title='bbox 736 3232 809 3269; x_wconf 72' lang='lat' dir='ltr'><strong>ll:</strong></span> <span class='ocrx_word' id='word_1_254' title='bbox 861 3232 919 3270; x_wconf 84' lang='lat' dir='ltr'><strong>M.</strong></span> <span class='ocrx_word' id='word_1_255' title='bbox 959 3231 1147 3270; x_wconf 80' lang='lat' dir='ltr'><strong>Scaurus</strong></span> 
     </span>
     <span class='ocr_line' id='line_1_43' title="bbox 267 3294 1146 3346; baseline -0.005 -10"><span class='ocrx_word' id='word_1_256' title='bbox 267 3295 516 3346; x_wconf 76' lang='lat' dir='ltr'><strong>quantulam</strong></span> <span class='ocrx_word' id='word_1_257' title='bbox 545 3306 574 3334; x_wconf 90' lang='lat' dir='ltr'><strong>a</strong></span> <span class='ocrx_word' id='word_1_258' title='bbox 602 3298 730 3344; x_wconf 81' lang='lat' dir='ltr'><strong>patre</strong></span> <span class='ocrx_word' id='word_1_259' title='bbox 767 3294 1035 3333; x_wconf 77' lang='lat' dir='ltr'><strong>hereditatem</strong></span> <span class='ocrx_word' id='word_1_260' title='bbox 1071 3304 1146 3332; x_wconf 88' lang='lat' dir='ltr'><strong>ac-</strong></span> 
     </span>
     <span class='ocr_line' id='line_1_44' title="bbox 267 3356 1147 3408; baseline -0.005 -10"><span class='ocrx_word' id='word_1_261' title='bbox 267 3359 439 3408; x_wconf 77' lang='lat' dir='ltr'><strong>ceperit,</strong></span> <span class='ocrx_word' id='word_1_262' title='bbox 472 3358 516 3397; x_wconf 82' lang='lat' dir='ltr'><strong>in</strong></span> <span class='ocrx_word' id='word_1_263' title='bbox 543 3358 681 3407; x_wconf 81' lang='lat' dir='ltr'><strong>primo</strong></span> <span class='ocrx_word' id='word_1_264' title='bbox 713 3356 817 3396; x_wconf 85' lang='lat' dir='ltr'><strong>libro</strong></span> <span class='ocrx_word' id='word_1_265' title='bbox 839 3367 1004 3405; x_wconf 86' lang='lat' dir='ltr'><strong>eorum,</strong></span> <span class='ocrx_word' id='word_1_266' title='bbox 1038 3366 1147 3405; x_wconf 80' lang='lat' dir='ltr'><strong>quae</strong></span> 
     </span>
     <span class='ocr_line' id='line_1_45' title="bbox 269 3418 1148 3470; baseline -0.003 -10"><span class='ocrx_word' id='word_1_267' title='bbox 269 3422 318 3460; x_wconf 81' lang='lat' dir='ltr'><strong>de</strong></span> <span class='ocrx_word' id='word_1_268' title='bbox 371 3421 463 3460; x_wconf 79' lang='lat' dir='ltr'><strong>Vita</strong></span> <span class='ocrx_word' id='word_1_269' title='bbox 509 3431 588 3459; x_wconf 88' lang='lat' dir='ltr'><strong>sua</strong></span> <span class='ocrx_word' id='word_1_270' title='bbox 634 3419 818 3469; x_wconf 80' lang='lat' dir='ltr'><strong>scripsit,</strong></span> <span class='ocrx_word' id='word_1_271' title='bbox 867 3419 1007 3470; x_wconf 82' lang='lat' dir='ltr'><strong>refert.</strong></span> <span class='ocrx_word' id='word_1_272' title='bbox 1081 3418 1148 3457; x_wconf 80' lang='lat' dir='ltr'><strong>Ait</strong></span> 
     </span>
     <span class='ocr_line' id='line_1_46' title="bbox 270 3481 1143 3529; baseline -0.006 -6"><span class='ocrx_word' id='word_1_273' title='bbox 270 3483 375 3523; x_wconf 77' lang='lat' dir='ltr'><strong>enim</strong></span> <span class='ocrx_word' id='word_1_274' title='bbox 407 3482 482 3521; x_wconf 80' lang='lat' dir='ltr'><strong>sibi</strong></span> <span class='ocrx_word' id='word_1_275' title='bbox 510 3483 677 3523; x_wconf 83' lang='lat' dir='ltr'><strong>decem</strong></span> <span class='ocrx_word' id='word_1_276' title='bbox 713 3481 819 3520; x_wconf 85' lang='lat' dir='ltr'><strong>sola</strong></span> <span class='ocrx_word' id='word_1_277' title='bbox 860 3481 1143 3529; x_wconf 80' lang='lat' dir='ltr'><strong>mancipia,</strong></span> 
     </span>
    </p>
   </div>
   <div class='ocr_carea' id='block_1_12' title="bbox 1209 1352 2096 1913">
    <p class='ocr_par' dir='ltr' id='par_1_12' title="bbox 1209 1352 2096 1913">
     <span class='ocr_line' id='line_1_47' title="bbox 1211 1352 2092 1402; baseline 0 -11"><span class='ocrx_word' id='word_1_278' title='bbox 1211 1355 1422 1401; x_wconf 80' lang='lat' dir='ltr'><strong>totumque</strong></span> <span class='ocrx_word' id='word_1_279' title='bbox 1451 1363 1618 1392; x_wconf 81' lang='lat' dir='ltr'><strong>censum</strong></span> <span class='ocrx_word' id='word_1_280' title='bbox 1647 1355 1810 1392; x_wconf 82' lang='lat' dir='ltr'><strong>centum</strong></span> <span class='ocrx_word' id='word_1_281' title='bbox 1840 1352 2021 1402; x_wconf 77' lang='lat' dir='ltr'><strong>quinque</strong></span> <span class='ocrx_word' id='word_1_282' title='bbox 2043 1363 2092 1391; x_wconf 85' lang='lat' dir='ltr'><strong>ac</strong></span> 
     </span>
     <span class='ocr_line' id='line_1_48' title="bbox 1210 1415 2088 1466; baseline 0 -12"><span class='ocrx_word' id='word_1_283' title='bbox 1210 1415 1387 1466; x_wconf 68' lang='lat' dir='ltr'><strong>triqinta</strong></span> <span class='ocrx_word' id='word_1_284' title='bbox 1428 1415 1592 1455; x_wconf 82' lang='lat' dir='ltr'><strong>milium</strong></span> <span class='ocrx_word' id='word_1_285' title='bbox 1629 1427 1847 1455; x_wconf 80' lang='lat' dir='ltr'><strong>nummum</strong></span> <span class='ocrx_word' id='word_1_286' title='bbox 1884 1415 2088 1455; x_wconf 82' lang='lat' dir='ltr'><strong>relictwm.</strong></span> 
     </span>
     <span class='ocr_line' id='line_1_49' title="bbox 1214 1477 2093 1529; baseline 0.001 -12"><span class='ocrx_word' id='word_1_287' title='bbox 1214 1477 1391 1529; x_wconf 89' lang='lat' dir='ltr'><strong>(Sordes</strong></span> <span class='ocrx_word' id='word_1_288' title='bbox 1421 1477 1746 1518; x_wconf 88' lang='lat' dir='ltr'><strong>obiiciebantur</strong></span> <span class='ocrx_word' id='word_1_289' title='bbox 1775 1477 1917 1527; x_wconf 86' lang='lat' dir='ltr'><strong>Tillio,</strong></span> <span class='ocrx_word' id='word_1_290' title='bbox 1956 1488 2093 1529; x_wconf 89' lang='lat' dir='ltr'><strong>quem</strong></span> 
     </span>
     <span class='ocr_line' id='line_1_50' title="bbox 1209 1542 2093 1593; baseline -0.001 -13"><span class='ocrx_word' id='word_1_291' title='bbox 1209 1543 1465 1592; x_wconf 88' lang='lat' dir='ltr'><strong>praetorem</strong></span> <span class='ocrx_word' id='word_1_292' title='bbox 1496 1542 1694 1593; x_wconf 89' lang='lat' dir='ltr'><strong>quinque</strong></span> <span class='ocrx_word' id='word_1_293' title='bbox 1726 1542 1897 1581; x_wconf 89' lang='lat' dir='ltr'><strong>tantum</strong></span> <span class='ocrx_word' id='word_1_294' title='bbox 1927 1551 2093 1590; x_wconf 89' lang='lat' dir='ltr'><strong>seque-</strong></span> 
     </span>
     <span class='ocr_line' id='line_1_51' title="bbox 1211 1603 2091 1656; baseline -0.002 -12"><span class='ocrx_word' id='word_1_295' title='bbox 1211 1604 1375 1644; x_wconf 82' lang='lat' dir='ltr'><strong>bantur</strong></span> <span class='ocrx_word' id='word_1_296' title='bbox 1395 1605 1544 1656; x_wconf 92' lang='lat' dir='ltr'><strong>pueri,</strong></span> <span class='ocrx_word' id='word_1_297' title='bbox 1579 1606 1665 1644; x_wconf 87' lang='lat' dir='ltr'><strong>Sat.</strong></span> <span class='ocrx_word' id='word_1_298' title='bbox 1691 1605 1707 1643; x_wconf 73' lang='lat'>4</span> <span class='ocrx_word' id='word_1_299' title='bbox 1729 1636 1738 1653; x_wconf 92' lang='lat'><strong>,</strong></span> <span class='ocrx_word' id='word_1_300' title='bbox 1771 1605 1816 1653; x_wconf 87' lang='lat'><strong>6,</strong></span> <span class='ocrx_word' id='word_1_301' title='bbox 1851 1603 1960 1654; x_wconf 74' lang='lat'><strong>407.)</strong></span> <span class='ocrx_word' id='word_1_302' title='bbox 2010 1604 2091 1643; x_wconf 92' lang='lat' dir='ltr'><strong>Dio</strong></span> 
     </span>
     <span class='ocr_line' id='line_1_52' title="bbox 1213 1663 2095 1720; baseline -0.002 -13"><span class='ocrx_word' id='word_1_303' title='bbox 1213 1667 1337 1708; x_wconf 88' lang='lat' dir='ltr'><strong>CaSS.</strong></span> <span class='ocrx_word' id='word_1_304' title='bbox 1371 1666 1445 1714; x_wconf 79' lang='lat'><strong>59,</strong></span> <span class='ocrx_word' id='word_1_305' title='bbox 1489 1667 1534 1706; x_wconf 88' lang='lat'><strong>8:</strong></span> <span class='ocrx_word' id='word_1_306' title='bbox 1584 1663 1765 1718; x_wconf 80' lang='grc' dir='ltr'><em>(Γάϊος)</em></span> <span class='ocrx_word' id='word_1_307' title='bbox 1795 1663 1861 1720; x_wconf 73' lang='grc' dir='ltr'><strong>τῷ</strong></span> <span class='ocrx_word' id='word_1_308' title='bbox 1900 1677 1953 1719; x_wconf 75' lang='grc' dir='ltr'><strong>γε</strong></span> <span class='ocrx_word' id='word_1_309' title='bbox 1981 1665 2095 1706; x_wconf 79' lang='grc' dir='ltr'><strong><em>Πεί-</em></strong></span> 
     </span>
     <span class='ocr_line' id='line_1_53' title="bbox 1212 1725 2096 1782; baseline -0.002 -13"><span class='ocrx_word' id='word_1_310' title='bbox 1212 1741 1329 1769; x_wconf 77' lang='grc' dir='ltr'><em>σωνι</em></span> <span class='ocrx_word' id='word_1_311' title='bbox 1352 1727 1467 1769; x_wconf 72' lang='grc' dir='ltr'><em>δέκα</em></span> <span class='ocrx_word' id='word_1_312' title='bbox 1483 1725 1688 1780; x_wconf 78' lang='grc' dir='ltr'><em>δούλους</em></span> <span class='ocrx_word' id='word_1_313' title='bbox 1709 1725 1977 1782; x_wconf 75' lang='grc' dir='ltr'><em>ἐπάγεσθαι</em></span> <span class='ocrx_word' id='word_1_314' title='bbox 1997 1727 2096 1769; x_wconf 79' lang='grc' dir='ltr'><em>ἐπι-</em></span> 
     </span>
     <span class='ocr_line' id='line_1_54' title="bbox 1210 1786 2095 1850; baseline -0.002 -17"><span class='ocrx_word' id='word_1_315' title='bbox 1210 1793 1419 1850; x_wconf 74' lang='grc' dir='ltr'><strong>τρέψας,</strong></span> <span class='ocrx_word' id='word_1_316' title='bbox 1450 1789 1531 1832; x_wconf 78' lang='grc' dir='ltr'><strong>εἶτ’</strong></span> <span class='ocrx_word' id='word_1_317' title='bbox 1554 1788 1716 1846; x_wconf 70' lang='grc' dir='ltr'><em>ἐπειδὴ</em></span> <span class='ocrx_word' id='word_1_318' title='bbox 1739 1790 1962 1842; x_wconf 77' lang='grc' dir='ltr'><em>πλείονας</em></span> <span class='ocrx_word' id='word_1_319' title='bbox 1980 1786 2095 1849; x_wconf 77' lang='grc' dir='ltr'><em>ᾐτή-</em></span> 
     </span>
     <span class='ocr_line' id='line_1_55' title="bbox 1211 1849 2095 1913; baseline -0.001 -18"><span class='ocrx_word' id='word_1_320' title='bbox 1211 1867 1358 1904; x_wconf 77' lang='grc' dir='ltr'><em>σατο,</em></span> <span class='ocrx_word' id='word_1_321' title='bbox 1400 1850 1592 1908; x_wconf 75' lang='grc' dir='ltr'><em>ἀφῆκεν</em></span> <span class='ocrx_word' id='word_1_322' title='bbox 1624 1850 1762 1905; x_wconf 82' lang='grc' dir='ltr'><strong><em>ὅσοις</em></strong></span> <span class='ocrx_word' id='word_1_323' title='bbox 1793 1849 1855 1894; x_wconf 76' lang='grc' dir='ltr'><strong>ἂν</strong></span> <span class='ocrx_word' id='word_1_324' title='bbox 1885 1852 2095 1913; x_wconf 78' lang='grc' dir='ltr'><em>ἐθελήσῃ</em></span> 
     </span>
    </p>
   </div>
   <div class='ocr_carea' id='block_1_13' title="bbox 1210 1916 2094 2095">
    <p class='ocr_par' dir='ltr' id='par_1_13' title="bbox 1210 1916 2094 2095">
     <span class='ocr_line' id='line_1_56' title="bbox 1210 1916 2092 1976; baseline 0.002 -21"><span class='ocrx_word' id='word_1_325' title='bbox 1210 1916 1509 1976; x_wconf 71' lang='grc' dir='ltr'><em>χρήσασθαι.</em></span> <span class='ocrx_word' id='word_1_326' title='bbox 1552 1943 1596 1946; x_wconf 93' lang='grc'>-</span> <span class='ocrx_word' id='word_1_327' title='bbox 1640 1917 1885 1970; x_wconf 81' lang='lat' dir='ltr'><strong>tetrarchas]</strong></span> <span class='ocrx_word' id='word_1_328' title='bbox 1930 1928 2092 1957; x_wconf 90' lang='lat' dir='ltr'><strong>nomen</strong></span> 
     </span>
     <span class='ocr_line' id='line_1_57' title="bbox 1210 1979 2093 2033; baseline 0.001 -14"><span class='ocrx_word' id='word_1_329' title='bbox 1210 1981 1461 2032; x_wconf 88' lang='lat' dir='ltr'><strong>principum</strong></span> <span class='ocrx_word' id='word_1_330' title='bbox 1493 1982 1734 2033; x_wconf 88' lang='lat' dir='ltr'><strong>praecipue</strong></span> <span class='ocrx_word' id='word_1_331' title='bbox 1767 1979 2093 2031; x_wconf 82' lang='lat' dir='ltr'><strong>Gallograeciae</strong></span> 
     </span>
     <span class='ocr_line' id='line_1_58' title="bbox 1213 2043 2094 2095; baseline -0.001 -12"><span class='ocrx_word' id='word_1_332' title='bbox 1213 2046 1257 2084; x_wconf 86' lang='lat' dir='ltr'><strong>et</strong></span> <span class='ocrx_word' id='word_1_333' title='bbox 1285 2043 1492 2083; x_wconf 87' lang='lat' dir='ltr'><strong>Iudaeae.</strong></span> <span class='ocrx_word' id='word_1_334' title='bbox 1529 2066 1574 2072; x_wconf 89' lang='lat'><em>-</em></span> <span class='ocrx_word' id='word_1_335' title='bbox 1598 2043 1780 2095; x_wconf 83' lang='lat' dir='ltr'><strong>loquens]</strong></span> <span class='ocrx_word' id='word_1_336' title='bbox 1815 2044 1885 2083; x_wconf 89' lang='lat' dir='ltr'><strong>«in</strong></span> <span class='ocrx_word' id='word_1_337' title='bbox 1915 2054 1992 2083; x_wconf 89' lang='lat' dir='ltr'><strong>ore</strong></span> <span class='ocrx_word' id='word_1_338' title='bbox 2012 2043 2094 2082; x_wconf 86' lang='lat' dir='ltr'><strong>ha-</strong></span> 
     </span>
    </p>
   </div>
   <div class='ocr_carea' id='block_1_14' title="bbox 1209 2104 2097 3153">
    <p class='ocr_par' dir='ltr' id='par_1_14' title="bbox 1209 2104 2097 3153">
     <span class='ocr_line' id='line_1_59' title="bbox 1211 2104 2096 2158; baseline -0.001 -12"><span class='ocrx_word' id='word_1_339' title='bbox 1211 2106 1347 2153; x_wconf 86' lang='lat' dir='ltr'><strong>bens,</strong></span> <span class='ocrx_word' id='word_1_340' title='bbox 1380 2106 1581 2146; x_wconf 87' lang='lat' dir='ltr'><strong>intimam</strong></span> <span class='ocrx_word' id='word_1_341' title='bbox 1603 2117 1707 2146; x_wconf 91' lang='lat' dir='ltr'><strong>cum</strong></span> <span class='ocrx_word' id='word_1_342' title='bbox 1733 2105 2009 2158; x_wconf 86' lang='lat' dir='ltr'><strong>principibus</strong></span> <span class='ocrx_word' id='word_1_343' title='bbox 2030 2104 2096 2145; x_wconf 86' lang='lat' dir='ltr'><strong>fa-</strong></span> 
     </span>
     <span class='ocr_line' id='line_1_60' title="bbox 1211 2168 2090 2220; baseline -0.002 -10"><span class='ocrx_word' id='word_1_344' title='bbox 1211 2169 1533 2218; x_wconf 83' lang='lat' dir='ltr'><strong>miliaritatem,</strong></span> <span class='ocrx_word' id='word_1_345' title='bbox 1576 2168 1633 2209; x_wconf 91' lang='lat' dir='ltr'><strong>nil</strong></span> <span class='ocrx_word' id='word_1_346' title='bbox 1664 2170 1747 2209; x_wconf 87' lang='lat' dir='ltr'><strong>nisi</strong></span> <span class='ocrx_word' id='word_1_347' title='bbox 1778 2180 1964 2220; x_wconf 81' lang='lat' dir='ltr'><strong>magnas</strong></span> <span class='ocrx_word' id='word_1_348' title='bbox 1993 2180 2090 2217; x_wconf 86' lang='lat' dir='ltr'><strong>res,</strong></span> 
     </span>
     <span class='ocr_line' id='line_1_61' title="bbox 1211 2231 2097 2280; baseline -0.002 -8"><span class='ocrx_word' id='word_1_349' title='bbox 1211 2233 1424 2272; x_wconf 87' lang='lat' dir='ltr'><strong>iactans.»</strong></span> <span class='ocrx_word' id='word_1_350' title='bbox 1451 2232 1541 2272; x_wconf 92' lang='lat' dir='ltr'><strong>Cic.</strong></span> <span class='ocrx_word' id='word_1_351' title='bbox 1567 2231 1623 2271; x_wconf 89' lang='lat' dir='ltr'><strong>ad</strong></span> <span class='ocrx_word' id='word_1_352' title='bbox 1650 2233 1735 2272; x_wconf 86' lang='lat' dir='ltr'><strong>Att.</strong></span> <span class='ocrx_word' id='word_1_353' title='bbox 1760 2231 1805 2280; x_wconf 87' lang='lat'><strong>9,</strong></span> <span class='ocrx_word' id='word_1_354' title='bbox 1831 2232 1898 2279; x_wconf 63' lang='lat' dir='ltr'><strong>aa,</strong></span> <span class='ocrx_word' id='word_1_355' title='bbox 1923 2231 1970 2270; x_wconf 89' lang='lat'><strong>3:</strong></span> <span class='ocrx_word' id='word_1_356' title='bbox 1993 2232 2097 2271; x_wconf 71' lang='lat' dir='ltr'><strong>nihil</strong></span> 
     </span>
     <span class='ocr_line' id='line_1_62' title="bbox 1209 2293 2092 2344; baseline -0.002 -10"><span class='ocrx_word' id='word_1_357' title='bbox 1209 2295 1291 2335; x_wconf 76' lang='lat' dir='ltr'><strong>uisi</strong></span> <span class='ocrx_word' id='word_1_358' title='bbox 1328 2295 1477 2333; x_wconf 83' lang='lat' dir='ltr'><strong>classes</strong></span> <span class='ocrx_word' id='word_1_359' title='bbox 1514 2294 1683 2344; x_wconf 81' lang='lat' dir='ltr'><strong>loquens</strong></span> <span class='ocrx_word' id='word_1_360' title='bbox 1712 2297 1749 2333; x_wconf 84' lang='lat' dir='ltr'><strong>et</strong></span> <span class='ocrx_word' id='word_1_361' title='bbox 1788 2293 2008 2333; x_wconf 66' lang='lat' dir='ltr'><strong>exercitu-s.</strong></span> <span class='ocrx_word' id='word_1_362' title='bbox 2047 2317 2092 2322; x_wconf 91' lang='lat'>—</span> 
     </span>
     <span class='ocr_line' id='line_1_63' title="bbox 1210 2355 2091 2408; baseline -0.002 -10"><span class='ocrx_word' id='word_1_363' title='bbox 1210 2369 1355 2398; x_wconf 81' lang='lat' dir='ltr'><strong>mensa</strong></span> <span class='ocrx_word' id='word_1_364' title='bbox 1396 2356 1545 2408; x_wconf 77' lang='lat' dir='ltr'><strong>tripes]</strong></span> <span class='ocrx_word' id='word_1_365' title='bbox 1595 2355 1833 2407; x_wconf 86' lang='lat' dir='ltr'><strong>«delphica</strong></span> <span class='ocrx_word' id='word_1_366' title='bbox 1878 2355 2091 2408; x_wconf 84' lang='lat' dir='ltr'><strong>simplex,</strong></span> 
     </span>
     <span class='ocr_line' id='line_1_64' title="bbox 1211 2418 2095 2472; baseline -0.003 -12"><span class='ocrx_word' id='word_1_367' title='bbox 1211 2419 1352 2472; x_wconf 90' lang='lat' dir='ltr'><strong>qualis</strong></span> <span class='ocrx_word' id='word_1_368' title='bbox 1384 2419 1514 2459; x_wconf 86' lang='lat' dir='ltr'><strong>decet</strong></span> <span class='ocrx_word' id='word_1_369' title='bbox 1543 2419 1774 2458; x_wconf 89' lang='lat' dir='ltr'><strong>hominem</strong></span> <span class='ocrx_word' id='word_1_370' title='bbox 1802 2418 1956 2470; x_wconf 89' lang='lat' dir='ltr'><strong>paucis</strong></span> <span class='ocrx_word' id='word_1_371' title='bbox 1983 2429 2095 2458; x_wconf 92' lang='lat' dir='ltr'><strong>con-</strong></span> 
     </span>
     <span class='ocr_line' id='line_1_65' title="bbox 1209 2479 2092 2532; baseline -0.005 -9"><span class='ocrx_word' id='word_1_372' title='bbox 1209 2484 1383 2523; x_wconf 85' lang='lat' dir='ltr'><strong>tentum</strong></span> <span class='ocrx_word' id='word_1_373' title='bbox 1421 2483 1465 2520; x_wconf 91' lang='lat' dir='ltr'><strong>et</strong></span> <span class='ocrx_word' id='word_1_374' title='bbox 1503 2479 1770 2532; x_wconf 89' lang='lat' dir='ltr'><strong>plerumque</strong></span> <span class='ocrx_word' id='word_1_375' title='bbox 1811 2479 1957 2520; x_wconf 89' lang='lat' dir='ltr'><strong>solum</strong></span> <span class='ocrx_word' id='word_1_376' title='bbox 1997 2480 2092 2520; x_wconf 89' lang='lat' dir='ltr'><strong>sine</strong></span> 
     </span>
     <span class='ocr_line' id='line_1_66' title="bbox 1210 2542 2095 2593; baseline -0.005 -8"><span class='ocrx_word' id='word_1_377' title='bbox 1210 2545 1409 2586; x_wconf 75' lang='lat' dir='ltr'><strong>convivis</strong></span> <span class='ocrx_word' id='word_1_378' title='bbox 1441 2544 1752 2583; x_wconf 88' lang='lat' dir='ltr'><strong>coenantem.»</strong></span> <span class='ocrx_word' id='word_1_379' title='bbox 1812 2543 1916 2582; x_wconf 91' lang='lat' dir='ltr'><strong>Eius</strong></span> <span class='ocrx_word' id='word_1_380' title='bbox 1936 2542 2095 2593; x_wconf 81' lang='lat' dir='ltr'><strong>imagi-</strong></span> 
     </span>
     <span class='ocr_line' id='line_1_67' title="bbox 1211 2604 2089 2647; baseline -0.005 0"><span class='ocrx_word' id='word_1_381' title='bbox 1211 2619 1316 2647; x_wconf 91' lang='lat' dir='ltr'><strong>nem</strong></span> <span class='ocrx_word' id='word_1_382' title='bbox 1352 2605 1495 2645; x_wconf 86' lang='lat' dir='ltr'><strong>habes</strong></span> <span class='ocrx_word' id='word_1_383' title='bbox 1526 2606 1570 2644; x_wconf 91' lang='lat' dir='ltr'><strong>in</strong></span> <span class='ocrx_word' id='word_1_384' title='bbox 1606 2606 1750 2644; x_wconf 83' lang='lat' dir='ltr'><strong>Museo</strong></span> <span class='ocrx_word' id='word_1_385' title='bbox 1783 2604 2014 2644; x_wconf 82' lang='lat' dir='ltr'><strong>Borbom’co</strong></span> <span class='ocrx_word' id='word_1_386' title='bbox 2044 2606 2089 2644; x_wconf 93' lang='lat' dir='ltr'><strong>T.</strong></span> 
     </span>
     <span class='ocr_line' id='line_1_68' title="bbox 1209 2666 2094 2718; baseline -0.002 -10"><span class='ocrx_word' id='word_1_387' title='bbox 1209 2671 1278 2709; x_wconf 82' lang='lat' dir='ltr'><strong>XI.</strong></span> <span class='ocrx_word' id='word_1_388' title='bbox 1315 2669 1411 2708; x_wconf 76' lang='lat' dir='ltr'><strong>Tcw.</strong></span> <span class='ocrx_word' id='word_1_389' title='bbox 1447 2667 1512 2708; x_wconf 73' lang='lat'><strong>48.</strong></span> <span class='ocrx_word' id='word_1_390' title='bbox 1559 2666 1784 2718; x_wconf 90' lang='lat' dir='ltr'><strong>Delphicis</strong></span> <span class='ocrx_word' id='word_1_391' title='bbox 1808 2668 2094 2718; x_wconf 89' lang='lat' dir='ltr'><strong>opponuntur</strong></span> 
     </span>
     <span class='ocr_line' id='line_1_69' title="bbox 1210 2729 2092 2782; baseline -0.003 -11"><span class='ocrx_word' id='word_1_392' title='bbox 1210 2729 1480 2782; x_wconf 87' lang='lat' dir='ltr'><strong>monopodia</strong></span> <span class='ocrx_word' id='word_1_393' title='bbox 1529 2740 1781 2769; x_wconf 86' lang='lat' dir='ltr'><strong>marmorea</strong></span> <span class='ocrx_word' id='word_1_394' title='bbox 1833 2731 1909 2768; x_wconf 88' lang='lat' dir='ltr'><strong>aut</strong></span> <span class='ocrx_word' id='word_1_395' title='bbox 1957 2729 2092 2768; x_wconf 87' lang='lat' dir='ltr'><strong>citrea</strong></span> 
     </span>
     <span class='ocr_line' id='line_1_70' title="bbox 1212 2790 2089 2844; baseline -0.003 -11"><span class='ocrx_word' id='word_1_396' title='bbox 1212 2805 1314 2833; x_wconf 91' lang='lat' dir='ltr'><strong>cum</strong></span> <span class='ocrx_word' id='word_1_397' title='bbox 1344 2793 1461 2844; x_wconf 89' lang='lat' dir='ltr'><strong>pede</strong></span> <span class='ocrx_word' id='word_1_398' title='bbox 1491 2803 1580 2831; x_wconf 90' lang='lat' dir='ltr'><strong>uno</strong></span> <span class='ocrx_word' id='word_1_399' title='bbox 1613 2790 1813 2831; x_wconf 87' lang='lat' dir='ltr'><strong>eburneo</strong></span> <span class='ocrx_word' id='word_1_400' title='bbox 1843 2790 1914 2831; x_wconf 85' lang='lat' dir='ltr'><strong>vel</strong></span> <span class='ocrx_word' id='word_1_401' title='bbox 1940 2802 2089 2831; x_wconf 88' lang='lat' dir='ltr'><strong>aereo.</strong></span> 
     </span>
     <span class='ocr_line' id='line_1_71' title="bbox 1215 2853 2093 2905; baseline -0.003 -10"><span class='ocrx_word' id='word_1_402' title='bbox 1215 2879 1259 2884; x_wconf 86' lang='lat'><strong>—-</strong></span> <span class='ocrx_word' id='word_1_403' title='bbox 1285 2855 1449 2896; x_wconf 80' lang='lat' dir='ltr'><strong>Concha</strong></span> <span class='ocrx_word' id='word_1_404' title='bbox 1478 2855 1578 2894; x_wconf 86' lang='lat' dir='ltr'><strong>salis</strong></span> <span class='ocrx_word' id='word_1_405' title='bbox 1601 2853 1717 2905; x_wconf 82' lang='lat' dir='ltr'><strong>puri]</strong></span> <span class='ocrx_word' id='word_1_406' title='bbox 1750 2854 1994 2905; x_wconf 88' lang='lat' dir='ltr'><strong>Opponitur</strong></span> <span class='ocrx_word' id='word_1_407' title='bbox 2019 2864 2093 2893; x_wconf 88' lang='lat' dir='ltr'><strong>sa-</strong></span> 
     </span>
     <span class='ocr_line' id='line_1_72' title="bbox 1210 2915 2092 2968; baseline -0.003 -11"><span class='ocrx_word' id='word_1_408' title='bbox 1210 2917 1346 2957; x_wconf 89' lang='lat' dir='ltr'><strong>linum</strong></span> <span class='ocrx_word' id='word_1_409' title='bbox 1379 2919 1656 2968; x_wconf 81' lang='lat' dir='ltr'><strong>argenteum.</strong></span> <span class='ocrx_word' id='word_1_410' title='bbox 1710 2916 2029 2967; x_wconf 80' lang='lat' dir='ltr'><strong>«pauperiores</strong></span> <span class='ocrx_word' id='word_1_411' title='bbox 2051 2915 2092 2955; x_wconf 90' lang='lat' dir='ltr'><strong>in</strong></span> 
     </span>
     <span class='ocr_line' id='line_1_73' title="bbox 1211 2977 2092 3021; baseline -0.003 -1"><span class='ocrx_word' id='word_1_412' title='bbox 1211 2981 1380 3021; x_wconf 86' lang='lat' dir='ltr'><strong>marina</strong></span> <span class='ocrx_word' id='word_1_413' title='bbox 1400 2980 1572 3020; x_wconf 88' lang='lat' dir='ltr'><strong>concha</strong></span> <span class='ocrx_word' id='word_1_414' title='bbox 1590 2977 1729 3019; x_wconf 88' lang='lat' dir='ltr'><strong>salem</strong></span> <span class='ocrx_word' id='word_1_415' title='bbox 1750 2979 1903 3018; x_wconf 89' lang='lat' dir='ltr'><strong>tritum</strong></span> <span class='ocrx_word' id='word_1_416' title='bbox 1923 2977 2092 3018; x_wconf 88' lang='lat' dir='ltr'><strong>habere</strong></span> 
     </span>
     <span class='ocr_line' id='line_1_74' title="bbox 1212 3042 2090 3094; baseline -0.005 -11"><span class='ocrx_word' id='word_1_417' title='bbox 1212 3042 1378 3092; x_wconf 90' lang='lat' dir='ltr'><strong>solent,</strong></span> <span class='ocrx_word' id='word_1_418' title='bbox 1413 3054 1500 3094; x_wconf 90' lang='lat' dir='ltr'><strong>quo</strong></span> <span class='ocrx_word' id='word_1_419' title='bbox 1533 3053 1635 3082; x_wconf 92' lang='lat' dir='ltr'><strong>cum</strong></span> <span class='ocrx_word' id='word_1_420' title='bbox 1666 3053 1780 3093; x_wconf 84' lang='lat' dir='ltr'><strong>pane</strong></span> <span class='ocrx_word' id='word_1_421' title='bbox 1805 3042 2090 3081; x_wconf 84' lang='lat' dir='ltr'><strong>vescantur.»</strong></span> 
     </span>
     <span class='ocr_line' id='line_1_75' title="bbox 1213 3103 2094 3153; baseline -0.005 -8"><span class='ocrx_word' id='word_1_422' title='bbox 1213 3108 1366 3146; x_wconf 69' lang='lat' dir='ltr'><strong>Posspn.</strong></span> <span class='ocrx_word' id='word_1_423' title='bbox 1428 3105 1515 3145; x_wconf 84' lang='lat' dir='ltr'><strong>Cfr.</strong></span> <span class='ocrx_word' id='word_1_424' title='bbox 1558 3106 1644 3144; x_wconf 83' lang='lat' dir='ltr'><strong>Sat.</strong></span> <span class='ocrx_word' id='word_1_425' title='bbox 1687 3106 1736 3152; x_wconf 77' lang='lat'><strong>2,</strong></span> <span class='ocrx_word' id='word_1_426' title='bbox 1782 3105 1830 3153; x_wconf 66' lang='lat'><strong>2,</strong></span> <span class='ocrx_word' id='word_1_427' title='bbox 1879 3103 1954 3142; x_wconf 75' lang='lat'><strong>47:</strong></span> <span class='ocrx_word' id='word_1_428' title='bbox 2000 3114 2094 3142; x_wconf 86' lang='lat' dir='ltr'><strong>cum</strong></span> 
     </span>
    </p>
   </div>
   <div class='ocr_carea' id='block_1_15' title="bbox 1210 3166 2169 3222">
    <p class='ocr_par' dir='ltr' id='par_1_15' title="bbox 1210 3166 2169 3222">
     <span class='ocr_line' id='line_1_76' title="bbox 1210 3166 2169 3222; baseline -0.004 -13"><span class='ocrx_word' id='word_1_429' title='bbox 1210 3170 1298 3209; x_wconf 87' lang='lat' dir='ltr'><strong>sale</strong></span> <span class='ocrx_word' id='word_1_430' title='bbox 1311 3170 1438 3220; x_wconf 80' lang='lat' dir='ltr'><strong>panis</strong></span> <span class='ocrx_word' id='word_1_431' title='bbox 1458 3169 1705 3208; x_wconf 66' lang='lat' dir='ltr'><strong>Lati-autem</strong></span> <span class='ocrx_word' id='word_1_432' title='bbox 1720 3167 1975 3208; x_wconf 85' lang='lat' dir='ltr'><strong>stomachum</strong></span> <span class='ocrx_word' id='word_1_433' title='bbox 1994 3166 2092 3206; x_wconf 85' lang='lat' dir='ltr'><strong>bene</strong></span> <span class='ocrx_word' id='word_1_434' title='bbox 2164 3216 2169 3222; x_wconf 20' lang='grc' dir='ltr'>ἱ</span> 
     </span>
    </p>
   </div>
   <div class='ocr_carea' id='block_1_16' title="bbox 1210 3229 2096 3531">
    <p class='ocr_par' dir='ltr' id='par_1_16' title="bbox 1210 3229 2096 3531">
     <span class='ocr_line' id='line_1_77' title="bbox 1211 3229 2096 3279; baseline -0.005 -8"><span class='ocrx_word' id='word_1_435' title='bbox 1211 3233 1344 3271; x_wconf 81' lang='lat' dir='ltr'><strong>leniet.</strong></span> <span class='ocrx_word' id='word_1_436' title='bbox 1406 3230 1512 3271; x_wconf 88' lang='lat' dir='ltr'><strong>Plin.</strong></span> <span class='ocrx_word' id='word_1_437' title='bbox 1546 3232 1595 3270; x_wconf 91' lang='lat' dir='ltr'><strong>H.</strong></span> <span class='ocrx_word' id='word_1_438' title='bbox 1620 3232 1671 3270; x_wconf 91' lang='lat' dir='ltr'><strong>N.</strong></span> <span class='ocrx_word' id='word_1_439' title='bbox 1695 3230 1739 3270; x_wconf 69' lang='lat'><strong>34</strong></span> <span class='ocrx_word' id='word_1_440' title='bbox 1762 3262 1770 3278; x_wconf 94' lang='lat'><strong>,</strong></span> <span class='ocrx_word' id='word_1_441' title='bbox 1804 3229 1849 3270; x_wconf 71' lang='lat'><strong>44</strong></span> <span class='ocrx_word' id='word_1_442' title='bbox 1872 3241 1880 3267; x_wconf 91' lang='lat'><strong>:</strong></span> <span class='ocrx_word' id='word_1_443' title='bbox 1913 3229 2096 3279; x_wconf 79' lang='lat' dir='ltr'><strong>salpul-</strong></span> 
     </span>
     <span class='ocr_line' id='line_1_78' title="bbox 1210 3292 2094 3343; baseline -0.003 -10"><span class='ocrx_word' id='word_1_444' title='bbox 1210 3294 1407 3333; x_wconf 73' lang='lat' dir='ltr'><strong>mahtarii</strong></span> <span class='ocrx_word' id='word_1_445' title='bbox 1434 3294 1566 3333; x_wconf 78' lang='lat' dir='ltr'><strong>vicem</strong></span> <span class='ocrx_word' id='word_1_446' title='bbox 1594 3293 1747 3343; x_wconf 77' lang='lat' dir='ltr'><strong>implet.</strong></span> <span class='ocrx_word' id='word_1_447' title='bbox 1809 3292 1901 3331; x_wconf 86' lang='lat' dir='ltr'><strong>Hoc</strong></span> <span class='ocrx_word' id='word_1_448' title='bbox 1922 3293 2094 3331; x_wconf 85' lang='lat' dir='ltr'><strong>tantum</strong></span> 
     </span>
     <span class='ocr_line' id='line_1_79' title="bbox 1211 3352 2092 3405; baseline -0.003 -10"><span class='ocrx_word' id='word_1_449' title='bbox 1211 3355 1321 3405; x_wconf 69' lang='lat' dir='ltr'><strong>volt,</strong></span> <span class='ocrx_word' id='word_1_450' title='bbox 1356 3358 1403 3395; x_wconf 83' lang='lat' dir='ltr'><strong>ut</strong></span> <span class='ocrx_word' id='word_1_451' title='bbox 1429 3357 1483 3397; x_wconf 91' lang='lat' dir='ltr'><strong>sit</strong></span> <span class='ocrx_word' id='word_1_452' title='bbox 1513 3354 1748 3402; x_wconf 89' lang='lat' dir='ltr'><strong>candidus,</strong></span> <span class='ocrx_word' id='word_1_453' title='bbox 1781 3354 1868 3392; x_wconf 83' lang='lat' dir='ltr'><strong>sine</strong></span> <span class='ocrx_word' id='word_1_454' title='bbox 1894 3352 2092 3404; x_wconf 81' lang='lat' dir='ltr'><strong>faecibus,</strong></span> 
     </span>
     <span class='ocr_line' id='line_1_80' title="bbox 1214 3415 2096 3467; baseline -0.003 -10"><span class='ocrx_word' id='word_1_455' title='bbox 1214 3417 1485 3459; x_wconf 86' lang='lat' dir='ltr'><strong>defaecatus.</strong></span> <span class='ocrx_word' id='word_1_456' title='bbox 1523 3441 1566 3446; x_wconf 83' lang='lat'>—</span> <span class='ocrx_word' id='word_1_457' title='bbox 1601 3415 1758 3467; x_wconf 85' lang='lat' dir='ltr'><strong>crassa]</strong></span> <span class='ocrx_word' id='word_1_458' title='bbox 1791 3416 1992 3467; x_wconf 64' lang='lat' dir='ltr'><strong>pinguem</strong></span> <span class='ocrx_word' id='word_1_459' title='bbox 2031 3420 2096 3455; x_wconf 83' lang='lat' dir='ltr'><strong>to-</strong></span> 
     </span>
     <span class='ocr_line' id='line_1_81' title="bbox 1212 3478 2090 3531; baseline -0.003 -12"><span class='ocrx_word' id='word_1_460' title='bbox 1212 3491 1313 3531; x_wconf 58' lang='lat' dir='ltr'><strong>gam</strong></span> <span class='ocrx_word' id='word_1_461' title='bbox 1353 3479 1552 3519; x_wconf 76' lang='lat' dir='ltr'><strong>similiter</strong></span> <span class='ocrx_word' id='word_1_462' title='bbox 1583 3479 1687 3518; x_wconf 76' lang='lat' dir='ltr'><strong>dixit</strong></span> <span class='ocrx_word' id='word_1_463' title='bbox 1729 3478 1907 3518; x_wconf 75' lang='lat' dir='ltr'><strong>sueton.</strong></span> <span class='ocrx_word' id='word_1_464' title='bbox 1943 3478 2090 3517; x_wconf 80' lang='lat' dir='ltr'><strong>Octav.</strong></span> 
     </span>
    </p>
   </div>
  </div>
 </body>
</html>
