2231 3787
876 262 971 300 Lm.
1009 261 1036 298 l.

1101 262 1210 300 sA'r.
1249 261 1314 299 vt.
1908 258 2008 310 r1⁵23

267 391 468 444 Deinde
511 410 575 444 eo
619 391 927 450 dormitum,
971 408 1075 442 non
1116 390 1397 444 sollicitus.
1442 390 1566 442 milii
1608 391 1752 461 quod
1793 409 1912 444 cras

264 493 603 559 Surgendum
645 493 712 545 sit
750 510 925 548 manc,
969 491 1256 545 obeundus
1299 493 1534 565 Marsya,
1579 493 1667 562 qui
1711 509 1768 545 se

1913 493 2009 545 1⁸20

258 593 467 646 Vultum
510 596 649 647 serre
690 603 846 665 negat
884 594 1173 646 Noviorum
1216 611 1377 664 posse
1418 595 1653 647 minoris.

258 696 335 747 Ad
377 705 621 766 quartam
663 697 839 758 iaceo;
882 705 1002 766 post
1040 695 1177 749 hanc
1214 713 1407 766 vagor:
1451 705 1540 748 aut
1577 713 1678 765 ego
1719 696 1855 750 lecto

308 869 393 907 119.
427 869 486 920 eo]
520 881 592 919 esso
625 870 666 908 d.
707 893 749 898 —-
792 871 876 909 ¹22.
912 870 1019 909 Vide
1052 872 1271 910 Annotatt.

188 1000 428 1052 ponebant.
490 1003 632 1042 Locus
673 1005 822 1042 autem
863 1014 885 1041 a
923 1004 1065 1043 statua
1134 1008 1270 1045 stram
1316 1004 1406 1044 lere
1446 1004 1681 1044 decimam.

1746 1006 1916 1057 «Usque
1957 1006 2010 1046 ad

189 1075 351 1103 nomen
397 1065 589 1116 accepit,
638 1065 757 1116 quod
802 1064 860 1103 ibi
906 1076 1066 1105 causac
1132 1070 1247 1108 hanc
1279 1069 1321 1107 in
1352 1066 1512 1107 lectulo
1544 1078 1704 1107 sum2»
1746 1066 1844 1115 ubi,
1879 1067 1914 1107 si
1945 1066 2014 1107 lu—

189 1127 256 1177 agi
300 1125 502 1166 solebant
539 1130 581 1166 et
624 1126 872 1167 vadimonia
930 1128 1065 1167 sisti.»

189 1192 328 1230 Comi.
369 1191 441 1229 CR.
494 1190 616 1229 SerV.
651 1189 707 1228 ad
749 1192 856 1229 Aen.
894 1189 944 1237 4,
988 1192 1063 1230 58:

189 1251 442 1303 «(Baeci1us>
466 1254 567 1303 apte
600 1253 641 1291 in
673 1252 861 1291 urbibus
892 1251 1070 1292 liberta-

188 1315 240 1354 tis
272 1316 339 1354 est
369 1314 503 1360 deus;
551 1314 668 1353 unde
701 1315 833 1354 etiam
870 1315 1067 1364 Marsyas

187 1378 387 1417 minister
425 1377 519 1416 eius
564 1388 646 1428 per
682 1378 882 1416 civitates
931 1378 971 1416 in
1003 1377 1069 1416 so—

188 1451 235 1479 ro
273 1439 441 1491 positus
480 1436 693 1479 libertatis
729 1439 940 1478 indicium
978 1441 1065 1478 est:

187 1503 258 1553 qui
291 1504 440 1541 erecta
469 1512 604 1541 manu
625 1503 815 1542 testatur
835 1500 939 1541 nihil
968 1500 1068 1541 urbi

187 1564 394 1604 deesse.»
455 1564 614 1615 Sicque
660 1576 707 1604 re
751 1576 854 1604 vera
908 1566 976 1604 est
1024 1565 1066 1603 in

188 1638 370 1667 nummo
388 1627 529 1677 gentis
553 1627 741 1667 Marciae
760 1626 879 1678 apud
901 1625 1066 1666 Morell.

187 1689 292 1730 Tab.
335 1691 366 1728 Ι.
418 1690 457 1728 7.
507 1690 706 1730 nondum
767 1689 823 1729 ab
869 1688 1067 1741 Apolline

187 1753 329 1792 victus
351 1754 395 1791 et
425 1753 689 1793 excoriatus.
742 1752 863 1792 Ovid.
889 1754 1065 1792 Metam.

189 1816 232 1863 6,
266 1813 344 1854 383
367 1824 465 1865 sqq.
518 1815 722 1865 Marsyae
746 1816 987 1865 imaginem
1008 1815 1071 1853 vi-

188 1877 306 1917 desis
337 1877 379 1916 in
408 1877 515 1916 Anu.
549 1878 639 1916 dell‘
671 1878 770 1917 Inst.
804 1878 982 1916 archcol.
1016 1878 1066 1916 II.

187 1951 230 1992 p.
264 1940 358 1979 406.
420 1941 568 1991 Longe
593 1940 768 1980 diversa
801 1942 869 1980 est
897 1939 1071 1980 descri—

187 2003 277 2055 ptio
317 2001 487 2053 Apuleii
528 2002 684 2043 Florid.
725 2004 770 2053 4,
804 2003 851 2053 3,
887 2004 959 2042 44ῑ
1009 2003 1071 2041 Eo

191 2064 446 2116 (Hyagnide)
489 2066 651 2116 qenitus
679 2068 878 2115 Marsyas
906 2076 1000 2105 cum
1029 2065 1073 2104 in

190 2128 369 2179 artificio
403 2128 656 2176 patrissaret
694 2128 888 2178 tibicinii,
929 2128 1072 2176 Phryx

190 2194 327 2230 cetera
349 2193 386 2228 et
406 2189 635 2240 barbarus,
663 2192 777 2231 voltu
795 2191 930 2242 ferino
951 2194 1068 2239 trum,

192 2253 395 2302 hispidus,
427 2252 708 2302 illutibarbus,
744 2254 874 2303 spinis
903 2256 940 2291 et
974 2252 1072 2301 pilis

189 2315 340 2354 obsitus
358 2315 494 2365 fertur
509 2313 629 2366 (proh
648 2315 764 2366 nefas
779 2315 809 2366 J)
841 2326 935 2354 cum
948 2315 1072 2364 Apol-

189 2380 270 2419 line
311 2380 559 2419 certavisse:
604 2383 705 2418 teter
747 2390 841 2418 cum
889 2379 1068 2427 decoro,

190 2442 367 2493 aqrestis
386 2448 480 2480 cum
509 2442 695 2491 erudito,
729 2441 849 2480 belua
868 2451 961 2480 cam
982 2440 1067 2479 deo.

190 2503 298 2543 Vide
329 2503 576 2543 Excursum
608 2505 656 2543 ΙΙ.
696 2526 740 2532 -
774 2503 934 2542 Voltum
962 2502 1073 2553 ferre

191 2569 314 2617 nessat
344 2565 445 2616 cet.]
471 2566 638 2605 «Minor
660 2566 778 2605 enim
802 2564 1069 2616 (Noviorum)

191 2629 247 2668 ad
277 2628 392 2667 hanc
422 2629 615 2668 statuam
652 2628 908 2680 turpissime
947 2627 1075 2666 fene-

190 2690 373 2731 rabatur
394 2701 572 2731 summo
594 2701 747 2738 mane;
783 2701 920 2742 quare
953 2691 1074 2730 ioca-

190 2756 260 2794 tur
280 2754 485 2794 Horatius
505 2754 733 2804 inquiens,
767 2755 993 2804 Marsyam
1015 2751 1076 2791 al—

190 2818 332 2856 teram
367 2816 533 2856 habere
565 2827 749 2856 manum
780 2817 979 2855 erectam
1019 2814 1075 2854 ad

192 2878 508 2931 depellendum
536 2879 720 2927 Novios‚
765 2878 886 2930 quod
917 2889 1073 2918 eorum

193 2942 494 2982 feneratorum
515 2941 836 2993 impudentiam
857 2952 945 2980 non
966 2951 1075 2992 pos-

195 3006 262 3044 set
298 3003 562 3043 sustinere.»
615 3003 755 3042 Comi.
801 3004 931 3048 CRUQ.
985 3002 1072 3042 Cfr.

193 3067 322 3107 Beier
365 3064 421 3104 ad
453 3065 542 3104 Cic.
575 3064 654 3104 Off.
686 3066 734 3113 2,
786 3066 852 3104 25.
900 3075 943 3116 p.
980 3065 1072 3104 472.

194 3131 244 3170 Ut
284 3130 434 3167 tamen
476 3127 599 3166 iocus
628 3138 787 3167 verum
816 3126 955 3167 salem
993 3127 1076 3166 ha-

193 3191 319 3239 beat,
367 3189 585 3240 fingamus
622 3189 750 3229 nobis
790 3201 976 3230 necesse
1009 3193 1078 3231 est

194 3253 455 3294 feneratoris
477 3250 645 3291 voltum
676 3252 789 3291 adeo
821 3252 950 3292 foede
982 3253 1074 3293 dis-

195 3318 378 3364 tortum,
418 3316 467 3355 ut¹
494 3316 697 3364 Satyrus,
732 3315 813 3354 etsi
844 3315 938 3366 ipse
968 3326 1074 3366 quo-

196 3389 281 3429 que
323 3378 572 3418 deformem
611 3376 747 3416 habet
788 3376 969 3423 faciem,
1017 3377 1072 3417 ab

196 3440 266 3480 illo
296 3440 548 3481 contuendo
578 3438 832 3479 abhorreat.

254 3504 269 3542 4
279 3502 453 3544 22-424.
485 3502 548 3543 Ad
568 3502 780 3551 quartam]
803 3501 974 3550 horam,
997 3512 1073 3541 no-

1135 1130 1291 1178 bebat,
1340 1130 1487 1180 legere
1518 1129 1587 1169 vel
1619 1129 1817 1170 scribere
1848 1130 2014 1181 aliquid

1133 1195 1321 1245 poterat.
1382 1193 1522 1231 Iacere
1563 1195 1712 1231 autem
1745 1192 1939 1232 «cubare
1972 1194 2013 1232 in

1132 1254 1342 1304 lectulo»,
1389 1257 1438 1293 ut
1483 1253 1636 1294 Catull.
1672 1254 1745 1303 32,
1780 1255 1851 1294 4οῑ
1903 1256 2015 1294 Nam

1126 1328 1311 1368 pransus
1340 1317 1468 1356 iaceo.
1531 1316 1618 1356 Csr.
1643 1316 1904 1366 Bentleium,
1940 1318 2012 1368 qui

1132 1382 1283 1420 recte:
1325 1380 1469 1419 «Cave
1501 1379 1692 1429 accipias
1724 1390 1804 1430 pro
1835 1380 2010 1425 dormio,

1132 1444 1181 1482 ut
1226 1441 1353 1492 volgo
1399 1441 1562 1480 faciunt
1604 1442 1921 1492 Interpretes.»
1968 1464 2012 1469 —-

1129 1509 1221 1555 post
1255 1506 1362 1544 hanc
1400 1503 1502 1555 cet.]
1539 1505 1664 1555 «post
1705 1506 1910 1554 quartam
1941 1506 2017 1543 aut

1131 1579 1286 1619 ϊαῃον,
1321 1567 1415 1607 sine
1448 1567 1569 1605 certo
1602 1564 1782 1606 consilio
1805 1564 1924 1606 solus
1948 1567 2016 1605 in-

1135 1630 1299 1678 cedo,»
1334 1630 1395 1679 (ut
1423 1640 1466 1667 V.
1492 1629 1603 1673 442.,
1638 1627 1718 1668 sed
1747 1628 1791 1667 h.
1825 1627 1852 1667 l.
1883 1638 2015 1668 mane

1134 1695 1233 1733 ante
1265 1690 1538 1743 prandium:)
1581 1693 1704 1739 «aut,
1746 1692 1780 1730 si
1812 1691 1898 1730 hoc
1928 1702 2015 1730 non

1133 1755 1300 1808 placet,
1334 1765 1476 1804 ungor
1506 1752 1630 1803 oleo,
1662 1752 1749 1804 pila
1781 1754 1823 1793 in
1847 1754 2016 1804 Campo

1134 1819 1287 1859 Martio
1358 1816 1563 1865 lusurus,
1636 1816 1796 1856 deinde
1861 1815 2014 1864 lavor,

1135 1882 1290 1933 postea
1321 1879 1506 1919 domum
1536 1879 1673 1918 redeo
1695 1879 1750 1918 ad
1781 1878 2016 1930 prandium

1136 1942 1426 1990 sumendum,
1471 1944 1700 1993 postremo
1742 1952 1824 1992 per
1854 1940 2019 1991 aliquot

1136 2007 1269 2046 horas
1301 2005 1414 2043 otior
1444 2004 1608 2043 domi.»
1668 2005 1778 2043 Tum
1818 2003 2020 2054 sequitur

1135 2067 1307 2119 reliqua
1338 2078 1442 2118 pars
1473 2066 1559 2106 diei
1590 2078 1631 2106 v,
1658 2067 1751 2106 42¹2.
1777 2066 2014 2117 descripta.

1138 2132 1296 2182 (Meam
1326 2130 1767 2180 interpretationem,
1803 2139 1917 2179 quae
1946 2139 2020 2166 re—

1136 2195 1205 2233 cta
1243 2193 1498 2232 etiamnunc
1540 2191 1645 2230 mihi
1689 2190 1887 2239 videtur,
1931 2200 2019 2229 non

1135 2257 1241 2297 satis
1271 2254 1481 2294 intellexit
1511 2255 1728 2301 Diintzer,
1780 2253 1854 2304 qui
1884 2263 2020 2304 pran-

1135 2319 1206 2358 dio
1237 2317 1504 2357 abstinu1sse
1532 2316 1760 2355 Horatium
1793 2316 2017 2366 opinatur.

1137 2380 1223 2420 Sed
1266 2378 1365 2418 luce
1406 2377 1566 2417 clarius
1612 2379 1679 2417 est
1724 2387 1763 2415 v.
1800 2376 1893 2417 444.
1927 2377 2022 2415 inde

1136 2444 1304 2482 domum
1325 2452 1389 2480 me
1412 2442 1496 2479 cet.
1517 2439 1572 2479 de
1593 2443 1730 2478 coena
1746 2439 1833 2489 agi,
1868 2450 1909 2477 v,
1924 2438 2016 2478 4⁵20.

1136 2505 1401 2556 Surgendum
1421 2504 1472 2542 sit
1490 2514 1614 2542 mane
1630 2504 1714 2542 cet.
1736 2502 1791 2542 de
1815 2503 2020 2552 tempore

1138 2568 1379 2614 matutino,
1419 2565 1680 2613 meridiano,
1714 2563 2022 2616 pomeridiano

1139 2632 1239 2670 ante
1287 2640 1489 2669 coenam.
1549 2630 1735 2668 Pransus
1778 2629 1928 2666 autem
1965 2626 2019 2676 (V.

1141 2692 1267 2742 427),
1310 2694 1358 2731 ut
1389 2690 1458 2730 ille
1489 2689 1600 2739 volt,
1650 2689 1897 2741 significare
1935 2700 2022 2728 non

1138 2756 1284 2807 potest
1333 2757 1530 2793 coenatus
1577 2754 1762 2804 propter
1809 2753 1903 2803 ipsa
1946 2762 2019 2789 vv.

1139 2818 1247 2857 diem
1285 2817 1466 2865 durare,
1513 2816 1563 2854 ut
1605 2814 1892 2854 manifestum
1938 2814 2018 2858 est,

1138 2890 1282 2931 usque
1305 2879 1358 2918 ad
1391 2889 1606 2925 coenam;
1640 2877 1715 2928 qui
1746 2877 1896 2915 autem
1929 2876 2025 2914 erat

1139 2943 1240 2993 post
1271 2951 1460 2981 coenam
1491 2941 1575 2980 dies
1604 2939 1849 2979 durandus?
1880 2937 2022 2977 Minus

1139 3004 1318 3055 proprie
1360 3014 1468 3043 sane
1498 3013 1540 3041 v.
1569 3002 1782 3052 prandere
1810 2999 2027 3050 accipitur

1141 3066 1249 3117 Epp.
1285 3066 1330 3113 4,
1366 3065 1442 3113 47,
1479 3064 1544 3104 43.
1578 3066 1626 3104 Α.
1660 3065 1706 3103 P.
1731 3062 1842 3111 340.)
1891 3059 2027 3101 Aliter

1140 3127 1336 3168 distinxit
1375 3125 1600 3166 Bentleius
1646 3126 1813 3177 puncto
1851 3125 1952 3175 post
1981 3134 2021 3161 v.

1139 3191 1250 3229 iuvet
1269 3189 1436 3241 posito,
1469 3190 1518 3228 ut
1537 3188 1592 3228 sit
1609 3199 1616 3226 :
1651 3188 1780 3238 «post
1800 3187 2021 3237 quartam.

1140 3263 1244 3292 cum
1274 3252 1318 3290 in
1347 3248 1509 3290 lectulo
1541 3249 1626 3301 legi
1655 3250 1731 3288 aut
1760 3248 1917 3298 scripsi
1946 3244 2025 3284 ali—

1141 3312 1269 3364 quid,
1302 3323 1484 3364 vagor.»
1536 3311 1622 3351 Sed
1653 3322 1694 3350 v,
1729 3321 1802 3361 eqo
1834 3306 2022 3348 manife-

1139 3378 1206 3416 sto
1238 3376 1295 3416 ad
1325 3388 1367 3415 v,
1399 3387 1538 3427 unqor
1566 3375 1772 3426 pertinet.
1811 3396 1854 3400 -—
1889 3372 2025 3411 lecto-

1136 3438 1304 3490 scripto]
1336 3438 1443 3478 Mire
1474 3437 1587 3476 haec
1608 3448 1678 3475 vv.
1704 3433 1772 3474 alii
1806 3443 2027 3485 exposue-

1136 3502 1239 3540 runt
1283 3499 1416 3541 lectito
1455 3501 1500 3538 et
1538 3497 1743 3547 scriptito,
1792 3506 1893 3536 cum
1933 3496 2018 3536 sint
