2231 3787
197 233 263 284 66
832 228 1047 269 HORATII
1077 228 1376 269 SATtRARUM

738 370 783 413 E
819 368 877 413 X
910 369 949 414 C
984 368 1035 413 U
1068 368 1117 414 R
1153 366 1190 411 S
1225 367 1274 413 U
1309 365 1346 411 S
1415 367 1456 409 1.

981 463 1044 501 An
1073 473 1114 501 v.
1148 461 1214 500 27.

301 552 349 590 A.
374 561 416 589 u.
443 561 480 590 c.
507 548 601 590 463.
628 560 680 588 ex
702 546 1015 599 Sibyllinorum
1035 545 1252 586 librorum
1283 545 1403 585 iussu
1425 543 1480 583 ad
1509 541 1807 594 pestilentiam
1827 540 2012 592 abigen-

191 622 294 661 dam
327 619 546 671 Epidauro
577 620 762 658 Romam
793 617 1006 656 advectus
1029 617 1096 655 est
1117 615 1292 665 anguis,
1328 612 1506 664 qualem
1535 613 1760 663 Epidauria
1786 623 1912 661 raro,
1945 611 2013 650 sed

192 702 405 739 niuzquam
444 690 528 729 sinc
556 700 709 740 mafflto
749 689 933 738 ipsorum
963 686 1065 725 bono
1098 685 1254 733 visum,
1302 684 1345 722 in
1373 684 1541 722 modum
1572 683 1807 732 Aesculapii
1833 692 2012 721 venera—

190 760 355 799 bantur.
420 757 524 809 (Val.
550 759 660 799 Max.
688 759 729 805 t,
763 757 812 805 8,
846 756 900 805 Ξ.)
951 756 991 795 Is
1022 754 1180 794 sedem
1210 763 1337 793 suam
1369 751 1566 791 habebat
1596 752 1637 791 in
1659 751 1770 791 aede
1798 750 2013 792 Aescula-

189 831 269 881 pii.
318 840 453 880 quam
497 829 536 866 in
583 825 722 866 insula
768 825 972 865 Tiberina
1017 824 1102 863 deo
1148 823 1420 863 dedicarant.
1497 822 1608 861 Hinc
1651 819 1872 861 ἐπίθετον
1902 821 1946 860 h.
1980 821 2008 861 l.

189 901 377 951 petitum
398 898 538 937 videri
568 898 736 948 potest;
771 896 851 934 nisi
872 905 980 933 vero
1000 892 1179 944 volgare
1202 893 1279 932 fuit
1307 891 1611 943 proverbium.
1671 892 1726 931 At
1750 902 1857 930 vero
1877 890 2009 930 nimis

190 968 408 1009 subtiliter
451 967 673 1016 Boettiger
716 965 781 1004 ΚΖ.
822 964 1028 1014 Schriften
1071 964 1102 1002 Ι.
1142 973 1184 1013 p.
1224 963 1317 1002 442.
1351 961 1658 1001 demonstrare
1701 962 1883 1000 conatus
1915 962 2010 1011 est,

187 1039 272 1077 hoc
314 1049 401 1076 nno
442 1036 643 1089 ἐπιθέτῳ
684 1034 913 1074 Horatium
944 1031 1075 1072 simul
1104 1034 1406 1072 Romanorum
1445 1031 1489 1070 in
1530 1029 1717 1070 colendo
1747 1029 2012 1081 Aesculapio

188 1108 550 1158 superstitionem
581 1105 785 1144 deridere
818 1115 869 1143 ac
896 1101 1128 1153 suggillare
1150 1100 1358 1141 voluisse.
1422 1100 1483 1152 (ld
1512 1100 1664 1151 utique
1689 1101 1884 1140 statuere
1905 1110 2014 1151 pos-

187 1188 363 1225 sumus,
397 1186 499 1215 cum
531 1176 703 1214 cicures
735 1173 791 1213 illi
822 1171 1074 1223 Aesculapii
1106 1172 1324 1211 dracones
1345 1169 1474 1221 volgo
1495 1171 1586 1210 noti
1609 1171 1760 1211 essent
1786 1169 2010 1218 Romanis,

186 1247 333 1286 minus
374 1245 629 1285 affectatum
670 1244 812 1284 videri
853 1242 1063 1282 debuisse
1103 1242 1330 1293 epitheton
1375 1239 1480 1280 illud
1523 1240 1782 1290 Epidaurius
1811 1250 1946 1290 quam
1977 1240 2013 1279 si

189 1317 301 1356 meri
333 1316 580 1355 ornamenti
612 1315 773 1366 poetici
800 1313 1000 1364 speciem
1030 1310 1296 1361 habuisset.)

719 1503 1328 1553 EXCURSUS
1396 1505 1469 1548 11.

957 1597 1220 1639 Antulffi.

295 1690 357 1728 De
390 1689 636 1728 Stoicorum
667 1687 850 1737 sapiente
879 1685 985 1726 satis
1017 1685 1186 1724 comice
1217 1685 1324 1723 Bato
1355 1684 1558 1724 Meinekii
1588 1685 1658 1723 IV.
1692 1694 1735 1735 p.
1760 1682 1863 1724 499:
1911 1678 2014 1722 Τῶν

187 1755 477 1809 φιλοσόφων
508 1753 620 1807 τοὺς
651 1753 912 1813 σώφρονας
941 1754 1174 1796 ἐνταυθοῖ
1197 1751 1352 1803 καλῶ,
1386 1750 1510 1804 Τοὺς
1540 1748 1729 1807 ἀγαθὸν
1759 1748 1926 1803 αὑτοῖς
1949 1748 2006 1793 οὐ

185 1826 403 1879 διδόντας
435 1824 545 1869 οῦδὲ-
578 1821 649 1875 ἕν,
684 1823 806 1876 Τοὺς
837 1821 919 1865 τὸν
949 1821 1192 1882 φρόνιμον
1223 1820 1482 1876 ζητοῦντας
1512 1822 1562 1864 ἐν
1593 1828 1694 1874 τοῖς
1727 1819 2005 1880 περιπάτοις

185 1900 279 1940 Καὶ
319 1903 424 1949 ταῖς
461 1896 729 1955 διατριβαῖς
760 1891 920 1952 ῶσπερ
951 1891 1333 1952 ἀποδεδρακότα.
1403 1894 1622 1934 Plutarch.
1659 1894 1713 1934 de
1751 1896 1897 1944 tranq.
1939 1904 2009 1933 an.

190 1972 264 2010 v¹2:
300 1965 455 2009 3Ένιοι
494 1964 605 2018 τοὺς
635 1966 724 2019 μὲν
754 1962 997 2016 Στωϊκοὺς
1029 1963 1216 2006 οἴονται
1245 1966 1448 2015 παίζειν,
1497 1958 1614 2003 ὅταν
1643 1959 1897 2005 ἀκούσωσι
1925 1959 2015 2003 τὸν

186 2036 350 2089 σοφὸν
390 2040 496 2096 παρ’
535 2033 701 2088 αὗτοῖς
738 2033 809 2089 μὴ
849 2033 1004 2089 μόνον
1046 2032 1288 2092 φρόνιμον
1317 2035 1399 2074 καὶ
1429 2032 1614 2074 δίκαιον
1644 2034 1726 2073 καὶ
1755 2028 2006 2091 ἀνδρεῖον,

185 2105 308 2149 ἀλλὰ
338 2110 420 2149 καὶ
450 2104 633 2166 ῥήτορα
663 2108 743 2147 καὶ
780 2102 1049 2163 στρατηγὸν
1079 2106 1160 2145 καὶ
1192 2101 1397 2158 ποιητὴν
1427 2106 1507 2145 καὶ
1539 2101 1772 2145 πλούσιον
1802 2105 1884 2144 καὶ
1919 2102 2011 2152 βα·-

185 2178 323 2220 σιλεά
363 2176 870 2236 προσαγορευόμενον,
916 2173 1095 2226 αὑτοὺς
1134 2174 1184 2216 δὲ
1223 2173 1413 2215 πάντων
1443 2171 1637 2227 ἀξιοῦσι
1668 2171 1873 2223 τούτων,
1918 2168 2014 2213 κᾶν

185 2246 254 2301 μὴ
286 2246 614 2303 τυγχάνωσιν,
661 2244 903 2287 ἀνιῶνται.
946 2247 1000 2286 de
1041 2245 1137 2286 abs.
1172 2247 1304 2286 Stoic.
1340 2247 1457 2297 opin.
1492 2248 1537 2285 5:
1580 2241 1628 2284 Ὁ
1666 2244 1753 2297 τὴν
1791 2240 2012 2296 Στωϊκήν

184 2316 348 2368 λαβών
374 2315 658 2371 Ἀμάλθειαν
690 2314 922 2367 πλούσιος
954 2316 1043 2368 μὲν
1073 2317 1289 2369 γέγονεν,
1323 2315 1584 2373 ἐρανίζεται
1614 2313 1663 2354 δὲ
1695 2311 1884 2372 τροφὴν
1907 2313 2013 2371 παρ’

187 2389 380 2447 ἑτέρων,
427 2389 509 2429 καὶ
549 2384 778 2438 βασιλεὺς
814 2388 903 2439 μέν
933 2385 1056 2435 ἐστι,
1102 2383 1286 2438 μισθοῦ
1318 2384 1369 2426 δὲ
1399 2381 1597 2426 ἀναλύει
1628 2381 2010 2439 συλλογισμούς·

186 2461 267 2500 καὶ
297 2457 452 2499 πάντα
481 2458 570 2511 μὲν
600 2453 701 2506 ἔχει
730 2454 908 2509 μόνος,
943 2456 1153 2497 ἐνοίκιον
1183 2454 1234 2496 δὲ
1264 2454 1400 2496 τελεῖ.
1448 2456 1547 2496 adv.
1573 2456 1742 2495 Stoicos
1763 2455 1811 2504 3,
1844 2456 1895 2495 2:
1921 2446 2012 2511 ’Ἆρ’

188 2522 274 2571 οὖν
303 2529 380 2570 ἐπὶ
411 2525 468 2568 τὰ
498 2524 642 2567 κοινὰ
673 2524 836 2584 πρῶτα
866 2527 948 2565 καὶ
978 2522 1243 2583 περιβόητα
1283 2515 1565 2574 βαδιστέον,
1611 2519 1643 2563 ἂ
1673 2520 1731 2577 δη
1764 2521 2016 2580 παράδοξα

186 2600 269 2640 καὶ
298 2593 439 2639 αὐτοὶ
459 2620 477 2626 -
495 2621 514 2626 -
533 2594 916 2649 ἐπονομάζουσι,
951 2593 1065 2645 τοὺς
1094 2593 1278 2648 μόνους
1307 2593 1524 2644 βασιλεῖς
1553 2594 1636 2633 καὶ
1664 2591 1851 2645 μόνους
1873 2592 2017 2634 πλου-

189 2671 327 2719 σίους
357 2668 439 2707 καὶ
469 2664 648 2717 καλοὺς
679 2661 836 2706 αὐτῶν
867 2666 948 2705 καὶ
980 2664 1176 2716 πολίτας
1206 2666 1287 2705 καὶ
1317 2660 1549 2713 δικαστὰς
1577 2660 1786 2716 μόνους,
1819 2658 1853 2716 ἢ
1878 2665 2016 2705 ταυτὶ

191 2739 279 2791 μὲν
310 2739 377 2788 εἰς
407 2735 494 2790 τὴν
525 2736 618 2777 τῶν
649 2733 808 2777 ἑώλων
837 2736 918 2776 καὶ
949 2733 1157 2791 ψυχρῶν
1187 2730 1372 2792 ἀγορὰν
1401 2730 1568 2783 βούλει
1599 2731 1851 2790 παρῶμεν,
1885 2733 1936 2774 ἐν
1965 2732 2016 2774 δὲ

190 2814 292 2860 τοῖς
336 2803 399 2858 ὦς
443 2802 513 2847 ἔνι
555 2804 768 2859 μάλιστα
813 2809 1162 2862 πραγματικοῖς
1201 2805 1280 2844 καὶ
1320 2800 1441 2857 μετὰ
1479 2800 1695 2855 σπουδῆς
1736 2801 2016 2857 λεγομένοις

193 2875 513 2932 ποιησώμεθα
557 2874 640 2917 τοῦ
688 2874 833 2930 λόγου
874 2873 958 2916 τὸν
997 2871 1288 2927 ἑξετασμόν;
1328 2869 1467 2926 Ἐμοὶ
1505 2870 1622 2926 γοῦν
1660 2867 1798 2925 η’διον
1835 2867 2012 2924 οὕτως·

191 2945 287 2989 τῶν
317 2945 407 3005 γὰρ
438 2946 557 3005 πρὸς
586 2946 744 2987 ἐκεῖνα
773 2946 1043 2999 γενομένων
1063 2943 1270 2998 ἐλέγχων
1291 2945 1359 2994 τίς
1387 2939 1477 2983 οὐκ
1499 2937 1590 2996 ἤδη
1612 2941 1848 2994 διάπλεώς
1868 2942 2016 2992 ε’στιν;

195 3021 315 3067 Quae
348 3017 529 3068 quidem
559 3017 849 3068 reprehensio
883 3017 964 3056 etsi
995 3017 1129 3065 iusta,
1165 3015 1287 3067 quod
1316 3014 1373 3054 ad
1402 3013 1625 3054 Plutarchi
1645 3013 1856 3065 aequales
1879 3016 2017 3054 Grae-

197 3099 273 3128 cos
304 3088 481 3134 attinet,
515 3097 603 3126 non
634 3086 749 3125 cadit
782 3087 824 3125 in
854 3086 1106 3134 Horatium,
1141 3085 1214 3135 qui
1245 3085 1358 3124 inter
1387 3084 1556 3135 primos
1587 3083 1703 3135 apud
1736 3083 1910 3123 Latinos
1931 3083 2017 3123 hoc

197 3159 510 3208 argumentum
540 3155 762 3196 ludicrum
783 3156 825 3195 in
847 3155 1032 3195 modum
1052 3155 1267 3194 tractavit.
1318 3154 1443 3194 Adde
1466 3153 1659 3205 denique
1679 3153 1849 3193 Arrian.
1873 3153 2012 3204 Epict.

199 3227 248 3276 3,
290 3228 367 3275 22,
409 3226 482 3266 49:
531 3226 611 3274 Τίς
649 3236 709 3276 με
749 3221 858 3264 iaz-322
897 3219 1008 3272 οὐχὶ
1036 3220 1121 3263 τὸν
1158 3221 1362 3272 βασιλέα
1396 3220 1479 3262 τὸν
1509 3221 1682 3264 ἑαυτοῦ
1716 3218 1836 3280 ὁρᾷν
1867 3218 2016 3262 οῗεται

200 3297 280 3337 καὶ
310 3290 575 3347 δεσπότηι’,·
