2231 3787
308 301 406 350 0250

935 305 1143 344 llOltATll
1175 305 1473 348 SATIRARUM

378 434 586 501 Pauper
625 433 875 502 Opimius
915 434 1117 505 argenti
1157 434 1313 504 positi
1353 434 1492 487 intus
1530 442 1582 487 et
1617 435 1755 495 auri,

379 532 479 596 Qui
521 533 867 585 Veientanum
908 534 1053 587 sestis
1093 543 1278 605 potare
1316 535 1508 588 diebus

377 634 644 703 Campana
682 632 869 687 solitus
910 633 1064 687 trulla
1104 652 1441 705 vappamque
1480 635 1750 706 profestis,

376 733 659 797 Quondam
699 733 935 805 lethargo
976 735 1160 805 grandi
1202 744 1283 788 est
1320 753 1638 806 oppressuS‚
1679 745 1737 789 ut
1773 736 1930 791 heres

2012 737 2113 791 ⁴45

376 836 485 887 lam
524 836 727 889 circum
766 835 971 889 loculos
1012 845 1064 890 et
1101 835 1278 889 claves
1316 836 1487 890 laetus
1525 854 1801 908 ovansque

377 937 641 989 Curreret..

718 937 871 990 Hunc
909 937 1151 990 medicus
1190 936 1413 991 multum
1450 937 1594 992 celer
1630 947 1791 1010 atque
1829 938 2001 993 fidelis

382 1037 581 1089 Excitat
619 1035 719 1090 hoc
758 1045 940 1107 pacto:
982 1054 1224 1091 mensam
1261 1038 1387 1109 poni
1430 1039 1575 1093 iubet
1611 1048 1772 1110 atque

377 1136 582 1190 Ell'undi
624 1154 811 1191 saccos
850 1156 1214 1196 nummorum,
1256 1139 1517 1193 accedere
1556 1140 1738 1210 plures

379 1237 454 1290 Ad
483 1237 901 1302 numerandum3
943 1238 1213 1293 hominem
1240 1240 1318 1294 sic
1345 1241 1527 1311 erigit3
1567 1240 1715 1295 addit
1739 1250 1792 1294 et
1818 1241 1968 1296 illud:
2016 1240 2117 1294 450

378 1339 435 1390 Ni
479 1348 567 1391 tua
606 1338 867 1402 custodiS,
911 1339 1100 1393 avidus
1140 1340 1245 1393 iam
1282 1341 1415 1395 haec
1451 1342 1655 1396 auferet
1690 1342 1867 1396 heres,

424 1502 509 1542 ¹46.
543 1503 658 1541 circa
686 1504 727 1542 S.
765 1526 808 1531 —
845 1505 935 1543 451.
970 1505 1058 1544 iam
1086 1506 1175 1544 iam
1203 1505 1363 1556 auferet
1392 1506 1481 1545 Nic.
1508 1506 1708 1547 Heinsius
1738 1506 1857 1546 haud
1886 1507 2055 1560 impro-

364 1564 498 1604 bante
529 1563 738 1604 Bentleio.

306 1713 468 1761 Pauper
484 1712 670 1761 Opimius
687 1713 787 1763 cet.]
808 1713 973 1753 «Homo
991 1714 1179 1764 ignotus,

308 1775 380 1824 qui
404 1775 607 1824 quamvis
627 1774 877 1814 abundaret
906 1786 1015 1815 auro
1037 1778 1080 1815 et
1110 1786 1183 1815 ar-

307 1838 437 1886 gento
459 1835 578 1874 domi
608 1837 651 1875 in
681 1847 781 1875 arca
803 1836 1000 1885 condito,
1035 1840 1183 1877 tamen

308 1907 464 1936 revera
505 1908 667 1946 pauper
696 1899 860 1948 argenti
903 1903 940 1938 et
973 1900 1070 1937 auri
1102 1898 1179 1948 (Cs.

308 1960 394 1998 Sal.
430 1960 472 2006 1,
508 1960 551 2007 l,
585 1959 668 2009 79.)
701 1963 817 2007 erat,
864 1961 1073 2010 quoniam
1116 1961 1184 2000 di-

310 2021 421 2060 vitiis
451 2022 541 2060 suis
574 2021 629 2059 ita
659 2021 872 2072 parcebat
904 2021 994 2070 (Od.
1027 2022 1073 2070 3,
1109 2023 1181 2070 «16,

308 2082 388 2121 28:
435 2083 615 2133 ,llaynas
651 2083 757 2122 inter
795 2094 888 2132 opes
928 2083 1098 2133 inops),
1136 2086 1185 2122 ut

316 2144 577 2182 Veientanum
606 2144 807 2184 rubellum
839 2146 970 2193 (Pers.
1002 2147 1047 2194 5,
1090 2144 1181 2185 447.

311 2205 488 2246 Martial.
520 2207 531 2244 l
555 2238 562 2252 ,
587 2206 690 2253 «103,
715 2207 787 2256 9.>,
818 2208 966 2246 vinum
989 2207 1182 2255 acidum,

311 2266 438 2317 quale
501 2268 735 2318 provenire
800 2267 969 2308 solebat
1031 2269 1183 2308 Veiis»

313 2330 578 2377 (etiamnunc
609 2330 707 2368 vina
739 2331 932 2370 Romana
958 2330 1184 2370 vilioribus

311 2391 687 2439 adnumerantur„
712 2391 858 2432 «sestis
880 2391 1057 2441 diebus,
1081 2403 1187 2444 pro-

312 2453 431 2493 festis
452 2463 663 2504 vappam,
697 2455 850 2494 vinum
880 2466 1061 2505 prorsus
1083 2466 1186 2495 cor-

312 2519 489 2567 ruptum
520 2514 588 2554 vel
621 2515 754 2554 multa
777 2527 888 2566 aqua
913 2516 1098 2558 dilutum
1124 2518 1188 2557 bi-

311 2577 439 2617 beret
476 2588 526 2616 ac
566 2576 689 2616 trulla
731 2583 871 2626 ivase,
918 2589 1005 2629 quo
1035 2580 1185 2620 vinum

314 2651 337 2679 e
375 2643 545 2678 cratere
587 2639 628 2678 in
666 2639 822 2690 pocula
861 2640 1184 2691 infundebatur)

314 2703 533 2746 uteretur,
579 2711 665 2739 non
703 2704 910 2751 argentea
947 2714 1031 2742 nec
1062 2714 1186 2743 mur—

314 2763 435 2801 rliina
458 2764 517 2811 (ut
537 2761 740 2802 solebant
761 2763 971 2814 ditiores),
995 2765 1074 2805 sed
1097 2768 1187 2806 tan-

314 2827 406 2863 tum
455 2822 592 2871 lit-tili,
645 2823 797 2874 quales
840 2826 1189 2867 conficiebantur

316 2886 354 2923 in
402 2886 682 2935 Campaniam
749 2887 847 2925 (Sat.
888 2889 932 2935 l,
979 2889 1027 2935 6,
1076 2891 1186 2941 448.)

315 2947 403 2985 Cic.
427 2946 578 2984 l’arad.
613 2948 658 2994 6,
694 2949 745 2986 3:
792 2950 972 2998 Improbi
1000 2954 1037 2990 cl
1067 2953 1189 2991 avari

313 3030 336 3036 -
355 3030 378 3036 -
399 3020 479 3046 non
510 3010 628 3047 modo
658 3022 735 3048 non
767 3012 919 3060 copiosi
951 3025 1001 3051 ac
1030 3014 1188 3064 divites,

314 3073 381 3110 sed
420 3073 544 3110 eliam
589 3073 726 3122 inopes
766 3086 816 3113 ac
853 3087 1061 3125 pauperes
1096 3080 1189 3117 eci-

313 3133 508 3172 sumanzu
538 3139 643 3173 sunt.
674 3157 716 3162 —
746 3137 869 3184 positi
900 3138 1021 3188 intus]
1056 3139 1120 3179 Cf.
1148 3152 1187 3179 v.

321 3195 409 3233 ¹⁴5.

376 3255 572 3296 lits-¹56.
613 3258 797 3309 lethargo
827 3261 993 3311 arandi]
1029 3265 1187 3312 «gravi,

317 3317 537 3368 profundo
582 3322 814 3359 veterno.»
869 3344 909 3348 —
958 3323 1098 3374 ovans]
1147 3326 1193 3365 [t

319 3380 578 3429 triumphare
592 3380 752 3421 dicitur
770 3382 824 3421 de
850 3383 913 3430 iis,
939 3385 1011 3433 qui
1035 3386 1192 3434 gaudio

321 3442 555 3489 exsultant,
599 3445 661 3484 sic
692 3445 825 3484 etiam
857 3457 1003 3493 ovare,
1038 3446 1105 3486 vel
1138 3448 1192 3487 dc

320 3504 595 3546 animalibus.
656 3504 747 3546 Val.
772 3505 910 3547 Flac-c.
937 3510 985 3549 5
1020 3509 1097 3547 67:
1138 3511 1194 3549 Ac
1226 3512 1229 3530 ¹
1258 3511 1302 3558 3,
1337 3512 1387 3551 87

1244 1715 1352 1754 velut
1394 1715 1484 1764 ille,
1528 1716 1667 1766 yreqis
1709 1716 1776 1755 cui
1817 1717 1934 1756 cessit
1973 1718 2115 1769 reque,

1245 1780 1393 1816 taurus
1421 1777 1573 1816 Fertur
1601 1788 1742 1816 ovans.
1779 1801 1823 1806 —
1855 1779 2031 1818 multum
2058 1791 2121 1820 ce-

1245 1839 1318 1890 ler]
1354 1838 1515 1878 «multa
1546 1839 1679 1879 animi
1707 1841 1959 1891 praesentia
1988 1851 2122 1893 prae-

1247 1900 1411 1940 ditus.»
1471 1902 1533 1940 De
1571 1901 1782 1941 adverbio
1818 1903 1994 1942 ”tultum
2029 1903 2117 1943 vid.

1247 1963 1303 2002 ad
1333 1964 1420 2002 Sat.
1448 1964 1493 2010 4,
1534 1963 1579 2009 3.
1612 1965 1678 2003 57.
1717 1987 1761 1992 —
1801 1965 2122 2006 avidus—-he-

1246 2024 1323 2075 res]
1355 2024 1433 2063 Od.
1459 2023 1503 2072 4,
1544 2025 1586 2073 7,
1628 2026 1704 2064 19:
1750 2037 1903 2066 manus
1931 2027 2122 2066 avidas-

1246 2087 1415 2127 heredis.
1454 2109 1497 2113 —
1529 2087 1602 2126 hoc
1632 2088 1724 2138 aye]
1759 2090 1806 2127 ln
1836 2089 2043 2140 auspiciis
2079 2091 2123 2129 et

1247 2149 1472 2188 sacrificiis
1527 2149 1788 2199 incipiendis
1842 2151 1917 2190 hoc
1974 2161 2053 2202 aye
2098 2162 2123 2190 a

1247 2221 1468 2262 praecone
1491 2209 1835 2260 inc-laniabatur,
1859 2222 1946 2262 quo
1966 2222 2122 2252 omnes

1249 2274 1397 2312 essent
1444 2273 1597 2311 intenti
1644 2273 1706 2312 rei
1755 2272 1926 2312 divinae
1976 2284 2122 2325 neque

1248 2334 1489 2385 quidquam
1511 2333 1626 2373 aliud
1653 2334 1876 2375 mentibus
1894 2335 2120 2386 agitarent.

1250 2396 1467 2437 Plutarch.
1492 2398 1633 2436 Numa
1655 2408 1692 2436 c.
1714 2396 1777 2438 44.
1804 2396 1964 2437 Cor-iol.
1989 2408 2027 2437 c.
2051 2398 2120 2438 25.

1250 2458 1363 2499 Sulla
1403 2458 1521 2510 apud
1559 2460 1775 2498 Senecam
1816 2458 1871 2498 de
1903 2457 2040 2499 Clem.
2076 2460 2122 2507 4,

1253 2522 1330 2561 ⁴2:
1381 2522 1466 2561 Hoc
1510 2532 1709 2573 agamus,
1753 2522 1796 2562 P.
1830 2521 1872 2561 C.
1925 2544 1969 2550 —-
2017 2521 2126 2572 Quid

1248 2583 1356 2633 visss']
1386 2584 1541 2634 Opimii
1571 2585 1675 2623 sunt
1692 2582 1844 2622 verba.
1874 2603 1918 2611 —
1946 2583 2122 2635 inopem]

1252 2648 1582 2693 «extenuatum,
1615 2644 1782 2685 viribus
1812 2646 2010 2697 corporis
2039 2646 2127 2697 pri-

1250 2710 1444 2746 vatum.»
1494 2727 1537 2734 —
1588 2706 1729 2755 venae]
1777 2718 1917 2757 «quae
1962 2717 2124 2759 corpus

1250 2770 1460 2820 sanguine
1501 2768 1622 2808 alunt
1659 2769 1866 2819 viresque
1904 2769 2122 2819 reficiunt,

1254 2832 1342 2870 iam
1372 2830 1582 2880 sanguine
1613 2830 1968 2869 exhaurientur.»
1993 2853 2037 2859 —
2059 2833 2126 2871 In-

1251 2892 1362 2945 ¹qens]
1402 2893 1560 2942 Ingens
1598 2890 1755 2931 fultura
1786 2893 2021 2944 propterea
2051 2904 2126 2934 re-

1254 2953 1534 3006 quirebatur,
1581 2953 1701 3004 quod
1730 2953 1799 2994 ille
1828 2965 2012 3006 prorsus
2047 2967 2126 2996 ex-

1255 3018 1438 3056 haustus
1468 3017 1574 3055 erat.
1638 3014 1759 3065 (Nihil
1790 3015 2126 3068 improbabilius

1255 3091 1387 3130 quam
1418 3078 1597 3118 Bentleii
1630 3079 1881 3118 coniectura
1905 3090 2123 3129 praesens,

1257 3140 1493 3181 Marklandi
1515 3141 1691 3191 ingesta,
1725 3141 1944 3181 Sanadoni
1968 3142 2128 3181 instans

1256 3215 1279 3241 a
1310 3202 1539 3242 wielando
1582 3204 1794 3254 recepta.)
1865 3203 2126 3242 Stomachus

1256 3266 1405 3304 autem
1444 3275 1545 3304 cum
1582 3264 1782 3304 aedificio
1817 3265 2123 3319 comparatur,

1258 3326 1375 3378 quod
1406 3337 1461 3366 ne
1493 3329 1687 3375 corruat,
1728 3326 1874 3366 fulcris
1905 3337 1957 3366 ac
1987 3325 2126 3366 solido

1259 3388 1544 3428 fundamento
1579 3389 1698 3428 inniti
1742 3387 1897 3428 debet:
1950 3389 2015 3427 sic
2057 3385 2126 3426 ille

1258 3451 1447 3501 copiosis
1475 3449 1706 3490 alimentis.
1766 3449 1902 3489 Plaut.
1926 3450 2055 3490 Curc.
2077 3448 2124 3495 2,

1408 3524 1415 3549 z
1464 3522 1660 3562 pernam,
1692 3523 1856 3561 swmen,
1888 3512 2123 3564 glandium,
