2231 3787
257 166 301 218 &
888 170 1102 210 llORATII
1134 170 1435 212 SATIRARUM

289 169 316 220 Os)

251 303 362 354 Stet
398 301 571 371 pretio
613 317 788 372 neque
829 309 1133 363 cunctetur,
1176 317 1297 354 oum
1337 307 1419 354 est
1458 300 1605 353 iussa
1642 299 1844 353 venire.

250 402 491 457 Candida
529 411 786 475 rectaque
827 403 914 467 sit,
956 402 1157 456 munda
1195 402 1484 465 haetenus,
1532 409 1589 454 ut
1627 418 1805 473 neque
1844 400 2003 472 longa

245 506 355 559 Neo
397 506 565 577 magis
605 505 726 559 alba
764 505 911 561 velit,
957 522 1122 576 quam
1161 504 1252 558 dat
1289 513 1501 566 natura,
1552 503 1739 557 videri.

249 608 394 661 Haec
431 607 522 661 ubi
563 608 847 679 supposuit
886 607 1075 660 dextro
1115 624 1313 678 eorpus
1353 606 1480 659 mihi
1520 605 1759 667 laevum,

1971 604 1991 658 ’1
2005 605 2072 659 25

246 709 338 763 Ilia
377 717 428 763 et
469 710 661 781 Egeria
701 718 805 764 est:
848 709 917 763 do
957 727 1155 764 nomen
1193 707 1476 781 quodlibet
1516 707 1614 770 illi,

244 813 354 866 Nee
392 829 612 873 vereor,
655 829 748 874 ne,
791 811 920 865 dum
961 811 1135 872 futuo,
1176 811 1258 863 vir
1297 828 1423 865 rure
1465 819 1734 873 recurrat,

247 915 410 967 lanua
447 914 743 985 frangatur,
786 913 942 967 latret
978 913 1148 976 oaniS,

1190 913 1434 984 undique
1473 930 1668 983 magno

357 1049 449 1088 422.
483 1059 556 1088 nec
585 1046 823 1088 Bentleius.
862 1071 905 1076 ——
941 1047 1035 1088 424.
1070 1048 1135 1088 del
1164 1047 1327 1097 ed,LCt
1363 1048 1464 1099 (non
1484 1048 1640 1100 BbSp).
1670 1071 1715 1078 -
1740 1048 1834 1089 425.
1869 1049 2018 1089 dextro

300 1135 320 1140 -
351 1135 373 1140 -
404 1112 569 1151 laevum
597 1110 809 1158 bScd‚Lt:
844 1111 993 1150 dextro
1024 1134 1048 1141 -
1068 1111 1229 1150 -laevo
1258 1111 1350 1160 BC,
1385 1112 1582 1151 (ledarum
1602 1134 1625 1141 -
1646 1112 1806 1152 -laevo
1827 1123 1851 1152 e
1875 1111 2013 1152 Codd.

302 1175 373 1226 (p)
420 1175 506 1215 FM.
545 1196 587 1202 —
637 1175 728 1214 426.
761 1174 937 1226 Aegleria
983 1175 1061 1214 LF.
1103 1196 1149 1202 —
1192 1174 1284 1213 1127.
1317 1175 1402 1215 Nee
1443 1179 1580 1215 metuo
1616 1186 1640 1215 e
1676 1177 1720 1215 et
1763 1174 2018 1227 complures

300 1238 508 1278 Pottierii.
546 1261 590 1266 -
625 1238 717 1277 1128.
764 1237 941 1289 magno]
981 1238 1142 1277 clamor
1179 1238 1206 1277 S
1248 1238 1350 1289 (non
1388 1237 1574 1290 Bbodp).

243 1348 347 1399 ὁος,
380 1345 464 1388 τὸν
494 1345 544 1388 δὲ
574 1342 920 1405 Κοριψνθιάδος·
955 1341 1014 1385 ‘H
1033 1345 1124 1398 μὲν
1190 1348 1416 1396 correcta,
1449 1348 1645 1387 cleoetrum
1665 1369 1687 1376 -
1707 1369 1730 1376 -
1750 1346 1880 1387 laevo.
1919 1369 1962 1375 -—
1994 1346 2073 1387 Ilia

242 1407 498 1468 ματρώνας
539 1422 590 1451 τε
632 1406 844 1468 τρόπους
877 1409 959 1450 καὶ
998 1404 1124 1462 ἤθεα

243 1476 456 1533 στέργειν
512 1471 605 1514 Oi&
660 1469 758 1513 ἀπὸ
812 1469 1122 1530 κεκρυφάλου

241 1539 384 1596 μέχρι
413 1535 765 1596 περισκελίὸος·
807 1532 867 1577 ‘H
890 1535 940 1577 δὲ
970 1533 1123 1589 χύδην

243 1602 462 1659 παρέχει,
508 1597 643 1659 πάσῃ
683 1596 908 1653 φιλότητι
939 1611 1125 1658 προση-

241 1662 334 1715 νῶς
362 1660 783 1722 Πλαστουργοῦσα
802 1660 982 1714 τύπους
1008 1658 1124 1713 τοὺς

236 1723 623 1777 Ἒλεφαυτιάδος.
692 1726 754 1766 Εἰ
780 1724 831 1767 δὲ
859 1727 977 1779 μίαν
1008 1722 1124 1767 ταύ-

242 1803 364 1840 tam,
386 1789 584 1839 Πεῖσον,
607 1790 657 1841 μ’
680 1790 832 1846 αἱρεῖν
852 1787 1121 1840 ἑπιτέλλεις,

242 1853 329 1893 Εῖν
367 1848 551 1910 Ἐφύρῃ
595 1853 780 1905 μίμνω,
826 1848 915 1905 τὴν
958 1850 996 1892 δ’
1028 1847 1124 1910 ἄρα

243 1912 425 1966 Γάλλος
466 1909 589 1963 ἔχοι.
640 1939 685 1943 -
730 1915 829 1968 Stel]
878 1917 1120 1956 «constet»

243 1981 333 2020 Liv.
368 1979 443 2029 34,
489 1979 570 2018 50:
622 1982 786 2019 centum
827 1978 991 2018 talentis
1032 1990 1126 2018 eam

241 2054 331 2083 rem
369 2042 556 2095 Achaeis,
576 2042 743 2081 stetisse.
779 2065 824 2069 —
858 2052 989 2091 neque
1021 2053 1126 2081 cun-

241 2105 388 2157 elelur]
426 2103 578 2144 Talem
614 2103 796 2144 volebat
832 2104 966 2144 etiam
996 2106 1126 2144 Luci-

243 2167 326 2208 lius
371 2167 491 2218 apud
532 2167 658 2206 Varr.
705 2167 749 2206 L.
798 2167 842 2206 L.
888 2167 926 2206 6.
968 2166 1007 2218 g.
1056 2168 1122 2208 69.

243 2230 512 2271 emendante
572 2229 857 2269 Lachmanno
914 2229 957 2268 in
1011 2230 1122 2271 Mus.

243 2293 380 2333 Rhen.
407 2291 527 2332 4838.
553 2293 584 2332 Ι.
607 2302 651 2343 p.
678 2292 779 2331 447:
815 2293 930 2341 Quae
950 2303 1127 2331 eamme

241 2355 424 2395 cabilwm
441 2355 573 2404 venit,
604 2358 746 2404 sponte
770 2354 863 2404 ipsa
882 2358 1029 2404 suapte
1046 2354 1128 2394 Ad-

241 2419 391 2468 (laeta,
422 2421 469 2457 ut
497 2417 684 2457 tunicam
703 2421 743 2457 et
761 2420 900 2457 celera
918 2417 1122 2458 reliceret.

298 2480 499 2521 ΑΘΒ-[129.
548 2478 751 2531 Candida]
793 2480 913 2520 Haec
944 2480 1124 2520 Horatio

241 2545 345 2595 ipsi,
378 2554 467 2583 non
496 2543 585 2581 iam
614 2541 875 2582 Philodemo
907 2553 1007 2582 esse
1047 2543 1127 2581 tri-

242 2605 421 2646 buenda
462 2604 751 2644 manifestum
792 2606 871 2644 est.
935 2605 1128 2644 Candida

243 2669 415 2716 autem,
462 2667 511 2706 ut
554 2667 703 2707 statim
739 2666 859 2716 alba,
907 2667 1125 2718 imprimis

243 2731 298 2772 de
344 2731 468 2781 grato
512 2741 564 2769 ae
604 2728 837 2781 splendido
881 2729 1008 2770 faciei
1047 2742 1126 2771 co—

242 2793 358 2842 lore,
392 2803 476 2832 nee
505 2791 666 2844 pallido
696 2803 781 2832 nec
811 2792 941 2832 nimis
968 2792 1121 2833 rubro.

247 2879 290 2884 —
323 2855 454 2907 reeta]
486 2856 713 2907 yet-aclea
746 2855 992 2895 WuehseS.
1055 2856 1124 2895 Sie

244 2916 398 2957 catull,
419 2918 486 2966 40,
510 2918 584 2957 G20:
617 2918 799 2957 homines
816 2921 1000 2967 -reelos,
1023 2928 1126 2969 pro-

244 2990 388 3020 ceros.
424 2979 485 3020 Id.
520 2980 592 3029 86,
637 2981 681 3019 4:
732 2980 904 3030 Quintia
939 2980 1126 3031 formosa

243 3046 300 3082 esl
328 3043 490 3082 multis:
524 3042 626 3082 mihi
646 3044 852 3091 eandida,
887 3043 1028 3094 longa,
1052 3043 1125 3082 Re-

242 3109 309 3145 cta
347 3109 417 3144 esl.
457 3127 499 3132 —
532 3105 705 3157 inantia]
744 3104 881 3144 Plaut.
923 3106 1038 3145 Men.
1072 3105 1121 3153 ⁶2,

244 3167 289 3215 3,
325 3167 368 3208 4:
408 3168 620 3208 Mzcnditia
656 3168 860 3209 inlecebra
896 3169 1039 3207 (azimo
1070 3171 1127 3207 est

1187 1414 1225 1450 et
1252 1411 1412 1461 quria
1439 1409 1510 1462 est]
1543 1408 1854 1450 «nobilissimis
1886 1408 2075 1461 quibus-

1189 1484 1276 1525 que
1320 1472 1494 1513 feminis
1531 1483 1555 1512 a
1592 1483 1665 1513 me
1711 1473 2072 1524 aequiparatur.»

1192 1559 1237 1563 —
1258 1536 1326 1575 vir
1353 1547 1455 1576 rare
1482 1535 1692 1587 recurrat]
1725 1536 1914 1587 Propert
1932 1536 1973 1585 2,
1998 1534 2068 1583 23,

1190 1598 1262 1638 43:
1298 1599 1455 1639 Contra
1482 1599 1632 1639 reiecto
1663 1608 1770 1649 quae
1800 1598 1934 1638 libera
1952 1597 2071 1637 vadit

1186 1661 1358 1712 amicta,
1390 1662 1614 1702 Custodum
1642 1665 1681 1702 el
1708 1661 1823 1701 nullo
1853 1664 2001 1711 saepia
2023 1660 2075 1700 li—

1186 1736 1324 1775 more,
1350 1725 1504 1776 placet.
1538 1747 1560 1754 -
1590 1747 1614 1754 -
1641 1725 1820 1775 Differet
1847 1724 1948 1764 haee
1968 1734 2075 1763 nun-

1188 1800 1316 1839 quam
1345 1811 1369 1817 -
1398 1810 1448 1838 -,
1481 1789 1566 1828 Nec
1596 1787 1726 1828 dicet:
1774 1787 1908 1828 Timeo
1919 1799 1936 1835 ;
1967 1798 2077 1837 pro-

1180 1863 1290 1902 pera
1328 1852 1417 1891 iam
1445 1862 1639 1903 surgere,
1672 1860 1851 1901 quaeso:
1895 1850 2073 1902 Infelix,

1187 1915 1305 1955 hodie
1333 1915 1401 1954 vir
1427 1914 1528 1954 mihi
1568 1924 1671 1954 rure
1698 1913 1824 1954 venit.
1861 1935 1907 1941 —
1937 1913 2076 1953 Ianua

1185 1978 1417 2029 frangatur
1447 1978 1551 2027 oet]
1588 1977 1658 2017 Sic
1689 1975 1810 2028 apud
1839 1974 2075 2027 Apuleium

1188 2042 1367 2081 Metam.
1393 2040 1439 2090 9,
1463 2040 1530 2080 20.
1564 2039 1752 2080 maritus
1773 2037 1976 2078 adultero
1998 2049 2076 2078 su-

1189 2103 1458 2156 perveniens
1489 2113 1590 2143 suae
1611 2103 1756 2142 domas
1784 2102 1962 2141 ianuam
1988 2101 2076 2140 iam

1183 2167 1349 2217 pulsat,
1381 2166 1469 2205 iam
1498 2166 1674 2215 clamat,
1707 2164 1796 2204 iam
1823 2175 1931 2204 saxo
1964 2163 2076 2215 fores

1188 2229 1396 2270 verberat.
1434 2252 1479 2256 —
1512 2227 1736 2280 vepallida]
1772 2225 1948 2275 «valde,
1989 2227 2075 2267 mi-

1191 2303 1292 2332 sere
1314 2290 1498 2344 pallida,
1524 2291 1825 2340 todtblass,»
1848 2281 1980 2341 ἅπαξ
1999 2287 2075 2329 λε-

1189 2351 1421 2409 γόμενον,
1462 2356 1510 2394 ut
1528 2354 1753 2406 veyranclis
1773 2352 1913 2393 Persii
1935 2353 1950 2391 4
1972 2384 1979 2402 ,
2005 2352 2071 2392 97.

1246 2417 1448 2458 430-434.
1494 2416 1674 2468 conseia]
1709 2414 1892 2456 «ancilla
1922 2415 2074 2456 conei-

1188 2481 1332 2521 liatrix
1357 2479 1560 2520 adulterii
1592 2481 1636 2519 et
1665 2478 1843 2519 conscia
1866 2489 1976 2518 suae
1998 2477 2075 2518 do-

1189 2544 1362 2583 minae»
1382 2542 1465 2594 (die
1485 2540 1734 2592 Vertraule).
1771 2541 1912 2581 Coun.
1939 2540 2070 2586 CRUQ.

1189 2606 1258 2646 Sic
1302 2603 1505 2645 absolute
1550 2604 1636 2644 hoe
1681 2602 1902 2643 adiectivo
1938 2602 2075 2642 utitur

1190 2669 1325 2709 etiam
1345 2667 1525 2708 Ovidius
1546 2667 1596 2707 A.
1620 2667 1668 2706 A.
1694 2665 1740 2715 3,
1765 2666 1837 2705 624
1858 2677 1866 2703 ;
1901 2664 2075 2705 Conscia

1190 2730 1347 2783 (serva)
1393 2741 1487 2769 eum
1514 2729 1648 2779 possit
1682 2729 1861 2779 scriptas
1897 2732 2074 2778 portare

1187 2794 1358 2834 tabellas
1399 2792 1580 2843 (herae).
1617 2815 1662 2820 —
1707 2790 1923 2842 Grai-ibus]
1957 2791 2072 2831 Cru—

1189 2855 1275 2896 deli
1297 2856 1381 2896 hac
1402 2866 1549 2907 poena
1571 2853 1799 2894 interdum
1820 2852 2075 2894 afficieban-

1188 2921 1259 2958 tur
1289 2919 1408 2959 servi
1438 2915 1657 2958 infideles.
1719 2917 1840 2956 Suet.
1863 2916 1972 2968 Aug.
1998 2916 2069 2956 67:

1191 2982 1221 3022 T
1219 2982 1330 3021 hallo
1352 2993 1379 3020 a
1397 2992 1535 3021 manu
1550 3001 1574 3007 -
1589 3003 1612 3009 -
1629 2990 1761 3019 crura
1787 2979 1928 3031 freyil.
1975 2977 2068 3018 Tib.

1188 3043 1240 3085 44
1258 3056 1264 3082 :
1312 3044 1348 3083 F
1347 3047 1465 3084 erlur
1483 3065 1501 3072 -
1520 3065 1538 3072 -
1558 3042 1726 3092 utrique
1746 3064 1765 3070 -
1783 3064 1801 3070 -
1819 3052 1952 3082 crura
1984 3041 2073 3092 fre-

1187 3107 1305 3158 gisse.
1358 3105 1538 3146 Plautus
1558 3103 1731 3145 Trucul.
1755 3105 1804 3154 2,
1837 3104 1885 3154 8,
1918 3104 1964 3143 8:
1990 3104 2073 3154 sus—

1185 3170 1375 3221 fringyam
1404 3168 1510 3208 hisee
1547 3168 1666 3208 talos.
1727 3165 1854 3219 Apul.
1887 3167 1990 3207 Met.
2022 3166 2068 3216 9,

244 3235 475 3271 amanium.
505 3255 548 3259 —
573 3232 795 3272 dasiro--
814 3232 994 3281 laevum]
1019 3232 1125 3271 Cor-
1187 3231 1261 3272 23:
1308 3242 1483 3271 crurum
1520 3232 1556 3271 ei
1591 3230 1781 3282 fraqima
1815 3228 2068 3269 obominala.

244 3295 370 3346 rupta
400 3293 470 3334 illa
502 3294 609 3335 Cod.
643 3295 690 3335 B.
726 3293 855 3334 lectio
890 3295 1039 3334 dextro
1058 3317 1080 3322 —
1101 3316 1123 3323 —
1189 3295 1297 3334 Sunt
1327 3294 1401 3345 qui
1436 3294 1522 3334 hoe
1553 3293 1769 3334 accidisse
1800 3292 1935 3332 etiam
1966 3291 2071 3343 Epi-

244 3358 360 3397 laevo
391 3359 486 3398 orta
519 3359 586 3399 est
617 3369 670 3398 ex
701 3358 880 3409 antiqua
903 3357 1124 3409 scriptura

1190 3358 1307 3397 eteto
1340 3359 1534 3397 narrent.
1565 3379 1609 3385 —
1632 3355 1719 3396 doti
1738 3354 1953 3406 deprensa]
1977 3364 2072 3394 iue-

244 3420 425 3466 laevom,
475 3420 636 3462 deinde
685 3432 709 3461 a
754 3419 1023 3473 quibusdam
1062 3421 1124 3461 sic
1156 3430 1158 3441 ·
1190 3421 1281 3460 tuat
1303 3419 1481 3470 mulier,
1516 3421 1541 3460 i.
1568 3430 1605 3460 e.
1633 3428 1714 3459 «ne
1736 3418 1920 3470 propter
1941 3415 2068 3459 adul-
