2231 3787
844 239 940 278 LlB.
977 239 1004 276 1.
1068 238 1230 277 El‘lsT.
1265 238 1369 276 XVI.

1920 235 2011 288 25:31

264 371 525 425 Detulerit
565 372 736 424 fasces
783 370 1025 440 indigno,
1077 368 1322 422 detrahet
1361 369 1518 422 idem.

264 476 433 534 Pone,
476 491 656 527 meum
696 482 800 527 est:
845 472 1028 544 inquit.
1104 473 1252 524 Pono
1294 471 1568 543 tristisque
1608 471 1821 524 recedo.

1954 474 2020 524 325

264 576 412 629 ldem
452 577 495 629 si
537 576 730 630 clamet
771 576 964 633 furem,
1014 582 1176 645 neget
1214 591 1337 627 esse
1376 573 1662 644 pudicum,

264 678 562 732 Contendat
600 678 797 748 laqueo
837 677 1034 731 collum
1073 676 1342 747 pressisse
1381 684 1690 746 paternunig

261 781 510 835 Mordear
548 780 855 851 opprobriis
895 779 1040 833 falsis
1080 786 1393 850 mutemque
1434 777 1687 832 colores?

264 883 453 936 Falsus
492 882 666 936 honor
704 882 850 935 iuvat
890 891 942 935 et
981 881 1212 935 mendax
1251 881 1467 935 infamia
1505 890 1671 935 terret

263 988 437 1051 Quem
460 985 561 1039 nisi
584 984 906 1039 mendosum
928 992 981 1038 et
1009 983 1388 1037 medicandum
1407 985 1432 1035 ‘?
1470 986 1510 1037 V
1517 984 1560 1036 ir
1591 983 1764 1037 bonus
1801 993 1882 1036 est

1566 1087 1687 1157 quis
1703 1087 1728 1138 ἶ)
1960 1089 2026 1139 4-0

245 1235 306 1273 xit
324 1232 563 1274 Bentleius.
592 1256 635 1260 ——
660 1232 726 1272 38.
745 1232 925 1271 colorem
946 1242 1048 1271 cum
1072 1229 1212 1269 Codd.
1232 1228 1333 1280 aliq.
1353 1231 1542 1269 Passow.
1580 1231 1643 1281 (Ut
1663 1241 1758 1276 nos,
1782 1230 1965 1283 bSEcp.)

249 1320 292 1325 —
326 1297 496 1336 colores.
528 1296 675 1335 Falsas
704 1295 901 1335 distinxit
928 1291 1168 1334 Bentleius.
1196 1315 1241 1321 —
1275 1291 1341 1332 4-0.
1366 1295 1403 1331 et
1424 1292 1663 1331 mendacem
1683 1291 1816 1344 bScp,
1841 1294 1964 1336 LtOs,

244 1364 281 1400 et
322 1360 558 1399 mendicum
602 1370 625 1398 e
671 1356 848 1398 duobus
892 1358 1090 1398 Monacc.
1126 1356 1357 1406 antiquiss.
1391 1354 1643 1394 Hocheder.
1681 1356 1744 1405 (Ut
1774 1367 1877 1404 nos,
1912 1357 1967 1400 E,

243 1422 559 1474 Porphyrionis
580 1420 658 1460 Ed.
682 1421 892 1472 princeps
914 1419 1060 1469 448‹1.,
1086 1420 1295 1470 quattuor
1314 1417 1513 1457 Blandin.
1533 1451 1539 1465 ,
1566 1420 1656 1457 tres
1679 1417 1747 1457 alii
1770 1418 1965 1468 Cruquii,

246 1497 320 1538 γκ,
355 1486 532 1535 septem
563 1483 780 1531 Pottierii,
816 1483 869 1531 C,
903 1480 1147 1529 Bentleius,
1183 1480 1286 1529 FM.)

189 1608 380 1662 populus
436 1611 661 1649 Romanus
721 1605 970 1646 detulerit.»
1026 1628 1071 1632 —

188 1673 307 1724 Pone]
357 1672 655 1712 «Renunciato
696 1671 785 1709 iam
825 1669 889 1717 ei,
938 1678 1074 1718 quam

189 1746 290 1776 meo
322 1735 539 1775 arbitratu
565 1733 644 1774 tibi
666 1732 893 1780 concessi,
927 1730 1074 1770 bonae

189 1798 332 1838 famae
377 1798 550 1837 virtutis
584 1808 637 1836 ac
671 1795 962 1847 prudentiae;
1011 1794 1075 1833 sic

193 1862 314 1901 enim
344 1861 454 1901 mihi
482 1871 601 1900 nunc
631 1859 821 1912 placet.»
858 1880 902 1885 -
940 1868 1078 1897 meum

190 1925 261 1976 est]
311 1924 390 1964 «ld
420 1923 539 1975 quod
578 1922 693 1962 ultro
729 1921 807 1961 tibi
838 1920 1075 1972 aliquando

190 1987 318 2036 dedi,
352 1990 398 2026 tu
427 1987 630 2038 precario
651 1985 901 2037 possides.»
929 2008 974 2013 —
1003 1984 1078 2023 tri—

190 2052 341 2101 stisque
369 2050 528 2102 recedo]
573 2049 742 2090 «Aliter
771 2049 867 2089 fieri
897 2048 1073 2099 nequit,

192 2124 327 2164 quam
357 2115 427 2161 ut,
462 2113 544 2152 etsi
574 2113 735 2152 invitus
763 2112 1075 2161 maestitiaque

193 2175 401 2222 affectus,
450 2173 600 2227 populi
642 2175 773 2214 iussis
805 2173 1074 2224 obsequar.»

191 2239 366 2278 Memor
388 2237 576 2277 fortasse
599 2238 694 2276 erat
714 2238 888 2276 Lucret.
915 2235 953 2284 3,
979 2235 1073 2274 995.

192 2301 402 2340 Lachm.:
459 2300 659 2350 Sisyphus
699 2300 744 2339 in
783 2299 874 2338 vita
917 2308 1078 2348 quoque

189 2364 306 2404 nobis
343 2368 439 2403 ante
477 2363 616 2403 oculos
645 2366 730 2411 est,
779 2362 858 2411 Qui
880 2365 1022 2411 petere
1051 2371 1078 2399 a

187 2427 343 2477 populo
376 2427 509 2478 fasces
547 2435 774 2475 saevasque
803 2435 965 2464 secures
992 2424 1079 2462 Im—

193 2489 313 2539 bibit,
355 2493 393 2529 et
420 2500 580 2539 semper
607 2489 741 2528 rietus
769 2488 979 2537 tristisque
1008 2497 1078 2526 re-

193 2553 311 2593 cedit.

248 2615 421 2656 36-38.
469 2614 595 2667 Idem]
644 2613 802 2654 «Idem
845 2612 1001 2664 volgus
1042 2613 1077 2652 si

191 2677 303 2720 salsa
345 2677 586 2730 opprobria
629 2678 673 2717 in
710 2688 783 2717 me
823 2677 980 2717 iecerit
1012 2676 1078 2726 (id

195 2741 315 2793 quod
335 2740 455 2780 haud
470 2741 619 2781 minus
636 2740 731 2780 fieri
747 2740 915 2792 potest,
941 2750 1077 2790 quam

192 2805 242 2843 ut
273 2802 392 2843 salsis
419 2802 625 2843 laudibus
646 2814 719 2843 me
742 2801 939 2850 oneret),
973 2801 1078 2841 stul-

194 2866 264 2903 tus
285 2865 485 2915 profecto
508 2876 681 2914 essem,
712 2865 749 2904 si
770 2863 871 2904 talia
893 2864 1078 2903 crimina

195 2936 267 2965 me
298 2926 616 2976 perturbarent
644 2938 697 2967 ac
727 2927 782 2967 de
805 2927 938 2966 animi
961 2928 1078 2966 statu

197 2987 482 3027 deficerent.»
520 3011 565 3016 —
596 2994 716 3041 neyet
755 3000 838 3029 esse
864 2988 1076 3040 pudicum]

198 3050 261 3089 «si
276 3050 536 3089 criminetur
551 3061 623 3090 me
641 3051 876 3092 muliebria
892 3062 1078 3103 passum

197 3123 341 3152 esse.»
373 3112 474 3150 Tac.
498 3114 610 3151 Ann.
632 3113 763 3162 ’1,’73ῑ
795 3114 969 3153 mimum
988 3125 1080 3154 cor-

190 3185 296 3225 pore
314 3174 526 3225 infamem.
562 3174 647 3214 Cfr.
670 3174 793 3216 Wolf
815 3176 871 3215 ad
893 3178 1073 3216 Sueton.

196 3238 346 3277 Octav.
367 3237 411 3275 74
432 3248 439 3274 :
464 3235 688 3286 infamiam
704 3237 988 3287 impudicitiae
1006 3238 1078 3289 fa-

195 3299 346 3339 cillime
372 3299 586 3350 refutavit.
614 3319 659 3325 --
693 3298 840 3348 laqueo
864 3300 1075 3352 pressisse]

196 3363 401 3403 Usitatius
450 3363 517 3402 est
552 3361 729 3401 cervices
765 3361 964 3412 franqere
992 3363 1077 3401 ali-

196 3424 313 3463 euius
341 3424 489 3473 laqueo
509 3434 590 3475 pro
616 3423 897 3474 stranqulare.
932 3422 995 3462 Cf.
1020 3423 1077 3462 ad

198 3485 276 3525 Od.
300 3487 341 3536 2,
367 3487 433 3536 43,
457 3487 496 3526 5.
527 3507 570 3514 —
605 3486 701 3524 Tria
731 3486 880 3525 autern
901 3495 1076 3524 memo—

1140 1606 1205 1643 rat
1238 1603 1433 1653 scelera,
1479 1616 1595 1656 quae
1627 1606 1669 1644 in
1701 1605 1837 1656 ipsius
1867 1617 2027 1658 perso-

1141 1678 1245 1707 nam
1275 1668 1458 1707 minime
1482 1667 1726 1717 cadebant,
1761 1680 1863 1708 cum
1892 1670 2025 1709 homo

1140 1742 1248 1770 sane
1281 1733 1403 1772 esset
1433 1730 1488 1770 ab
1522 1732 1643 1771 omni
1666 1733 1854 1782 quaestu
1880 1730 2027 1772 illicito

1141 1794 1334 1843 alienus,
1367 1795 1561 1848 pudicus
1593 1796 1636 1835 in
1667 1794 1885 1835 aetatulae
1917 1796 2027 1836 flore

1142 1859 1244 1909 (Sat.
1271 1858 1310 1907 4,
1332 1858 1369 1908 6,
1390 1858 1492 1908 82),
1516 1859 1654 1909 patris
1677 1859 2025 1900 amantissimus.

1142 1922 1239 1971 (Pro
1288 1932 1415 1961 mero
1465 1921 1562 1961 loco
1616 1921 1844 1960 communi
1891 1921 2030 1962 habet

1140 1985 1355 2023 Du'ntzer:
1393 1984 1453 2024 «si
1478 1982 1668 2036 populus
1690 1984 1912 2024 insontem
1933 1995 2032 2025 sce·
2059 1997 2090 2018 τ

1139 2045 1285 2086 lerum
1306 2045 1556 2095 insimulet,
1591 2047 1685 2086 isne
1709 2046 2025 2086 mordeatur-7»

1141 2120 1255 2159 quae
1287 2111 1438 2149 tamen
1467 2110 1579 2149 ratio
1611 2109 1718 2148 mihi
1740 2107 1944 2159 languida
1968 2111 2030 2149 vi-

1141 2171 1304 2222 detur.)
1331 2193 1375 2199 —
1410 2172 1579 2223 colores]
1612 2170 1796 2211 Pluralis
1827 2171 2029 2212 firmatus

1141 2243 1164 2271 a
1196 2233 1310 2272 meis
1334 2233 1474 2273 Codd.
1501 2232 1721 2283 significat
1750 2244 1836 2273 non
1869 2233 2025 2282 semel,

1142 2295 1223 2335 sed
1267 2295 1427 2334 crebro
1473 2294 1686 2347 pallorem
1719 2295 2026 2346 ruboremque

1143 2359 1206 2397 ire
1239 2358 1281 2397 et
1317 2357 1480 2397 redire.
1529 2359 1729 2409 Propert.
1763 2358 1807 2405 sl,
1841 2359 1913 2406 45,
1948 2358 2023 2398 39:

1144 2421 1245 2471 Quis
1280 2424 1318 2460 te
1354 2420 1525 2472 eoqebat
1552 2421 1703 2459 mulsos
1732 2420 1894 2470 pallere
1922 2422 2030 2461 eolo—

1141 2483 1239 2523 res?
1283 2483 1463 2523 Lucian.
1503 2483 1612 2523 Eun.
1652 2483 1732 2521 44:
1789 2481 1837 2532 ἐς
1875 2484 2026 2540 μυρία

1142 2542 1446 2603 τραπόμενος
1496 2543 1746 2603 χρώματα.
1802 2545 2027 2586 Bentleius

1143 2609 1319 2650 sublato
1358 2607 1659 2658 interrogandi
1696 2608 1820 2658 signo
1851 2611 1954 2659 post
1982 2620 2025 2648 v.

1142 2673 1298 2712 colores
1327 2682 1434 2711 sane
1458 2672 1609 2710 contra
1640 2671 1799 2721 poetae
1827 2671 2025 2710 mentem

1141 2734 1290 2774 locum
1321 2735 1385 2775 sic
1414 2734 1731 2784 interpretatus
1760 2734 1856 2773 est:
1892 2734 2027 2773 «Idem

1143 2809 1247 2848 ego,
1296 2797 1370 2848 qui
1400 2795 1520 2837 falsis
1550 2796 1673 2847 prius
1703 2794 1909 2835 laudibus
1940 2797 2028 2835 cri—

1143 2863 1235 2899 stas
1268 2859 1522 2910 erigebam,
1554 2859 1755 2898 mordear
1784 2859 1919 2898 etiam
1950 2870 2028 2909 oy)-

1135 2922 1322 2972 probriis
1362 2922 1480 2972 falsis
1510 2922 1621 2969 cet.;
1671 2921 1874 2960 eiusdem
1906 2922 2024 2960 enim

1143 2987 1211 3026 est
1242 2984 1348 3026 falso
1379 2985 1548 3024 honore
1580 2984 1719 3023 iuvari
1752 2984 1796 3023 et
1816 2983 2024 3023 mendaci

1141 3048 1318 3088 infamia
1350 3047 1554 3087 terreri.»
1605 3048 1773 3086 Verum
1810 3046 1895 3085 hoc
1925 3057 2024 3086 ma-

1140 3111 1299 3152 nifesto
1345 3110 1477 3150 dicit:
1528 3110 1738 3150 «Minime
1778 3119 1859 3160 pro
1900 3110 2022 3147 certo

1139 3173 1396 3214 huiusmodi
1426 3173 1678 3224 iniquorum
1708 3182 1915 3211 meorum
1942 3172 2024 3210 cri-

1141 3236 1336 3276 minibus
1356 3247 1552 3288 pungar,
1591 3243 1921 3274 commovear.»
1953 3233 2023 3271 Sic

1141 3299 1297 3339 Graeci
1326 3292 1615 3345 ὁάκνεσθαι,
1649 3293 1906 3345 κνίζεσθαι.

1197 3361 1372 3402 lio-4⁵2.
1423 3358 1675 3408 mendosum]
1728 3373 1747 3393 «
1760 3356 2016 3396 vitiosum.»

1140 3426 1294 3464 Ponpn.
1344 3425 1610 3462 «Insanum»
1659 3421 1815 3471 (sensu
1859 3417 2017 3458 saltem

1140 3485 1318 3534 Stoico.)
1339 3486 1478 3525 Comi.
1500 3485 1630 3527 CRUQ.
1651 3504 1694 3510 —-
1712 3481 2016 3531 medicandum]
