2231 3787
897 237 994 276 LIB.
1028 237 1058 275 I.
1122 237 1285 277 EPIST.
1319 237 1387 275 lV.

1962 235 2063 288 423

314 369 547 421 Omnem
588 367 751 421 crede
791 367 935 421 diem
975 367 1069 421 tibi
1109 366 1366 421 diluxisse
1408 384 1748 438 supremum:

312 469 474 523 Grata
513 469 883 541 superveniet,
927 487 1069 541 quae
1109 486 1217 522 non
1257 468 1588 540 sperabitur,
1631 468 1779 522 hora.

308 573 390 625 Me
429 572 685 644 pinguem
724 580 776 626 ct
814 571 1039 625 nitidum
1078 571 1218 625 bene
1259 580 1446 626 curata
1485 579 1606 626 cute
1645 571 1814 633 vises.
2003 570 2068 624 ‘lo

309 674 441 728 Cum
480 673 661 728 ridere
702 673 851 728 voles
892 674 1109 746 Epicuri
1150 673 1218 727 de
1258 691 1424 745 grege
1463 691 1707 745 porcum.

291 834 423 874 ducta
455 845 506 873 ex
539 832 757 873 Codicum
787 832 1028 873 multorum
1062 833 1118 884 (p,
1150 831 1306 887 βγζμ),
1341 833 1476 873 etiam
1506 833 1725 882 Pottierii,
1762 833 2014 885 corruptela

288 898 342 936 Et
369 897 516 936 modas
545 900 582 936 et
600 897 752 943 victas3
786 896 927 935 nostri
949 896 1158 947 quattuor
1190 894 1338 946 (bScE)
1373 896 1417 934 et
1437 894 1624 935 totidem
1645 895 1842 935 Pottierii
1861 907 2016 936 veram

291 962 472 998 tuentur
502 958 756 998 lectionem.
794 981 840 986 —
874 959 1068 998 crumina
1100 960 1131 998 E
1164 960 1208 999 et
1237 957 1404 1009 aliquot
1436 958 1630 998 Obbarii.
1668 982 1713 987 —
1746 960 1825 998 Vv.
1852 958 2012 1000 42-44.

290 1021 346 1061 ad
378 1033 478 1061 eam
508 1023 754 1070 rationem,
800 1032 935 1071 quam
966 1019 1118 1060 Daniel
1157 1021 1363 1061 Heinsius
1405 1021 1630 1061 interdum
1661 1022 1788 1072 sequi
1819 1020 2014 1069 solebat,

292 1085 363 1124 liic
394 1083 611 1125 delendos
642 1095 693 1124 ac
726 1083 1083 1136 transponendos
1115 1095 1214 1124 esse
1238 1084 1281 1124 in
1303 1085 1437 1136 Epist.
1464 1084 1502 1124 3.
1528 1087 1629 1136 post
1648 1096 1689 1123 v,
1717 1084 1783 1124 49.
1809 1084 2016 1136 opinatus

292 1149 361 1187 est
393 1148 623 1187 Schiitzius
656 1147 699 1186 in
730 1147 917 1198 Opuscc.
952 1157 994 1197 p.
1029 1145 1125 1185 334.

236 1288 324 1328 lam
353 1288 703 1340 praecedentem
735 1287 790 1327 ad
822 1286 997 1327 Florum
1018 1288 1121 1338 post
1182 1286 1458 1339 μέλλουσαν
1479 1287 1522 1327 εἰ
1538 1284 1784 1336 βιώσεται.
1828 1287 1955 1329 Adde
1978 1290 2066 1334 Sat,

233 1362 276 1391 v.
301 1351 368 1390 ¹29.
419 1349 539 1391 Alius
570 1362 725 1391 rursus
745 1349 925 1389 volebat
952 1351 1121 1389 curam-

1184 1351 1230 1399 2,
1266 1350 1314 1399 6,
1350 1349 1401 1390 93
1423 1361 1552 1402 sqq.»
1597 1350 1912 1400 FUNKHAENEL.)
1939 1375 1982 1379 —
2006 1363 2075 1391 sa-

235 1425 313 1463 que
329 1418 366 1452 et
387 1425 564 1453 amores.
586 1435 632 1440 --
652 1413 870 1462 ditarit-isse]
890 1413 967 1452 Est
989 1414 1122 1451 Grae·
1178 1413 1407 1464 perveniet]
1441 1414 1651 1465 «insuper
1690 1415 1823 1465 atque
1862 1414 2073 1466 inexspe-

235 1487 392 1517 corum
433 1471 841 1527 ὑπεμφαίνεσθαι.
906 1474 1120 1526 («Signifi-

235 1540 361 1578 catur
403 1539 489 1578 hoc
520 1537 661 1578 verbo
695 1539 878 1590 proprie
918 1537 964 1577 id
1003 1539 1122 1577 tem-

232 1612 342 1654 pus,
376 1612 465 1652 quo
496 1603 587 1641 tam
619 1600 735 1641 clara
759 1600 830 1640 lux
854 1602 936 1649 est,
970 1605 1019 1639 ut
1048 1611 1121 1641 res

234 1664 434 1715 dignosci
465 1665 651 1716 possint.
704 1664 793 1704 Cic.
828 1662 1013 1715 Philipp.
1040 1663 1116 1712 42,

234 1729 281 1775 ⁶2,
314 1729 359 1766 5:
399 1727 600 1766 Discussa
629 1731 686 1767 est
715 1727 790 1766 illa
818 1726 975 1777 caligo,
1010 1726 1121 1765 dila-

232 1791 320 1839 toit,
347 1793 488 1839 patet,
520 1790 707 1828 videmus
737 1788 893 1828 omnia.
946 1787 1009 1827 ld.
1035 1788 1121 1828 Ca—

234 1851 294 1893 til.
319 1852 342 1892 3
361 1885 369 1901 ,
403 1852 442 1892 3.
478 1852 568 1891 LiV.
593 1852 669 1900 36,
693 1851 791 1892 024.»
824 1850 1040 1901 DILLENB.)
1073 1851 1121 1890 In

233 1926 366 1967 prosa
398 1915 596 1955 oratione
626 1925 733 1955 sane
765 1914 970 1954 usitatius
1001 1915 1122 1953 esset

233 1978 442 2027 illua-isse,
486 1977 605 2016 unde
636 1978 835 2017 Muretus
866 1976 1120 2016 archaiSmo

233 2042 277 2081 in
315 2041 493 2081 Horatio
523 2041 705 2080 minime
746 2038 966 2080 tolerabili
996 2038 1122 2079 vole-

233 2104 312 2144 bat
355 2104 455 2143 tibid
498 2104 699 2143 illuxisse.
763 2104 974 2143 Ceterum
1006 2103 1121 2142 hanc

235 2167 503 2207 sententiam
558 2166 616 2204 ita
676 2166 895 2217 expressit
952 2166 1119 2205 Seneca

236 2230 370 2280 Epist.
408 2230 473 2269 45.
504 2230 639 2268 extr:
682 2229 788 2268 Ecce
815 2229 880 2267 hic
910 2228 994 2267 dies
1021 2229 1124 2268 ulti—

237 2303 330 2332 mus
359 2297 440 2333 est:
485 2296 531 2331 ut
559 2304 642 2331 non
672 2291 742 2341 sit,
775 2302 910 2341 prope
940 2291 992 2330 ab
1020 2291 1123 2330 iciti-

235 2367 302 2395 ino
338 2360 408 2395 est.
446 2378 491 2383 -—
535 2355 672 2394 Grata
714 2354 972 2404 superveniet
1016 2355 1119 2404 cet.]

236 2419 465 2458 Musonius
503 2416 621 2468 apud
666 2416 788 2456 Stob.
827 2417 904 2455 Tit.
945 2415 992 2465 4,
1040 2416 1118 2456 83;

237 2475 336 2520 Οὔκ
364 2474 468 2520 ἔστι
487 2475 575 2530 τήν
596 2477 909 2532 ἐνεστηκυῖαν
931 2473 1120 2536 ἡμέραν

235 2540 394 2592 καλῶς
441 2538 645 2591 βιῶναι,
695 2538 765 2594 μὴ
817 2541 1120 2598 προθέμενον

235 2601 388 2660 αὐτὴν
418 2601 483 2657 ὦς
512 2603 725 2659 ἐσχάτην
753 2603 950 2655 βιῶσαι.
1001 2605 1114 2647 Plut.

236 2671 292 2711 de
323 2672 469 2721 tranq.
508 2680 578 2709 an.
619 2670 690 2709 46:
738 2663 786 2708 Ὁ
822 2666 910 2721 τῆς
948 2663 1118 2726 αὔριον

235 2726 413 2787 ἥκιστα
442 2730 692 2785 δεόμενος,
725 2728 791 2782 ὥς
819 2745 973 2785 φησιν
986 2726 1119 2773 Ἔπι-

236 2808 437 2854 κουρος,
498 2790 671 2847 ἥδιστα
728 2792 951 2853 πρόσεισι
998 2792 1118 2854 πρὸς

235 2856 323 2912 τὴν
352 2854 538 2916 αὔριον.
588 2860 763 2898 Terent.
789 2859 968 2899 Phorm.
993 2860 1038 2909 2,
1073 2859 1113 2909 3,

236 2923 281 2962 24
304 2934 312 2960 ε
362 2923 572 2972 Quidquid
593 2926 768 2972 praeter
796 2933 908 2972 spem
938 2923 1114 2973 eveniet,

239 2995 355 3023 omne
375 2985 418 3023 id
437 2984 640 3034 deputabo
660 2996 742 3024 esse
760 2985 804 3024 in
824 2986 954 3025 lucro.
987 2984 1117 3025 Plura

240 3047 373 3086 etiam
392 3045 477 3085 loci
498 3046 683 3086 huiusce
701 3048 951 3088 communis
969 3059 1118 3087 exem-

239 3108 309 3161 pla
331 3108 459 3148 affert
489 3107 726 3150 Obbarius.
779 3110 930 3160 («Vide
952 3111 1119 3150 Hercu-

238 3171 327 3212 lem
372 3169 530 3213 similia
569 3170 807 3212 docentem
851 3184 921 3224 ap.
964 3174 1113 3225 Eurip.

238 3233 401 3275 Alcest.
436 3235 535 3274 782:
581 3233 782 3289 Βροτοΐς
811 3228 964 3276 ἅπασι
1001 3248 1116 3276 κατ-

238 3297 404 3337 θανεῖν
427 3292 669 3346 ὀφείλεται
685 3327 694 3345 ,
719 3291 854 3337 Κοῦκ
883 3291 985 3338 ἔστι
1005 3299 1118 3352 θνη-

1186 1477 1300 1516 ctata
1331 1475 1411 1516 tibi
1442 1475 1692 1516 adveniet.»

1242 1539 1306 1578 45.
1334 1539 1399 1578 46.
1447 1540 1516 1579 Me
1548 1539 1749 1590 pinquem
1788 1539 1890 1590 cet]
1926 1540 2071 1579 «Haec

1185 1602 1280 1653 ipsa
1318 1603 1561 1653 praecepta
1602 1604 1783 1642 strenue
1814 1613 1887 1642 me
1919 1603 2069 1653 sequi,

1184 1663 1327 1705 sicubi
1359 1675 1412 1704 ex
1440 1664 1622 1715 regione
1645 1664 1822 1704 Pedana
1845 1664 1887 1704 in
1909 1664 2073 1706 Urbem

1184 1727 1386 1776 veneris,
1419 1726 1591 1767 videbis
1623 1725 1693 1766 vel
1717 1738 1770 1766 ex
1793 1726 1903 1767 facie
1926 1738 2070 1767 mea.»

1185 1790 1363 1830 Minime
1386 1792 1560 1840 autem,
1594 1790 1715 1841 quod
1737 1790 1817 1829 rati
1841 1792 1946 1830 sunt
1965 1801 2074 1830 non-

1186 1850 1311 1901 nulli,
1354 1850 1595 1901 Tibullum,
1642 1854 1690 1891 ut
1720 1852 1778 1891 ad
1814 1852 1961 1904 ipsum
1992 1863 2073 1892 ve-

1185 1914 1297 1962 niat,
1330 1915 1496 1954 invitat.
1562 1915 1741 1954 Sueton.
1775 1915 1859 1955 Vit.
1891 1916 2068 1955 Horat.:

1184 1976 1341 2016 Habita
1370 1977 1560 2027 corporis
1588 1977 1721 2017 brevis
1745 1977 1825 2028 fuit
1846 1981 1972 2028 atque
1999 1977 2074 2017 ob-

1186 2050 1314 2079 esas,
1364 2063 1410 2068 —-
1456 2040 1649 2091 nitidam]
1697 2042 1882 2092 propter
1930 2041 2072 2092 ipsam

1185 2102 1520 2154 pinguedinem.
1573 2105 1659 2143 Sat.
1699 2104 1750 2153 Ξ,
1797 2105 1844 2152 2,
1893 2104 1985 2145 428.
2023 2125 2067 2132 -

1185 2170 1339 2205 curata
1367 2166 1471 2218 cate]
1505 2167 1614 2218 Epp.
1641 2167 1686 2215 4,
1722 2167 1770 2216 2,
1804 2167 1871 2206 29,
1909 2191 1954 2195 —-
1974 2179 2075 2217 por-

1186 2228 1304 2280 cum]
1347 2230 1615 2269 Innocenter
1652 2229 1746 2281 (con
1781 2230 1912 2269 molta
1941 2229 2073 2270 bona-

1184 2291 1295 2331 rieta
1326 2291 1479 2331 dicunt
1514 2291 1620 2343 Itali)
1654 2293 1826 2332 iocatur
1856 2294 1898 2332 in
1929 2297 2074 2334 semet

1189 2355 1351 2406 ipsum.
1418 2355 1761 2405 Comparatione
1808 2356 1890 2395 ista
1936 2357 2073 2407 petita

1187 2428 1215 2455 a
1239 2417 1417 2466 pecude,
1459 2416 1527 2455 cai
1556 2417 1722 2456 ani-mas
1751 2418 1876 2457 datas
1906 2422 1965 2458 est
1985 2430 2070 2469 pro

1184 2479 1292 2528 sale,
1324 2490 1376 2518 ne
1398 2483 1592 2529 putescat
1623 2479 1727 2531 (Cic.
1764 2479 1820 2519 de
1861 2480 1982 2520 Finn.
2017 2483 2067 2527 5,

1186 2542 1258 2590 43,
1298 2541 1399 2591 38.),
1440 2542 1588 2581 invehi
1620 2540 1826 2582 solebant
1864 2543 1996 2583 Stoici
2025 2544 2069 2584 in

1183 2604 1466 2645 adversarios
1507 2614 1627 2644 suos.
1682 2605 1770 2644 Cic.
1806 2605 1952 2645 Pison.
1989 2606 2065 2655 46,

1183 2667 1257 2707 37:
1305 2667 1487 2718 Epicure
1523 2671 1682 2718 noster,
1730 2679 1784 2707 ex
1820 2668 1931 2707 hara
1962 2680 2071 2719 pro—

1181 2731 1323 2780 ducte,
1346 2743 1431 2770 non
1451 2742 1505 2770 ex
1520 2731 1673 2770 schola.
1720 2732 1865 2782 Atque
1885 2732 2066 2772 omnino

1179 2795 1224 2834 in
1244 2793 1406 2834 talibus
1427 2793 1685 2843 liberiores,
1718 2792 1811 2843 vel,
1845 2795 1881 2834 si
1901 2796 2067 2850 mavis‚

1179 2857 1443 2897 audaciores
1481 2856 1612 2897 nobis
1653 2856 1832 2897 fuerunt
1871 2858 2065 2910 antiqui3

1180 2922 1243 2961 sic
1276 2921 1432 2961 Cicero
1470 2931 1519 2961 se
1560 2920 1655 2972 ipse
1696 2920 1864 2960 asinum
1895 2933 2070 2972 „clerma—

1178 2995 1280 3023 nwm
1308 2985 1440 3023 vocat
1470 2983 1527 3023 ad
1560 2984 1648 3023 Att.
1672 2982 1718 3033 4,
1750 2984 1803 3033 5,
1838 2983 1877 3024 3.
1913 2986 1959 3024 et
1995 2987 2068 3026 Pi-

1181 3057 1341 3086 sonem
1362 3046 1453 3097 (30,
1478 3046 1561 3097 73.)
1586 3047 1643 3086 ita
1664 3045 1922 3098 alloquitur:
1960 3049 2067 3098 Quid

1178 3114 1370 3159 nancte,
1406 3109 1544 3159 asine,
1576 3109 1737 3149 litteras
1757 3110 1961 3150 doceam?
1988 3113 2067 3151 Te·-

1181 3173 1330 3212 nerior
1360 3172 1403 3212 in
1435 3171 1617 3222 talibus,
1651 3183 1764 3223 quas
1794 3174 1946 3220 vocat,
1977 3185 2065 3224 με-

1182 3232 1427 3287 ταλήψεσι
1457 3234 1536 3274 fuit
1576 3235 1661 3275 iam
1701 3234 1991 3282 Quintilianus
2021 3236 2060 3283 8,

1182 3300 1228 3347 6,
1269 3298 1342 3338 37;
1389 3298 1474 3337 Nos
1514 3297 1606 3345 quis
1642 3297 1774 3348 ferat,
1820 3297 1853 3336 si
1900 3297 2064 3336 Verrem

240 3356 332 3400 τῶν
355 3353 490 3410 ὅστις
509 3356 812 3411 ἐξεπίσταται
834 3355 931 3411 Τὴν
948 3355 1116 3417 αὔριον
1180 3372 1318 3401 suem
1338 3383 1360 3388 —
1381 3382 1402 3388 -
1424 3359 1713 3400 nominemus?
