2231 3787
243 230 310 282 2⁶2

316 360 585 431 Quodque
626 359 801 412 aliena
840 356 1047 429 capella
1085 362 1235 427 gerat
1274 351 1557 406 distentius
1596 349 1758 411 uber,

887 225 1101 267 HORATII
1134 223 1436 263 SATlRARUM

1971 347 2072 401 140

315 462 597 524 Tabescat,
641 476 819 532 neque
861 477 920 512 se
959 457 1148 510 maiori
1187 454 1575 527 pauperiorum

314 564 523 618 Turbae
565 570 863 634 comparet,
905 560 1047 613 hunc
1088 566 1250 629 atque
1290 556 1433 610 hunc
1473 571 1736 626 superare
1776 552 1999 606 laboret.

313 667 401 720 Sic
439 664 706 719 festinanti
746 680 965 734 semper
1003 659 1325 731 locupletior
1363 657 1558 717 obstat,

312 769 402 831 Ut,
446 785 569 822 cum
609 764 922 820 carceribus
962 763 1158 816 missos
1196 760 1335 832 rapit
1372 757 1574 830 ungula
1613 775 1830 820 currus,

311 872 475 923 Instat
512 868 668 940 equis
709 867 896 937 auriga
936 882 1066 918 suos
1104 861 1467 924 vincentibuS,
1511 860 1660 913 illum
1976 859 2073 913 1115

349 990 392 1028 41
405 990 441 1028 »1.
475 988 637 1028 meliori
660 986 840 1037 Cruquii
871 995 1051 1037 operae.
1090 1006 1134 1011 -
1170 982 1263 1022 443.
1298 982 1425 1022 obstet
1452 983 1483 1021 B
1517 984 1560 1021 et
1592 981 1700 1022 Cod.
1726 981 1938 1029 Tonsani,
1971 981 2021 1019 ut

292 1050 501 1091 volebant
545 1050 796 1101 Stephanus
841 1050 884 1088 et
928 1046 1149 1088 Wieland.
1187 1070 1232 1076 -
1269 1048 1362 1087 445.
1395 1048 1480 1087 suis
1520 1046 1580 1087 bd
1613 1048 1656 1086 et
1693 1057 1760 1098 pr.
1796 1046 1836 1085 S.
1900 1046 1960 1096 (In
1990 1044 2018 1084 d

295 1125 517 1166 superscr.
551 1114 674 1162 suos.)

238 1214 449 1256 Consulto
465 1216 627 1267 repetit
641 1213 780 1254 verba
798 1246 805 1262 ,
831 1213 994 1265 quihus
1012 1223 1119 1253 usus

237 1280 331 1318 erat
358 1289 400 1317 v.
434 1277 473 1318 3.

291 1351 334 1389 44
346 1350 414 1390 0-4
427 1350 492 1389 46.
526 1349 666 1388 aliena
696 1348 859 1398 capelia
888 1360 928 1399 9.
965 1348 1122 1386 disten-

235 1414 315 1452 tius
332 1411 446 1463 uber]
472 1411 812 1461 «proverbium,
845 1422 933 1461 quo
956 1412 1000 1450 et
1019 1410 1120 1449 Ovi-

235 1476 333 1515 dius
362 1485 470 1515 usus
502 1476 570 1514 est
600 1476 660 1525 (A.
686 1477 735 1514 A.
763 1475 806 1522 4,
842 1473 976 1523 349),
1016 1483 1119 1513 cum

236 1539 316 1577 ait:
348 1538 543 1577 Fertilior
571 1548 683 1588 seyes
708 1541 765 1576 est
795 1536 942 1576 alienis
961 1546 1122 1585 semper

234 1602 278 1640 in
299 1601 439 1652 agris,
477 1600 745 1650 Vicinumque
769 1610 898 1649 pecus
916 1599 1122 1649 gyrandius

233 1663 336 1703 uber
365 1662 528 1702 habet.»
580 1664 736 1702 Poura.
774 1685 818 1690 —
851 1662 959 1701 hune
996 1665 1121 1709 atque

235 1725 356 1775 hunc]
392 1736 469 1764 «ac
509 1725 652 1776 primo
684 1726 919 1776 superato,
963 1734 1119 1763 rursus

236 1789 565 1839 sequentemg»
603 1789 739 1836 jetzt
769 1788 886 1836 den,
919 1787 1120 1838 qleich

236 1850 434 1900 darauf
470 1850 563 1888 den
606 1850 915 1900 Folyenden.
965 1873 1008 1877 —
1052 1849 1122 1888 Sic

232 1912 448 1964 festinanti
478 1911 580 1962 cet.]
615 1912 712 1959 «Ei,
747 1912 820 1962 qui
843 1912 906 1952 sic
928 1911 984 1950 ad
1006 1911 1121 1950 divi-

238 1977 319 2015 tias
362 1973 601 2026 ampliores
643 1973 892 2023 contendit,
940 1984 1122 2024 semper

236 2037 346 2077 alius
388 2038 521 2076 etiam
571 2033 832 2088 locupletior
880 2038 924 2076 in
968 2035 1120 2076 oculos

236 2099 420 2140 incurrit
450 2102 583 2151 atque
605 2099 820 2140 molestus
846 2102 956 2140 est.»
984 2122 1028 2126 —
1056 2100 1119 2148 Ut,

235 2175 330 2202 curn
358 2162 596 2202 carceribus
626 2162 730 2214 cet]
763 2163 930 2202 Versus
967 2162 1119 2213 utique

234 2225 442 2264 heroicus
479 2224 724 2264 Kirchnero
766 2226 810 2264 et
848 2225 1034 2264 Frankio
1075 2225 1117 2263 F.

234 2288 285 2326 H.
325 2298 366 2337 p.
409 2286 475 2327 83.
515 2286 693 2326 videtur
733 2287 889 2327 festiva
934 2287 1119 2339 parodia

235 2347 457 2399 virgiliani
487 2347 600 2389 illius
632 2351 707 2388 Ge.
734 2350 749 2388 4
773 2381 779 2398 ,
814 2350 915 2389 5102:
955 2350 1002 2389 Ut
1026 2361 1120 2388 cum

234 2412 472 2450 carceribus
509 2423 592 2451 sese
633 2413 815 2462 effudere
858 2414 1115 2464 quadrigae:

234 2467 353 2513 un'de
385 2473 593 2524 colligunt
620 2474 785 2525 Virgilii
807 2477 1052 2527 Georgicon
1073 2475 1121 2515 li-

234 2536 368 2575 brum
411 2535 571 2576 saltem
612 2537 811 2587 primum
854 2540 955 2577 ante
1001 2539 1118 2578 hanc

236 2599 424 2638 Satiram
455 2598 625 2638 editum
656 2610 781 2648 esse,-
822 2600 866 2640 id
898 2601 1018 2651 quod
1049 2603 1119 2640 ta-

236 2670 341 2699 men
384 2661 607 2700 incertum
653 2661 854 2711 videtur,
906 2663 1116 2713 quoniam

237 2724 426 2773 uterque
456 2725 587 2775 poeta
618 2722 806 2764 fortasse
838 2727 938 2766 ante
967 2725 1119 2766 oculos

237 2785 406 2826 habere
454 2788 631 2838 poterat
671 2788 894 2838 antiquius
938 2788 1119 2840 aliquod

237 2847 479 2900 exemplar.
516 2872 560 2877 —
592 2850 737 2889 missos
756 2873 779 2879 —
799 2875 823 2881 -
842 2852 1008 2903 currus]
1031 2853 1120 2891 En-

237 2910 336 2950 nius
375 2912 485 2950 Ann.
532 2913 580 2960 4,
630 2912 733 2952 4Ο4;
782 2914 908 2953 veluti
951 2915 1118 2964 consul,

236 2984 331 3012 cum
348 2974 512 3013 mittere
529 2975 694 3026 signum
718 2976 821 3026 Volt,
849 2988 988 3018 omnes
1007 2979 1121 3018 avidi

236 3039 423 3085 spectant
437 3037 492 3075 ad
512 3038 698 3077 carceris
717 3050 835 3088 oras,
862 3041 1000 3089 Quam
1019 3052 1121 3081 *mox

239 3099 402 3138 emittat
423 3100 549 3149 pictis
577 3111 631 3140 ea:
658 3101 841 3151 faucibu’
873 3114 1041 3144 currus‘.
1073 3127 1115 3132 —-

239 3161 355 3200 illum
373 3163 664 3215 Praeteritum]
688 3165 957 3215 «aurigam»,
984 3167 1031 3205 ut
1052 3167 1121 3206 in-

239 3225 510 3275 terpretatur
529 3225 736 3275 Vossius,
771 3238 857 3266 non
880 3239 1117 3279 «equum».

238 3287 372 3326 Recte
416 3287 535 3326 enim
580 3288 884 3329 Funkhaenel:
936 3290 1120 3331 «Plurali

239 3359 425 3388 numero
456 3359 564 3390 usus
584 3352 705 3390 esset
733 3353 887 3403 poeta,
922 3353 957 3392 si
980 3365 1120 3405 equos

239 3411 553 3461 significassem
592 3415 725 3465 atque
757 3416 851 3467 ipsa
883 3427 1121 3468 compara-

240 3474 295 3512 tio
326 3474 539 3526 postulat,
575 3479 619 3516 ut
654 3479 899 3520 certantem
921 3480 1119 3531 aurigam

1189 1211 1528 1264 intelligamus.»
1548 1234 1593 1240 —
1608 1211 1802 1263 temnens]
1824 1211 1952 1252 Haud
1973 1221 2073 1251 raro

1187 1277 1274 1316 hoc
1304 1274 1493 1327 simplici
1522 1275 1663 1315 verbo
1684 1277 1867 1315 utuntur
1895 1276 2070 1327 poetae.

1187 1339 1304 1389 Virg.
1329 1340 1438 1378 Aen.
1475 1339 1524 1387 4,
1557 1337 1661 1378 542:
1695 1338 1740 1378 Si
1769 1349 1900 1389 genus
1926 1338 2075 1377 huma-

1186 1412 1288 1440 num
1323 1404 1362 1440 et
1387 1400 1589 1440 mortalia
1627 1401 1806 1440 temnitis
1835 1412 1976 1440 arma.
2025 1400 2070 1446 6,

1188 1464 1289 1503 620:
1330 1463 1487 1503 Discite
1515 1463 1720 1503 iustitiam
1747 1460 1895 1504 moniti
1925 1468 1963 1504 et
1991 1475 2075 1504 non

1185 1530 1366 1567 temnere
1407 1526 1538 1566 divos.
1614 1527 1664 1568 In
1706 1538 1840 1579 prosa
1874 1527 2073 1567 oratione

1186 1589 1346 1641 legitur
1375 1589 1496 1642 apud
1524 1590 1660 1630 Tacit.
1694 1591 1802 1630 Hist.
1837 1590 1884 1638 3,
1918 1589 1986 1631 47.
2025 1613 2069 1618 —

1187 1652 1407 1704 ereremos]
1439 1649 1700 1694 ἀντίτυπον
1733 1656 1802 1694 est
1837 1654 2074 1704 pauperio-

1185 1729 1282 1757 rum
1312 1717 1450 1757 turba.

1244 1780 1446 1820 447-424.
1498 1781 1597 1820 Inde
1631 1781 1678 1831 fit
1714 1778 1817 1830 cet]
1859 1779 2073 1819 «Maxime

1186 1844 1371 1894 propter
1401 1843 1608 1883 insanum
1636 1843 1722 1882 hoc
1754 1845 1930 1882 ceteros
1961 1841 2075 1882 divi-

1186 1906 1255 1945 tiis
1286 1905 1529 1957 superandi
1560 1905 1757 1946 studium
1788 1905 1858 1954 fit,
1899 1907 1948 1945 ut
1983 1907 2076 1946 tam

1187 1980 1288 2008 raro
1339 1969 1645 2017 inveniamus,
1700 1969 1775 2020 qui
1818 1978 1978 2020 reapse
2025 1979 2073 2008 se

1187 2031 1372 2072 beatum
1412 2031 1678 2071 existimet.»
1716 2052 1759 2058 —
1801 2031 1863 2070 uti
1898 2032 2076 2071 conviva

1187 2095 1320 2146 satur]
1360 2093 1620 2134 Aristoteles
1662 2093 1781 2145 apud
1819 2094 1996 2134 Maxim.
2031 2096 2075 2133 et
2109 2119 2113 2122 -

1187 2160 1345 2198 Anton.
1379 2169 1424 2209 p.
1458 2158 1559 2197 878:
1588 2151 1670 2196 Ἐκ
1700 2154 1787 2197 τοῦ
1818 2155 1931 2205 βίου
1963 2152 2075 2215 κρά-

1187 2217 1352 2260 τιστόν
1383 2219 1514 2261 ἐστιν
1545 2217 1756 2271 ἐξελθεῖν
1787 2215 1850 2270 ὦς
1888 2231 2075 2272 συμπο-

1188 2285 1322 2332 σίου
1367 2280 1492 2336 ιιήτε
1529 2280 1777 2334 διψῶντα,
1824 2279 1949 2335 ιιήτε
1987 2295 2074 2335 με·

1187 2343 1383 2387 θύοντα
1418 2349 1639 2397 Anonym
1661 2345 1779 2397 apud
1802 2345 1924 2385 Stob.
1945 2347 2076 2386 Gess-

1187 2421 1281 2450 nerl
1303 2409 1381 2449 Ed
1406 2410 1550 2460 Tigur.
1574 2410 1695 2449 1559.
1719 2420 1762 2460 p.
1789 2409 1866 2448 19:
1890 2402 2042 2448 [lonc
2023 2421 2075 2478 ep

1186 2473 1239 2513 ἐκ
1270 2473 1550 2524 συμποσίου
1582 2466 1950 2523 circumcinctione
1989 2466 2074 2512 οὗ-

1185 2534 1264 2576 δὲν
1285 2534 1545 2589 ὄυσγεοαίι
1549 2547 1630 2582 ωι,
1656 2527 1714 2574 οῖ’
1720 2546 1782 2573 τω
1805 2533 1930 2574 καὶ
1907 2548 1959 2575 εκ
1982 2533 2068 2576 τοῦ

1185 2598 1321 2648 βίου,
1367 2592 1484 2637 ὅταν
1517 2593 1546 2651 ἡ
1579 2592 1681 2654 (ὅρα
1709 2590 1756 2656 ᾗ.
1810 2600 1986 2639 Lucret.
2020 2599 2068 2648 3,

1186 2663 1286 2702 95-1:
1330 2661 1416 2701 Cur
1445 2673 1551 2710 non,
1583 2665 1628 2700 ut
1653 2661 1802 2710 plenus
1828 2661 1942 2702 vitae
1970 2673 2072 2702 con-

1183 2726 1303 2774 viva,
1350 2725 1506 2764 recedis
1534 2724 1674 2773 Aequo
1705 2725 1928 2774 animoque
1956 2726 2073 2775 capis

1184 2799 1400 2833 secut-arn,
1423 2787 1558 2836 stulte,
1580 2787 1786 2837 quietem?
1814 2789 1953 2829 Nimis
1972 2800 2072 2829 ver-

1184 2850 1296 2890 bose
1342 2851 1457 2890 hanc
1493 2849 1827 2891 similitudinem
1867 2853 2072 2903 exposuit

1184 2914 1265 2954 Dio
1309 2914 1465 2963 Chrys.
1501 2913 1544 2953 in
1585 2914 1853 2954 Charidemo
1895 2915 1965 2954 Or.
1999 2914 2067 2955 30.

1187 2978 1297 3016 extr.
1331 2976 1520 3015 Omnino
1561 2977 1814 3016 convivium
1854 2988 1944 3017 non
1985 2978 2071 3018 mi-

1186 3050 1268 3079 nus
1314 3038 1525 3089 frequens
1570 3041 1637 3079 est
1678 3040 1794 3080 vitae
1844 3040 2070 3081 humanae

1186 3103 1353 3152 imago,
1403 3113 1539 3153 quam
1584 3113 1685 3151 eae,
1734 3102 1896 3154 quibus
1935 3103 2072 3143 utitur

1186 3164 1432 3205 Menander
1462 3166 1648 3206 Meinek.
1685 3168 1810 3207 Com
1845 3166 1924 3206 Ed.
1959 3167 2066 3206 min.

1186 3239 1229 3280 p.
1269 3227 1374 3267 959:
1420 3226 1699 3287 Παιήγυοιν
1738 3225 1947 3282 ιόμισόν
1983 3241 2055 3270 tn

1187 3294 1308 3330 εὶιαι
1327 3286 1412 3331 τὸν
1443 3291 1644 3349 χοόνον,
1669 3286 1758 3332 ‘'Ov
1777 3305 1923 3366 (piston,
1956 3288 2069 3333 τοῦ-

1187 3365 1270 3393 τον
1316 3349 1347 3407 ἦ
1384 3349 1658 3408 πιὸηιιὶαν,
1703 3355 1753 3396 ἐν
1796 3356 1833 3393 ὠ
1866 3349 2065 3406 3Όχλος

1186 3411 1367 3474 ἆγοοά,
1400 3417 1484 3459 κλέ
1486 3431 1617 3468 πται,
1650 3417 1866 3468 κυβεῖαι,
1890 3416 2069 3476 διατρι-

1186 3479 1284 3529 βαί.
1326 3506 1366 3510 --
1394 3483 1587 3534 Crispini]
1622 3481 1899 3535 «Philosophi
1924 3483 2068 3523 cuius-
