2231 3787
274 287 375 339 444¹,
881 289 1094 328 iioaATu
1125 289 1490 331 ΕριετοιΑΒυΜ

346 418 617 473 Candidus
657 419 894 490 imperti:
936 420 979 471 si
1020 436 1149 479 non,
1192 419 1273 472 his
1314 427 1464 472 utere
1504 434 1732 471 mecum.

386 570 451 609 68.
485 569 579 620 non]
612 569 671 608 nil
699 568 801 609 bed.

273 705 492 746 personae
511 694 828 733 inservientem
845 694 1014 732 servat:
1041 693 1148 741 «his,
1214 692 1380 732 rectius.
1416 692 1479 731 De
1502 692 1744 731 imitatione
1765 693 1916 732 autem
1935 692 2096 733 utrius-

274 768 387 808 quae
413 760 456 795 tu
479 767 595 796 nunc
618 756 764 806 ipsum
793 753 945 803 legis.»
983 775 1029 782 —
1054 765 1154 793 can·
1215 755 1282 794 vis
1322 755 1393 794 hic
1432 755 1625 805 cogitare
1657 765 1764 794 sane
1796 753 1914 794 stulti
1956 754 2092 803 foret,

273 819 404 870 didus]
440 817 652 869 «simplici
684 828 735 855 ac
757 817 932 856 sinc-ero
954 817 1147 860 animm»
1217 828 1364 867 neque
1410 815 1633 856 attulerim
1679 817 1804 866 quasi
1849 816 2095 856 sententiae

274 885 321 922 ut
352 883 486 933 Epist.
514 883 557 929 l,
592 880 638 929 4,
673 881 708 919 l.
741 881 964 919 Isocrates
996 879 1053 919 ad
1073 880 1151 919 Ni-
1216 880 1481 918 Horatianae
1511 877 1738 930 exemplar
1769 889 1872 918 cum
1903 877 2096 918 Obbario

274 942 382 983 coel.
404 943 441 993 g.
466 943 543 982 38:
576 939 692 999 Χρῶ
711 946 811 992 τοῖς
828 943 1098 999 εἰρημένοις
1119 936 1154 993 ἢ
1217 941 1306 981 Cic.
1331 942 1459 980 Tusc.
1483 942 1530 989 5,
1564 941 1639 989 28,
1673 940 1751 981 82:
1802 940 1958 989 Habes,
1991 951 2098 989 quae

273 1002 399 1057 ζήτει
428 1003 599 1053 βελτίω
625 1001 822 1044 τούτων.
855 1004 992 1044 Plaut.
1022 1004 1146 1056 Epid.
1213 1003 1436 1054 fortissime
1466 1004 1513 1042 de
1544 1002 1664 1042 beata
1691 1003 1781 1041 vila
1816 1002 1897 1041 dici
1927 1005 2094 1052 putem,

272 1069 318 1115 ⁵2,
352 1069 396 1115 2,
431 1068 506 1107 80:
544 1068 696 1116 Immo,
728 1067 762 1105 si
786 1067 988 1117 placebit,
1020 1067 1152 1106 utitor
1215 1069 1274 1114 el,
1316 1066 1518 1115 quomodo
1557 1075 1666 1104 nunc
1696 1069 1774 1114 est,
1813 1064 1894 1103 nisi
1925 1064 2024 1113 quid
2053 1068 2097 1103 tu

273 1130 517 1176 (Σοηεὶἰὶιιηις
549 1130 582 1168 si
602 1141 682 1169 non
700 1129 903 1179 placebit,
925 1130 1148 1179 reperitote
1214 1128 1360 1167 melius
1389 1127 1599 1176 attuleris,
1633 1127 1758 1166 eliam
1786 1126 2007 1165 verissime.

860 1423 1494 1470 EXCURSUS.

382 1559 512 1599 Missa
544 1561 611 1599 est
641 1557 829 1610 Epistola
863 1557 920 1597 ad
949 1557 1200 1597 Numicium
1231 1556 1482 1607 quendam,
1516 1556 1745 1597 hominem
1766 1568 1952 1609 prorsus
1973 1558 2099 1608 igno—

273 1632 388 1678 tum,
423 1629 478 1668 de
509 1629 634 1669 cuius
674 1627 820 1668 indole
860 1639 911 1667 ac
950 1626 1150 1667 moribus
1187 1627 1260 1666 vix
1301 1626 1546 1678 quidquam
1582 1639 1635 1667 ex
1672 1628 1767 1678 ipsa
1808 1626 1978 1677 elicias,
2018 1629 2101 1668 etsi

274 1701 365 1738 tam
394 1698 531 1739 multa
562 1700 605 1738 in
636 1710 688 1738 ea
719 1697 858 1738 oculis
888 1696 985 1749 plus
1017 1708 1154 1747 quam
1183 1695 1354 1748 lynceis
1393 1696 1503 1736 vidit
1542 1695 1823 1747 Wielandus,
1869 1700 1919 1737 ut
1957 1697 2099 1738 facete

274 1769 431 1809 dixerit
471 1769 653 1818 Iacobs,
699 1769 886 1809 Numicii
924 1767 1118 1818 effigiem
1155 1766 1210 1806 ab
1255 1766 1340 1806 hoc
1379 1777 1639 1818 expressam
1684 1766 1952 1808 simillimam
1997 1778 2097 1808 esse

272 1841 400 1879 Demi
442 1839 782 1880 Atheniensium
812 1850 837 1877 a
866 1838 1099 1878 Parrhasio
1131 1838 1256 1889 picti,
1291 1838 1334 1877 in
1373 1848 1460 1888 quo
1492 1838 1672 1876 auctore
1703 1836 1839 1877 Plinio
1870 1838 1922 1877 H.
1948 1839 1998 1878 N.
2023 1837 2096 1886 35,

275 1910 341 1958 40,
367 1909 450 1959 36.)
484 1909 640 1948 artifex
667 1908 847 1948 volebat
876 1909 1018 1947 omnia
1042 1908 1208 1957 pariter
1238 1908 1459 1947 ostendere.
1503 1907 1672 1946 Verum
1703 1908 1748 1947 et
1776 1906 2036 1948 Wielandus
2058 1910 2102 1947 et

275 1980 349 2030 qui
380 1990 484 2018 eum
515 1979 656 2019 secuti
693 1980 796 2019 sunt
833 1989 885 2018 eo
926 1978 1119 2017 maxime
1152 1977 1329 2028 decepti
1360 1987 1460 2016 esse
1491 1977 1721 2026 videntur,
1762 1977 1882 2028 quod
1911 1978 2102 2017 interro—

274 2048 548 2100 gatiunculas
592 2047 685 2088 illas
724 2049 917 2088 minutas
963 2049 1005 2087 et
1049 2047 1335 2098 imperativos
1374 2047 1622 2086 Stoicorum
1651 2047 1769 2086 viam
1800 2059 1851 2087 ac
1881 2048 2101 2087 rationem

273 2119 518 2158 referentes
549 2117 606 2157 ad
642 2118 789 2169 ipsum
824 2118 1078 2157 Numicium
1109 2118 1294 2167 eiusque
1328 2128 1476 2157 mores
1507 2119 1679 2157 temere
1711 2116 1991 2157 rettulerunt.
2052 2117 2101 2157 Id
2163 2132 2166 2171 j

275 2200 413 2229 unum
444 2189 630 2228 fortasse
662 2188 922 2239 perspicere
953 2186 1075 2236 licet,
1122 2187 1345 2236 Numicio,
1390 2187 1537 2226 iuveni
1567 2186 1685 2226 bona
1722 2186 1868 2227 indole
1898 2187 2100 2239 praedito

276 2258 481 2310 (alioquin
513 2259 633 2298 enim
662 2258 869 2298 Horatius
901 2268 1006 2297 eum
1035 2258 1079 2296 in
1108 2255 1327 2297 sodalium
1358 2267 1542 2297 suorum
1577 2268 1816 2296 numerum
1851 2268 1941 2296 non
1970 2268 2102 2297 rece·
2158 2310 2160 2313 v
2230 2292 2231 2301 ,

272 2329 422 2381 pisset)
456 2327 687 2369 consilium
708 2328 828 2376 dari,
861 2329 910 2366 ut
930 2329 1102 2367 certum
1126 2327 1354 2378 quoddam
1375 2337 1603 2367 summum
1625 2327 1708 2367 sihi
1729 2327 1900 2367 bonum
1921 2329 2097 2376 statuat,

276 2399 397 2451 quod
428 2399 588 2439 deinde
621 2400 877 2438 constanter
906 2399 1058 2438 teneat
1086 2408 1233 2448 neque
1264 2398 1307 2437 in
1328 2397 1506 2437 vivendi
1526 2408 1690 2448 genere
1716 2399 1936 2449 perpetuo
1958 2399 2097 2445 nutet,

275 2468 659 2520 quemadmodum
696 2468 861 2508 faciunt
890 2466 1091 2519 plerique
1133 2466 1360 2507 mortales.
1423 2468 1600 2519 «Aperit
1639 2466 1787 2507 locum
1828 2467 1883 2507 de
1924 2477 2101 2507 summo

275 2539 408 2579 bono.
469 2541 518 2578 In
548 2550 635 2590 quo
666 2537 896 2579 tractando
925 2540 1077 2589 partes
1109 2538 1196 2588 agit
1225 2537 1359 2578 modo
1391 2537 1661 2589 philosophi,
1697 2538 1771 2588 qui
1792 2547 1972 2577 omnem
1991 2536 2101 2576 bea-

276 2609 508 2649 titudinem
548 2611 593 2649 in
636 2603 951 2662 ἀθαυμαστίᾳ
995 2609 1125 2648 sitam
1171 2607 1323 2654 docet,
1371 2607 1506 2647 modo
1549 2607 1740 2648 hominis
1778 2607 1982 2655 Romani,
2027 2606 2101 2656 qui

277 2690 505 2719 summum
535 2679 706 2719 bonum
734 2679 851 2718 vitae
888 2677 1136 2718 commodis
1175 2678 1219 2716 et
1258 2677 1491 2729 praesidiis
1530 2678 1725 2717 metitur.
1788 2678 1881 2724 Qua
1919 2675 2100 2726 quidem

277 2751 320 2788 in
350 2761 423 2798 re,
458 2749 502 2789 id
533 2752 623 2798 est,
657 2750 700 2788 in
730 2748 1024 2799 permixtione
1056 2750 1189 2798 atque
1222 2748 1530 2787 coniunctione
1571 2757 1684 2797 quae
1714 2745 1891 2785 videtur
1922 2755 2097 2791 rerum,

277 2820 473 2858 cernitur
502 2820 660 2870 poetae
691 2829 763 2858 ars
794 2820 926 2869 atque
957 2818 1097 2857 virtus
1127 2816 1366 2856 scribendi.
1429 2817 1548 2855 Haec
1586 2816 1644 2854 ita
1685 2815 1791 2865 fugit
1819 2816 2098 2866 interpretes,

276 2891 325 2928 ut
369 2900 458 2927 non
500 2888 689 2929 multum
734 2888 937 2936 abesset,
985 2889 1033 2926 ut
1077 2886 1258 2938 quidam
1302 2888 1553 2925 monstrum
1593 2885 1835 2925 dicerent.»
1881 2886 2098 2927 OBBAnms.

278 2958 402 2997 Idem
431 2957 648 3009 Epistolae
682 2959 994 3008 argumentum
1025 2957 1111 2996 hoc
1141 2956 1369 3007 proponit:
1408 2956 1508 2995 «Est
1527 2966 1754 2995 summum
1777 2955 1946 2995 bonum
1966 2954 2100 3007 idque

277 3028 471 3080 positum
516 3028 557 3066 in
603 3039 654 3067 ea
697 3027 874 3067 vivendi
918 3027 1116 3074 ratione,
1163 3026 1212 3064 ut
1247 3025 1633 3076 perturbationum
1669 3036 1827 3077 expers
1866 3026 1948 3075 sis,
1995 3024 2101 3066 nihil

279 3108 425 3148 neque
471 3098 654 3148 cupiens
695 3109 778 3137 nec
817 3098 992 3136 timens.
1057 3094 1221 3142 Quodsi
1261 3095 1373 3135 haec
1414 3095 1615 3135 condicio
1653 3098 1694 3135 te
1725 3095 1872 3135 reddit
1901 3094 2099 3147 perfecte

279 3167 485 3215 beatum,
518 3167 633 3206 hanc
662 3178 793 3206 unam
823 3166 983 3206 ceteris
1015 3164 1170 3204 studiis
1201 3166 1375 3205 omissis
1407 3176 1597 3216 sequere
1618 3166 1840 3204 virtutem.
1873 3165 1923 3204 V.
1948 3165 2097 3206 4—44.

282 3239 401 3286 Quae
445 3237 480 3276 si
525 3235 581 3275 ad
625 3236 740 3275 bene
781 3235 1021 3274 vivendum
1064 3246 1150 3274 non
1181 3236 1286 3276 satis
1317 3246 1448 3287 posse
1480 3235 1724 3283 videbitur,
1771 3233 1827 3274 ad
1857 3234 2101 3274 diviliarum

281 3318 508 3348 summum
538 3306 707 3346 bonum
738 3308 780 3345 te
811 3305 963 3345 confer
993 3307 1035 3344 et
1064 3306 1107 3344 in
1147 3317 1200 3345 eo
1241 3305 1558 3356 consequendo
1599 3306 1724 3356 quasi
1762 3303 2100 3344 tabernaculum

280 3378 394 3416 xdtae
417 3375 598 3417 colloca.
631 3376 681 3415 V.
709 3376 882 3414 45—24.
930 3374 1054 3415 Idem
1076 3374 1351 3424 faciendum,
1385 3386 1487 3415 cum
1508 3375 1586 3415 tibi
1604 3375 1891 3426 proposueris
1920 3375 2097 3414 tertium

283 3446 509 3498 quoddam
540 3446 703 3486 summi
733 3444 837 3484 boni
867 3455 1030 3496 genus,
1065 3445 1185 3495 quod
1216 3445 1409 3485 cernitur
1438 3446 1481 3485 in
1511 3446 1713 3485 honorum
1741 3442 2027 3495 amplitudine
2048 3453 2100 3482 ac

284 3515 519 3566 splendore
553 3516 614 3565 (V.
639 3514 852 3564 lia-55),
885 3513 954 3554 vel
987 3516 1214 3565 quartum,
1250 3514 1367 3565 quod
1400 3515 1529 3554 situm
1554 3515 1621 3553 est
1642 3514 1683 3552 in
1713 3514 1802 3552 vila
1822 3513 1942 3552 lauta
1969 3523 2099 3552 men-

2156 3507 2183 3544 Lx
