2231 3787
811 263 908 304 LlB.
943 264 992 303 11.
1045 263 1157 304 SAT.
1190 264 1239 303 11.

192 396 306 448 Non
345 393 546 466 aliquid
588 394 789 466 patriae
831 401 972 446 tanto
1014 395 1250 448 emetiris
1292 395 1526 448 accrvo‘?

1837 262 1940 318 223

1842 396 1939 448 '105

193 496 286 550 Uni
330 497 577 548 nimirum
618 505 761 550 recte
801 495 891 549 tibi
933 513 1148 566 semper
1187 506 1343 549 erunt
1380 514 1484 550 res.

193 600 238 650 Ο
279 615 503 668 magnus
544 596 766 668 posthac
807 597 1032 651 inimicis
1073 598 1236 650 risus!
1279 599 1473 653 Uterne

188 698 267 751 Ad
307 717 465 752 casus
504 699 698 752 dubios
738 698 865 752 fidet
904 699 1003 752 sibi
1043 699 1285 752 certius?
1324 700 1421 753 Hic
1462 700 1553 770 qui

190 800 438 854 Pluribus
477 800 716 854 adsuerit
755 809 985 854 mentem
1026 818 1335 872 corpusque
1375 800 1696 872 superbum,

190 905 266 954 An
304 903 395 972 qui
436 912 715 956 contentus
755 920 920 974 parvo
962 911 1317 974 metuensque
1357 903 1515 957 suturi

1845 904 1856 956 l
1882 905 1938 956 lt)

192 1004 247 1055 ln
288 1022 421 1074 pace
465 1014 519 1057 ut
557 1005 774 1075 sapiens
814 1004 1005 1075 aptarit
1044 1005 1237 1058 idonea
1276 1004 1453 1059 bello?

230 1193 322 1232 405.
357 1205 377 1232 e
407 1197 521 1232 tanto
550 1194 707 1233 moliris
736 1194 777 1233 S.
828 1217 873 1222 —
922 1193 1015 1233 406.
1062 1197 1169 1232 recte
1198 1192 1269 1232 tibi
1300 1194 1408 1234 LCt:
1456 1199 1596 1235 reciae
1632 1195 1703 1234 tibi
1748 1195 1880 1248 hScp,

171 1256 243 1294 libi
273 1260 379 1295 recte
409 1267 432 1295 e
467 1256 605 1295 Codd.
641 1252 753 1308 γδλξ
782 1255 1029 1303 Bentleius,
1077 1257 1137 1302 M,
1184 1256 1255 1294 tibi
1286 1261 1422 1297 rectae
1454 1258 1495 1297 F.
1534 1281 1578 1286 —
1622 1259 1755 1310 erunt]
1789 1265 1883 1299 eim!

172 1320 218 1358 N.
245 1319 421 1358 Heinsio
452 1320 633 1357 auctore
664 1317 914 1367 Bentleius,
950 1319 1005 1359 M.
1042 1338 1086 1346 -
1130 1319 1214 1359 107.
1243 1323 1336 1368 post
1366 1320 1440 1359 hoo
1470 1330 1693 1372 superscr.
1719 1333 1743 1360 α
1767 1323 1808 1361 S.

115 1500 263 1538 mum,
316 1491 360 1528 et
402 1487 575 1540 pulchri
618 1489 756 1540 ipsius
799 1489 993 1541 peritum

113 1553 413 1603 spectatorem
445 1554 488 1591 et
516 1563 650 1591 verae
674 1552 894 1602 dignitatis
915 1554 996 1591 Ro-

113 1625 271 1654 manae
288 1614 621 1654 aestimatorem
637 1615 877 1662 sincerum‚
897 1625 996 1654 sae-

112 1676 295 1728 pissime
347 1674 520 1716 laesum
569 1687 667 1717 esse
724 1675 994 1727 templorum

113 1749 194 1790 per
223 1736 338 1778 bella
369 1738 613 1779 domestica
645 1740 807 1790 partim
839 1739 995 1779 detur-

112 1803 343 1853 patorum,
389 1801 552 1852 partim
590 1801 864 1851 dirutorum,
915 1802 994 1841 tri—

112 1865 304 1906 stissima
337 1863 445 1904 facie
466 1897 474 1914 ,
509 1866 640 1917 atque
665 1877 718 1905 ex
739 1866 873 1905 animi
895 1876 995 1905 sen-

112 1928 247 1968 tentia
277 1929 476 1979 optasse,
510 1930 557 1967 ut
588 1928 769 1968 tandem
790 1928 994 1968 restitue-

112 1991 290 2038 rentur,
323 2001 530 2041 sperasse
553 2001 731 2042 quoque
752 1990 797 2030 id
827 1990 992 2031 factum

110 2053 162 2093 iri
192 2063 217 2091 a
249 2053 439 2092 Caesare
472 2053 739 2093 Octaviano?
775 2053 896 2105 quod
926 2055 993 2093 in-

112 2117 293 2167 ceptum
321 2126 480 2167 reapse
512 2116 584 2155 hic
614 2117 806 2156 maxime
831 2127 868 2155 a.
894 2117 989 2156 726.

24 2206 34 2215 .
113 2181 294 2218 strenue
317 2180 555 2218 exsecutus
579 2181 660 2219 est.
697 2179 786 2219 Cfr.
808 2180 987 2219 Sueton.

112 2242 262 2281 Octav.
286 2239 352 2279 30.
380 2263 424 2268 —-
442 2241 638 2292 improbe]
664 2241 990 2282 «insatiabilis»

112 2305 216 2343 Post
229 2301 391 2352 Virgilii
414 2303 647 2352 improbum
667 2304 850 2344 laborem
865 2303 991 2344 Silius

113 2366 160 2415 4,
193 2365 259 2405 58.
294 2375 429 2404 ausus
460 2368 529 2404 est
558 2367 691 2405 etiam
723 2366 872 2406 dicere
907 2367 991 2405 im—

107 2426 243 2478 proba
275 2427 423 2465 virtus.
476 2427 598 2466 Conf.
630 2426 893 2468 salmasium
935 2428 991 2468 ad

111 2488 293 2532 Martial.
320 2490 366 2537 4,
402 2489 500 2538 405,
534 2491 573 2529 2.
612 2491 856 2542 —patriaeJ
892 2502 992 2542 «pe-

112 2554 240 2594 cunia
271 2551 493 2602 eroganda
532 2554 574 2592 in
611 2564 746 2604 opera
786 2553 990 2605 publicae

110 2615 282 2656 utilitati
311 2615 615 2664 inservientia,
648 2617 845 2667 porticus
867 2620 986 2668 puta,

111 2680 220 2728 vias,
254 2677 541 2718 exsiccandas
570 2676 810 2729 paludes;»
844 2677 989 2730 qualia

112 2752 248 2793 opera
269 2752 357 2780 non
377 2741 470 2781 sine
494 2739 652 2780 callido
670 2740 850 2781 consilio
872 2743 991 2794 prin-

92 2804 284 2856 ‘cipibus
299 2804 403 2843 viris
424 2804 655 2854 imponere
673 2802 845 2844 solebat
866 2805 992 2845 Octa-

110 2867 281 2906 xdanus.
343 2865 430 2906 Cfr.
454 2864 609 2905 Tibull.
635 2867 680 2915 4,
713 2867 762 2915 7,
796 2867 861 2906 57.
904 2866 992 2906 ibi—

113 2939 200 2979 que
230 2928 514 2979 lnterpretes.
573 2927 668 2968 Noli
698 2939 831 2978 vero,
863 2932 913 2969 ut
932 2930 994 2970 fe-

113 2991 270 3029 cerunt
312 2988 534 3038 nonnulli,
582 2990 747 3030 Horatii
787 2994 990 3044 tempore

115 3052 306 3103 cogitare
329 3051 384 3091 de
414 3048 733 3103 ξενοδοκείοις
762 3054 993 3095 instituen-

115 3115 206 3163 diS,
240 3114 294 3153 de
325 3112 513 3154 alumnis
533 3115 705 3155 Traiani
733 3127 858 3157 more
880 3118 993 3158 edu-

115 3175 293 3224 candis,
327 3175 382 3215 de
413 3186 587 3215 annona
616 3175 803 3218 levanda
834 3181 919 3219 cet.
943 3203 988 3208 -—

114 3244 229 3280 tanto
258 3239 438 3279 emetiris
458 3238 622 3290 acervo]
656 3240 804 3279 Lectio
826 3241 992 3282 codicis

115 3303 142 3341 S
172 3313 192 3342 e
221 3305 337 3342 tanto
365 3312 422 3340 m.
455 3312 496 3340 a.
532 3302 599 3340 est
635 3311 796 3351 prosae
827 3303 993 3342 oratio-

115 3364 196 3403 nis.
230 3361 353 3404 Conf.
377 3374 419 3401 v,
439 3363 505 3402 77.
534 3384 577 3390 ——
600 3361 815 3413 nimirum]
839 3362 993 3411 «Quod

117 3425 161 3464 in
188 3425 354 3465 ironica
376 3425 572 3465 oratione
595 3435 730 3476 saepe
752 3424 820 3475 fit,
853 3427 901 3465 ut
922 3436 990 3476 ea,

118 3486 174 3526 de
204 3486 366 3539 quihus
395 3486 705 3540 quaerendum
734 3487 813 3536 sit,
856 3497 992 3528 occu-
1019 3519 1022 3526 .

1056 1500 1216 1543 pemus
1247 1490 1566 1542 affirmatione,
1611 1491 1655 1531 id
1692 1494 1824 1532 etiam
1858 1505 1938 1545 per

1055 1553 1256 1592 nimirum
1293 1554 1564 1604 exprimitur.
1624 1557 1686 1594 lta
1729 1557 1937 1596 orationis

1057 1615 1199 1656 forma
1245 1615 1398 1656 similis
1444 1621 1510 1657 est
1554 1618 1935 1668 interrogationi.»

1058 1679 1176 1718 HAND
1198 1680 1322 1718 Turs.
1349 1679 1416 1718 IV.
1441 1690 1483 1730 p.
1509 1679 1602 1719 207.
1632 1703 1676 1708 —
1701 1685 1808 1720 recte
1829 1682 1899 1720 tibi
1920 1704 1938 1710 -

1056 1745 1178 1780 erunt
1224 1741 1311 1792 res]
1370 1742 1489 1780 Haec
1544 1740 1674 1781 lectio
1723 1746 1933 1794 praestat.

1058 1804 1180 1844 Conf.
1205 1815 1247 1843 V.
1274 1804 1366 1843 420.
1419 1804 1507 1843 Sat.
1532 1804 1575 1853 2,
1609 1804 1658 1853 8,
1694 1806 1758 1844 49.
1812 1805 1940 1846 Dola-

1056 1865 1171 1906 bella
1203 1866 1321 1918 apud
1362 1867 1451 1906 Cic.
1486 1866 1542 1905 ad
1578 1867 1697 1907 Fam.
1732 1867 1777 1916 9,
1812 1868 1854 1917 9,
1891 1869 1933 1908 4;

1056 1930 1280 1970 rectissime
1309 1933 1403 1968 sunt
1432 1930 1546 1978 apud
1576 1933 1612 1968 te
1642 1930 1799 1969 omnia.
1860 1929 1936 1970 Al—

1055 1996 1151 2034 tera
1181 1993 1312 2033 lectio
1332 1996 1470 2032 rectae
1492 1994 1558 2032 est
1584 1993 1936 2032 accommodatio

1055 2056 1112 2096 ad
1141 2068 1183 2096 v.
1205 2067 1284 2095 res.
1345 2056 1406 2095 Eo
1437 2055 1577 2106 magis
1601 2065 1935 2106 supervacanea

1056 2120 1124 2159 est
1154 2118 1266 2158 coni.
1301 2121 1398 2157 eunt
1429 2117 1533 2167 (Cic.
1568 2117 1625 2156 ad
1654 2119 1738 2157 Att.
1765 2118 1839 2165 44,
1866 2120 1931 2167 45,

1055 2182 1103 2221 3:
1136 2180 1286 2230 Incipit
1305 2191 1372 2220 res
1399 2179 1545 2218 melias
1573 2180 1654 2229 ire,
1689 2191 1816 2229 quam
1847 2192 1935 2231 pu-

1054 2243 1249 2293 taram),
1283 2241 1404 2293 quod
1434 2241 1630 2281 futurum
1660 2243 1826 2293 requiri
1865 2243 1936 2282 vi-

1055 2306 1223 2346 detura
1239 2315 1374 2344 versu
1395 2315 1490 2354 seq.
1520 2327 1565 2332 —
1585 2305 1772 2354 posthac]
1808 2316 1935 2346 «cum

1054 2367 1368 2419 patrimonium
1413 2377 1545 2406 omne
1590 2378 1672 2418 per
1715 2366 1935 2408 luxuriam

1055 2429 1432 2480 consumpseris.»
1455 2429 1557 2468 Aen.
1580 2451 1625 2456 —
1648 2429 1770 2481 risus]
1794 2430 1934 2470 «risus

1055 2492 1390 2542 argumentum,
1425 2489 1521 2540 gall.
1546 2490 1589 2529 la
1616 2491 1765 2531 risee.»
1807 2491 1931 2531 Ovid.

1055 2556 1167 2595 Fast.
1194 2554 1210 2593 4
1234 2586 1242 2602 ,
1276 2552 1382 2594 437;
1427 2553 1479 2592 Ac
1508 2554 1606 2592 deus
1637 2554 1848 2605 (Priapus)
1870 2577 1893 2582 —
1912 2576 1934 2583 -

1055 2616 1251 2657 Omnibus
1279 2616 1335 2655 ad
1353 2616 1496 2655 Lunae
1515 2615 1677 2655 lumina
1697 2617 1807 2655 risus
1825 2622 1930 2656 erat.

1056 2702 1102 2708 —
1119 2678 1279 2730 Uter-ne]
1295 2688 1343 2717 ne
1355 2677 1671 2729 superadditur
1681 2680 1934 2730 pronomini

1053 2741 1390 2791 interrogativo,
1414 2742 1463 2779 ut
1484 2741 1570 2780 Sat.
1590 2741 1629 2789 2,
1654 2741 1693 2790 3,
1717 2742 1812 2781 295.
1837 2741 1932 2781 347.

1053 2805 1104 2845 Η.
1127 2802 1156 2844 l.
1178 2801 1520 2854 interpolatores
1553 2801 1714 2853 (Aldus)
1746 2804 1935 2856 scripse-

1052 2867 1156 2907 runt
1187 2866 1406 2914 Uternam,
1455 2864 1574 2916 quod
1613 2866 1815 2905 Latinum
1846 2877 1935 2906 non

1051 2929 1242 2970 videtur.

1109 2992 1310 3033 408-445.
1363 3002 1484 3031 casus
1511 2989 1667 3042 dubios]
1701 2991 1841 3030 «vitae
1865 3001 1935 3030 ca-

1051 3053 1332 3103 lamitates,»
1377 3055 1426 3093 ut
1468 3057 1656 3103 tempora
1692 3053 1819 3092 dubia
1851 3053 1930 3092 Od.

1054 3117 1100 3166 4,
1135 3117 1179 3167 9,
1213 3116 1280 3156 36.
1323 3139 1368 3144 —
1406 3117 1607 3166 adsuerit]
1653 3115 1934 3156 «assuefece-

1053 3180 1150 3219 rit.»
1202 3178 1288 3219 Cfr.
1313 3179 1399 3218 Sat.
1433 3179 1470 3227 4,
1503 3178 1544 3228 4,
1578 3179 1670 3218 405.
1707 3201 1752 3207 -
1785 3190 1932 3228 super·-

1054 3241 1163 3293 bum]
1195 3240 1387 3281 refertur
1417 3241 1550 3280 etiam
1579 3240 1634 3280 ad
1663 3252 1706 3279 v.
1738 3245 1927 3280 mentem.

1054 3304 1179 3344 Idem
1209 3303 1301 3344 fere
1329 3304 1398 3343 est
1427 3314 1479 3342 ac
1512 3302 1803 3351 «luxurians»,
1837 3302 1930 3341 sive

1055 3366 1217 3414 mavis,
1265 3360 1616 3421 ((ὑβριστικόν.»
1659 3386 1703 3392 -
1748 3365 1796 3402 In
1824 3373 1932 3413 paee

1054 3427 1155 3479 cet.]
1189 3427 1259 3467 «in
1286 3426 1424 3467 rebus
1453 3425 1662 3468 secundis
1683 3435 1783 3465 sese
1804 3429 1931 3475 apta-

1051 3489 1130 3537 rit,
1162 3489 1462 3542 praepararit,
1505 3487 1748 3528 adversis.»
1801 3485 1927 3528 Conf.
