2231 3787
919 241 1034 280 viri
1071 242 1296 281 uotum
1910 245 2010 291 {mii

207 367 454 437 epistola:
503 368 759 420 «Pertulit
797 368 862 420 ad
905 386 987 420 me
1030 369 1318 440 Dionysius
1361 371 1593 424 libellum
1636 382 1806 428 tuum.
1849 393 2008 444 quem

206 486 335 535 ego,
392 478 445 521 ut
483 484 732 522 accusem
774 479 845 525 te,
907 470 1411 542 quantuluscunque
1452 482 1552 526 est.
1610 474 1730 525 boni
1773 475 2008 528 consulo.

210 570 385 622 Vereri
415 579 590 621 autem
622 569 745 621 mibi
776 570 999 630 videris,
1043 589 1108 625 ne.
1140 572 1371 625 maiores
1399 572 1558 625 libelli
1591 576 1659 626 tui
1690 576 1813 636 sint,
1850 595 2009 646 quani

205 670 321 740 ipse
361 688 436 721 eS.
489 670 622 728 Sed,
666 670 707 721 si
737 670 825 722 tibi
855 680 1053 723 statura
1082 671 1256 733 deest,
1299 673 1678 744 corpusculum
1713 694 1816 727 non
1845 677 2009 729 deest.

205 772 389 840 ltaque
439 769 615 823 licebit
663 771 711 822 in
765 771 1049 824 sextariolo
1103 772 1331 829 scribas.
1389 792 1509 827 cum
1560 776 1812 830 circuitus
1866 777 2012 830 volu-

209 870 362 922 minis
403 871 473 923 tui
515 871 582 924 sit
618 870 1052 941 ὁγκωὸὲστατος,
1099 873 1235 926 sicut
1282 884 1362 927 est
1400 876 1673 930 ventriculi
1716 878 1835 930 tui.»
1916 879 2010 949 [Ad

209 989 295 1025 res
343 989 602 1026 venereas
655 973 1089 1042 intemperantior
1137 974 1383 1037 traditur3
1439 995 1558 1028 nain
1607 977 1882 1047 speculato
1921 997 2013 1032 cu-

206 1073 383 1127 biculo
439 1084 612 1126 scorta
670 1074 863 1128 dicitur
915 1073 1166 1128 habuisse
1207 1075 1489 1146 disposita.
1549 1088 1625 1136 ut,
1688 1097 2012 1150 quocunque

208 1175 545 1245 respexisset,
577 1174 647 1227 ibi
672 1176 721 1228 ei
754 1176 929 1245 imago
955 1176 1125 1228 coitus
1155 1176 1478 1247 reser1‘etur.]
1499 1180 1528 1245 ¹)
1572 1179 1704 1231 Vixit
1729 1180 2012 1249 plurimum

209 1277 256 1327 in
299 1293 517 1329 secessu
560 1276 698 1329 ruris
737 1276 817 1328 sui
859 1275 1038 1329 Sabini
1090 1286 1179 1330 aut
1218 1277 1496 1333 Tiburtini.
1556 1278 1858 1350 domusque
1898 1283 2013 1334 cius

206 1376 503 1430 ostenditur
541 1378 683 1431 circa
721 1377 933 1430 Tiburni
971 1378 1220 1432 luculum.
1276 1381 1543 1434 Venerunt
1574 1381 1622 1433 in
1652 1400 1839 1435 manus
1867 1401 2013 1435 ineas

206 1488 258 1531 et
308 1478 445 1548 elegi
497 1477 596 1532 sub
647 1480 764 1532 eius
816 1479 964 1533 titulo
1017 1489 1069 1534 et
1117 1480 1341 1552 epistola
1379 1498 1540 1553 prosa
1579 1484 1818 1538 oratione
1859 1486 2011 1555 quasi

207 1579 628 1633 commendantis
669 1598 726 1633 se
767 1581 1090 1634 Maecenati:
1133 1581 1230 1635 sed
1268 1590 1496 1655 utraque
1531 1583 1660 1637 salsa
1699 1593 1852 1655 puto;
1892 1603 2012 1638 nam

206 1680 340 1751 elegi
381 1680 653 1751 volgares,
705 1682 930 1752 epistola
981 1683 1138 1736 etiam
1179 1683 1438 1737 obscura:
1487 1702 1595 1755 quo
1634 1686 1759 1738 vitio
1799 1687 2012 1739 minime

210 1781 502 1835 tenebatur.
564 1784 726 1835 Natus
777 1792 857 1835 est
903 1792 1052 1836 sexto
1093 1783 1216 1837 Idus
1255 1784 1609 1844 Decembres,
1665 1787 1826 1840 Lucio
1866 1788 2012 1841 Cotta

203 1893 257 1937 et
294 1884 456 1937 Lucio
495 1885 760 1954 Torquato
801 1884 1111 1939 consulibus
1127 1888 1180 1954 2).
1246 1887 1488 1940 Decessit
1524 1888 1708 1958 quinto
1748 1888 2013 1941 Kalendas

208 1985 560 2043 Decembres,
622 1986 748 2038 Caio
796 1986 992 2039 Marcio
1044 1987 1337 2040 Censorino
1393 1997 1444 2041 et
1481 1989 1608 2042 Caio
1647 1990 1826 2042 Asinio
1866 1989 2014 2043 Gallo

206 2085 597 2154 consulibus³)‚
659 2097 778 2158 post
826 2088 1110 2159 septimum
1162 2097 1214 2141 et
1257 2089 1760 2159 quinquagesimum
1800 2109 2011 2149 annum,

209 2187 408 2241 herede
459 2191 695 2259 Augusto
756 2189 928 2260 palam
983 2198 1315 2260 nuncupato,
1376 2207 1497 2243 cum
1553 2200 1775 2260 urgente
1825 2193 1871 2244 vi
1924 2210 2013 2244 va—

208 2287 455 2342 letudinis
505 2307 609 2343 non
649 2290 917 2344 sufficeret
955 2291 1021 2343 ad
1060 2290 1418 2361 obsignandas
1456 2294 1753 2346 testamenti
1792 2293 2010 2346 tabulas.

210 2391 465 2443 Humatus
516 2400 568 2444 et
615 2391 860 2446 conditus
910 2401 992 2447 est
1029 2393 1279 2446 extremis
1320 2392 1568 2464 Esquiliis
1628 2394 1769 2447 iuxta
1807 2395 2014 2448 Maece-

209 2490 342 2543 natis
381 2491 654 2545 tumulum.

1078 2652 1137 2702 ΙΙ.

933 2769 1291 2808 ΑΝΟΝΥΜι

316 2896 535 2959 Οι“ιΝτιτ5
575 2897 826 2949 nonnus
866 2899 1088 2950 chces
1129 2903 1285 2967 poeta
1325 2898 1417 2950 suit
1444 2897 1644 2971 lyricus
1672 2909 1722 2953 et
1749 2902 2012 2973 satyricus

213 2996 379 3065 patria
422 2997 741 3052 Venusinus,
784 2997 993 3052 dicente
1035 2998 1281 3052 iuvenale
1323 3000 1512 3071 Satyra
1553 3001 1810 3071 primasz

325 3188 347 3232 ¹)
382 3186 501 3232 Quae
535 3185 679 3225 *erbis
712 3184 886 3226 inclusis
919 3191 1173 3236 narrantur,
1207 3188 1261 3227 ad
1295 3189 1492 3229 Hostium
1525 3189 1745 3240 quendam
1779 3190 1908 3229 refert
1942 3194 2014 3229 Se—

215 3264 320 3291 neca
354 3254 547 3300 Quaestt.
582 3255 693 3293 Natt.
734 3256 766 3300 t,
799 3255 861 3296 16,
897 3256 932 3294 Ξ.

322 3325 349 3368 2)
383 3325 429 3361 Α.
463 3333 503 3361 u.
539 3334 576 3362 c.
611 3324 701 3363 689.
747 3336 783 3361 a.
820 3324 919 3363 Chr.
954 3326 1019 3364 55
1073 3327 1134 3366 (Is.
1169 3327 1246 3366 Od.
1281 3329 1319 3370 3.
1354 3329 1419 3369 21.
1460 3330 1490 3366 1.
1541 3328 1675 3378 Epod.
1708 3329 1779 3375 ⁴3,
1816 3331 1851 3367 Η.
1903 3330 2006 3379 Epp.

218 3393 253 3436 t,
290 3391 352 3432 20,
387 3392 436 3430 27
468 3403 533 3442 sq.

322 3462 348 3506 ³}-
380 3463 426 3500 A.
464 3472 504 3500 u.
539 3473 576 3501 c.
610 3461 701 3502 746.
735 3473 773 3501 a.
809 3463 909 3502 Chr.
943 3464 982 3503 8.
1025 3484 1071 3492 —
1116 3462 1141 3506 ⁴)
1175 3476 1214 3502 v.
1247 3466 1312 3503 51.
