2231 3787
838 236 933 274 LlB.
970 236 999 273 Ι.
1062 235 1225 275 EPIST.
1258 236 1363 275 XVI.

1916 234 2017 287 535

265 366 351 417 Vir
382 366 581 428 bonuS,
626 383 783 419 omne
809 367 982 419 l'orum
1011 384 1175 438 quem
1202 374 1410 437 spectat
1436 375 1488 419 et
1515 384 1671 420 omne
1700 366 1944 427 tribunal,

262 468 713 540 Quandocumque
754 469 887 523 deos
925 468 1009 522 vel
1049 485 1216 540 porco
1255 468 1340 522 vel
1379 469 1518 522 bove
1560 468 1760 540 placat,

260 571 385 624 Iane
426 579 601 641 pater,
645 570 810 634 clare,
854 570 996 626 clare
1037 589 1160 625 cum
1199 571 1352 634 dixit,
1395 570 1610 642 Apollo,

260 672 435 725 Labra
472 681 651 726 movet
690 682 936 727 metuens
977 673 1176 727 audiri:
1223 673 1454 728 Pulchra
1490 675 1764 735 Laverna.

1951 675 2017 725 60

259 777 338 828 Da
375 774 504 828 mihi
544 774 752 838 fallere,
795 776 863 829 da
902 777 1042 830 iusto
1084 785 1380 847 sanctoque
1419 775 1617 836 videri,

257 880 480 931 Noctem
522 878 760 949 peccatis
801 887 854 932 et
889 878 1170 932 fraudibus
1210 879 1386 933 obiice
1431 878 1655 932 nubem!

260 982 362 1045 Qui
403 979 591 1034 melior
631 997 816 1042 serm,
871 983 963 1052 qui
1001 980 1223 1034 liberior
1262 982 1329 1034 sit
1367 999 1587 1040 avarus,

239 1148 368 1188 levius
395 1148 515 1197 milii,
547 1158 630 1186 non
658 1147 824 1198 facinus
853 1151 1017 1186 lamen:
1049 1151 1131 1186 esto
1163 1158 1186 1186 e
1210 1146 1318 1186 Cod.
1344 1145 1414 1186 Sil.
1441 1146 1505 1195 C.)
1542 1169 1585 1174 —
1619 1147 1685 1185 59.
1720 1147 1769 1185 In
1792 1147 1822 1186 Ε
1841 1147 1964 1198 prius

240 1213 353 1252 clare
384 1214 656 1264 expunctum
688 1213 775 1259 est3
805 1215 931 1261 paler
961 1211 1074 1250 clare
1101 1210 1212 1249 dixit
1237 1221 1330 1249 cum
1358 1210 1466 1249 <lixit
1484 1221 1527 1261 p.
1552 1209 1650 1249 Vid.
1675 1209 1795 1249 adv.
1821 1209 1887 1250 44.
1916 1230 1960 1237 -

240 1275 348 1328 cum]
381 1286 501 1325 quem
532 1276 573 1314 S.
602 1298 646 1303 ——
672 1274 738 1314 64.
772 1275 926 1313 iustum
955 1277 1226 1323 sanctumque
1255 1272 1407 1324 bSEcp
1441 1274 1485 1312 et
1514 1270 1757 1312 Bentleiani
1789 1283 1961 1313 omnes.

244 1339 309 1389 (Ut
337 1349 439 1387 nos,
483 1337 676 1377 Pottierii
718 1336 950 1376 dumtaxat
989 1336 1097 1385 duo,
1142 1337 1179 1375 4.
1215 1337 1259 1375 et
1290 1335 1372 1385 44.)
1409 1357 1452 1363 -
1499 1335 1564 1375 62.
1602 1335 1712 1375 obice
1742 1334 1878 1375 bSEc.
1917 1358 1960 1363 —

243 1400 308 1440 63.
345 1402 434 1451 Quo
454 1425 478 1431 -
498 1423 520 1429 —
542 1412 622 1450 quo
652 1400 710 1447 E,
743 1401 772 1438 t.

183 1534 371 1574 modium
402 1536 488 1574 cet.
516 1556 560 1562 —
584 1533 697 1585 milii]
734 1543 860 1572 «mea
892 1533 1071 1572 senten-

184 1597 241 1636 tia
275 1598 319 1636 et
348 1596 555 1636 iudicio.»
602 1619 646 1623 —
688 1595 933 1646 paeto—isto]
982 1606 1069 1634 «ea

184 1661 377 1708 ratione,
426 1669 561 1710 quam
592 1662 668 1698 tu»
714 1659 817 1709 (non
849 1658 1067 1706 Quintius,

184 1723 264 1781 sed
286 1723 388 1763 ficta
409 1733 626 1774 persona,
660 1732 797 1772 quam
819 1719 1067 1771 alloquitur)

185 1787 351 1838 «sequi
381 1785 544 1827 soles.»
591 1786 652 1825 Ex
685 1796 762 1833 eo,
796 1783 917 1835 quod
940 1785 1072 1824 lenius

185 1860 265 1901 pro
288 1849 418 1888 levius
437 1860 526 1888 non
548 1848 654 1888 satis
675 1849 829 1899 aptum
845 1858 943 1886 voc.
964 1858 1072 1886 non-

183 1910 312 1951 nullIs
332 1910 581 1958 videretur,
606 1911 729 1949 ortae
752 1910 856 1949 sunt
876 1910 1072 1960 interpo-

183 1971 371 2013 lationes
392 1972 513 2024 apud
531 1972 796 2013 Accursium
818 1973 862 2012 et
891 1972 935 2012 in
957 1971 1066 2012 Cod.

184 2034 256 2075 Sil.
276 2036 453 2075 Dictum
472 2037 540 2075 est
560 2037 711 2075 autem
738 2037 785 2074 ut
812 2034 890 2074 Od.
911 2035 962 2084 2,
994 2035 1066 2084 49,

185 2101 258 2140 45ῑ
282 2112 366 2140 non
383 2100 464 2139 leni
478 2100 629 2147 ruina;
655 2099 912 2147 «damnum,
931 2099 1065 2150 quod,

184 2164 286 2214 quia
335 2163 544 2213 exiguum
589 2163 679 2210 est,
726 2160 868 2202 lenius
909 2161 1068 2201 feras.»

237 2226 387 2265 57-62.
415 2226 487 2264 Vir
508 2224 648 2276 bonus]
675 2235 809 2276 quem
833 2222 1070 2275 plebecula

185 2288 249 2328 sic
280 2286 495 2340 appellat;
533 2286 769 2327 manifesto
800 2281 900 2326 κατ>
933 2287 1069 2343 εἰρω-

183 2351 333 2391 νείαν.
360 2373 406 2379 -
440 2351 540 2389 Iane
562 2350 703 2401 pater]
746 2349 856 2388 Vide
891 2349 948 2388 ad
978 2350 1066 2389 Sat.

183 2414 225 2463 2,
250 2414 290 2463 6,
313 2414 380 2454 20.
409 2436 455 2442 -—
482 2412 641 2464 Apollo]
676 2412 956 2463 Significatne
988 2423 1070 2463 per

185 2474 404 2516 occultam
443 2476 689 2533 εἰρωνείαν
720 2477 825 2514 tunc
855 2485 1068 2526 proceres

185 2541 406 2579 Romanos
447 2550 544 2579 rem
575 2539 769 2578 divinam
801 2537 1067 2590 plerumque

185 2602 331 2641 facere
355 2600 506 2642 solitos
528 2613 628 2642 esse
650 2600 838 2653 Apollini
854 2600 1066 2650 Palatino,

185 2663 385 2704 familiari
438 2663 497 2703 illi
540 2664 726 2715 Augusti
767 2663 972 2703 numini?
1021 2685 1066 2690 —

182 2727 325 2767 Labra
359 2731 495 2767 movet
523 2726 628 2778 cet.]
677 2725 930 2766 Simillimae
968 2726 1071 2765 sunt

184 2799 369 2840 preces,
420 2788 584 2840 quibus
629 2789 854 2829 mercator
894 2788 1070 2828 Mercu-

186 2851 301 2890 rium
332 2851 482 2902 fatigat
512 2852 633 2903 apud
664 2851 867 2891 Ovidium
888 2852 1001 2891 Fast.
1026 2852 1066 2900 5,

187 2912 258 2952 684
290 2924 389 2965 sqq.
426 2915 586 2954 Totum
615 2913 765 2954 locum
785 2914 981 2954 imitatus
1003 2914 1070 2954 est

186 2975 363 3016 Persius
383 2977 431 3025 2,
459 2978 483 3016 5
505 2987 605 3028 sqq.
653 2976 728 3017 Illa
765 2978 909 3018 Labra
937 2981 1091 3017 movet·

187 3037 250 3077 sic
282 3039 519 3089 expressit:
570 3039 650 3078 Illa
677 3040 753 3079 sibi
781 3041 1013 3080 introrsum
1032 3043 1070 3079 el

186 3100 258 3140 sub
278 3100 425 3151 linqua
444 3101 743 3141 immurmurat
759 3104 847 3142 cet.
886 3102 974 3142 Cfr.
995 3103 1070 3141 Se-

186 3173 298 3202 neca
317 3163 454 3213 Epist.
481 3162 558 3211 40,
582 3164 630 3202 5:
667 3164 836 3212 Quanta
864 3164 1070 3204 dementia

186 3229 243 3265 est
281 3225 523 3264 hominum!
573 3225 827 3274 Turpissima
863 3229 964 3265 vota
1007 3226 1070 3265 dis

185 3289 482 3327 insusurrant:
528 3287 562 3326 si
606 3287 698 3337 quis
726 3288 959 3327 admoverit
986 3299 1069 3327 au—

185 3361 295 3399 rem,
327 3351 595 3390 conticescent
624 3353 684 3397 et,
723 3350 833 3398 quod
861 3350 965 3389 scire
993 3350 1070 3388 ho-

1134 1543 1240 1572 cum
1274 1530 1436 1579 liabet3
1478 1534 1547 1572 est
1576 1533 1727 1571 autem
1758 1531 1842 1571 dea
1873 1530 2022 1572 furum

1136 1595 1268 1645 (sive,
1302 1596 1349 1634 ut
1380 1595 1439 1633 ait
1467 1593 1690 1633 Arnobius
1721 1593 1767 1643 4,
1800 1593 1881 1634 24:
1927 1605 2023 1633 cum

1132 1657 1345 1697 Mercurio
1388 1657 1513 1696 simul
1555 1656 1778 1707 fraudibus
1807 1657 2024 1706 praesidet

1131 1719 1360 1772 furtivis),
1395 1721 1440 1759 et
1469 1717 1759 1759 simulacrum
1782 1719 1876 1759 eius
1900 1718 2021 1759 fures

1134 1781 1283 1822 colunt
1328 1783 1372 1822 et
1417 1782 1490 1833 qui
1538 1780 1718 1822 consilia
1760 1792 1838 1821 sua
1868 1780 2023 1821 volunt

1134 1846 1288 1893 tacita3
1324 1855 1427 1884 nam
1458 1855 1618 1895 preces
1641 1844 1735 1884 eius
1760 1854 1862 1882 cum
1886 1841 2022 1883 silen-

1133 1909 1192 1948 tio
1224 1910 1518 1948 exercentur:
1553 1908 1616 1947 sic
1647 1907 1765 1946 dicta
1787 1906 1972 1946 fortasse
1996 1917 2020 1944 a

1133 1971 1323 2018 latendo,
1357 1981 1462 2010 nam
1493 1970 1614 2010 fures
1636 1969 1740 2008 olim
1771 1968 2023 2008 lalerniones

1135 2037 1179 2074 et
1222 2035 1483 2073 laverniones
1527 2032 1834 2073 dicebantur.»
1876 2032 2017 2071 Comi.

1135 2099 1266 2144 CRUQ.
1303 2098 1379 2149 (Cf.
1405 2099 1559 2137 Festus
1582 2108 1616 2137 s.
1644 2108 1685 2136 v.
1704 2094 2021 2146 Laverniones.)

1135 2160 1286 2199 «Dicta
1317 2161 1513 2199 Lauerna
1542 2171 1567 2198 a
1594 2160 1798 2208 lavando,
1831 2169 1935 2197 nam
1956 2157 2021 2197 fu-

1133 2233 1207 2262 res
1238 2223 1448 2261 lavatores
1477 2221 1726 2261 dicuntur.»
1759 2222 1862 2261 ACR.
1915 2218 2017 2271 (Alia

1131 2285 1263 2324 huius
1284 2284 1476 2324 nominis
1499 2285 1651 2334 etyma
1672 2283 1760 2323 vid.
1786 2294 1856 2334 ap.
1880 2281 2019 2333 Pauly

1131 2346 1491 2396 Rea-l-Encyclop.
1525 2346 1596 2385 IV.
1634 2357 1677 2397 p.
1718 2344 1830 2395 828.)
1876 2343 2014 2385 Plaut.

1131 2409 1228 2450 Aul.
1253 2409 1291 2458 3,
1316 2410 1356 2458 2,
1377 2409 1443 2448 34.
1469 2409 1674 2459 Congrio,
1708 2418 1845 2448 cocus
1866 2407 2014 2447 furax:

1129 2474 1197 2512 Ita
1224 2483 1288 2512 me
1318 2472 1413 2512 bene
1444 2475 1554 2510 amet
1582 2471 1808 2510 Laverna!
1852 2470 2017 2510 Novius

1131 2536 1273 2576 Bothe
1303 2546 1348 2587 p.
1370 2535 1444 2574 56:
1478 2535 1555 2574 Per
1583 2534 1706 2573 deam
1725 2536 1919 2572 sanctam
1937 2533 2019 2571 La-

1130 2609 1330 2647 uernam,
1370 2608 1478 2647 quae
1506 2597 1558 2636 sil
1588 2596 1746 2636 cultrix
1776 2594 1986 2643 quaestuis
2004 2596 2017 2632 .-'

1135 2684 1180 2689 —
1211 2660 1371 2712 fallere]
1418 2670 1506 2698 non
1543 2660 1633 2698 tam
1667 2657 1902 2708 «decipere
1933 2655 2017 2695 ho-

1132 2724 1303 2763 mines»
1327 2733 1464 2774 quam
1487 2720 1694 2761 «latere»
1721 2743 1765 2748 -—
1793 2720 1900 2759 iusto
1920 2729 2018 2758 san-

1131 2786 1289 2838 ctoque]
1338 2785 1639 2836 Frequentem
1668 2783 1786 2823 hanc
1816 2782 2018 2822 constru-

1132 2850 1328 2889 ctionem
1360 2848 1522 2899 (Heins.
1560 2846 1615 2885 ad
1652 2845 1775 2886 Ovid.
1813 2845 1915 2885 Her.
1946 2843 2013 2892 44,

1132 2911 1197 2952 64.
1232 2910 1357 2951 ovid.
1381 2911 1484 2952 Met.
1509 2910 1548 2959 8,
1575 2909 1678 2949 690:
1716 2908 1835 2948 Vobis
1866 2908 2016 2947 immu-

1129 2975 1250 3014 nibus
1287 2973 1408 3013 huius
1444 2973 1545 3014 Esse
1581 2971 1685 3011 mali
1713 2970 1897 3010 dabitur.
1948 2968 2011 3009 Cf.

1132 3038 1219 3076 Sat.
1245 3036 1283 3086 4,
1310 3037 1348 3085 4,
1375 3034 1456 3085 49.)
1487 3045 1591 3075 cum
1612 3033 1889 3084 ignorarent,
1923 3029 2015 3082 ple—

1131 3100 1259 3151 rique
1300 3099 1345 3138 in
1375 3097 1680 3138 accusativum
1711 3095 2010 3135 mutaverunt.

1134 3186 1179 3191 —
1204 3161 1332 3202 obiice
1359 3160 1521 3211 nubem]
1551 3156 1935 3211 quemadmodum
1956 3154 2014 3194 dii

1131 3225 1249 3276 apud
1265 3225 1510 3264 Homerum
1529 3220 1754 3267 heroibus,
1780 3228 1892 3269 quos
1909 3226 2014 3257 cum

1130 3288 1325 3327 maxime
1356 3286 1566 3326 tutantur.

1189 3350 1335 3390 63-66.
1386 3349 1468 3399 Qui
1501 3346 1647 3386 melior
1681 3343 1783 3394 cet]
1819 3342 2011 3380 «Verum

188 3413 340 3454 minem
367 3414 542 3461 nolunt,
575 3413 648 3452 deo
677 3415 876 3451 narrant.
905 3435 949 3439 —
981 3413 1070 3451 La-
1133 3424 1186 3453 ex
1225 3413 1473 3452 Stoicorum
1514 3407 1715 3449 doctrina
1762 3406 1818 3444 ita
1862 3403 2010 3455 potius

188 3475 330 3528 verna]
372 3478 605 3517 «Laverna
635 3475 676 3514 in
707 3474 775 3514 via
807 3472 970 3513 Salaria
999 3473 1068 3513 lu-
1099 3485 1102 3507 ε
1133 3477 1201 3514 est
1249 3472 1560 3519 iudicandum,
1613 3467 1832 3509 eiusmodi
1872 3465 2012 3505 virum
