2231 3787
191 260 291 312 402
798 265 1014 304 llORATll
1048 264 1414 304 EPISTOLARUM

780 582 1224 633 EPIS'I'OLA
1264 580 1426 629 2211.

265 706 548 761 Fructibus
586 705 852 776 Agrippae
894 701 1113 763 Siculis,
1156 717 1294 772 quos
1338 698 1568 770 colligis,
1613 697 1741 758 lcci,

269 810 322 863 Si
364 817 510 863 recte
549 807 764 866 frueriS,
807 822 914 858 non
954 812 1061 865 est,
1104 810 1162 855 ut
1200 802 1356 873 copia
1395 800 1567 854 maior

301 985 380 1023 ΕΡ.
417 983 502 1021 xa.
540 982 576 1021 i.
611 980 684 1020 1012·
716 992 752 1020 c.
789 979 851 1020 Cf.
887 978 943 1018 ad
976 977 1053 1017 od.
1090 977 1127 1026 4,
1160 976 1228 1025 59,
1265 976 1302 1014 4.

246 1142 335 1180 Xll.
385 1141 448 1179 De
493 1138 609 1178 Iccio
654 1136 755 1176 vide
802 1135 879 1176 Od.
916 1136 962 1184 4,
1006 1134 1074 1173 29.
1109 1132 1112 1155 ¹
1144 1133 1396 1184 scripsisse,
1459 1134 1644 1184 propter
1692 1135 1843 1174 nescio
1893 1146 2028 1186 quam

196 1205 303 1244 Huic
353 1200 551 1243 sodalem
603 1211 762 1247 suum,
815 1199 1078 1249 Pompeium
1144 1195 1331 1246 Grosphi
1367 1196 1664 1246 arrogantiam
1701 1195 1774 1246 (zu
1814 1197 1914 1236 hohe
1941 1196 2030 1236 An-

195 1266 446 1317 Grosphum
478 1263 570 1314 (Od.
606 1264 651 1311 2,
697 1261 798 1312 46.),
845 1272 1079 1301 commen-
1141 1257 1331 1309 sprilche)
1372 1268 1471 1297 sese
1513 1268 1616 1297 eum
1661 1258 1861 1298 nondum
1901 1270 2030 1299 suam

195 1329 289 1376 dat,
321 1328 505 1379 propter
535 1336 669 1376 quam
696 1326 838 1376 ipsam
860 1325 1078 1363 rationem
1144 1321 1186 1360 in
1236 1320 1475 1360 amicitiam
1525 1319 1758 1361 admittere
1811 1322 2026 1373 potuisse.

195 1402 334 1443 prope
377 1387 635 1428 incredibile
675 1389 763 1435 est,
813 1387 1079 1438 interpretes
1143 1385 1337 1435 Apparet
1366 1394 1496 1431 vero,
1531 1385 1709 1434 poetam
1741 1384 1785 1424 id
1817 1384 2026 1433 voluisse,

196 1456 297 1494 ante
356 1451 608 1492 Iacobsium
669 1450 871 1501 (excepto
928 1451 1079 1488 tamen
1112 1470 1113 1475 =
1145 1448 1191 1485 ut
1220 1446 1382 1497 partim
1413 1446 1665 1497 Grosphum
1694 1447 1738 1487 in
1767 1447 1870 1487 Iccii
1900 1447 2030 1487 fami-

197 1515 407 1565 Gesnero)
440 1525 528 1553 uno
567 1513 658 1553 fere
695 1524 770 1553 ore
810 1513 853 1552 in
885 1524 937 1552 eo
972 1523 1081 1552 con—
1143 1508 1378 1548 liaritatem
1398 1508 1645 1557 induceret,
1673 1510 1835 1560 partim
1855 1512 1904 1549 ut
1923 1511 2031 1550 ami-

197 1579 415 1623 sensisse‚
449 1578 496 1616 ut
518 1574 856 1623 contenderent,
889 1576 933 1614 in
961 1586 1082 1614 com-
1113 1600 1115 1615 i
1147 1583 1251 1611 cum
1280 1571 1459 1623 propria
1482 1571 1743 1611 condicione
1766 1572 1887 1612 haud
1908 1583 2033 1624 pror-

196 1640 462 1680 mendaticia
478 1639 561 1678 hac
579 1637 764 1691 epistola
785 1639 950 1678 Iccium
972 1640 1083 1677 tam-
1113 1619 1116 1642 ¹
1146 1646 1221 1675 sus
1253 1635 1513 1673 contentum
1550 1633 1856 1685 tranquillaret
1899 1636 2031 1686 atque

197 1714 332 1753 quam
352 1702 581 1741 hominem
603 1700 848 1750 sordidum,
879 1711 1078 1749 avarum,
1148 1699 1204 1738 ad
1236 1697 1411 1738 inutiles
1443 1696 1649 1748 querelas
1671 1698 1940 1739 omittendas
1962 1710 2036 1738 ex-

197 1766 381 1811 fatuum‚
415 1764 523 1803 dicis
555 1774 688 1802 causa
720 1764 762 1802 et
791 1764 974 1814 propter
1002 1774 1083 1801 ne-
1114 1759 1117 1818 ζ
1148 1762 1418 1801 hortaretur.

200 1829 290 1869 scio
323 1838 458 1878 quam
489 1827 621 1865 animi
657 1826 897 1865 vanitatem
939 1819 1117 1876 philo-'l
1204 1826 1294 1864 4-5.
1346 1823 1564 1863 Fructibus
1608 1823 1715 1875 cet.]
1766 1825 2034 1864 Procurator

200 1891 382 1942 sophiae
416 1889 636 1937 deditum,
672 1887 866 1927 describi
897 1889 940 1926 et
981 1898 1084 1926 cum
1146 1888 1289 1928 Iccius
1320 1888 1425 1926 tunc
1448 1888 1541 1925 erat
1564 1885 1848 1937 praediorum
1871 1885 2036 1926 Siculo-

200 1954 357 2004 insigni
387 1952 677 1992 mordacitate
711 1950 925 1997 derideri,
968 1950 1084 1988 nihi-
1148 1961 1248 1989 rum
1278 1950 1334 1990 M.
1368 1950 1610 2000 Agrippae,
1651 1960 1842 2000 quorum
1873 1949 1927 1989 de
1958 1960 2033 1989 re-

199 2018 390 2057 lominus
426 2013 631 2053 videlicet
674 2015 831 2064 poetae
872 2013 1081 2051 amicum.
1116 2012 1118 2063 3
1149 2011 1313 2052 ditibus
1351 2013 1444 2049 rata
1479 2022 1583 2062 pars
1622 2012 1854 2062 tamquam
1890 2011 2035 2051 admi—

203 2081 252 2120 Hi
284 2090 410 2129 ergo,
446 2088 559 2128 quae
590 2077 632 2115 in
665 2074 962 2126 qualicunque
997 2075 1087 2125 epi·
1116 2084 1119 2131 ζ
1149 2076 1419 2117 nistrationis
1449 2086 1625 2115 merces
1656 2074 1712 2114 ad
1752 2075 1898 2126 ipsum
1929 2087 2035 2127 per-

202 2142 311 2184 stola
333 2140 509 2193 publice
534 2138 708 2179 edenda
732 2149 864 2178 nemo
885 2148 1085 2188 unquam
1116 2137 1119 2178 ἑ
1148 2138 1372 2179 veniebat.
1392 2139 1629 2177 Praeterea
1645 2148 1726 2189 pro
1739 2148 1819 2177 suo
1833 2149 2037 2178 suorum-

203 2206 345 2244 amico
377 2206 469 2243 tam
499 2200 738 2247 malitiose,
772 2201 816 2239 in
837 2211 942 2239 vere
965 2199 1087 2238 sami-
1117 2190 1119 2222 l
1151 2214 1236 2253 que
1281 2202 1400 2240 victu
1443 2199 1584 2240 libere
1630 2201 1680 2241 iis
1726 2201 1786 2240 uti
1835 2202 2032 2252 poterat,

201 2268 317 2315 liari,
352 2267 388 2307 si
419 2276 530 2317 opus
563 2265 699 2312 esset,
735 2265 888 2315 aperte
911 2274 962 2302 ac
984 2263 1087 2302 sim-
1151 2274 1447 2316 quaecunque
1478 2263 1521 2301 in
1550 2262 1731 2303 fautoris
1761 2263 1906 2303 fundis
1929 2274 2036 2315 pro-

201 2329 397 2383 pliciter‚
423 2330 544 2368 certe
568 2328 662 2366 sine
680 2325 925 2374 virulentia,
951 2336 1087 2376 quam
1118 2337 1121 2391 ᾗ
1150 2326 1412 2374 veniebant,
1447 2326 1595 2365 certus
1618 2336 1721 2365 cum
1745 2326 1866 2365 esset
1884 2325 2037 2376 Agrip-

203 2393 285 2434 sibi
316 2392 386 2431 hic
416 2390 669 2442 repperisse
700 2390 781 2429 visi
812 2390 934 2437 sunt,
977 2389 1089 2429 scri·
1119 2393 1121 2426 l
1152 2402 1228 2442 pa,
1271 2399 1501 2438 nunquam
1532 2387 1650 2436 fore,
1697 2388 1745 2426 ut
1772 2389 2037 2438 procurator

204 2455 358 2504 beret,
413 2454 544 2493 etiam
595 2453 637 2492 in
685 2451 1084 2500 commendaticia,
1119 2442 1122 2505 l
1152 2455 1242 2492 tam
1277 2450 1447 2502 probus
1478 2452 1611 2501 atque
1650 2449 1866 2490 honestus
1903 2450 2036 2500 quid-

204 2520 306 2557 ante
339 2517 484 2556 omnia
518 2526 622 2554 cum
653 2514 853 2566 Grospho
888 2525 1091 2553 commu-
1120 2510 1286 2577 {quam
1332 2511 1477 2552 illicito
1520 2512 1656 2551 modo
1702 2513 1940 2553 averteret.
1988 2536 2032 2540 —

205 2582 414 2629 nicanda,
438 2578 571 2620 scribi
593 2578 790 2629 potuisse
813 2576 968 2617 stolide
993 2578 1090 2628 opi-
1120 2580 1122 2592 “
1152 2576 1323 2627 colligis]
1357 2573 1652 2625 «colligendos
1683 2585 1812 2615 curas
1844 2585 1927 2626 per
1945 2573 2037 2614 vili-

205 2645 424 2685 natisunt.
459 2642 625 2692 Scripta
646 2642 766 2680 esta.
787 2651 830 2680 u.
852 2650 889 2678 c.
907 2639 1000 2679 734.
1018 2651 1092 2678 ex-
1120 2630 1123 2665 ἶ
1154 2650 1251 2689 cos,
1286 2637 1449 2688 quibus
1468 2637 1750 2688 praepositus
1772 2647 1863 2676 es.»
1890 2660 1934 2664 ——
1953 2648 2036 2676 non

207 2709 355 2746 eunte.
425 2706 579 2745 Utrum
637 2704 787 2741 autem
851 2702 1088 2753 Pompeius
1153 2706 1234 2750 est
1256 2701 1315 2753 ul]
1340 2694 1429 2740 οὐκ
1452 2694 1580 2739 ἔστιν
1603 2693 1748 2749 ὅπως,
1774 2698 1894 2738 «fieri
1917 2698 2034 2740 nullo

207 2768 455 2819 Grosphus,
489 2766 654 2816 origine
676 2763 867 2813 Siculus,
900 2764 987 2802 hoc
1008 2763 1091 2802 de-
1122 2778 1123 2799 ³
1155 2763 1288 2802 modo
1328 2764 1518 2813 potest.»
1570 2761 1656 2801 Cfr.
1689 2761 1767 2800 Od
1800 2761 1847 2809 3,
1893 2762 1937 2810 4,
1985 2762 2032 2801 9;

207 2841 329 2870 mum
371 2839 485 2868 anno
528 2829 573 2867 in
612 2825 825 2875 Siciliam,
871 2825 948 2865 ubi
991 2810 1123 2864 lati-
1154 2826 1246 2873 Est,
1285 2828 1332 2863 ut
1368 2825 1460 2862 viic
1498 2824 1565 2862 υἱ)
1599 2823 1724 2862 latius
1762 2824 1924 2863 ordinet
1952 2824 2036 2863 Ar—

208 2892 356 2931 fundia
387 2890 527 2941 patria
565 2887 846 2939 possidebat,
887 2889 1091 2926 reverte—
1154 2887 1273 2925 busta
1300 2886 1436 2924 sulcis
1489 2886 1559 2924 Sic
1588 2886 1817 2925 Lucretius
1847 2885 1894 2935 3,
1928 2885 2031 2926 745:

208 2955 282 3001 rIt,
317 2953 522 3002 hancque
543 2949 809 3002 Epistolam,
844 2960 930 3000 qua
952 2950 995 2988 in
1015 2949 1125 3002 Ieiil
1123 2948 1276 2988 Haud
1306 2947 1406 2996 erit,
1438 2951 1524 2986 ut-
1541 2947 1683 2996 possit.
1715 2949 1759 2998 5,
1794 2947 1891 2988 447:
1930 2948 2037 2988 Illud

210 3016 407 3055 notitiam
437 3014 711 3065 Ρεῐπθῃίῑρῐ,
746 3023 901 3053 secum
939 3013 1125 3062 porta-
1122 3037 1125 3077 l
1156 3013 1250 3050 item
1284 3022 1363 3049 non
1409 3014 1466 3049 est
1508 3014 1553 3049 ut
1589 3011 1723 3060 possis
1763 3011 1942 3050 credere
1993 3014 2037 3052 et

209 3079 282 3125 rit
323 3088 378 3115 an
416 3076 577 3114 diutius
619 3075 705 3113 iam
746 3075 789 3113 in
830 3074 971 3125 patria
1011 3073 1124 3112 de—
1123 3072 1252 3122 977:
1299 3073 1393 3111 30n
1422 3076 1533 3120 ciat,
1579 3076 1625 3111 ut
1660 3073 1754 3124 fieri
1790 3076 1941 3122 posset.
1989 3095 2032 3100 -

210 3152 317 3192 gens
354 3139 581 3178 Horatium
623 3138 806 3187 rogarit,
853 3138 901 3175 ut
944 3137 1091 3187 ipsum
1122 3144 1124 3149 ’
1158 3135 1263 3174 Tolle
1306 3134 1514 3185 querelas]
1566 3135 1718 3175 «Mitte
1764 3144 2037 3186 supervaca-

210 3203 427 3253 Agrippae
445 3200 720 3251 piocuratori
738 3197 1088 3247 commendaret
1122 3190 1262 3240 {neas
1310 3196 1404 3236 illas
1444 3195 1672 3247 querelas,
1727 3195 1803 3235 tibi
1851 3197 1895 3235 in
1941 3194 2034 3235 illos

212 3278 292 3306 nos
314 3275 420 3305 sane
444 3263 718 3312 ignoramus,
744 3272 826 3300 nec
847 3260 1092 3311 quidquam
1122 3272 1124 3274 ’
1155 3260 1314 3300 fundos
1330 3258 1701 3299 administrandos
1717 3256 1905 3297 multum
1927 3259 2036 3297 tem-

212 3328 268 3367 ad
314 3324 524 3377 epistolae
575 3323 985 3374 interpretationem
1024 3324 1092 3363 di—
1122 3312 1125 3362 i
1155 3324 1274 3375 poris
1315 3321 1633 3362 insumendum
1663 3330 1784 3369 esse,
1832 3319 1953 3370 quod
1993 3323 2035 3360 et

212 3399 342 3428 γει-5ο
373 3387 507 3427 modo
529 3384 891 3425 conformandam
921 3385 1088 3425 attinet.
1123 3363 1126 3460 ἰ
1155 3385 1388 3425 iucundius
1411 3385 1455 3423 et
1483 3382 1628 3422 utilius
1657 3382 1699 3421 in
1731 3380 2033 3433 philosophiae

215 3452 494 3500 Quamquam
525 3458 709 3501 prorsus
740 3447 941 3499 precario
971 3447 1093 3486 Dun—
1124 3464 1128 3476 ι
1157 3446 1311 3487 studi1s
1343 3442 1653 3492 collocaretur,
1694 3454 1776 3482 nec
1808 3444 1957 3483 tamen
1992 3446 2032 3484 te

217 3516 307 3553 tzcr
344 3512 511 3553 statuit.
561 3510 723 3551 Iccium
768 3510 823 3549 ad
863 3509 1093 3550 Horatium
1124 3521 1126 3528 ¹
1157 3520 1287 3561 posse
1321 3508 1478 3548 divitiis
1511 3516 1703 3557 aequare
1736 3503 1896 3546 multos
1927 3503 2033 3545 alios
