2231 3787
174 265 275 319 422
789 259 1003 300 HORATH
1033 257 1401 299 EPISTOLARUM

245 395 347 461 Qui
387 410 579 465 sapere
621 399 673 446 et
710 390 805 444 fari
844 389 1015 462 possit
1054 405 1195 460 quae
1236 385 1453 445 sentiat,
1496 391 1549 437 et
1588 383 1674 437 cui

248 497 449 557 Gratia,
492 496 655 555 fama,
700 491 951 546 valetudo
992 491 1260 560 contingat
1300 485 1516 540 abunde
1937 483 2003 535 ’10

244 600 307 652 Et
343 597 576 651 mundus
614 596 786 650 victus
827 611 934 646 non
973 590 1257 645 deficiente
1298 587 1595 642 crumena?

247 703 390 754 Inter
428 716 582 770 spem
622 711 946 766 curamque,
991 693 1209 745 timores
1249 691 1386 744 inter
1424 697 1477 743 et
1516 689 1648 750 iras,

287 860 324 899 9.
361 858 453 908 Qui]
487 857 561 896 Cui
591 866 705 895 corr.
731 854 763 894 E
787 854 905 904 (cum
925 850 1092 906 glossa:
1123 849 1243 902 filio),
1279 850 1416 899 Quam
1445 847 1524 899 dp,
1559 848 1696 898 Quam
1724 856 1948 899 superscr.

235 920 329 961 «vel
362 920 486 970 quin»
520 919 567 967 S,
602 918 738 967 Quam
769 916 812 954 et
852 915 896 954 in
926 924 1014 964 mg.
1050 914 1186 963 Quam
1213 917 1261 952 ut
1299 912 1409 953 Cod.
1443 912 1656 962 Franeq.,
1691 910 1800 960 Quin
1830 920 1868 950 c.
1906 933 1950 938 —

234 987 271 1022 et
303 982 383 1033 cui]
415 984 461 1020 ut
489 979 557 1019 cui
585 989 700 1018 unus
733 976 841 1017 Cod.
876 974 1079 1015 Lambini
1110 977 1154 1015 et
1187 975 1373 1025 Franeq.
1424 974 1575 1024 (Quam
1611 983 1759 1023 sapere
1793 976 1831 1012 et
1867 972 1954 1023 fari

234 1050 278 1084 ut
301 1044 455 1095 possit,
489 1053 597 1093 quae
617 1041 789 1089 sentiat,
821 1043 949 1088 utque
977 1039 1033 1088 L,
1069 1039 1205 1088 Quam
1233 1047 1380 1087 sapere
1409 1040 1447 1076 et
1475 1035 1563 1087 fari
1591 1039 1637 1075 ut
1660 1034 1814 1085 possit,
1847 1044 1955 1083 quae

237 1108 409 1156 sentiat,
442 1111 479 1146 et
508 1106 573 1145 cui
606 1106 661 1154 C,
698 1105 835 1154 Quam
864 1112 1013 1152 sapere
1040 1105 1079 1140 et
1105 1101 1194 1151 fari
1217 1099 1372 1150 possit,
1421 1109 1528 1148 quae
1556 1098 1729 1146 sentiat,
1762 1101 1799 1137 et
1827 1097 1895 1136 cui
1923 1097 1953 1135 t.

238 1173 288 1212 rt
318 1181 425 1219 nos,
459 1169 488 1209 b
521 1171 565 1209 et
595 1179 661 1220 pr.
687 1167 749 1217 E.)
787 1189 832 1194 —
866 1166 931 1205 Μ.
966 1165 1019 1204 Et
1049 1165 1193 1203 domus
1222 1167 1260 1203 et
1288 1163 1421 1202 victus
1451 1160 1677 1202 Bentleius
1699 1161 1956 1200 coniectura

182 1312 433 1363 exprimere
464 1308 640 1357 maluit3
678 1318 863 1360 prorsus
895 1306 1065 1358 impro-

183 1372 379 1414 babilem
400 1383 499 1412 esse
523 1370 734 1411 Schmidii
762 1369 1066 1421 suspicionem

183 1437 363 1477 ductam
385 1447 438 1475 ex
455 1446 607 1474 errore
629 1434 760 1473 unius
778 1432 886 1472 Cod.
907 1431 1063 1471 Lamb.

186 1502 231 1540 et
261 1500 445 1549 Franeq.
469 1501 514 1536 ut
534 1497 623 1537 cui:
666 1494 791 1548 quod
821 1493 1064 1546 explicant:

186 1563 356 1610 «Quam
400 1571 559 1612 sapere
605 1561 649 1599 et
692 1558 773 1599 fari
818 1560 864 1597 ut
902 1558 1066 1610 possit,

188 1635 303 1675 quae
334 1623 517 1672 sentiat,
550 1624 689 1672 utque
713 1621 753 1660 ei
776 1621 913 1671 gratia
935 1621 1068 1669 cet.,»

187 1698 270 1726 nec
308 1686 380 1734 qui
419 1696 566 1735 sapere
603 1695 706 1724 cum
737 1683 830 1723 aliis
861 1681 1072 1734 explicari

187 1759 346 1801 posse:
382 1748 445 1788 «si
475 1748 536 1788 is»
568 1745 639 1786 vel
672 1757 801 1786 «cum
838 1746 874 1785 is
912 1755 1071 1796 sapere

189 1813 379 1865 possit,»
412 1822 496 1851 nec
527 1815 565 1850 et
595 1811 663 1850 cui
696 1811 766 1850 «et
795 1811 830 1850 si
862 1810 954 1858 ei,»
987 1820 1073 1848 nec

189 1885 297 1914 vero
328 1884 482 1913 rursus
505 1884 605 1913 cum
629 1872 748 1912 aliis:
784 1873 857 1911 «ut
884 1873 920 1911 is
941 1895 964 1900 -
984 1895 1008 1901 -
1031 1873 1075 1911 et

192 1940 241 1977 ut
271 1938 361 1977 ei:»
407 1937 617 1987 quoniam
657 1936 719 1975 sic
759 1945 939 1985 quoque
973 1936 1077 1986 post

193 2012 236 2039 V.
285 2000 454 2039 alumno
503 1998 706 2049 precario
752 1997 1076 2037 assumendum

196 2064 338 2102 esset:
374 2071 535 2112 «quam
566 2060 650 2099 hoc
683 2061 849 2110 ipsum,
885 2061 930 2098 ut
959 2060 1074 2099 cet.»

197 2126 310 2174 Quid
330 2123 466 2164 multa
480 2125 500 2162 ⁶?
532 2124 645 2163 Cum
666 2124 827 2162 mutari
844 2123 937 2162 sine
956 2122 1078 2172 gravi

195 2190 355 2240 poetae
387 2187 550 2226 damno
582 2198 638 2226 ne
674 2183 864 2225 litterula
896 2184 1079 2236 quidem

196 2251 361 2302 possit,
413 2250 610 2289 sermoni
661 2247 946 2299 quotidiano,
999 2247 1080 2287 sed

199 2312 550 2364 elegantissimo,
598 2313 642 2351 et
686 2310 900 2350 Lambino
943 2311 1080 2349 Bent-

198 2376 375 2426 leioque
397 2386 478 2415 nos
495 2374 759 2426 adaptemus
776 2384 962 2413 necesse
982 2374 1077 2412 erit.

253 2439 372 2479 9-114.
419 2449 564 2488 sapere
603 2441 640 2476 et
676 2437 764 2488 fari
794 2436 898 2488 cet]
934 2437 1079 2475 «recte

201 2502 395 2553 cogitare
449 2500 679 2551 (quocirca
736 2499 870 2538 etiam
924 2498 1082 2538 rationi

202 2564 520 2605 convenienter
536 2562 666 2611 vivet)
687 2561 968 2611 facundeque
983 2571 1083 2600 sen-

202 2637 278 2666 sus
309 2636 414 2666 suos
446 2624 665 2676 explicare
698 2627 831 2674 atque
864 2634 967 2663 cum
988 2622 1081 2663 aliis

201 2688 577 2728 communicare.»
613 2686 831 2726 Obbarius
854 2687 1084 2737 comparat

201 2749 380 2791 Periclis
400 2749 540 2789 verba
562 2749 680 2801 apud
705 2748 905 2799 Thucyd.
930 2749 977 2796 2,
1003 2748 1082 2787 60:

204 2807 399 2862 οὐδενὸς
429 2805 597 2864 ἥσσων
628 2809 795 2864 οἴομαι
825 2807 946 2850 εἶναι
970 2808 1078 2864 γνῶ-

203 2877 282 2915 ναί
321 2887 369 2914 τε
398 2870 457 2914 τὰ
488 2873 657 2914 δέοντα
686 2875 768 2914 καὶ
789 2871 1085 2931 ἑρμηνεῦσαι

204 2935 368 2977 ταῦτα.
412 2961 456 2965 -
498 2938 663 2986 Gratia]
703 2937 922 2988 imprimis
966 2934 1085 2986 apud

206 2999 453 3041 Messallam
473 3000 729 3039 Corvinum.
752 3022 785 3028 —
808 2998 941 3049 fama]
957 2997 1081 3037 Ovid.

205 3065 302 3102 Am.
329 3063 373 3110 4,
414 3063 481 3108 15,
516 3063 590 3100 ⁵27:
640 3063 778 3101 Donec
817 3066 937 3100 erunt
971 3061 1086 3110 ignes

1129 1299 1324 1359 θάριος,
1342 1313 1479 1353 purus
1498 1302 1645 1354 potius
1663 1297 1894 1357 καθαρός.
1919 1298 2014 1340 Cle-

1129 1377 1260 1406 mens
1281 1365 1346 1406 Al.
1370 1365 1561 1416 Paedag.
1584 1365 1630 1413 3,
1654 1366 1701 1404 2:
1735 1358 1765 1416 ἦ
1787 1358 2016 1420 καθαριό-

1130 1442 1216 1483 της
1259 1422 1354 1481 ἕξις
1402 1428 1533 1469 ἐστὶν
1584 1420 2013 1485 παρασκευαστικὴ

1131 1491 1317 1546 διαίτης
1373 1488 1593 1549 καθαρᾶς
1648 1491 1730 1531 καὶ
1787 1484 2012 1543 ἀμιγοῦς.

1131 1559 1356 1607 Perquam
1386 1556 1539 1594 autem
1578 1552 1812 1606 probabile
1844 1555 1912 1592 est
1950 1550 2018 1591 le-

1134 1619 1328 1659 ctionem
1358 1628 1620 1669 perversam
1651 1617 1705 1656 Et
1733 1616 1879 1655 modus
1898 1618 1935 1654 et
1952 1615 2019 1653 vi-

1134 1687 1247 1731 ctus,
1290 1693 1343 1721 ex
1375 1691 1463 1731 qua
1492 1678 1629 1719 veluti
1669 1690 1722 1718 ex
1752 1689 1836 1718 ovo
1867 1676 2019 1717 exclu—

1134 1755 1236 1786 sum
1269 1746 1336 1784 est
1366 1742 1671 1784 Bentleianum
1702 1740 1807 1781 illud
1840 1742 1884 1780 et
1913 1741 2018 1781 Pot-

1136 1809 1394 1848 tierianum:
1441 1808 1496 1846 Et
1525 1807 1668 1845 domus
1698 1809 1735 1844 et
1766 1805 1922 1853 victus,
1968 1803 2019 1843 iis

1137 1871 1315 1920 deberi,
1350 1870 1426 1921 qui
1454 1867 1660 1909 vocabuli
1685 1868 1865 1907 mundus
1884 1876 2020 1906 unam

1137 1932 1256 1973 illam
1286 1933 1655 1984 significationem
1685 1926 1877 1982 κόσμου
1900 1931 2023 1969 tene-

1139 1997 1253 2035 rent.
1298 2018 1342 2022 —
1385 1994 1598 2043 crumena]
1644 1991 1848 2033 «sacculo
1890 2002 2023 2031 num—

1140 2058 1326 2096 mario.»
1378 2057 1531 2096 SCHOL.
1586 2055 1649 2095 Cf.
1675 2056 1827 2094 Iuven.
1854 2055 1920 2103 44,
1945 2053 2019 2094 38:

1144 2121 1243 2170 Quis
1281 2120 1390 2159 enim
1430 2123 1467 2158 te
1506 2119 1714 2170 deficiente
1741 2129 1944 2157 crumena
1972 2117 2025 2156 Et

1142 2186 1344 2222 crescente
1380 2182 1482 2233 qula
1509 2185 1650 2221 manet
1692 2179 1863 2220 eoeitus?
1911 2180 2022 2220 Cru-

1141 2246 1282 2293 mina,
1328 2246 1377 2283 ut
1414 2246 1481 2284 est
1520 2245 1564 2283 in
1602 2242 1710 2284 Cod.
1735 2243 1792 2291 E,
1839 2253 1888 2283 re
1918 2253 2024 2282 vera

1144 2308 1327 2360 quidam
1377 2307 1617 2357 antiquitus
1662 2304 1860 2346 scribere
1909 2303 2026 2345 sole-

1143 2372 1264 2412 bant.
1314 2371 1467 2422 Inepta
1491 2370 1558 2410 est
1586 2368 1754 2409 Boivini
1784 2368 1896 2408 coni.
1945 2368 2025 2408 Ca-

1143 2445 1306 2474 moena.

1201 2495 1346 2537 4-2-44.
1374 2496 1487 2535 Inter
1503 2506 1616 2545 spem
1638 2496 1741 2545 cet.]
1763 2494 1895 2535 Addit
1914 2490 2028 2547 γνώ-

1143 2572 1242 2612 μην
1263 2569 1298 2599 s.
1321 2557 1470 2598 locum
1501 2569 1812 2607 communem,
1846 2568 1934 2608 quo
1957 2559 2026 2596 ta-

1145 2633 1251 2662 men
1281 2631 1570 2671 nequaquam
1599 2619 1888 2672 reprehendit
1915 2619 2029 2658 ami-

1147 2695 1271 2732 cum,
1317 2685 1366 2722 ut
1406 2683 1571 2734 opinati
1617 2684 1719 2722 sunt
1760 2682 2029 2733 interpretes

1146 2746 1433 2786 morosiores.
1459 2746 1535 2784 Est
1552 2744 1791 2795 descriptio
1812 2744 1930 2783 vitae
1951 2743 2031 2783 hu-

1147 2819 1323 2855 manae,
1343 2818 1456 2858 quae
1480 2818 1533 2847 ex
1555 2808 1710 2846 natura
1732 2808 1882 2847 nostra
1897 2806 2029 2846 variis

1147 2869 1379 2910 affectibus
1420 2880 1601 2920 semper
1639 2869 1851 2919 agitatur,
1899 2870 1948 2908 ut
1986 2869 2029 2908 in

1146 2931 1409 2972 mortalibus
1426 2931 1649 2981 omnibus,
1670 2932 1734 2971 sic
1751 2932 1884 2971 etiam
1906 2932 1949 2970 in
1966 2932 2031 2971 Ti-

1147 2993 1289 3043 bullo,
1332 2995 1512 3034 homine
1554 2994 1756 3046 quamvis
1796 2992 2030 3045 tranquillo

1147 3068 1294 3107 neque
1309 3068 1671 3108 supervacaneae
1691 3055 1942 3108 opulentiae
1958 3067 2031 3096 cu-

204 3135 411 3174 arcusque
441 3124 654 3173 Cupidinis
683 3135 831 3172 arma,
865 3123 1087 3162 Discentur
1114 3103 1118 3162 Ι
1148 3121 1266 3171 pido.
1300 3121 1401 3171 Spes
1422 3122 1490 3161 est
1520 3121 1770 3160 futurorum
1790 3119 2027 3167 bonorum,

206 3187 391 3236 numeri,
436 3187 542 3225 culle
588 3185 762 3234 Tibulle,
815 3185 889 3224 tui.
942 3207 984 3212 -
1036 3186 1085 3224 Et

204 3251 383 3290 mundus
411 3247 555 3298 victus]
591 3247 677 3287 Csr.
713 3248 798 3286 Sat.
833 3247 880 3295 2,
924 3247 971 3295 2,
1015 3247 1082 3286 53.

207 3316 252 3354 et
281 3314 347 3353 65.
401 3312 490 3353 Cic.
529 3311 584 3350 de
626 3310 747 3350 Offic.
784 3311 828 3359 4,
872 3309 944 3359 36,
989 3310 1081 3349 430.

208 3377 339 3415 Corn.
372 3376 480 3425 Nep.
515 3374 599 3413 Att.
637 3372 709 3420 43,
744 3373 790 3411 5:
840 3372 959 3410 Omni
989 3372 1085 3410 (lili-

205 3438 345 3489 ,qentia
384 3437 660 3484 munditiam,
706 3446 789 3473 non
825 3435 1086 3485 affluentiam

208 3500 444 3550 affectabat.
507 3499 677 3540 Adiect.
704 3499 878 3538 mundus
910 3499 975 3537 est
998 3510 1084 3536 κα-

1147 3195 1254 3223 cura
1273 3184 1577 3235 praesentium
1594 3194 1602 3229 ;
1635 3183 1760 3221 timor
1782 3182 2029 3221 futurorum

1151 3246 1391 3294 malorum,
1435 3247 1504 3285 ira
1543 3256 1622 3285 seu
1653 3243 1780 3284 dolor
1816 3254 2031 3294 praesen—

1151 3309 1274 3348 tium.
1295 3311 1390 3348 Non
1407 3317 1787 3360 supervacaneam
1799 3316 1899 3346 esse
1917 3306 2032 3346 hanc

1150 3369 1492 3422 explicationem
1523 3369 1656 3409 docet
1677 3368 1866 3408 Schiitzii
1889 3369 2031 3420 suspi—

1151 3435 1241 3481 cio,
1275 3432 1513 3483 legendum
1547 3442 1646 3471 esse
1677 3435 1857 3470 tumores
1880 3430 2030 3470 ethos

1149 3508 1218 3535 vv.
1248 3495 1390 3537 '1'2-214.
1416 3493 1770 3546 transponendos
1792 3494 1835 3534 in
1861 3492 2033 3544 Episto-

2202 1059 2204 1068 l

2202 1084 2205 1097 l

2202 1108 2205 1115 1

2202 1145 2204 1157 i

2203 1165 2204 1173 l

2202 1189 2205 1210 ἕ

2203 1217 2205 1228 Ι

2204 1236 2207 1247 l

2205 1261 2207 1269 >

2203 1295 2206 1313 l
