2231 3787
317 272 418 322 606

911 266 1123 306 HORATll
1154 265 1519 305 EPISTOLARUM

390 400 652 455 Orbilium
692 398 921 461 dictare;
962 397 1057 450 sed
1098 395 1379 450 emendata
1422 393 1590 445 videri

389 501 724 572 pulchraque
765 508 817 553 et
855 498 1053 552 exactis
1092 496 1367 548 minimum
1406 493 1653 547 distantia
1693 493 1881 555 miror,

390 606 531 656 Inter
568 619 708 673 quae
745 600 969 654 verbum
1009 598 1225 651 emicuit
1262 589 1321 649 si
1346 597 1478 649 forte
1517 595 1777 649 decorum
1814 602 1867 647 et

430 754 496 793 73.
530 754 721 791 decorum
764 754 801 789 et
843 749 995 800 bSEcp
1043 750 1086 788 et
1128 747 1321 788 Pottierii
1366 746 1587 798 plerique,
1630 746 1736 786 LCt:
1771 745 1966 784 decorum
1996 745 2084 783 tres

378 815 587 861 Pottierii,
623 813 816 863 quinque
848 809 1080 858 Schmidii,
1114 821 1166 849 ex
1197 809 1372 850 duobus
1395 809 1533 850 Codd.
1560 807 1664 848 Coll.
1689 809 1803 847 Trin.
1828 809 1871 847 et
1900 805 2085 846 totidem

377 876 589 916 Torrentii
619 873 864 921 Bentleius,
898 874 1008 913 FMs.

327 999 540 1051 Orbilium]
586 997 775 1039 Orbilius
820 995 1013 1048 Pupillus
1056 996 1203 1034 Bene-

325 1066 558 1111 ventanus,
578 1063 690 1101 teste
710 1060 918 1100 Suetonio
936 1060 1130 1097 Gramm.
1145 1057 1203 1105 9.‚

326 1127 520 1178 primum
567 1124 790 1175 apparitor
843 1120 1204 1171 magistratuum,

329 1187 430 1227 dein
487 1185 636 1233 miles,
696 1186 975 1236 postremum
1023 1180 1204 1229 studiis,

330 1260 443 1300 quae
475 1249 563 1287 iam
594 1247 696 1286 inde
728 1258 752 1285 a
781 1257 921 1297 puero
942 1256 1030 1284 non
1053 1243 1210 1283 leviter

330 1312 555 1361 attigerat,
588 1309 808 1360 repetitis,
841 1306 1209 1357 quinquagesimo

331 1374 515 1413 demum
560 1382 674 1410 anno
714 1371 899 1409 Romam
934 1368 1064 1407 rediit
1092 1378 1130 1406 a.
1164 1378 1208 1405 u.

333 1447 370 1474 c.
396 1434 508 1481 6911„
541 1432 654 1472 adeo
684 1433 754 1480 ut,
788 1441 893 1470 cum
914 1429 1118 1469 Horatius
1139 1439 1216 1466 na-

333 1500 403 1536 tus
435 1506 473 1534 a.
500 1495 591 1534 689.
629 1504 732 1532 eum
762 1491 914 1531 audire
952 1492 1126 1542 poterat
1158 1489 1210 1539 (a.

333 1570 375 1598 u.
412 1569 449 1596 c.
484 1555 752 1605 *iot-706),
800 1554 1033 1594 minimum
1070 1552 1211 1592 LXIV.

335 1631 474 1659 annos
511 1621 640 1658 natus
679 1619 814 1657 esset.
872 1618 912 1656 Is
945 1618 1095 1655 autem
1126 1614 1216 1653 for-

336 1687 452 1722 tasse
485 1680 604 1721 solus
634 1679 734 1727 fuit,
769 1679 844 1729 qui
873 1680 1056 1730 propter
1084 1677 1217 1716 nimi-

336 1756 409 1784 am
440 1742 708 1793 antiquitatis
738 1741 1075 1780 admirationem
1105 1750 1219 1792 pue-

337 1808 397 1846 ris
447 1804 686 1856 explicaret
732 1804 900 1843 Livium
945 1802 1092 1851 illum,
1145 1802 1220 1853 qui

338 1871 454 1909 inter
474 1867 649 1906 Latinos
680 1864 954 1904 artificialem
983 1865 1161 1915 poesin,
1195 1875 1219 1902 a

341 1933 534 1970 Graecae
564 1928 806 1967 imitatione
827 1925 1097 1978 profectam,
1130 1927 1223 1976 pri-

341 2004 441 2032 mus
481 1989 685 2031 excoluit.
748 1989 817 2028 Sic
857 1988 933 2027 ubi
962 1999 1059 2027 rem
1090 1999 1223 2027 acce-

341 2055 461 2106 peris
480 2085 486 2100 ,
518 2054 664 2092 minus
685 2050 908 2091 mirabere
933 2049 1133 2090 obsoleta
1154 2048 1221 2089 illa

345 2117 448 2156 Livii
479 2115 675 2154 carmina
708 2114 949 2152 etiamtunc
988 2112 1031 2150 in
1062 2110 1224 2151 scholis

345 2189 444 2218 esse
477 2177 692 2216 lectitata:
728 2177 951 2215 amatores
983 2175 1133 2213 autem
1155 2173 1226 2212 Li-

345 2241 425 2288 vii,
461 2250 573 2290 quos
604 2239 727 2277 notat
754 2249 797 2276 V.
828 2238 912 2285 74„
947 2236 1099 2287 quidni
1130 2235 1228 2275 fue—

347 2304 432 2342 rint
456 2301 587 2353 aliqui
614 2313 669 2341 ex
690 2299 837 2340 Orbilii
860 2299 1115 2351 discipulis?
1146 2299 1227 2338 nisi

348 2366 383 2404 si
416 2364 473 2403 ibi
504 2364 648 2415 potius
681 2363 734 2402 de
769 2363 880 2402 sexti
911 2361 1049 2402 seculi
1085 2361 1228 2412 poetis

348 2427 591 2478 generatim
622 2425 838 2475 loquitur,
883 2434 1074 2475 quorum
1104 2423 1231 2473 quasi

350 2490 581 2540 specimen
632 2489 725 2526 erat
774 2487 934 2526 Livius.
999 2487 1231 2536 (Ceterum

350 2550 514 2590 nullam
537 2550 716 2589 omnino
746 2548 883 2588 fidem
905 2550 1104 2587 meretur
1124 2546 1228 2586 Fab.

352 2612 497 2652 Plane.
540 2610 792 2661 Fulgentius
836 2608 1016 2660 Mythol.
1057 2611 1100 2657 4,
1148 2609 1229 2647 ⁶26:

351 2685 535 2725 quarum
578 2672 854 2725 (Goryonum)
900 2673 1002 2722 quia
1046 2671 1235 2722 fabulam

354 2738 547 2776 Lucanus
577 2741 613 2775 et
642 2736 827 2775 Livius
858 2736 1112 2785 scripserunt
1135 2735 1236 2784 poe'-

355 2811 445 2855 tae,
478 2806 856 2857 qrammaticorum
885 2803 1140 2844 scholaribus
1165 2814 1237 2841 ru-

356 2868 544 2907 dimentis
574 2868 799 2906 admodum
825 2866 1098 2914 celeberrimi,
1129 2865 1237 2904 hanc

354 2930 545 2980 fabulam
568 2930 723 2979 referre
745 2930 1001 2979 superfluum
1022 2927 1233 2967 duximus.

357 2994 469 3031 Nam
489 2990 557 3030 vel
581 2993 774 3038 temere,
810 2994 855 3030 ut
878 2989 1029 3039 multa,
1063 2988 1238 3040 scripsit

360 3054 500 3093 Livius
542 3051 612 3091 vel
656 3051 897 3102 legendum
928 3063 1031 3091 cum
1062 3050 1238 3090 Heinsio

361 3116 545 3155 Ovidius.
599 3115 702 3161 Quis
726 3115 865 3162 enim,
900 3124 1092 3164 quaeso,
1115 3114 1239 3153 sexto

362 3180 463 3230 post
496 3177 598 3217 Chr.
632 3175 782 3215 seculo
823 3176 992 3214 Livium
1021 3175 1243 3214 Androni—

362 3251 467 3280 cum
485 3237 746 3278 iamdudum
763 3237 1044 3288 deperditum
1060 3238 1101 3276 in
1118 3237 1246 3277 scho-

364 3302 416 3342 lis
439 3304 627 3341 tractare
652 3300 915 3352 potuissetis)
962 3298 1145 3339 Bentleii
1166 3311 1246 3339 au-

1268 992 1407 1044 qualis
1439 993 1660 1032 Hortensii
1692 993 1736 1031 et
1767 991 2013 1038 Ciceronis,
2055 1001 2141 1029 non

1267 1056 1396 1106 igitur
1440 1056 1553 1095 inter
1588 1056 1766 1094 veteres
1805 1057 1961 1105 poetas
1990 1052 2145 1092 referri

1269 1121 1466 1171 poterat3
1499 1120 1733 1170 praeterea
1755 1118 1849 1157 eius
1864 1111 2148 1173 Ἔρωτοπαί-

1269 1195 1378 1236 yma
1407 1192 1566 1233 parum
1587 1182 1687 1232 apta
1709 1182 1856 1228 erant,
1891 1190 2005 1230 quae
2037 1189 2149 1231 pue—

1269 1246 1331 1285 ris
1361 1245 1403 1284 in
1435 1243 1596 1284 scholis
1619 1243 1957 1294 explicarentur.
2004 1241 2150 1282 Futilis

1272 1308 1379 1347 item
1410 1309 1478 1347 est
1497 1307 1704 1346 Diintzeri
1726 1307 1980 1346 coniectura
2000 1306 2149 1345 Naevi.

1273 1371 1426 1411 Utrum
1467 1370 1617 1407 autem
1653 1368 1842 1407 Orbilius
1872 1367 1978 1407 Livii
2008 1367 2153 1417 Odys-

1275 1442 1400 1471 seam
1431 1430 1630 1470 Latinam
1661 1430 1941 1481 exposuerit,
1979 1440 2035 1469 an
2062 1431 2154 1469 tra-

1276 1492 1458 1544 goedias
1489 1494 1532 1532 et
1562 1491 1841 1541 comoedias,
1875 1503 1955 1532 nos
1976 1492 2155 1542 ignora-

1277 1565 1400 1601 mus;
1435 1554 1504 1594 illa
1532 1565 1659 1603 sane,
1694 1565 1830 1605 quam
1850 1553 1986 1594 nolim
2007 1555 2156 1593 tamen

1280 1628 1382 1656 cum
1425 1617 1714 1668 Bernhardyo
1749 1617 1977 1656 nominare
2007 1616 2160 1656 librum

1279 1679 1585 1728 scholasticum,
1623 1678 1785 1719 Orbilio
1815 1678 1957 1718 videri
1985 1680 2162 1729 poterat

1281 1740 1398 1780 utilis
1441 1741 1498 1780 ad
1541 1742 1758 1781 Graecam
1798 1739 1965 1781 facilius
2002 1739 2161 1780 intelli-

1283 1803 1489 1853 gendam.
1515 1826 1562 1831 —
1596 1803 1705 1854 reor]
1737 1803 1835 1843 Vid.
1859 1802 1916 1841 ad
1942 1803 2030 1842 Sat.
2057 1804 2095 1851 4,
2119 1801 2158 1850 9,
2202 1847 2216 1849 4

1283 1865 1350 1905 49.
1397 1888 1441 1893 —
1484 1865 1721 1916 plagosum]
1775 1863 1954 1916 «plagas
1998 1864 2160 1904 inferre

1285 1928 1597 1979 gaudentem.»
1638 1929 1777 1969 Comi.
1799 1930 1930 1974 Cano.
1954 1929 2165 1979 «schlaye-

1286 1991 1438 2030 reich.»
1489 1992 1552 2030 De
1595 1992 1773 2041 antiqua
1814 1990 2068 2031 scholarum
2098 1990 2166 2030 di—

1287 2053 1468 2104 sciplina
1491 2053 1569 2093 cfr.
1588 2052 1726 2092 Plaut.
1746 2053 1954 2093 Bacchid.
1978 2053 2018 2102 3,
2037 2051 2076 2101 3,
2094 2053 2163 2092 27:

1287 2117 1357 2156 ubi
1372 2117 1596 2155 revenisses
1610 2116 1792 2165 domum,
1808 2115 2032 2156 Cincticu-lo
2041 2125 2169 2164 prae-

1288 2180 1445 2218 cinctus
1474 2179 1518 2218 in
1546 2179 1646 2218 sella
1675 2183 1777 2228 aput
1804 2178 2054 2229 maqistrum
2087 2178 2167 2217 ad-

1289 2243 1469 2282 sideres:
1530 2242 1661 2291 Quom
1714 2240 1867 2280 librum
1914 2241 2086 2291 legeres,
2136 2241 2171 2280 si

1294 2304 1364 2356 [in]
1409 2315 1496 2342 una
1528 2304 1783 2353 peccavisses
1810 2303 1992 2353 sullaba,
2037 2303 2173 2343 Fieret

1291 2368 1451 2406 corium
1481 2371 1567 2405 tam
1595 2366 1875 2415 maculosum,
1909 2370 2073 2415 quamst
2094 2377 2173 2405 nue-

1292 2430 1406 2469 tricis
1433 2429 1627 2478 pallium.
1675 2429 1854 2467 Sueton.
1888 2430 2083 2468 Gramm.
2121 2428 2167 2467 9:

1291 2493 1387 2532 Fuit
1417 2495 1555 2530 autem
1586 2489 1801 2540 (Orbilius)
1837 2494 2020 2530 naturae
2049 2501 2172 2530 acer-

1295 2555 1368 2593 bae
1397 2566 1479 2594 iton
1509 2554 1630 2592 modo
1658 2553 1701 2592 in
1723 2553 2039 2603 antisophistas,
2072 2563 2175 2601 quos

1296 2617 1408 2656 omni
1438 2626 1624 2654 sermone
1643 2615 1867 2665 laceravit,
1898 2617 1968 2656 sed
1986 2617 2112 2656 ctiam
2131 2616 2174 2654 in

1296 2678 1534 2728 discipulos,
1563 2681 1610 2716 ut
1628 2678 1829 2717 Horatius
1848 2678 2055 2730 significat
2067 2678 2118 2727 pl
2130 2689 2177 2716 α-

1295 2752 1473 2793 qosum
1511 2750 1603 2778 eum
1641 2740 1858 2789 appellans
1894 2743 1933 2779 ct
1968 2740 2178 2780 Domitius

1296 2805 1466 2843 Marsus
1499 2801 1678 2840 scribens
1716 2801 1770 2840 Si
1800 2813 1920 2851 quos
1950 2802 2179 2842 Orbilius

1296 2864 1471 2917 ferula
1513 2864 1818 2913 scuticaque
1859 2865 2057 2905 cecidit.
2111 2864 2174 2904 Cf.

1298 2926 1466 2967 Weber
1493 2926 1694 2965 Horatius
1716 2927 1779 2965 als
1793 2927 1960 2967 Mensch
1982 2939 2025 2967 u.
2054 2927 2180 2966 Dich-

1300 2993 1361 3028 ter
1381 2999 1423 3040 p.
1447 2988 1488 3027 44
1513 2999 1611 3039 sqq.
1635 3009 1679 3016 —
1705 2989 1877 3041 dictare]
1903 3000 2040 3029 «voce
2060 2987 2178 3029 lente

1301 3051 1500 3103 praeire,
1561 3053 1608 3090 ut
1652 3050 1822 3091 calamo
1867 3053 2181 3103 exciperentur

1304 3114 1463 3153 dictata
1509 3114 1572 3162 et,
1620 3112 1834 3165 explicata
1878 3125 1980 3154 cum
2015 3117 2178 3163 essent,

1306 3175 1548 3215 memoriae
1579 3175 1940 3215 mandarentur.»
1990 3175 2053 3216 Cf.
2091 3176 2178 3215 Sat.

1309 3237 1448 3285 4,40,
1472 3237 1538 3276 75.
1573 3237 1682 3287 Epp.
1707 3238 1746 3286 4,
1771 3237 1837 3286 48,
1866 3237 1931 3277 43.
1967 3260 2013 3265 -
2044 3248 2184 3277 emen-

1309 3298 1423 3350 clata]
1467 3299 1557 3337 «ita
1590 3296 1788 3347 elimata,
1834 3301 1881 3338 ut
1909 3297 2100 3338 mendae
2130 3310 2184 3339 ex

374 3367 468 3403 tem
497 3363 735 3403 lectionem
766 3361 890 3401 Laevi
920 3362 1094 3411 egregie
1128 3361 1250 3400 resu-
1311 3362 1361 3401 iis
1384 3359 1584 3401 sublatae
1606 3359 1736 3400 sint.»
1759 3383 1801 3388 —
1826 3359 1998 3410 eat-aclis]
2020 3357 2186 3417 «ἐξειρ-

369 3427 475 3468 tax-it
490 3425 721 3465 Weichert
739 3425 780 3464 in
802 3424 1052 3464 Comment.
1073 3423 1127 3462 de
1146 3425 1253 3463 Lae-

369 3488 451 3533 vio,
486 3488 623 3526 Po'ett.
651 3488 740 3527 Lat.
772 3497 814 3537 p.
841 3485 906 3526 49.
960 3486 1037 3524 Hic
1070 3485 1147 3524 fuit
1177 3496 1250 3525 ae-

1313 3422 1574 3476 γασμένοις
1589 3453 1598 3470 ,
1631 3419 2049 3478 διηκριβωμένας,
2080 3433 2187 3474 per-

1315 3485 1486 3532 fectis;»
1508 3485 1685 3535 proprie
1703 3483 1757 3522 de
1773 3484 1907 3533 signis
1923 3484 2186 3524 marmoreis
