2231 3787
843 281 935 319 ΗΒ.
975 282 1000 318 Ι.

1064 281 1174 318 SA'l‘.
1210 281 1293 318 Vll.

1897 278 1978 329 tzil

805 661 1153 709 SATmA
1192 660 1351 708 VH.

243 778 530 848 Proscripti
573 778 729 849 Regis
778 777 948 849 Rupili
988 796 1089 848 pus
1128 787 1288 849 atque
1331 794 1594 831 venenum

243 879 484 952 Hybrida
524 897 631 950 quo
672 888 826 950 pacto
864 880 929 932 sit
984 880 1200 932 Persius
1240 878 1405 939 ultuS,
1448 879 1638 949 opinor

284 1031 369 1069 Sat.
406 1031 490 1069 vll.

226 1147 313 1186 vu.
349 1147 510 1198 Lepide
543 1151 711 1193 narrat,
748 1146 973 1197 quomodo
1007 1148 1049 1185 P.

173 1207 365 1259 Rupilius
408 1211 494 1249 Rex
532 1219 634 1248 cum
675 1209 825 1248 Persio
856 1208 1052 1258 quodam

554 1032 592 1070 l.
627 1031 775 1080 liupule'
807 1032 832 1069 S
866 1042 963 1079 xnon
996 1028 1143 1080 bcdp).
1184 1052 1225 1056 -
1260 1030 1296 1067 2.
1333 1029 1508 1068 Illbrtda
1538 1028 1611 1068 bS.

1118 1147 1236 1191 ctus,
1285 1145 1364 1184 sed
1405 1157 1427 1183 a
1475 1145 1714 1185 triumviris
1761 1146 1996 1185 Octaviano

1117 1208 1297 1246 auctore
1347 1208 1648 1259 proscriptus,
1708 1208 1765 1248 ad
1812 1210 1997 1249 Brutum

173 1269 467 1319 Clazomenis,
501 1272 646 1310 Ioniae
669 1269 796 1318 urbe,
823 1279 972 1309 coram
996 1270 1048 1308 M.
1084 1264 1087 1318 l
1117 1268 1330 1319 confugit,
1365 1280 1387 1307 a
1411 1280 1499 1320 quo
1529 1271 1572 1309 in
1604 1271 1816 1310 comitum
1838 1272 1999 1310 cohor—

171 1333 324 1375 Bruto.
350 1336 638 1384 propraetore
661 1333 810 1381 Asiae,
834 1332 1051 1370 acerrima
1116 1333 1207 1369 tem
1238 1333 1446 1382 receptus
1478 1334 1559 1372 est.
1621 1333 1824 1373 Testibus
1859 1334 1999 1373 Scho-

172 1395 454 1434 contentione
487 1394 683 1445 litigarit,
717 1393 912 1446 Rupilius
935 1395 1054 1434 insu-

171 1468 252 1509 per
281 1457 582 1498 acerbissimis
612 1458 840 1504 conviciis,
875 1457 1052 1496 Persius

173 1518 379 1560 vilissima
401 1522 531 1560 utens
555 1531 659 1571 erga
681 1521 867 1559 Brutum
898 1518 1053 1559 adula-

172 1582 304 1621 tione.
330 1582 526 1622 Tandem
548 1584 725 1622 Persius
743 1581 858 1622 33136
875 1581 1053 1633 aliquod

172 1644 340 1685 dictum
381 1646 424 1685 in
464 1645 771 1686 adversarium
803 1646 1050 1696 expromit,

171 1707 289 1759 quod
329 1708 460 1748 totius
498 1707 751 1748 historiolae
784 1719 977 1747 acumen
1009 1710 1053 1747 et

174 1770 301 1821 quasi
351 1769 591 1810 medullam
641 1771 838 1810 continet
888 1771 949 1821 (v.
1001 1771 1052 1811 33

172 1832 316 1884 seqq.)
348 1835 480 1884 atque
519 1832 873 1873 narratiunculae
915 1833 1051 1874 finem

171 1895 369 1947 imponit.
430 1896 551 1934 ZELL.
614 1896 817 1935 Horatius
848 1895 1051 1936 tribunus

171 1957 357 1998 militum
390 1957 504 1998 (luce
535 1960 670 1998 Bruto
702 1959 795 2010 ipse
827 1960 933 1999 tunc
957 1957 1053 1999 Cla-

173 2021 369 2060 zomenis
398 2020 574 2059 videtur
605 2020 805 2072 degisse,
839 2023 973 2072 atque
1009 2033 1048 2061 a.

102 2102 116 2127 ,ς
172 2095 214 2123 u.
254 2094 290 2123 c.
336 2083 430 2123 713.
473 2084 664 2134 primam
710 2084 823 2124 hanc
868 2095 1051 2124 suarum

173 2147 407 2186 satirarum
426 2147 748 2196 composuisse3
774 2147 829 2186 de
847 2158 931 2197 qua
954 2158 1054 2199 per-

173 2208 275 2248 inde
308 2209 439 2247 etiam
471 2208 758 2249 iudicandum
795 2220 1050 2259 censemus,

173 2271 216 2311 id
248 2273 336 2319 est,
370 2270 487 2309 haud
519 2272 648 2311 nimis
670 2282 843 2311 severe.
899 2273 1053 2323 (Minus

174 2336 295 2373 recte
327 2333 565 2372 Grotesend
595 2334 775 2373 satiram
805 2334 918 2373 hauc
940 2335 1054 2374 scri-

174 2399 294 2448 ptam
340 2398 495 2435 censet
542 2406 656 2434 anno
702 2395 885 2435 demum
936 2396 1050 2444 746.,

175 2459 341 2498 Franke
372 2468 411 2497 a.
445 2458 558 2504 718.,
592 2469 679 2508 quo
711 2469 817 2498 sane
851 2461 1053 2509 tempore

174 2531 330 2560 versus
362 2519 399 2559 3.
435 2520 552 2559 omni
585 2519 674 2559 sale
707 2521 951 2570 caruisset.)

232 2583 321 2621 4-3.
368 2583 608 2632 Proscripti]
648 2583 706 2622 Ex
744 2583 829 2622 hoc
867 2583 1053 2623 fortasse

176 2656 216 2684 v.
251 2647 394 2684 ortam
436 2656 535 2684 esse
573 2656 668 2696 seq.
710 2644 1053 2686 Scholiastarum

177 2705 404 2754 fabellam,
451 2719 503 2746 «a
542 2707 697 2746 civibus
728 2708 1052 2759 (municipibus)

175 2769 450 2808 Praenestinis
507 2769 549 2807 in
607 2770 783 2808 exilium
838 2771 1050 2818 missus»,

177 2831 370 2870 Diintzer
398 2832 518 2870 recte
546 2832 759 2882 suspicari
788 2832 977 2872 videtur.
1005 2853 1049 2860 —

177 2893 297 2943 Reqis
319 2893 468 2944 Rupili]
496 2895 565 2933 «P.
592 2894 786 2945 Rupilius
808 2896 897 2935 Rex
922 2897 1057 2935 Prae-

180 2955 398 3003 nestinus,
437 2966 574 3006 eques
606 2957 850 3006 Romanus,
883 2968 922 2997 3.
958 2959 1052 2998 702.

179 3016 389 3065 magister
417 3016 781 3066 publicanorum,
816 3020 890 3069 qui
921 3020 962 3058 in
983 3020 1057 3058 Bi-

180 3078 333 3128 thynia
362 3077 589 3128 vectigalia
620 3080 877 3130 exigebant,
916 3081 1058 3121 suerat

185 3141 288 3190 (Cic.
322 3139 378 3179 ad
411 3141 526 3180 Fam.
553 3141 627 3189 43,
661 3142 708 3189 9,
742 3144 797 3193 2.)
831 3146 873 3182 et
902 3146 1057 3195 postea

184 3214 208 3242 a
242 3202 411 3242 civibus
456 3204 751 3243 Praenestinis
794 3204 836 3243 in
880 3203 1057 3244 exilium

183 3267 366 3315 missus,
407 3265 490 3305 sub
522 3268 566 3305 P.
599 3267 713 3307 Attio
744 3268 858 3306 Varo
890 3280 928 3307 a.
961 3270 1054 3308 707.

183 3329 226 3368 in
247 3328 389 3368 Africa
414 3329 512 3378 (non
535 3329 575 3367 in
597 3329 754 3376 Attica,
787 3330 835 3367 ut
855 3332 921 3369 est
942 3330 1058 3381 apud

185 3389 327 3430 Schol.
375 3390 462 3431 Cfr.
511 3391 676 3431 Caesar
719 3391 765 3429 B.
807 3390 853 3429 C.
896 3392 941 3439 4,
989 3391 1056 3431 34.

188 3453 276 3492 Cic.
299 3464 378 3504 pro
401 3453 540 3504 Ligar.
567 3454 582 3492 l
602 3485 610 3501 ,
644 3453 699 3503 3.)
723 3451 940 3503 stipendia
963 3463 1061 3492 me—

187 3519 350 3555 ruerat.
411 3518 459 3555 A.
483 3517 579 3555 714.
605 3517 766 3555 Romae
798 3517 976 3565 praetor
996 3515 1060 3555 fa-

1116 1392 1250 1433 liastis
1288 1394 1464 1433 Horatio
1502 1393 1822 1444 ignobilitatem
1861 1407 2001 1447 gene-

1115 1456 1175 1495 ris
1207 1466 1342 1506 saepe
1375 1455 1679 1507 exprobravit3
1725 1468 1860 1507 quam
1891 1469 1999 1498 con-

1116 1516 1346 1557 tumeliam
1387 1516 1558 1558 ulturus
1598 1521 1726 1570 poeta
1770 1531 1874 1560 eum
1916 1521 2000 1560 hac

1116 1580 1248 1619 satira
1288 1581 1445 1629 irrisit,
1494 1583 1535 1620 et
1578 1592 1664 1621 non
1698 1582 1842 1622 solum
1883 1585 2002 1635 Regsls

1117 1654 1367 1694 cognomen
1405 1645 1683 1695 praeposuit,
1732 1648 1779 1684 ut
1816 1646 1916 1685 inde
1955 1657 1996 1686 v.

1117 1706 1182 1745 35.
1216 1707 1365 1745 iocum
1397 1708 1603 1757 caperet,
1637 1707 1718 1747 sed
1749 1708 1882 1748 etiam
1911 1720 2000 1749 non

1118 1769 1212 1808 sine
1245 1779 1379 1808 causa
1411 1770 1698 1819 proscriptum
1731 1771 1998 1820 nominavit,

1117 1832 1220 1882 quia
1275 1832 1368 1883 ipse
1417 1842 1505 1871 non
1552 1833 1857 1884 proscriptus,
1919 1834 2001 1874 sed

1115 1895 1272 1946 sponte
1304 1904 1384 1933 sua
1415 1893 1471 1932 ad
1501 1895 1683 1934 Brutum
1715 1905 1763 1935 36
1796 1895 1999 1936 contule-

1116 1957 1226 1995 rat.»
1277 1957 1428 1995 SponN.
1462 1957 1752 1997 Innocentem
1772 1959 1919 2008 potius
1941 1959 2002 1998 io-

1117 2030 1220 2058 cum
1251 2018 1469 2069 quaesivit
1503 2019 1545 2057 in
1577 2020 1897 2070 compositione
1930 2019 1999 2060 illa

1116 2093 1198 2133 per
1236 2092 1284 2122 se
1316 2080 1499 2120 ridicula
1522 2083 1788 2131 proscriptus
1822 2085 1865 2121 et
1894 2084 1995 2122 Rex.

1116 2145 1209 2184 Iam
1265 2144 1487 2195 Cruquius
1543 2143 1598 2183 de
1655 2143 1998 2185 Scholiastarum

1118 2205 1473 2246 narratiuncula:
1525 2206 1643 2245 «Hoc
1673 2208 1720 2246 ut
1758 2208 1994 2257 incertum,

1117 2270 1174 2308 ita
1215 2269 1321 2308 mihi
1365 2280 1447 2320 pro
1487 2270 1717 2320 comperto
1756 2272 1845 2318 est,
1894 2280 1999 2309 eum

1118 2341 1205 2370 non
1236 2329 1334 2381 plus
1365 2329 1533 2381 Rupilio
1555 2342 1691 2380 quam
1721 2332 1872 2370 Persio
1896 2342 1996 2370 esse

1118 2402 1300 2442 gravem
1332 2391 1397 2441 (id
1428 2393 1516 2439 est,
1564 2392 1696 2431 fuisse
1734 2392 1994 2442 insensum)»

1119 2457 1203 2495 cet.
1263 2457 1417 2505 Aeque
1451 2464 1557 2493 sane
1589 2453 1770 2494 ridicula
1806 2457 1995 2505 utraque

1118 2528 1309 2569 persona
1342 2517 1380 2556 ei
1410 2516 1660 2556 videbatur.
1687 2539 1734 2545 —
1762 2517 1857 2568 pus]
1880 2528 1998 2556 mor-

1119 2579 1288 2619 dacitas
1320 2581 1364 2618 et
1393 2578 1702 2618 maledicentia
1735 2579 1907 2630 impura
1944 2590 1995 2618 ac

1118 2640 1346 2693 pestilens.
1408 2642 1524 2680 Nos:
1561 2641 1670 2691 Gift
1699 2642 1800 2680 und
1830 2641 1992 2681 Galle.

1119 2705 1187 2743 Sic
1218 2702 1380 2743 Lucilio
1412 2704 1484 2752 45,
1518 2703 1556 2744 4..
1593 2702 1720 2754 (Gerl.
1754 2714 1797 2754 p.
1831 2703 1914 2753 39.)
1947 2705 1993 2743 L.

1118 2764 1362 2806 Trebellius
1393 2765 1658 2805 emendante
1701 2766 1897 2805 Beckero
1930 2767 1998 2805 est

1116 2829 1266 2880 febris,
1313 2829 1495 2877 senium,
1526 2829 1729 2877 vomitus,
1756 2839 1852 2877 pus.
1906 2827 1993 2867 Cfr.

1117 2890 1281 2931 Ritschl
1322 2893 1499 2941 Parerg.
1540 2892 1570 2930 I.
1609 2902 1652 2942 p.
1697 2890 1790 2930 480.
1829 2911 1871 2917 —
1909 2890 2000 2938 Hy-

1119 2953 1253 3004 brida]
1289 2952 1621 2993 «Clazomenius
1653 2953 1771 2992 enim
1801 2953 1879 2993 fuit
1899 2954 2001 2991 Per-

1119 3017 1232 3065 sius,
1283 3018 1407 3067 patre
1455 3016 1668 3064 Asiatico,
1720 3017 1860 3054 matre
1911 3016 1998 3053 Ro—

1119 3089 1266 3118 mana.
1328 3078 1559 3117 Civitatem
1584 3079 1733 3116 tamen
1755 3078 1998 3116 Romanam

1121 3140 1384 3180 obtinuerat.
1446 3140 1556 3179 Eum
1587 3140 1718 3190 igitur
1747 3142 1795 3178 ut
1814 3139 1998 3179 semiro-

1122 3212 1305 3241 manum
1335 3201 1508 3241 deridet
1544 3201 1792 3241 Horatius.»
1843 3201 1994 3239 SCHOL.

1122 3264 1229 3305 Plin.
1264 3265 1314 3304 11.
1347 3266 1396 3303 N.
1430 3264 1477 3312 8,
1516 3264 1589 3303 79:
1634 3264 1682 3302 In
1711 3263 1824 3302 nullo
1853 3271 2000 3313 genere

1123 3338 1253 3376 aeque
1280 3327 1418 3378 facilis
1449 3327 1595 3377 (atque
1627 3327 1671 3365 in
1701 3324 1867 3373 suibus)
1890 3324 1999 3362 mia:—

1123 3395 1223 3430 tura
1251 3402 1347 3429 cum
1373 3391 1483 3440 fero,
1527 3390 1707 3439 qualiter
1735 3392 1856 3426 *natos
1885 3387 1998 3425 anti—

1123 3455 1194 3502 qui
1228 3453 1443 3503 hybridas
1480 3452 1699 3492 vocabant.
1764 3449 1997 3499 (Eugenius

1123 3516 1178 3555 de
1211 3515 1459 3565 ambigenis
1490 3526 1529 3552 v.
1561 3514 1604 3551 ὓς
1638 3512 1760 3562 Apris
1788 3516 1912 3561 atque
1930 3522 2000 3551 sue
