2231 3787
843 263 938 302 ΜΒ.
972 263 1002 301 1.

1065 263 1226 301 EPIST.
1264 263 1347 300 Vll.

1910 258 2010 309 4:5¹.)

265 394 526 446 Adrasum
566 392 838 464 quendam
879 410 1049 446 vacua
1089 393 1321 445 tonsoris
1366 394 1415 443 in
1457 391 1641 444 umbra
1945 393 2009 442 ‚²50

264 495 486 549 Cultello
528 496 774 566 proprios
814 502 1130 565 purgantem
1170 493 1360 547 leniter
1402 511 1626 563 ungues.

263 600 525 657 Demetri,
568 630 636 635 —
676 615 811 668 puer
848 597 933 650 hic
973 614 1078 649 non
1116 595 1269 648 laeve
1313 595 1458 647 iussa
1498 594 1727 666 Philippi

300 717 365 756 50.
389 717 595 755 Aclrasum
619 717 700 767 Ep:
723 717 927 755 Arrasum
947 716 1079 764 bScd,
1104 715 1308 755 Abrasum
1330 725 1430 754 cuni
1453 713 1591 754 Codd.
1608 713 1707 764 aliq.
1728 716 1770 752 et
1795 714 1955 753 Veneta

246 781 260 818 «Ι
273 778 364 819 481.
401 779 441 817 F.
473 801 515 805 —
541 779 802 827 51.1)r0pr1'0
825 778 962 818 Codd.
991 779 1132 829 pauci.
1171 778 1233 827 (L't
1255 788 1351 825 nos,
1386 776 1569 828 bSchp
1592 778 1656 823 et,
1691 778 1738 814 ut
1760 775 1955 823 ridetur,

246 841 435 881 Potticrii
458 841 648 889 omncs.)
676 863 718 868 .-
743 841 810 879 52.
836 853 916 879 non
938 841 1047 879 lenia
1072 842 1101 880 C
1137 841 1282 888 tacite,
1316 851 1398 878 vnon
1418 840 1559 878 laevus
1590 838 1955 888 Cuninghamius.

190 944 299 982 riam
338 952 386 981 se
430 951 624 980 narrare.
679 941 741 981 Cf.
780 942 887 992 Epp.
928 943 971 990 l,
1021 943 1066 990 6,

188 1005 254 1045 40.
292 1006 336 1052 11,
372 1005 445 1051 47,
481 1004 546 1043 118.
585 1025 627 1030 —
662 1004 883 1056 Adrasum]
919 1016 1070 1056 «prae-

189 1071 391 1108 tonsum»
423 1065 539 1105 haud
574 1067 702 1106 nimis
741 1069 894 1107 exacte
926 1068 1065 1107 Comi.

190 1131 319 1176 CRL'Q.
371 1132 545 1169 Petron.
584 1129 657 1168 32:
709 1130 839 1169 Pallio
883 1130 1069 1168 coccineo

189 1194 390 1232 adrasum
422 1194 594 1242 (recens
633 1193 796 1241 rasum)
834 1193 1070 1232 excluserat

188 1260 315 1306 caput
346 1253 649 1305 (Trimalchio).
701 1254 838 1294 Plaut.
871 1256 994 1306 Capt.
1019 1255 1066 1303 ⁶2,

188 1319 238 1365 2,
274 1318 345 1357 ⁴8:
387 1318 467 1357 Sed
496 1322 637 1357 utrum
666 1318 893 1357 strictimne
928 1321 1069 1356 atlon-

188 1391 332 1419 surum
372 1381 509 1419 dicum
547 1390 630 1418 esse
664 1391 720 1418 an
755 1391 832 1429 per
867 1380 1069 1429 pectinem

188 1444 346 1483 Nescio
382 1443 461 1490 Qui
486 1441 723 1493 explicant:
751 1453 904 1482 «rasus
925 1453 1067 1492 usque

188 1505 243 1545 ad
273 1507 466 1552 cutem,»
495 1504 723 1544 hominem
755 1504 918 1544 faciunt
940 1505 1068 1544 nimis

186 1564 478 1624 μικρολόγον
526 1567 767 1618 (Theophr.
808 1568 936 1607 Char.
977 1568 1066 1617 40.)

188 1642 238 1670 ac
270 1629 522 1678 sordidum,
557 1630 629 1679 qui
663 1631 811 1669 tamen
841 1641 882 1668 v.
908 1630 973 1669 83.
1008 1630 1071 1668 ni-

188 1694 295 1732 lidus
315 1694 514 1732 vocatur.
549 1692 794 1743 Opponitur
813 1691 938 1743 Apul.
964 1693 1064 1732 Met.

187 1757 233 1804 ⁶2,
272 1756 338 1795 ⁵28.
383 1755 552 1796 iuvenis
591 1756 776 1805 adusque
818 1756 973 1806 (usque
1012 1754 1068 1793 ad

189 1817 353 1863 cutem)
387 1819 534 1857 deraso
563 1818 710 1867 capite.
772 1815 968 1857 Alteram
1002 1816 1069 1856 lc-

188 1880 381 1920 ctionem
412 1880 632 1928 ubrasum,
674 1890 789 1930 quae
821 1879 1068 1919 sufficiente

187 1943 446 1982 auctoritate
499 1942 707 1982 destituta
753 1945 844 1989 est,
899 1941 968 1981 alii
1013 1942 1067 1981 de

187 2004 326 2044 barba
357 2003 450 2044 sola
481 2004 846 2056 interpretantur3
881 2004 961 2045 sed
982 2006 1069 2043 hoc

188 2069 231 2107 et
274 2065 400 2117 longe
442 2067 588 2106 minus
627 2065 810 2106 evidens
842 2069 885 2106 et
929 2078 1068 2118 prope

188 2130 379 2169 otiosum
411 2129 597 2168 videtur.
649 2128 727 2168 Alii
765 2129 958 2179 denique
994 2130 1071 2168 ab-

189 2203 333 2230 rasum
353 2190 502 2230 volunt
524 2190 771 2240 significare
792 2190 1068 2236 «libertum;»

190 2255 293 2303 {Lixn
328 2252 399 2300 34,
434 2254 507 2292 52:
555 2253 758 2303 capitibus
786 2255 895 2292 rasis
922 2254 1068 2303 seculi,

190 2318 259 2367 qui
301 2317 495 2356 servitute
538 2317 716 2366 exempti
759 2316 942 2366 fuerant.
990 2315 1067 2364 45,

189 2379 263 2421 44:
310 2378 500 2428 Polybius
536 2390 628 2418 eum
662 2389 801 2429 regsem
839 2378 1068 2429 (Prusiam)

189 2464 212 2470 -
230 2464 254 2470 -
275 2442 406 2480 tradit
431 2441 657 2490 pileatum,
690 2441 824 2490 capite
845 2451 968 2489 raso,
1003 2439 1072 2479 ob—

188 2504 302 2543 viam
330 2505 391 2542 ire
427 2504 573 2555 leyatis
600 2503 764 2543 solitum
800 2503 1070 2552 libertumque

189 2577 229 2605 se
252 2566 398 2615 populi
427 2567 602 2605 Romani
626 2566 771 2616 ferre.)
801 2577 960 2605 verum
982 2576 1069 2605 non

190 2628 395 2668 viderunt
435 2630 566 2679 caput
605 2627 774 2668 libertis
817 2626 956 2668 semel
997 2638 1070 2666 ra-

189 2701 289 2731 sum
334 2701 433 2730 esse
479 2692 597 2740 tum,
645 2701 747 2730 cum
783 2691 1070 2730 manumitte-

188 2755 363 2801 rentur,
396 2763 484 2793 non
506 2754 549 2792 in
570 2755 859 2804 perpetuum,
885 2753 966 2793 nisi
987 2753 1069 2804 ipsi

187 2815 308 2855 hunc
336 2814 538 2854 habitum
576 2825 755 2855 servare
793 2814 977 2864 vellent,
1023 2817 1071 2854 ut

189 2876 352 2927 placuit
395 2887 502 2918 sane
548 2879 594 2918 C.
633 2878 795 2918 Fannio
841 2878 1068 2918 Chaereae

191 2938 310 2989 apud
347 2940 437 2979 Cic.
469 2950 550 2991 pro
586 2941 714 2980 Rosc.
750 2941 874 2980 Com.
909 2941 956 2989 7,
1000 2941 1065 2980 ΞΟ.

192 3002 334 3050 Atque
366 3002 545 3041 omnino
574 3001 645 3042 vel
679 3005 865 3055 propter
894 3003 1071 3043 tonstri-

193 3073 275 3102 nae
306 3064 603 3111 mentionem,
637 3075 723 3114 qua
754 3065 988 3106 manifesto
1009 3065 1070 3105 si—

191 3124 367 3175 gnificat
409 3126 540 3175 poeta
583 3126 759 3166 Menam
799 3126 930 3178 paulo
968 3129 1069 3167 ante

191 3198 239 3227 se
280 3186 530 3226 radendum
568 3197 772 3237 curasse,
818 3189 900 3228 ista
931 3188 1071 3241 expli-

192 3249 305 3289 catio
348 3247 586 3288 reiicienda
632 3252 711 3289 est.
777 3251 1069 3302 Nequaquam

192 3312 341 3351 autem
373 3311 574 3349 adrasum
609 3310 825 3361 significat
856 3313 1071 3353 «semira-

194 3383 346 3422 sum,»
388 3373 533 3412 minus
571 3372 702 3412 etiam
744 3371 972 3423 «politum,
1014 3375 1070 3414 ad

193 3444 386 3485 unguem
416 3434 628 3483 factum,»
667 3436 716 3473 ut
748 3435 951 3485 opinatur
981 3437 1072 3476 Hu-

195 3495 324 3537 thius.
362 3519 407 3525 —
439 3497 590 3546 vacua]
624 3497 751 3547 Finge
785 3496 859 3536 tibi
892 3498 1070 3538 tonstri-

1134 953 1237 981 nam
1281 943 1525 981 Romanam
1571 952 1594 978 a
1639 939 1781 979 fronte
1831 950 2014 990 prorsus

1134 1006 1349 1055 apertam,
1375 1014 1567 1054 superne
1587 1004 1629 1042 et
1651 1013 1675 1041 a
1697 1002 1864 1053 postica
1887 1003 2012 1053 parte

1132 1068 1264 1115 atque
1311 1077 1333 1104 a
1379 1065 1594 1104 lateribus
1639 1063 1902 1104 centonibus
1946 1061 2013 1102 vel

1134 1128 1305 1179 sipariis
1362 1128 1579 1167 adversus
1634 1125 1775 1166 solem
1831 1128 2010 1165 tectam.

1138 1191 1278 1229 Vacua
1307 1192 1454 1229 autem
1488 1190 1670 1237 (licitur,
1705 1190 1804 1239 quia
1839 1188 1904 1227 illa
1929 1188 2012 1228 (liei

1132 1255 1240 1293 hora
1272 1253 1407 1292 ceteri
1439 1252 1704 1291 adventores
1737 1251 1925 1290 barbam
1948 1262 2017 1289 ra-

1133 1315 1329 1354 dendam
1350 1313 1418 1354 vel
1437 1313 1616 1365 capillos
1640 1313 1887 1353 tondendos
1911 1315 2016 1353 iam-

1133 1377 1303 1417 dudum
1335 1379 1566 1421 curarant;
1601 1377 1671 1416 hic
1703 1377 1869 1416 otiosus
1903 1388 2015 1415 non—

1133 1441 1255 1480 dum.
1308 1441 1355 1479 In
1396 1440 1622 1479 tonstrinis
1661 1441 1811 1478 autem
1849 1440 2013 1478 Romae

1134 1504 1388 1542 etiamnunc
1421 1503 1660 1541 convenire
1693 1500 1836 1541 solent
1870 1501 2015 1540 homi—

1133 1577 1212 1605 nes
1243 1563 1420 1616 plebeii.
1474 1564 1536 1603 Cf.
1569 1565 1654 1602 Sat.
1692 1565 1736 1612 sl,
1771 1564 1818 1610 7,
1853 1563 1891 1602 3.
1946 1563 2014 1602 Sic

1134 1629 1221 1667 iam
1251 1625 1430 1677 Eupolis
1462 1627 1502 1664 in
1541 1626 1743 1665 Meinekii
1782 1626 1847 1664 Fr.
1888 1626 2011 1664 Com.

1133 1691 1181 1729 II.
1215 1700 1257 1740 p.
1292 1688 1389 1729 499:
1438 1688 1532 1728 Καὶ
1577 1685 1706 1727 πόλλ’
1736 1682 1922 1739 ἶς’,ιιαθον
1965 1686 2014 1727 ἐν

1131 1756 1259 1792 τοῖσι
1297 1753 1534 1808 κουρείοις
1572 1748 1661 1805 ἐγώ
1689 1746 1893 1800 Ἁτόπως
1929 1763 2015 1788 κα-

1133 1815 1275 1865 θίζων
1297 1809 1439 1854 zoio&
1469 1811 1749 1867 γιγνώσκειν
1769 1810 1937 1852 δοκῶν.
1967 1836 2010 1840 —

1137 1900 1180 1905 —
1208 1877 1420 1927 proprios]
1456 1877 1626 1928 «ipsum
1659 1876 1764 1925 sibi,
1814 1887 1900 1915 non
1937 1886 2016 1926 per

1134 1942 1413 1985 tonsorem,»
1460 1940 1533 1990 qui
1567 1941 1658 1978 tum
1689 1938 1834 1989 aliquo
1866 1937 2014 1978 abisse

1135 2001 1388 2042 censendus
1439 2004 1529 2050 est,
1578 2001 1695 2041 unde
1743 2012 1830 2041 non
1875 1999 2016 2039 habe—

1134 2065 1211 2105 bat
1232 2075 1427 2115 quocum
1449 2064 1826 2104 sermocinaretur
1847 2064 2012 2103 Menas.

1136 2129 1299 2168 Contra
1330 2126 1466 2166 Plaut.
1492 2125 1586 2166 Aul.
1620 2128 1668 2174 2,
1702 2125 1748 2175 4,
1783 2125 1858 2165 33:
1909 2126 2017 2175 Quin

1134 2191 1212 2240 ipsi
1237 2190 1400 2239 pridem
1429 2193 1569 2228 tonsor
1591 2199 1746 2239 unques
1767 2189 2012 2237 dempserat.

1136 2250 1305 2291 Falsam
1332 2250 1570 2290 lectionem
1593 2251 1771 2300 proprio
1791 2249 2016 2301 Xylander

1135 2312 1344 2364 explicat:
1381 2312 1460 2351 «ad
1490 2313 1572 2352 hos
1603 2323 1710 2352 usus
1738 2312 1905 2359 sacto3»
1938 2314 2017 2351 Bo-

1134 2376 1229 2414 the:
1280 2375 1380 2425 «qui
1420 2374 1610 2414 tonsoris
1646 2373 1785 2413 cultro
1820 2375 1880 2412 uti
1920 2373 2016 2413 nol-

1134 2437 1214 2485 let,
1248 2448 1303 2476 ne
1335 2436 1441 2486 quid
1472 2447 1550 2487 pro
1583 2447 1636 2475 eo
1668 2446 1847 2487 quoque
1871 2435 2016 2475 officio

1136 2499 1218 2539 sibi
1251 2498 1579 2538 numerandum
1605 2497 1760 2538 toret.»
1789 2522 1829 2526 —
1856 2498 2014 2549 leniter]

1138 2560 1397 2613 «tranquillo
1429 2562 1576 2601 animo
1609 2564 1652 2601 et
1689 2562 1783 2602 sine
1825 2560 1910 2600 ulla
1950 2562 2016 2601 fe—

1135 2625 1392 2674 stinatione,
1436 2624 1814 2675 gemachliclu»
1860 2623 2016 2664 videli—

1135 2690 1207 2729 cet
1244 2687 1361 2728 lenta
1397 2688 1481 2727 hac
1513 2688 1724 2738 unguium
1757 2689 2015 2739 purgatione

1134 2753 1260 2804 quasi
1294 2750 1599 2791 delectabatur
1627 2751 1695 2790 vir
1731 2750 1897 2799 bonus,
1941 2751 2014 2801 qui

1133 2814 1318 2865 alioqui,
1343 2813 1463 2864 quod
1489 2813 1669 2862 faceret,
1694 2824 1781 2853 non
1802 2812 2012 2852 habebat.

1191 2877 1338 2917 52-56.
1393 2877 1578 2916 Demetri
1605 2876 1706 2928 cet]
1743 2878 1834 2915 lam
1869 2876 2015 2915 homi-

1134 2940 1201 2979 nis
1247 2950 1335 2979 non
1377 2939 1471 2979 sine
1504 2938 1697 2990 quadam
1735 2938 1906 2989 pigritia
1937 2949 2015 2978 sua

1134 3003 1253 3042 sorte
1272 3002 1465 3041 contenti
1481 3000 1626 3041 voltus
1647 3000 1913 3051 habitusque
1936 3012 2017 3040 ex·-

1135 3065 1237 3104 citat
1257 3063 1520 3116 Philippum,
1545 3066 1591 3103 ut
1607 3064 1754 3104 iocum
1771 3063 1854 3103 sibi
1870 3065 2014 3114 paret,

1134 3138 1222 3168 non
1250 3129 1435 3179 propter
1464 3128 1615 3167 nescio
1645 3137 1779 3177 quam
1805 3125 2015 3166 invidiam

1134 3190 1210 3229 aut
1245 3188 1481 3238 malitiam,
1529 3189 1652 3229 cuius
1697 3199 1800 3228 eum
1829 3189 2016 3228 insimu-

1133 3251 1225 3292 lant
1252 3253 1524 3303 Interpretes
1557 3249 1775 3298 nonnulli,
1808 3248 1888 3289 sed
1908 3259 2014 3299 pro-

1133 3315 1233 3366 pter
1271 3324 1445 3353 meram
1477 3307 1799 3369 εὖτραπελίαν.
1843 3332 1886 3338 —
1933 3321 2014 3349 non

1134 3375 1259 3427 laeve]
1307 3370 1363 3415 οὗ
1405 3372 1608 3424 σκαιῶς,
1653 3372 1765 3414 «sed
1795 3371 2015 3411 dexterri-

1135 3449 1207 3478 me
1224 3450 1232 3486 ;
1249 3453 1268 3474 n
1301 3439 1415 3478 docte
1434 3442 1470 3477 et
1490 3438 1658 3476 cordate
1679 3439 1715 3475 et
1739 3438 1851 3483 cale,
1887 3435 1933 3473 ut
1955 3434 2014 3473 ait

1134 3499 1311 3541 Plautus
1342 3502 1476 3541 Poen.
1514 3500 1555 3547 ⁴,
1596 3499 1639 3546 t,
1673 3497 1713 3542 3,
1759 3496 1865 3537 Λᾶν.
1901 3496 2015 3537 lae-ve
