2231 3787
253 262 351 315 130
889 263 1102 303 lloRATu
1134 263 1434 303 SATIRARUM

245 394 504 436 Animadvv.
538 407 579 446 p.
617 395 706 434 179.
742 406 794 434 ex
825 395 932 446 Epp.
959 396 1002 442 i,
1039 395 1111 442 slO,
1147 395 1215 433 115:
1251 394 1317 432 ubi
1346 393 1510 445 yralt'or
1530 403 1641 431 aura
1672 392 1816 432 Leniat
1844 396 1881 432 et
1901 393 2059 432 rabiem

246 466 371 506 Canis
400 469 436 505 et
466 469 673 504 momenta
703 465 858 504 Leonis.

354 534 513 575 Similia
553 537 655 575 sunt
691 533 956 581 verborum,
1004 544 1117 584 quae
1149 543 1254 573 casu
1285 531 1560 580 exciderant,
1606 531 1841 572 temeraria
1877 529 2059 582 supple-

245 608 394 647 menta
416 618 423 643 :

354 674 431 715 Od.
466 674 510 722 4,
545 675 589 721 6,
626 674 696 713 47:
731 675 817 713 Heu
840 674 1011 723 palam,
1045 673 1183 723 captis
1212 671 1379 723 gyravis,
1412 671 1489 710 heu
1515 670 1633 721 nefas
1660 671 1738 710 heu
1766 672 1850 710 cet.

351 746 459 797 Epp.
483 745 523 793 ⁶2,
541 745 581 789 ⁶2,
599 744 675 783 2199
695 755 702 782 :
736 744 957 793 Pauperies
977 742 1192 781 immunda
1213 741 1371 780 domus
1388 741 1539 790 procul
1557 740 1688 779 absit:
1719 751 1792 791 eqo
1810 743 1954 779 utrum
1970 740 2056 779 cet.

352 813 443 854 Alia
475 824 592 853 nunc
621 813 796 853 videtur
826 813 936 851 ratio
969 809 1333 862 interpolationis,
1368 820 1502 860 quam
1533 808 1637 849 olim
1657 809 1744 849 huc
1767 811 2056 850 traxeramus.

243 883 420 924 Ovidius
452 885 571 924 enim
600 884 775 922 Metam.
810 883 858 930 8,
892 882 986 921 ⁶237.
1021 881 1288 931 scripserat:

351 954 538 994 Gom-ula
567 952 725 992 limoso
749 952 969 1001 prospexit
999 951 1050 989 ab
1082 949 1193 990 elice
1216 949 1373 999 perdia:
1391 961 1403 987 .·

240 1025 302 1063 uti
341 1033 458 1062 nunc
490 1023 655 1061 scimus
692 1032 746 1060 ex
785 1018 950 1060 Libello
982 1019 1038 1059 de
1069 1018 1306 1069 generibus
1337 1019 1567 1059 nominum
1598 1018 1668 1059 ed.
1703 1019 1875 1071 Hauptii
1913 1030 1956 1071 p.
1989 1019 2056 1059 92.

240 1096 331 1134 Iam
363 1092 466 1143 quid
498 1101 634 1131 ausus
665 1092 733 1130 est
762 1088 1084 1141 interpolator?

349 1162 537 1202 Garrula
566 1171 742 1200 ramosa
769 1160 985 1210 prospexit
1015 1159 1066 1198 ab
1096 1158 1193 1199 ilice
1220 1159 1404 1209 perdix:

241 1236 283 1274 in
316 1232 454 1273 Codd.
489 1232 582 1271 sine
613 1232 850 1279 varietate,
899 1240 1012 1281 quae
1043 1229 1099 1268 ad
1138 1240 1291 1269 veram
1323 1228 1461 1269 Ovidii
1491 1239 1672 1268 manum
1704 1238 1784 1268 nos
1813 1228 2056 1280 perducat,

241 1304 323 1343 nisi
360 1301 480 1354 quod
521 1298 798 1351 corruptelae
839 1300 988 1338 tenuia
1027 1298 1250 1349 quaedam
1286 1299 1469 1350 vestigia
1510 1300 1749 1350 supersunt
1786 1299 1830 1338 in
1868 1300 1975 1340 Mor.
2019 1299 2057 1338 4.

239 1374 446 1420 clamosa,
481 1373 582 1410 Sen.
608 1371 646 1409 ⁶2.
672 1380 880 1416 scamma,
914 1369 1012 1407 Sen.
1039 1369 1075 1407 4.
1100 1380 1290 1408 ramoso:
1323 1378 1481 1407 verum
1502 1367 1623 1418 quod
1651 1366 1886 1408 inculcavit
1906 1370 2062 1408 Gram-

240 1444 429 1483 maticus
466 1450 650 1493 prorsus
682 1439 899 1490 repugnat
940 1439 984 1477 et
1023 1438 1114 1478 avis
1145 1439 1328 1477 naturae
1360 1440 1473 1477 etv.
1506 1438 1610 1477 ⁶256:
1657 1438 1751 1477 Non
1787 1441 1926 1477 tamen
1962 1438 2062 1478 haec

240 1514 321 1552 alte
348 1511 528 1551 volucri-s
556 1521 633 1548 sua
663 1520 843 1558 οονρονα-
878 1508 981 1547 tollit
1012 1510 1094 1547 cet.
1148 1507 1320 1547 Scilicet
1349 1508 1446 1546 elice
1484 1508 1527 1546 in
1556 1508 1690 1547 ilicem
1720 1509 1928 1559 corrupto
1957 1508 2062 1548 huic

240 1581 549 1633 quaerendum
572 1581 666 1619 erat
695 1577 813 1617 aliud
844 1578 1091 1629 epitheton,
1127 1577 1248 1628 quod
1277 1576 1525 1628 praebebat
1550 1575 1658 1616 alius
1680 1576 1883 1617 eiusdem
1901 1579 2060 1629 poetae

240 1652 364 1692 locus
394 1653 442 1691 A.
476 1653 524 1689 Α.
559 1649 606 1697 3,
642 1648 748 1688 449:
782 1647 862 1687 Sed
891 1658 1021 1697 neque
1047 1658 1259 1686 ramosa
1288 1646 1525 1686 numerabis
1552 1648 1595 1685 in
1624 1647 1736 1686 ilice
1763 1646 1948 1697 glandes.

349 1722 409 1762 Ex
440 1717 568 1761 simili
597 1717 906 1758 recordatione
938 1718 1032 1756 orta
1064 1718 1132 1757 est
1159 1715 1438 1768 interpolatio
1469 1716 1578 1767 Epp.
1614 1716 1629 1755 4
1654 1747 1662 1763 ,
1697 1715 1768 1763 48,
1804 1715 1847 1754 94
1875 1727 1882 1753 ε

454 1791 643 1837 Potores,
676 1786 814 1827 bibuli
845 1787 992 1828 media
1024 1786 1079 1826 de
1110 1788 1239 1826 nocte
1272 1785 1440 1826 Falerni

459 1859 655 1899 Oderunt
676 1862 875 1908 porrecta
904 1861 1123 1909 neyantem
1150 1857 1326 1907 pocula,
1371 1856 1560 1906 quamvis
1585 1876 1648 1903 -,
1682 1855 1757 1895 ubi
1786 1855 1887 1896 vide
1919 1855 2062 1896 adno-

517 1929 742 1968 tationem.
