2231 3787
198 274 298 324 304

268 402 592 472 Penelopam
631 398 795 452 facilis
837 398 1026 468 potiori
1068 396 1231 449 trade.

810 269 1022 309 HORATH
1054 268 1353 309 ‘SATIRARUM

1311 398 1539 448 Putasne
1560 396 1584 445 ἱ)

271 503 497 558 perduci
538 501 731 572 poterit
770 509 875 552 tam
916 498 1047 567 l'rugi
1089 506 1303 567 tamque
1345 495 1568 567 pudiea,

271 607 443 670 Quam
481 603 740 674 nequiere
780 600 928 671 proci
968 607 1116 651 recto
1156 597 1429 668 depellere
1468 597 1671 650 eursu?

273 707 424 760 Venit
463 706 630 767 enirn,
672 721 924 774 magnum
965 699 1198 754 donandi
1240 715 1427 770 parca,
1470 698 1743 757 iuventuS,

272 810 379 862 Nec
419 816 619 859 tantum
658 803 894 863 veneri&
937 809 1194 872 quant-um
1236 798 1479 852 studiosa
1518 797 1744 852 culinae.

1947 797 2015 847 80

273 910 358 962 Sic
399 908 489 961 tibi
530 905 799 975 Penelope
840 903 973 973 frugi
1014 911 1121 963 est,
1164 917 1305 972 quae
1346 901 1389 953 si
1431 899 1598 953 semel
1637 917 1743 952 uno

272 1012 348 1064 De
389 1025 518 1062 sene
559 1007 781 1078 gustarit
819 1015 997 1058 tecum
1034 1003 1227 1074 partita
1264 1000 1544 1063 lucellum,

273 1113 334 1166 Ut
375 1110 521 1164 canis
561 1125 590 1161 a
629 1108 775 1161 corio
814 1123 1090 1177 nunquam
1129 1101 1519 1157 absterrebitur
1556 1110 1733 1156 uncto,

312 1261 379 1300 76.
426 1260 674 1310 Penelopam
704 1258 839 1306 bScE,
874 1269 931 1297 κυ
965 1259 1007 1295 et
1038 1256 1233 1306 quinque
1274 1253 1485 1301 pomerii,
1520 1252 1612 1301 LC,
1645 1251 1812 1301 Bentl.,
1846 1252 1964 1293 FMJ:

259 1323 493 1372 Penelopem
524 1333 550 1373 p
583 1326 627 1361 et
656 1320 849 1361 Potitierii
878 1318 1103 1370 plerique,
1135 1317 1357 1366 Penelopen
1387 1317 1417 1354 t.
1445 1337 1490 1342 ——
1523 1314 1589 1354 79.
1618 1315 1733 1354 Venit
1753 1314 1862 1354 enim
1878 1325 1970 1353 ma-

255 1398 358 1438 gno:
390 1385 571 1424 donandi
601 1385 777 1423 Simeon
808 1382 991 1430 Bosius,
1027 1378 1396 1429 Cuninghamius‚
1434 1377 1549 1416 Venit
1578 1377 1686 1415 enim
1716 1376 1968 1427 (indiqnum)

258 1448 441 1488 donandi
483 1444 705 1485 Bentleius
747 1444 1016 1484 coniectura.
1069 1464 1111 1470 -
1160 1440 1226 1480 81.
1272 1439 1474 1488 Penelopa
1516 1437 1654 1478 Bentl.
1689 1441 1733 1478 et
1763 1439 1791 1478 F
1825 1439 1968 1478 invitis

258 1510 507 1550 Codieibus.
546 1531 588 1537 ——
624 1507 689 1548 83.
726 1506 1004 1547 emet-rebitur
1035 1502 1175 1544 Codd.
1201 1502 1430 1542 Torrentii.
1459 1525 1503 1529 —
1529 1501 1594 1540 87.
1619 1501 1676 1540 sic
1698 1500 1837 1540 Codd.
1865 1499 1967 1552 aliq.

205 1636 344 1675 brevi.
378 1632 474 1672 Vid.
500 1632 555 1672 ad
585 1634 671 1671 Sat.
696 1632 742 1680 2,
767 1630 815 1679 3,
850 1630 916 1669 38.
944 1651 987 1656 -—
1013 1629 1085 1667 Pe-

206 1697 406 1748 nelopam]
433 1695 699 1735 «Observavi
720 1694 761 1732 in
783 1692 960 1739 lambis,
986 1692 1084 1730 Ser-

205 1761 410 1802 monibus
452 1762 495 1799 et
539 1757 740 1810 Epistolis
784 1757 959 1796 Latinas
1002 1755 1083 1794 de—

207 1824 462 1864 clinationes
494 1822 699 1861 libentius
740 1818 954 1858 adhibere
994 1819 1084 1856 No-

207 1891 371 1934 strum,
425 1885 465 1923 in
517 1882 797 1923 Carminibus
847 1883 1080 1920 Graecas.»

206 1951 358 1989 Bes-u.
395 1946 516 1986 Conf.
536 1949 687 1985 tamen
707 1956 748 1983 ν.
769 1945 812 1984 81
834 1955 842 1981 ;
875 1942 1082 1991 Penelope.

208 2013 316 2062 Epp.
355 2011 395 2057 l,
440 2009 483 2048 7.
527 2007 606 2048 411:
652 2007 801 2045 Ithace.
839 2028 882 2034 —-
918 2004 1084 2055 potiori]

210 2073 404 2112 «tibimet
428 2071 509 2122 ipsi
529 2068 867 2120 praeferendo.»
919 2066 983 2105 Cf.
1005 2065 1082 2105 Od.

209 2137 257 2183 3.
292 2135 337 2183 9,
372 2135 409 2173 Ξ.
433 2155 477 2161 -
498 2130 705 2171 Putasne?
727 2131 830 2180 cet]
855 2130 1018 2179 «Ulysse
1040 2140 1088 2168 ne

212 2207 388 2246 ‘marque
415 2206 495 2245 pas
527 2196 568 2233 la
590 2194 778 2232 moindre
805 2194 1085 2243 repugnance,

213 2264 249 2300 el
293 2262 404 2298 toute
445 2269 517 2296 son
548 2256 784 2306 inquietudo
827 2258 884 2294 est
927 2265 1004 2304 que
1039 2266 1087 2293 sa

208 2322 356 2372 femme
387 2331 435 2359 ne
463 2330 504 2358 se
533 2319 655 2358 rende
685 2322 776 2367 trop
799 2317 983 2368 difficile,
1017 2316 1089 2355 elle

212 2384 281 2434 qul
312 2395 337 2422 a
368 2382 516 2421 resiste
543 2381 566 2420 ὰ
600 2384 729 2419 toules
766 2380 820 2418 les
852 2379 1091 2428 pom-suites

212 2448 261 2485 (Ie
290 2449 379 2484 tant
409 2446 660 2483 d'amants.»
701 2443 874 2482 DACIER.
913 2463 959 2470 —
989 2442 1091 2481 Per-

213 2509 321 2558 duei]
354 2506 552 2547 Verbum
583 2505 813 2556 proprium
835 2503 889 2543 de
910 2504 982 2551 iis,
1017 2504 1091 2554 qui

216 2569 423 2610 mulieres
461 2569 517 2608 ad
558 2570 709 2619 stupra
748 2570 880 2617 atque
918 2564 1092 2605 adulte-

214 2635 276 2672 ria
309 2634 538 2683 corruptas
569 2630 625 2669 ad
655 2629 869 2669 moechos
901 2628 1087 2677 ducunt,

213 2694 330 2734 unde
371 2694 512 2734 subst.
545 2693 783 2742 perductor.
846 2691 935 2730 Cic.
958 2691 1085 2729 Verr.

213 2760 316 2797 Ace.
338 2758 351 2795 l
372 2788 380 2803 ,
407 2757 477 2803 42,
503 2755 574 2794 33:
609 2754 815 2801 lenonum,
838 2753 1086 2800 aleatorum,

210 2819 505 2868 perductorum
540 2817 658 2855 »nulla
688 2815 837 2854 mentio
873 2815 964 2866 fiat.
1015 2814 1090 2853 Est

216 2881 486 2918 Graecorum
517 2873 891 2934 προαγωγεύειν,
939 2886 1090 2931 προα-

216 2941 411 2994 γωγεία,
465 2939 810 2979 «lenocinium.»
867 2960 910 2965 —
959 2936 1088 2987 frussi]

221 3002 414 3041 «br-ar.»
464 3002 592 3040 VOSS.

272 3063 416 3102 79-83.
474 3063 585 3101 Venit
625 3063 732 3101 enim
767 3062 867 3110 cet]
901 3059 1090 3099 «Pudica

217 3125 362 3163 adhuc
394 3126 475 3171 est,
510 3124 670 3169 satem-3
705 3133 807 3161 narn
838 3121 984 3173 proci,
1019 3120 1092 3170 qui

219 3187 401 3227 domum
442 3188 561 3225 tuam
601 3186 838 3231 venerunt,
886 3183 927 3221 id
971 3183 1094 3232 quis-

220 3260 305 3300 que
337 3249 541 3287 causatus
574 3257 621 3285 se
654 3257 752 3284 eam
790 3246 831 3284 in
863 3245 1094 3283 matrimo-

219 3313 341 3351 nium
363 3310 526 3349 ducere
547 3306 677 3353 velle,
712 3308 893 3358 propter
916 3306 1092 3345 nimiam

220 3372 539 3425 parcimoniam
559 3370 739 3409 minime
763 3368 970 3419 propensi
994 3370 1094 3407 sunt

221 3435 276 3473 ad
309 3445 405 3473 eam
438 3433 606 3482 magnis
638 3431 763 3471 donis
802 3440 1094 3481 corrumpen-

222 3498 323 3535 clam
375 3499 486 3535 cet.»
540 3518 584 3525 —
637 3504 833 3545 rnaqnum
889 3491 1092 3542 donandi}

1145 1626 1359 1667 Mundum
1389 1625 1657 1665 muliebrem
1688 1625 1728 1664 ei
1759 1636 1865 1666 sane
1897 1623 2024 1665 obtu-

1146 1688 1291 1729 lerant
1315 1688 1485 1740 (Odyss.
1511 1701 1555 1737 o,
1580 1688 1709 1738 29l.),
1736 1686 2024 1727 «munuscula

1147 1754 1341 1800 tamem»
1364 1752 1504 1802 inquit
1529 1751 1739 1800 Tiresias,
1775 1750 1918 1791 «haud
1940 1749 2029 1791 suf-

1148 1813 1338 1853 ficientia
1359 1812 1414 1852 ad
1446 1811 1766 1852 conciliandam
1796 1811 1879 1852 sibi
1906 1814 2028 1851 tuam

1146 1886 1374 1917 uxorem.»
1435 1876 1577 1915 Locus
1598 1873 1828 1914 facillimus
1856 1884 1936 1914 cur
1954 1884 2031 1913 va·-

1149 1938 1212 1976 rie
1235 1936 1488 1977 sollicitatus
1520 1938 1595 1985 sit,
1627 1937 1698 1975 vix
1729 1935 2026 1987 intelligimus.

1150 2000 1253 2038 Sim.
1277 1999 1392 2038 Bosii
1425 1999 1537 2037 coni.
1570 1997 1859 2048 significaret:
1908 1998 2026 2037 «Ma-

1150 2072 1234 2112 gno
1265 2060 1431 2100 venalis
1463 2063 1551 2108 est;
1598 2061 1722 2111 proci
1761 2071 1868 2099 vero
1907 2059 2030 2111 parci

1151 2126 1195 2163 et
1238 2123 1447 2163 sordidi.»
1497 2145 1541 2151 -
1588 2123 1650 2162 De
1692 2133 1785 2162 sene
1825 2121 2027 2174 qustarit]

1152 2187 1304 2237 Figura
1337 2186 1470 2225 etiam
1502 2185 1680 2225 Graecis
1720 2185 1895 2224 usitata.
1941 2185 2030 2223 Ae-

1152 2248 1292 2298 schyl.
1316 2250 1486 2299 Fragm.
1505 2247 1599 2287 224.
1619 2246 1766 2287 Dind.:
1800 2241 1860 2287 οὔ
1878 2258 1940 2298 με
1959 2241 2030 2298 μὴ

1151 2308 1278 2367 λάθῃ
1333 2309 1521 2363 φλέγων
1570 2303 1872 2361 Ὁφθαλμός,
1927 2303 2034 2360 ἥτις

1152 2368 1327 2430 ἀνδρὸς
1355 2365 1388 2429 ᾗ
1417 2371 1691 2425 γεγευμένη.
1714 2395 1759 2399 —-
1784 2375 1916 2410 lecum
1928 2381 2034 2420 par-

1151 2437 1228 2475 lita
1271 2433 1474 2485 lucellum]
1518 2435 1687 2473 Seneca
1726 2433 1860 2484 Epist.
1894 2434 1943 2472 5:
1987 2436 2035 2471 ut

1151 2499 1272 2537 huius
1319 2507 1481 2546 quoque
1528 2496 1608 2534 diei
1664 2495 1854 2534 lucellum
1903 2499 2034 2534 lecum

1153 2560 1463 2600 communicem.
1518 2557 1641 2596 Conf.
1666 2557 1791 2596 Hand
1821 2557 1945 2596 Turs.
1977 2557 2030 2596 11.

1151 2634 1194 2674 p.
1221 2621 1312 2662 447.
1342 2644 1386 2649 -
1410 2622 1459 2660 Ut
1476 2620 1593 2659 canis
1614 2620 1717 2668 cet.]
1742 2618 2034 2659 Proverbium

1153 2685 1247 2724 erat
1267 2682 1384 2734 apud
1411 2684 1619 2722 Graecos.
1645 2681 1830 2720 Theoer.
1854 2680 1932 2729 40,
1957 2681 2028 2720 ll:

1152 2741 1364 2794 χαλεπὸν
1395 2745 1544 2800 χορίω
1566 2740 1689 2783 κύνα
1715 2739 1900 2796 γεῦσαι.
1952 2743 2035 2782 Lu-

1154 2809 1265 2848 cian.
1310 2806 1409 2846 adv.
1451 2806 1620 2846 Indoct.
1664 2806 1741 2845 25:
1794 2798 1905 2845 οὐδὲ
1941 2800 2034 2861 γὰρ

1153 2866 1281 2910 κύων
1320 2861 1450 2919 ἅπαξ
1493 2864 1713 2908 παύσαιτ’
1753 2862 1817 2906 ἄν
1856 2878 2033 2907 σκυτο-

1154 2935 1342 2988 τραγεῖν
1369 2928 1616 2982 μαθοῦσα.
1652 2928 1783 2970 Paulo
1800 2928 1926 2969 aliter
1945 2930 2035 2970 Ma-

1156 2996 1299 3033 ximus
1331 2993 1455 3033 Conf.
1488 2994 1591 3032 XLI.
1615 3004 1657 3044 p.
1683 2991 1764 3032 64:
1796 2988 1926 3032 κύων
1944 3002 2033 3043 με-

1156 3053 1360 3108 λετήσας
1382 3053 1574 3112 σαρκῶν
1596 3050 1924 3107 ἀπογεύεσθαι
1944 3065 2036 3102 φυ-

1156 3117 1339 3157 λάττειν
1352 3114 1512 3157 οὐκέτι
1528 3113 1725 3157 δύναται
1740 3111 1828 3167 τὴν
1840 3109 2031 3169 ἀγέλην.

1162 3204 1204 3209 -
1256 3191 1472 3230 nunquam
1519 3178 1837 3229 absterrebitur]
1889 3179 2036 3217 «Nun-

1158 3254 1316 3294 quam,
1362 3243 1488 3290 dicit,
1533 3241 1588 3280 ab
1621 3241 1822 3292 impenso
1852 3237 1922 3278 illo
1954 3239 2037 3279 he-

1160 3306 1397 3345 reditatum
1428 3303 1748 3355 captandorum
1778 3300 1923 3341 studio
1954 3300 2037 3340 de-

1159 3369 1258 3408 duci
1293 3367 1495 3418 poterit.»
1522 3390 1565 3394 —
1589 3363 1724 3414 uncto]
1757 3363 1886 3414 adipe
1915 3362 2037 3402 vide-

1160 3429 1280 3475 licet,
1316 3439 1400 3468 non
1426 3427 1547 3475 oleo,
1581 3428 1628 3465 ut
1657 3424 1725 3464 alii
1755 3423 1977 3476 supplent.

1214 3490 1358 3530 84-89.
1414 3487 1623 3539 improba]
1670 3488 1872 3534 «astuta,
1920 3496 2033 3536 quae

2052 1196 2075 1226 O
