2231 3787
240 247 335 300 132
870 249 1085 290 HORATn
1116 250 1418 291 SATIRARUM

305 380 566 435 Omnibus
607 389 658 435 et
695 381 854 452 lippis
893 390 1076 434 notum
1116 388 1168 434 et
1206 380 1514 434 tonsoribus
1555 396 1693 433 esse.

300 483 518 537 Persius
557 482 642 537 hic
679 500 973 554 permagna
1010 482 1224 553 negotia
1263 481 1414 535 dives
1453 480 1688 534 habebat

303 584 662 647 Clazomenis,
707 585 866 638 etiam
904 584 1023 638 lites
1063 602 1185 638 cum
1224 586 1369 654 Rege
1407 582 1690 646 molestaS,
2020 602 2050 633 o

298 686 477 739 Durus
516 685 676 739 homo
717 695 878 757 atque
918 685 1043 738 odio
1085 686 1176 756 qui
1216 693 1401 756 posset
1438 684 1656 738 vincere
1695 687 1924 756 Regem,

298 787 586 841 Confidens
624 787 995 859 tumidusque,
1038 787 1175 840 adeo
1216 787 1481 840 sermonis
1521 787 1709 848 amari,

296 890 577 951 SisennaS,
618 890 815 942 Barros
855 897 913 941 ut
951 889 1106 960 equis
1146 897 1523 959 praecurreret
1562 888 1713 942 albis.

293 990 372 1043 Ad
411 993 612 1061 Regem
649 990 833 1044 redeo.

329 1164 367 1205 4.
411 1164 561 1216 ayebat
599 1165 778 1204 Servius
822 1163 879 1204 ad
907 1165 1016 1204 Aen.
1050 1163 1090 1214 4,
1124 1163 1218 1204 345.
1257 1187 1300 1192 —-
1343 1164 1381 1203 5.

910 991 1203 1061 Postquam
1241 990 1368 1042 nihil
1408 990 1545 1044 inter
1581 998 1872 1062 utrumque

1425 1167 1462 1203 et
1491 1164 1579 1203 iam
1606 1164 1749 1204 Bothii
1780 1164 1991 1215 suspicio.

279 1248 323 1254 —
356 1227 395 1266 7.
429 1227 612 1266 tumidus
641 1226 690 1275 d,
725 1226 864 1266 Codd.
899 1226 987 1266 duo
1018 1227 1184 1274 Vatic.,
1219 1227 1340 1265 Iann.
1374 1227 1502 1265 Torn.
1533 1224 1734 1266 Blandin.
1762 1225 1992 1276 antiquiss.

276 1289 407 1329 Tons.
430 1288 546 1329 Busl.
580 1290 663 1328 LC.
724 1290 776 1330 Ut
805 1299 912 1338 nos,
946 1290 1082 1329 nostri
1116 1290 1307 1340 (praeter
1338 1288 1378 1339 d)
1412 1291 1456 1328 et
1485 1290 1702 1337 Pottierii,
1736 1290 1844 1328 item
1873 1287 1996 1328 Aldi-

277 1361 375 1390 nae.
413 1374 457 1379 —
491 1351 530 1390 8.
563 1352 729 1391 Bar-ras
760 1362 985 1403 superscr.
1019 1363 1042 1391 o
1073 1352 1122 1400 S,

216 1488 370 1523 setosus
390 1485 580 1524 nascitur
608 1484 742 1536 ibris.)
803 1483 890 1524 Cfr.
914 1482 1098 1524 Martial.

218 1547 262 1595 6,
297 1547 370 1595 39,
404 1548 491 1596 &Oq
523 1547 598 1586 ubi
621 1547 676 1586 de
698 1548 915 1598 scriptura
936 1546 1102 1585 hibi-ida

218 1612 260 1649 et
293 1611 429 1649 ibrida
449 1610 753 1650 Schneidewin
775 1609 1100 1650 consulendum

217 1677 370 1713 monet
400 1674 723 1714 Schneiderum
745 1673 801 1713 ad
829 1674 952 1712 Varr.
977 1674 1023 1713 R.
1049 1674 1096 1712 R.

216 1737 266 1783 2,
299 1737 339 1775 2.
372 1748 415 1788 p.
449 1736 544 1777 444.
594 1758 638 1764 -
681 1737 816 1788 lippis]
859 1736 1006 1776 «Adeo
1043 1736 1102 1776 ait

217 1797 487 1849 divolgatum
518 1810 643 1848 esse,
678 1799 840 1850 quibus
871 1799 1016 1839 modis
1038 1800 1102 1838 in-

217 1861 413 1900 sectatus
458 1862 512 1901 sit
556 1863 732 1902 Persius
770 1861 1015 1914 Rupilium,
1053 1864 1102 1901 ut

221 1925 266 1963 et
305 1924 348 1963 in
385 1925 613 1964 tonstrinis
651 1925 765 1964 haec
796 1926 839 1964 et
868 1925 1102 1964 medicinis

216 1985 437 2037 (tabernis
495 1986 779 2027 medicorum
826 1987 1096 2038 volgarium)

218 2051 394 2088 narrata
438 2050 538 2090 sint.
601 2051 709 2089 Fere
754 2053 902 2090 autem
946 2051 989 2090 in
1031 2051 1099 2090 his

217 2111 403 2152 officinis
434 2113 562 2152 otiosi
602 2111 746 2152 solent
783 2112 1016 2153 considere
1050 2123 1101 2152 ac

216 2185 290 2215 res
320 2173 576 2215 rumoribus
607 2175 910 2226 frequentatas
941 2174 1099 2215 fabulis

217 2236 490 2276 celebrare.»
523 2239 731 2276 Pomm-P..
782 2238 1102 2289 Frequentissi-

215 2310 316 2339 mus
358 2300 511 2350 utique
561 2300 727 2340 Romae
773 2300 959 2340 morbus
1005 2302 1101 2340 erat

214 2362 455 2415 lippitudo,
505 2373 591 2414 qua
636 2364 790 2403 tentati
833 2374 939 2404 sane
982 2365 1100 2403 tem-

214 2436 299 2477 pus
328 2425 400 2464 vix
431 2424 557 2465 aliter
586 2425 735 2466 fallere
773 2428 979 2478 poterant
1017 2427 1100 2467 nisi

216 2487 542 2528 confabulando
570 2488 613 2528 in
635 2488 808 2529 officina
831 2489 990 2541 aliqua,
1023 2489 1100 2529 ubi

217 2562 271 2591 ex
292 2552 577 2602 antiquorum
607 2562 732 2592 more
764 2553 969 2593 homines
992 2564 1101 2592 con-

215 2613 478 2661 veniebant,
511 2615 560 2652 ut
588 2625 670 2654 nos
702 2614 744 2653 in
775 2614 1097 2666 thermopoliis.

217 2676 288 2715 Sic
317 2675 539 2726 Aristoph.
573 2674 684 2715 Plut.
720 2676 827 2716 337:
876 2673 1020 2730 2όγος
1058 2678 1098 2731 γ

218 2730 279 2790 ἦν
308 2760 331 2766 -
360 2761 384 2766 -
415 2733 565 2787 πυλὶς
598 2732 703 2778 Επὶ
745 2742 875 2779 τοῖσι
913 2741 1101 2796 κουρεί-

220 2811 319 2839 οισι
348 2796 442 2839 τῶν
468 2799 662 2852 καθηιιέ
665 2813 772 2840 νων.
809 2802 1032 2841 Chariton
1060 2802 1098 2850 4,

221 2864 301 2902 42:
340 2857 419 2902 οἷα
450 2860 500 2902 δὲ
530 2857 729 2916 ἀλγῶν
759 2863 837 2904 ἐπί
864 2876 993 2914 τινος
1024 2863 1101 2920 ἐρ-

217 2926 482 2982 γαστηρίου
513 2923 752 2978 καθῆστο,
784 2927 862 2966 ubi
892 2926 1100 2966 D'Orville

223 2991 406 3040 praeter
427 2987 533 3028 alios
554 2987 675 3028 locos
697 2989 825 3028 affert
853 2989 1012 3039 Lysiae
1036 3000 1098 3028 or.

218 3049 287 3091 24.
322 3050 359 3101 ἓ.
384 3051 459 3090 ’203
494 3044 699 3101 ἕκαστος
730 3046 865 3103 ὖιιῶν
896 3048 1101 3091 εἰθισται

220 3109 548 3170 ποοσφοιτᾶν,
597 3108 624 3152 ὁ
653 3112 744 3165 μὲν
790 3109 909 3170 πρὸς
947 3126 1102 3171 μυοο-

221 3173 344 3215 πωλσ
326 3178 441 3226 elev,
465 3170 491 3214 ὁ
517 3173 567 3215 δὲ
589 3172 709 3233 πρὸς
738 3178 1038 3246 κουρεῖον,
1073 3170 1101 3215 ὁ

220 3236 315 3279 δὲ
302 3234 421 3295 ποὸς
451 3240 829 3290 σκυτοτομεῖον,
865 3233 892 3277 ὁ
922 3235 959 3277 δ’
988 3231 1103 3279 ὅποι

220 3296 281 3341 ἄν
321 3298 460 3359 τύχῃ.
522 3299 660 3341 Plaut.
703 3301 921 3352 Amphiti.
962 3299 1009 3349 4,
1053 3302 1098 3350 4,

223 3365 276 3404 5;
316 3365 365 3404 In
392 3364 626 3412 medicinis,
659 3363 704 3402 in
723 3363 955 3413 tonstrinis,
989 3364 1103 3413 apud

223 3427 355 3466 omnis
375 3427 488 3468 aedis
503 3437 649 3466 sacras
664 3425 766 3465 Sum
787 3425 964 3477 defessus
979 3437 1103 3475 quae-

222 3489 400 3530 rit-ando.
460 3491 680 3531 Tonsores
703 3490 853 3530 autem
874 3489 962 3529 iam
984 3487 1102 3541 apud

1160 1352 1314 1391 Varros
1344 1364 1383 1390 c.

1168 1484 1376 1534 antiquos
1416 1486 1600 1535 propter
1637 1483 1939 1534 garrulitatem
1984 1483 2050 1523 fa-

1167 1547 1295 1586 mosi.
1356 1545 1510 1597 Polyb.
1546 1546 1593 1594 3,
1635 1547 1708 1595 20,
1751 1548 1805 1585 5:
1857 1539 1914 1586 οὗ
1958 1541 2051 1602 γὰρ

1169 1610 1406 1665 ἱστορίας,
1466 1603 1588 1648 ἀλλὰ
1647 1608 1920 1667 κουρεακῆς
1966 1611 2050 1649 καὶ

1167 1669 1422 1725 πανδήμου
1445 1670 1612 1723 λαλιᾶς
1634 1672 1745 1725 ἐμοί
1772 1686 1825 1727 γε
1847 1671 2051 1714 δοκοῦσι

1163 1732 1298 1787 τάξιν
1329 1730 1457 1783 ἔχειν
1486 1737 1567 1775 καὶ
1597 1732 1803 1789 δύναμιν
1826 1733 1903 1788 (τὰ
1924 1736 2046 1778 Xan,

1166 1799 1277 1856 ρέου
1300 1799 1382 1838 καὶ
1408 1797 1627 1839 Σωσίλου
1651 1796 2042 1856 συγγράμματα).

1168 1862 1254 1901 Cfr.
1299 1860 1518 1901 Plutarch.
1562 1861 1668 1918 περὶ
1711 1856 1844 1901 ἆὸολ.
1885 1862 1951 1902 43.
1996 1884 2044 1890 —

1166 1924 1321 1975 notum]
1357 1926 1472 1963 «Nec
1504 1926 1654 1964 tamen
1685 1924 1932 1975 quidquam
1962 1925 2050 1964 im—

1165 1987 1310 2039 pedit,
1345 1997 1432 2038 quo
1465 1988 1612 2026 minus
1645 1998 1726 2037 ego
1748 1998 1927 2038 quoque
1949 1998 2049 2028 rem

1166 2048 1398 2089 ridiculam
1441 2050 1613 2100 poetica
1658 2050 1910 2089 narratione
1949 2061 2050 2090 me-

1166 2113 1334 2151 moriae
1365 2111 1584 2151 tradam.»

1220 2175 1312 2216 4-8.
1359 2175 1540 2226 negotia]
1583 2175 1710 2214 «Erat
1750 2175 1870 2215 enim
1909 2185 2049 2226 nego—

1168 2240 1299 2279 tiator
1343 2238 1462 2289 apud
1508 2237 1840 2278 Clazomenas.»
1904 2239 2045 2278 Comi.

1168 2302 1297 2347 CRUQ.
1350 2299 1545 2351 intellige
1578 2301 1712 2340 etiam
1741 2301 1955 2352 pecunias
1981 2300 2049 2340 fe-

1167 2364 1265 2403 nori
1306 2362 1487 2404 locatas.
1524 2387 1569 2391 —
1611 2363 1771 2415 Durus}
1813 2364 2049 2415 «pervicax

1167 2430 1211 2467 et
1254 2437 1503 2467 morosus.»
1549 2450 1594 2454 —
1637 2426 1744 2478 odio]
1795 2425 2044 2474 «molestia,

1166 2501 1253 2542 qua
1297 2490 1431 2529 homo
1475 2490 1713 2528 riaeatorius
1750 2494 1787 2529 et
1839 2490 2050 2541 iurqiosus

1167 2553 1340 2604 (Fronto
1386 2551 1443 2590 ad
1486 2553 1540 2592 M.
1584 2552 1712 2592 Caes.
1754 2553 1833 2603 Ep.
1866 2551 1914 2601 4,
1962 2551 2045 2603 42.)

1166 2625 1322 2655 omnes
1339 2614 1517 2653 afficere
1536 2613 1728 2663 solebat,
1754 2614 1871 2653 unde
1889 2624 2046 2655 omnes

1167 2688 1272 2717 eum
1320 2676 1654 2717 fastidiebant.»
1708 2700 1754 2705 —-
1806 2677 2045 2729 Confidens]

1167 2741 1256 2780 Cic.
1290 2741 1418 2780 Tusc.
1452 2739 1501 2789 3,
1535 2740 1581 2788 7,
1616 2738 1690 2780 44:
1726 2739 1804 2788 Qui
1832 2739 1953 2790 fortis
1972 2743 2044 2789 est,

1163 2803 1271 2842 idem
1307 2806 1364 2841 est
1398 2802 1592 2853 fidens‚·
1639 2802 1837 2851 quoniam
1873 2803 2048 2854 confi-

1165 2865 1289 2904 dens
1315 2864 1432 2903 mala
1460 2865 1751 2904 consuetudine
1780 2865 1974 2913 loquendi
2002 2866 2047 2904 in

1163 2927 1263 2966 vitio
1277 2927 1475 2977 ponitur,
1510 2928 1679 2967 ductum
1697 2926 1869 2967 verbum
1890 2939 1919 2968 a
1936 2939 2047 2968 con-

1163 2989 1396 3041 fidendo,
1443 2990 1552 3039 quod
1594 2990 1732 3029 laudis
1774 2993 1844 3030 est.
1906 2988 2040 3030 Lucil.

1167 3052 1237 3101 40,
1272 3051 1310 3091 8.
1346 3051 1473 3102 (Gerl.
1497 3063 1540 3103 p.
1566 3052 1669 3100 34-ss
1701 3053 1928 3103 Improbu’,
1950 3064 2046 3093 con-

1163 3114 1313 3165 fidens,
1358 3115 1495 3153 vnaius
1537 3119 1575 3154 et
1618 3126 1797 3164 nequam
1834 3116 2042 3155 videatur.

1166 3176 1341 3215 Terent.
1375 3177 1553 3217 Phorm.
1588 3179 1633 3225 4,
1667 3178 1715 3226 ⁶2,
1749 3178 1829 3217 72:
1877 3181 1935 3216 esc
1957 3189 2046 3228 pa-

1164 3238 1320 3277 rasitus
1349 3239 1512 3288 quidem
1540 3239 1754 3289 Phormio,
1784 3240 1916 3278 Homo
1946 3250 2047 3279 con-

1162 3300 1293 3351 fidens
1330 3300 1430 3352 (ein
1468 3302 1676 3353 frecher
1713 3301 1960 3353 Parasit).
1998 3325 2042 3330 —

1166 3363 1359 3415 tumidus]
1382 3358 1672 3421 ἀκράχολος,
1692 3363 1921 3404 iracundia
1941 3375 2042 3404 cum

1165 3425 1375 3477 superbia
1393 3427 1642 3468 coniuncta.
1660 3450 1703 3454 —
1718 3426 1926 3477 Sisennas,
1940 3427 2048 3466 Bar-

1163 3488 1252 3540 ros]
1285 3490 1411 3530 notos
1440 3491 1546 3530 tunc
1578 3500 1755 3530 scurras
1785 3489 2043 3531 maledicos]
