2231 3787
890 247 988 286 LlB.
1024 248 1052 285 1.
1118 246 1227 286 SAT.
1265 246 1310 285 V.

1949 244 2015 293 93

262 378 510 432 Proxima
551 378 822 448 Campano
863 377 1007 447 ponti
1049 393 1189 447 quae
1227 374 1432 435 villula,
1477 383 1673 428 tectum
1949 374 2013 425 4-55

260 480 533 544 Praebuit,
578 489 629 534 et
666 478 885 551 parochi
926 496 1067 550 quac
1107 477 1307 531 debent
1353 476 1493 548 ligna
1536 475 1832 547 salemque.

261 583 395 636 Hinc
432 582 560 635 muli
602 583 816 653 Capuae
857 579 1079 635 clitellas
1120 587 1365 650 tempore
1405 587 1624 649 ponunt.

258 686 459 737 Lusum
499 685 536 737 it
575 685 886 745 MaecenaS,
940 682 1231 735 dormitum
1272 698 1373 752 ego
1414 680 1800 752 Virgiliusquc,

257 785 651 857 Namquessfpila
688 785 847 857 lippis
888 784 1161 838 inimicum
1202 792 1255 837 et
1298 783 1489 838 ludere
1532 782 1730 838 crudis.

261 889 394 942 Hinc
434 906 532 941 1105
576 888 790 942 Cocceii
830 887 1021 958 recipit
1059 886 1375 958 plenissima
1414 884 1562 949 villa,

259 992 409 1056 Quae
451 1007 617 1062 super
655 998 737 1044 est
776 989 944 1043 Caudi
986 1006 1277 1060 cauponas

1949 887 2015 937 50

1356 990 1509 1042 Nunc
1549 987 1675 1041 mihi
1717 988 1904 1060 paucis

298 1142 363 1182 50.
399 1142 538 1182 Coccei
566 1142 701 1193 bScp.
738 1164 782 1169 —
816 1141 884 1181 5⁴.
918 1140 1068 1180 Clau-di
1096 1139 1338 1191 bScp,LCt.

187 1246 329 1295 ficari,
372 1255 597 1296 quemque
629 1243 896 1284 Maecenatis
927 1243 1070 1282 comi-

187 1310 281 1348 tum
337 1318 521 1360 prorsus
580 1306 795 1346 arbitratu
846 1316 927 1346 suo
986 1316 1066 1357 pro

186 1382 355 1422 suaque
396 1370 664 1410 necessitate
705 1369 790 1408 hoc
829 1370 873 1408 in
910 1369 1065 1408 itinere

187 1434 344 1484 egisse.
380 1456 428 1462 —-
459 1434 652 1482 Namque
683 1432 784 1484 001.]
824 1432 1063 1472 Construe:

185 1497 377 1546 Namque
407 1497 620 1536 inimicam
649 1495 772 1546 lippis
791 1499 828 1535 et
847 1495 988 1534 erasas
1007 1495 1070 1533 lu-

185 1561 280 1599 dere
317 1559 432 1609 pila3
481 1559 607 1610 quies
648 1560 800 1597 contra
842 1559 886 1597 et
929 1557 1069 1596 absti-

187 1622 334 1661 nentia
364 1622 597 1672 utriusque
630 1619 731 1660 mali
769 1620 933 1672 optima
967 1619 1069 1659 sunt

185 1684 398 1724 remedia.
461 1683 548 1724 Cfr.
584 1682 763 1724 Celsum
795 1683 841 1729 6,
876 1682 925 1721 6:
971 1683 1067 1722 Mo—

185 1747 279 1786 dica
328 1745 583 1798 (oculorum)
639 1745 916 1797 inflammatio
963 1755 1068 1783 nea—

184 1814 296 1850 tram
332 1821 386 1850 eaJ
421 1810 482 1848 his
523 1809 758 1859 (sanguinis
791 1808 1065 1848 detractione

186 1875 230 1913 et
259 1872 342 1913 alvi
368 1873 588 1924 ductione)
611 1872 823 1911 att-„ciliani
844 1871 1066 1919 desiderat,

183 1937 365 1985 satisque
393 1940 450 1976 est
478 1936 540 1976 uti
570 1937 703 1986 quiete
732 1939 769 1974 et
799 1934 1062 1974 abstinentia.

186 1999 312 2039 Gradi
342 2000 493 2038 autem
523 2000 646 2047 sunt,
688 1998 763 2049 qui
795 1997 920 2037 cibos
952 1995 1068 2035 disfi-

186 2060 326 2101 culter
347 2061 565 2112 digerunt.
625 2061 768 2110 Lippis
789 2060 994 2100 Horatius
1017 2069 1065 2098 se

186 2125 357 2175 ipsum,
405 2124 545 2163 crudis
579 2122 807 2174 Virgilium
846 2122 1068 2162 adnume-

187 2188 266 2225 rat.
292 2209 339 2214 —
362 2186 590 2238 inimicum]
623 2186 692 2226 Sic
713 2187 847 2226 etiam
868 2186 911 2224 in
933 2195 1068 2236 prosa

187 2260 250 2288 or.
282 2247 389 2289 Plin.
415 2250 466 2288 H.
491 2250 541 2288 N.
565 2249 642 2298 ⁶20,
677 2249 725 2288 9:
759 2248 934 2288 Mai-ina
954 2247 1070 2286 bras-

185 2312 272 2350 sica
310 2333 333 2339 —
362 2334 385 2340 -
421 2311 629 2350 stomacho
667 2311 967 2350 inimicissima.
1017 2331 1064 2337 —-

189 2373 320 2412 Caudi
359 2373 587 2425 cauponas]
635 2372 875 2420 CaudIum‚
922 2371 1069 2421 Hirpi-

189 2446 348 2475 norum
379 2435 612 2487 oppidum,
647 2437 801 2474 notum
832 2433 956 2473 clade
988 2434 1070 2473 Ro-

188 2508 425 2537 manorum
483 2498 526 2536 in
585 2495 780 2537 Furculis
832 2495 1064 2544 Caudinis,

187 2560 293 2599 XXI.
327 2560 382 2600 M.
407 2561 453 2600 P.
479 2559 671 2600 distabat
700 2570 724 2598 a
756 2559 922 2609 Capua.
974 2558 1067 2597 Hae

187 2632 424 2672 cauponae,
458 2623 634 2674 opinor,
659 2623 702 2661 in
715 2619 901 2673 ‘planitie
925 2620 1065 2668 erant,

190 2695 292 2724 cum
313 2684 528 2736 oppidum
558 2685 705 2736 ipsum
734 2684 777 2724 ln
801 2681 912 2723 clivo
934 2682 1067 2722 situm

190 2749 324 2788 esset.
392 2748 540 2787 Claudi
579 2758 604 2786 a
643 2745 792 2787 multis
831 2747 880 2785 ut
920 2745 1066 2784 notius

188 2808 457 2849 vocabulum
493 2808 783 2849 substitutum
823 2809 891 2848 est
931 2817 1068 2847 verae

188 2870 382 2911 lectioni.
443 2871 599 2912 Solitas
620 2873 773 2911 autem
800 2871 885 2910 iter
904 2870 989 2909 hoc
1010 2869 1070 2909 sa-

191 2934 400 2973 cientium
434 2935 688 2974 mansiones
719 2944 899 2984 semper
928 2932 1071 2983 signa-

190 2996 252 3034 vit
281 2997 436 3047 poeta,
479 2998 522 3036 et
553 2996 731 3045 Caudii,
774 2997 823 3035 ut
853 2996 1071 3035 testantur

190 3057 447 3106 Itineraria,
505 3059 647 3108 prima
703 3059 798 3098 erat
845 3068 870 3096 a
919 3057 1070 3108 Capua

192 3130 322 3160 mane
344 3118 578 3171 profectis;
612 3131 716 3160 nam
736 3120 904 3160 itineris
925 3119 1071 3159 diurni

192 3193 403 3223 mensura
434 3182 678 3222 admodum
709 3182 945 3222 commoda
976 3183 1071 3221 erat

193 3246 366 3286 circiter
394 3244 621 3285 XX-XXV.
654 3245 709 3285 M.
742 3245 808 3293 Ρ.,
841 3243 969 3284 nobis
991 3244 1071 3283 mi-

193 3306 286 3347 liar.
311 3308 516 3347 German.
541 3305 692 3355 lv-V.,
725 3305 807 3345 nisi
838 3305 959 3356 quod
980 3304 1070 3344 for-

195 3373 311 3410 tasse
343 3368 518 3410 duobus
547 3367 711 3408 ultimis
742 3366 901 3406 diebus
941 3365 1069 3416 legati

194 3432 278 3471 iter
320 3430 622 3471 accelerantes
664 3429 826 3469 XXXV.
862 3431 904 3469 et
945 3429 1067 3468 XLV.

196 3494 249 3532 M.
274 3495 317 3532 P.
344 3493 642 3534 confecerunt.
685 3492 794 3532 Fieri
827 3492 973 3530 tamen
994 3501 1072 3542 po-

1135 1241 1236 1290 tuit,
1270 1242 1318 1281 ut
1342 1240 1426 1281 hoc
1446 1240 1634 1280 biduum
1656 1240 1919 1291 dividerent,
1953 1243 2015 1282 uti

1134 1303 1377 1355 significavi
1406 1304 1449 1343 in
1480 1302 1630 1343 tabula
1660 1305 1840 1344 itineris.
1902 1306 2016 1344 Fue-

1133 1366 1222 1405 rint
1264 1366 1393 1417 igitur
1414 1377 1537 1409 ,vero
1578 1367 1756 1406 nomine
1805 1366 2016 1406 Tabernae

1135 1429 1369 1476 Caudinae,
1404 1439 1493 1468 non
1515 1428 1796 1479 Claudianae,
1829 1431 1878 1469 ut
1898 1428 2017 1481 apud

1135 1492 1224 1531 Cic.
1260 1490 1317 1530 ad
1354 1491 1474 1530 Fam.
1511 1491 1581 1540 16,
1624 1492 1696 1539 27,
1731 1492 1769 1531 2.
1818 1491 2019 1531 tabernae

1135 1554 1404 1594 Cossa-[ianae
1451 1556 1769 1593 memorantur.
1861 1555 2018 1595 Cocceii

1134 1618 1285 1655 autem
1304 1616 1449 1655 villam
1470 1617 1536 1654 Fr.
1564 1614 1714 1655 Daniel
1735 1618 1875 1666 putat,
1900 1627 2015 1667 quae

1133 1690 1249 1718 nunc
1281 1679 1323 1717 la
1351 1679 1555 1718 ‘masseria
1585 1679 1684 1717 delle
1705 1679 1901 1728 Moliche,
1936 1681 2019 1719 Ro-

1133 1739 1365 1780 manellius
1397 1741 1519 1792 ponit
1550 1741 1591 1779 in
1613 1741 1769 1780 vicinia
1800 1740 1908 1790 1001,
1942 1743 2018 1793 qui

1133 1814 1252 1842 nunc
1272 1804 1411 1842 Monte
1426 1802 1601 1842 Sarchio
1618 1802 1880 1854 appellatur,
1900 1803 2019 1844 Wal-

1134 1866 1396 1905 ckenaerius
1428 1875 1545 1904 nunc
1581 1865 1727 1905 Castro
1757 1866 1899 1906 Airolo
1934 1876 2019 1917 ap-

1132 1926 1288 1980 pellari
1320 1927 1439 1967 dicit.

1189 1991 1336 2030 511-55.
1381 1991 1503 2029 Nunc
1545 1990 1645 2029 mihi
1684 1991 1786 2042 cet]
1831 1991 2017 2031 Parodia

1131 2053 1246 2092 haec
1295 2054 1362 2092 est
1410 2052 1564 2092 festiva
1624 2054 1845 2094 Homerici
1904 2053 2017 2094 illius

1132 2114 1252 2154 Iliad.
1294 2113 1351 2163 β,
1399 2114 1498 2155 484ῑ
1546 2110 1749 2156 3Έσῖῑετε
1799 2111 1884 2156 νῦν
1930 2129 2018 2168 μοι

1132 2174 1327 2218 Μοῦσαι
1337 2172 1570 2229 Ὀλύμπια
1589 2175 1766 2230 δώματ’
1789 2172 2011 2230 ἔχουσαι,

1135 2241 1179 2280 01
1205 2239 1428 2280 similium.
1469 2240 1592 2280 Conf.
1625 2240 1818 2280 Iuvenal.
1853 2241 1898 2290 4,
1946 2242 2012 2283 34.

1132 2303 1302 2342 Verum
1332 2302 1387 2342 de
1418 2304 1511 2342 toto
1542 2303 1626 2342 hoc
1648 2302 1745 2342 1000
1766 2303 2017 2344 iudicemus

1139 2375 1327 2404 necesse
1360 2366 1428 2404 est
1458 2376 1545 2403 non
1574 2376 1628 2404 ex
1653 2367 1826 2414 nostro,
1860 2366 1939 2405 sed
1964 2377 2017 2405 ex

1133 2428 1435 2466 Romonorum
1458 2438 1614 2475 sensu,
1649 2428 1720 2478 qui
1745 2427 1798 2467 de
1821 2429 1889 2467 via
1912 2428 2017 2469 fessi

1134 2489 1177 2529 in
1207 2487 1281 2529 tali
1311 2499 1450 2528 coena
1472 2490 1563 2528 ruri
1592 2491 1748 2541 parata
1770 2489 1875 2530 nihil
1896 2489 2015 2530 aliud

1135 2552 1216 2592 nisi
1266 2549 1388 2590 leves
1434 2551 1556 2592 iocos
1606 2551 1892 2603 appetebant.
1969 2554 2016 2593 In

1133 2614 1218 2654 hac
1246 2613 1513 2665 praesertim
1543 2613 1826 2654 sermonibus
1858 2615 2018 2654 Socra-

1132 2677 1231 2717 ticis
1262 2676 1338 2715 aut
1377 2686 1485 2715 vere
1527 2675 1680 2716 amicis
1719 2674 1790 2715 vel
1834 2677 2019 2728 propter

1133 2739 1385 2787 Fonteium,
1424 2738 1599 2777 Antonii
1629 2738 1849 2787 amicum,
1893 2737 2016 2778 locus

1133 2813 1223 2842 non
1252 2802 1367 2850 erat,
1400 2802 1533 2851 atque
1555 2802 1656 2840 ante
1680 2801 1826 2840 omnia
1855 2800 2014 2852 poetis,

1134 2863 1332 2915 Virgilio,
1378 2863 1530 2912 VarIo,
1584 2863 1786 2912 Horatio,
1838 2862 2017 2902 vitanda

1135 2928 1289 2974 erant,
1355 2935 1650 2977 quaecunque
1711 2924 1768 2964 ad
1824 2936 1897 2965 res
1953 2925 2017 2965 ci-

1133 2988 1242 3029 viles
1283 2988 1523 3028 etiamtunc
1561 2987 1806 3027 admodum
1836 2988 2017 3028 intrica-

1134 3053 1201 3092 tas
1230 3051 1519 3103 pertinerent.
1579 3050 1717 3090 Nimis
1738 3049 1938 3100 profecto
1959 3049 2019 3090 fa-

1135 3114 1316 3155 stidiose
1358 3111 1551 3153 nonnulli
1592 3112 1821 3151 Horatium
1861 3123 2018 3163 repre-

1134 3176 1408 3224 henderunt,
1456 3174 1576 3226 quod
1618 3175 1710 3213 tam
1741 3174 1921 3225 copiose
1951 3173 2018 3214 le—

1135 3239 1334 3280 ctoribus
1365 3238 1567 3286 narrarit,
1602 3248 1738 3288 quam
1765 3235 2017 3276 cuiusmodi

1136 3301 1439 3342 oblectationis
1452 3298 1628 3351 plenam
1643 3299 1891 3350 requietem
1904 3298 2016 3336 haec

1136 3375 1275 3404 coena
1314 3364 1397 3402 iter
1436 3360 1698 3402 facientibus
1742 3358 2012 3411 praebuerit.

1135 3427 1268 3468 Munk
1313 3425 1367 3465 de
1411 3423 1619 3464 Atellanis
1664 3434 1707 3474 p.
1747 3422 1820 3460 60:
1870 3419 2016 3460 «Atel-

1136 3488 1261 3528 lanae
1300 3499 1385 3527 non
1424 3485 1567 3527 solum
1606 3483 1725 3537 plebi
1756 3481 2013 3535 placebant,
