2231 3787
248 240 342 292 108

876 241 1087 280 HORATll
1118 240 1416 281 SA'rlssAlzt'M

312 375 424 425 Non
463 389 698 442 unquam
738 372 907 441 pretio
950 370 1115 440 pluris
1155 369 1397 423 licuisse.
1442 376 1654 421 notante

312 473 516 526 Iudice,
561 490 668 541 quo
708 473 867 527 nosti.
911 470 1141 542 populo,
1184 471 1274 541 qui
1320 469 1511 522 stultus
1551 468 1782 520 honores
1991 464 2057 516 115

315 576 489 644 Saepe
529 573 619 627 dat
659 573 888 643 indignis
933 581 985 625 et
1022 571 1193 624 famae
1233 570 1397 622 servit
1438 569 1673 638 ineptus,

313 676 414 740 Qui
454 684 630 745 stupet
667 675 719 726 in
757 673 917 726 titulis
969 682 1020 726 et
1058 670 1394 741 imaginihus.
1474 667 1616 732 Quid
1654 675 1864 738 oportet

357 817 417 857 it.
445 817 570 866 pretii
603 817 641 855 in
675 826 825 854 rasura
858 813 902 853 b.
955 836 994 842 -
1048 814 1112 852 45.
1147 823 1266 861 qicem
1295 811 1402 849 *nosti
1432 811 1502 858 Lt,
1537 821 1638 859 quo,
1680 808 1818 849 nosti?
1849 810 1896 849 C.
1945 809 2008 859 (Ut

299 891 395 919 nos.
429 888 584 917 omnes
615 878 777 923 nostri,
810 875 1015 921 Bentleii,
1064 872 1287 922 Pottierii.)

296 945 428 990 stupet
457 941 566 979 mire
598 939 791 977 distinxit
821 937 1044 976 Heinrich.

246 1042 525 1080 aestimatum
557 1050 655 1079 esse
686 1037 820 1077 veluti
852 1038 894 1076 in
924 1036 1122 1075 licitatio-

247 1115 300 1143 ne
333 1115 366 1143 s.
400 1103 622 1149 auctione;
667 1112 706 1140 es
735 1101 790 1140 sei
820 1100 886 1139 m‘e
913 1099 1030 1138 mehr
1060 1098 1123 1136 als

245 1167 306 1204 ein
347 1165 482 1204 Heller
512 1164 592 1213 auf
627 1163 690 1202 ι’]ιη
731 1162 895 1213 ῃεὺοίεη
934 1161 1119 1200 worden.

247 1226 464 1277 Gargallo:
510 1227 702 1276 Preyialo
734 1237 811 1264 non
852 1225 899 1275 fu
928 1224 1015 1263 mat
1046 1222 1124 1273 piu

247 1291 341 1328 d'un
388 1289 587 1328 (Ιαηιιαὶο.
655 1288 844 1337 (Lucian.
893 1287 1000 1325 Tim.
1040 1284 1120 1324 24:

247 1350 442 1401 πολλοῖς
489 1346 650 1400 ἄλλοις
704 1345 965 1402 Ἀθηναίων
1013 1342 1123 1387 οὐδὲ

248 1408 427 1461 ὀβολοῦ
455 1408 643 1464 ἀξίοις.)
675 1411 786 1451 Audi
818 1414 967 1450 tamen
990 1411 1125 1449 etiam

248 1475 505 1517 Herbstium
548 1474 573 1513 l.
615 1474 642 1513 l.
676 1485 717 1525 p.
753 1474 829 1513 26:
885 1473 1125 1523 «Apertum

249 1542 314 1579 est
344 1538 482 1577 verba
512 1538 567 1576 ita
601 1548 698 1577 esse
722 1534 1001 1586 accipienda:
1036 1544 1125 1572 non

247 1600 422 1639 licuisse
455 1600 693 1638 Laevinum
724 1609 811 1636 uno
846 1607 946 1636 asse
987 1593 1125 1646 pluris

248 1663 337 1713 (um
365 1662 427 1700 ein
457 1661 531 1700 Ass
555 1660 685 1710 mehr)
717 1659 773 1698 oh
810 1658 867 1706 id,
902 1656 1021 1708 quod
1052 1667 1127 1695 or-

247 1728 319 1764 tus
356 1725 476 1764 esset
513 1721 640 1762 claris
677 1719 934 1761 maioribus.
996 1719 1128 1757 Simi-

248 1785 347 1826 liter
389 1784 561 1824 locutus
607 1786 674 1823 est
717 1783 922 1822 Horatius
953 1782 1041 1820 Sat.
1075 1781 1123 1827 ⁶2,

249 1849 296 1895 3,
331 1849 401 1887 92:
448 1847 482 1885 si
520 1847 642 1885 Forte
670 1845 807 1883 minus
840 1844 1017 1893 locuples
1045 1854 1128 1882 uno

250 1910 484 1959 quadrante
497 1907 712 1957 perisset.»
728 1929 772 1934 —
784 1905 964 1956 notante]
986 1905 1130 1954 «igno-

250 1972 435 2011 miniose
468 1968 522 2008 de
555 1980 607 2008 eo
639 1968 903 2015 iudicante‚»
936 1969 984 2006 ut
1021 1977 1129 2005 cen-

252 2044 327 2074 sor
358 2036 495 2079 notat,
531 2041 666 2081 quem
697 2032 853 2070 senatu
886 2030 1050 2068 movet.
1079 2051 1124 2055 ——

250 2096 404 2144 iudice,
451 2105 530 2143 quo
574 2093 693 2144 nosti]
738 2093 949 2132 Attraetio
995 2091 1128 2130 etiam

254 2157 432 2196 Graecis
462 2156 645 2203 usitata,
692 2156 740 2193 ut
769 2155 944 2193 Terent.
981 2153 1129 2191 Heau-

253 2222 358 2257 tont.
397 2220 440 2266 4,
476 2219 520 2265 «l,
563 2218 634 2256 35:
683 2217 761 2255 hac
791 2217 954 2265 quidem
983 2225 1126 2261 causa,

256 2292 341 2330 qua
371 2281 461 2319 clim
502 2279 587 2318 tibi.
650 2279 738 2317 Liv.
776 2278 822 2326 4,
865 2277 939 2316 29:
975 2277 1130 2326 raptim

254 2343 399 2392 quibus
438 2343 610 2391 quisque
647 2344 815 2390 poterat
844 2340 974 2378 elatis.
1039 2338 1125 2377 Cfr.

257 2405 399 2454 Reisig
429 2405 520 2443 Lat.
545 2403 761 2452 Sprachw.
781 2413 824 2453 p.
851 2400 944 2441 624.
974 2423 1017 2428 —
1042 2404 1131 2439 stu-

248 2471 317 2516 pet
357 2467 400 2505 in
441 2465 543 2517 cet]
603 2465 770 2505 Eadem
803 2463 1128 2503 constructione

253 2530 369 2579 Yirg.
401 2530 510 2568 Aen.
546 2528 620 2576 40,
663 2526 767 2567 445:
820 2525 978 2565 iuvenis
1013 2528 1127 2572 tum,

254 2593 369 2630 iussa
415 2590 593 2640 superba
638 2590 848 2636 Miratus,
909 2590 1043 2636 stupet
1087 2586 1131 2624 in

258 2653 289 2691 T
288 2664 394 2691 urno
423 2662 652 2702 corpusque
674 2662 753 2700 per
780 2651 923 2700 insse-ns
951 2647 1132 2687 Lumina

253 2715 392 2754 volvit.
443 2737 485 2742 -
538 2713 687 2764 titulis]
736 2708 1130 2762 «inscriptionibus

256 2780 500 2818 statuarum
531 2787 582 2816 ac
618 2777 1011 2815 monumentorum
1047 2773 1131 2812 ho-

256 2839 534 2878 norariorum
582 2836 1029 2889 sepulcraliumque.»
1082 2858 1126 2863 —

255 2903 318 2941 De
351 2900 599 2951 imaginibus
636 2900 777 2939 cereis
815 2900 1012 2938 virorum
1052 2907 1131 2935 cu-

255 2961 336 3001 ruli
359 2962 615 3011 magistratu
636 2962 910 3009 functorum,
951 2971 1065 3010 quae
1088 2960 1129 2998 in

255 3025 468 3063 atriorum
521 3024 720 3063 armariis
773 3022 1127 3069 collocabantur,

256 3087 355 3127 vide
387 3087 601 3138 imprimis
624 3086 775 3136 Polyb.
801 3087 843 3134 6,
878 3086 948 3131 53,
982 3085 1006 3125 4
1029 3095 1126 3135 sqq.

317 3150 459 3189 47-23.
514 3150 619 3199 Quid
649 3153 808 3198 oportet
847 3148 952 3199 cet]
981 3148 1130 3186 Totius

258 3212 341 3252 loci
362 3211 627 3252 sententiam
649 3212 711 3250 sic
733 3209 971 3249 declaravit
992 3208 1131 3248 Herb-

260 3276 395 3315 stius:
468 3274 565 3313 «Tu
613 3273 821 3323 quidem,
870 3273 1126 3318 Maecenas,

262 3347 534 3388 quamquam
563 3346 739 3376 summo
775 3333 872 3373 loco
904 3337 1030 3373 natus
1058 3345 1128 3382 es,

263 3411 346 3440 non
377 3398 623 3439 contemnis
642 3398 792 3437 tamen
814 3396 1028 3437 obscuros
1051 3396 1132 3434 ho-

261 3464 402 3503 mines
441 3472 639 3513 vereque
669 3460 748 3502 tibi
778 3459 1022 3512 persuades
1045 3460 1130 3499 iam

1339 896 1381 901 —
1431 872 1496 912 46.
1543 873 1688 922 servit,
1725 873 1887 922 ineptus
1930 871 2009 921 Qui

1187 1037 1287 1075 ante
1317 1037 1519 1075 Servium
1551 1035 1737 1075 Tullium
1767 1033 1930 1075 multos
1957 1033 2064 1074 fuis—

1186 1110 1261 1147 se,
1309 1100 1382 1150 qui
1417 1098 1544 1139 nullis
1576 1097 1819 1138 maioribus
1850 1098 1932 1137 orti
1972 1095 2064 1136 sola

1186 1163 1346 1201 virtute
1368 1162 1424 1201 ad
1455 1173 1654 1201 summos
1687 1162 1879 1200 honores
1911 1169 2066 1199 ascen-

1188 1226 1368 1271 derent3
1404 1223 1591 1275 populus
1621 1235 1753 1272 vero,
1791 1223 1936 1262 minus
1966 1232 2065 1261 mo-

1186 1299 1285 1327 rum
1323 1286 1590 1338 probitatem
1621 1296 1757 1336 quam
1789 1283 2065 1324 nobilitatem

1186 1350 1360 1399 generis
1392 1348 1598 1388 admirari
1630 1347 1798 1395 solitus,
1832 1357 1967 1397 saepe
1994 1346 2063 1384 in-

1188 1412 1327 1462 dignis
1372 1411 1564 1450 honores
1609 1409 1751 1449 defert
1797 1409 2062 1459 dignosque,

1188 1475 1270 1514 nisi
1301 1473 1434 1513 iidem
1464 1474 1551 1513 sint
1578 1473 1776 1513 honestis
1806 1470 2066 1524 parentibus

1189 1537 1292 1585 nati,
1316 1534 1492 1586 negligit
1513 1546 1564 1575 ac
1587 1535 1768 1586 spernit.
1804 1534 1917 1582 Quid
1939 1543 2068 1585 opor-

1189 1600 1253 1638 tet
1282 1609 1362 1638 nos
1406 1597 1576 1645 facere,
1624 1597 1699 1648 qui
1741 1608 1765 1636 a
1803 1596 1931 1647 volgo
1968 1594 2068 1634 lon-

1189 1662 1367 1712 gissime
1390 1660 1703 1700 dissentientes
1725 1670 1812 1698 non
1833 1660 2065 1709 stupemus

1190 1725 1233 1763 in
1264 1722 1397 1763 titulis
1429 1725 1473 1762 et
1500 1721 1797 1772 imaginibus?
1836 1722 1950 1760 Num
1986 1719 2065 1759 etsi

1190 1785 1368 1837 ignobili
1414 1795 1568 1825 sumus
1612 1783 1710 1824 loco
1754 1784 1870 1832 nati,
1917 1784 2068 1822 tamen

1190 1848 1383 1887 honores
1412 1847 1650 1898 petemus?
1706 1846 1897 1886 Minime.
1956 1845 2069 1884 Nam

1191 1909 1315 1950 facile
1347 1909 1441 1948 fieri
1471 1909 1642 1959 potest,
1688 1909 1737 1947 ut
1773 1907 1950 1959 petitori
1979 1917 2067 1945 non

1189 1973 1301 2020 vita,
1335 1973 1378 2010 at
1407 1981 1571 2021 genere
1602 1969 1774 2009 meliori
1803 1967 2070 2020 posthabea-

1192 2045 1312 2082 mur,
1345 2035 1420 2072 aut
1450 2033 1583 2072 etiam
1614 2043 1636 2071 e
1665 2033 1820 2071 senatu
1842 2031 2070 2070 eiiciamur

1193 2107 1216 2135 a
1255 2106 1443 2136 censore
1474 2095 1516 2133 in
1549 2095 1757 2146 parentes
1795 2094 1970 2132 nostros
1999 2092 2069 2130 in-

1193 2160 1394 2210 quirente
1427 2156 1690 2208 diligentius.
1741 2158 1860 2197 Haec
1886 2166 1989 2195 cum
2010 2156 2068 2194 ita

1194 2221 1286 2260 fieri
1318 2232 1403 2260 non
1435 2221 1713 2270 ignoremus,
1747 2219 1782 2259 si
1812 2220 1963 2258 tamen
1988 2228 2068 2256 au-

1194 2283 1379 2322 deamus
1411 2284 1588 2333 petere:
1620 2280 1690 2321 vel
1717 2281 1892 2328 merito,
1924 2277 2070 2331 repul-

1193 2355 1290 2385 sam
1321 2345 1355 2383 si
1386 2344 1600 2393 feramus,
1651 2343 1695 2383 id
1725 2342 1852 2383 nobis
1883 2342 2068 2382 dixerim

1195 2407 1389 2446 evenire.
1425 2405 1579 2446 Melius
1600 2405 1769 2446 scilicet
1795 2405 1997 2444 vivemus
2017 2414 2069 2443 ac

1194 2469 1393 2517 beatius,
1425 2469 1469 2507 in
1500 2479 1586 2518 qua
1616 2468 1790 2507 fortuna
1811 2470 1944 2517 atque
1966 2477 2070 2506 con-

1195 2530 1367 2570 dicione
1407 2530 1497 2569 nati
1536 2540 1715 2576 sumus,
1760 2529 1804 2568 in
1835 2539 1886 2568 ea
1917 2528 1952 2567 si
1992 2538 2070 2567 ac-

1194 2593 1494 2642 quiescemus.
1555 2591 1641 2630 Sed
1679 2591 1762 2630 hoc
1792 2600 1879 2629 non
1910 2587 2069 2629 intelli-

1194 2655 1301 2705 gunt
1328 2652 1433 2692 boni
1461 2652 1687 2700 homines;
1730 2662 1831 2691 nam
1866 2653 2069 2702 quamvis

1194 2715 1386 2756 obscuro
1420 2713 1518 2753 loco
1549 2714 1654 2762 orti,
1701 2715 1851 2753 tamen
1882 2715 2070 2753 conten-

1195 2777 1304 2817 dunt
1342 2776 1519 2816 honoris
1551 2777 1594 2815 et
1629 2775 1791 2826 gloriae
1829 2774 2068 2827 cupiditate

1195 2851 1297 2879 cum
1327 2838 1578 2889 generosis3
1622 2837 1742 2888 quod
1772 2847 1908 2888 quam
1936 2836 2068 2877 stulte

1194 2902 1289 2949 fiat,
1341 2898 1448 2939 Tillii
1493 2898 1696 2950 exemplo
1726 2898 1985 2950 probatur.»
2021 2922 2065 2928 -

1192 2964 1277 3002 Nos
1295 2962 1434 3012 facere
1455 2960 1556 3012 cet]
1588 2959 1828 3009 Bentleius,
1862 2971 1917 3000 ne
1936 2962 2068 3012 poeta

1194 3022 1438 3075 superbum
1455 3033 1503 3063 se
1521 3025 1563 3061 et
1585 3021 1823 3073 gloriosum
1843 3023 2068 3062 monstra-

1195 3088 1281 3133 ret,
1325 3086 1585 3137 pronomine
1616 3097 1689 3125 nos
1710 3086 1752 3124 in
1781 3095 1853 3124 vos
1881 3085 2065 3133 mutato,

1198 3147 1384 3195 «Quodsi
1415 3145 1567 3197 volgus
1598 3148 1689 3186 tam
1709 3147 1831 3186 recte
1860 3146 2064 3194 iudicat»,

1195 3210 1355 3260 inquit,
1404 3211 1594 3259 «quanto
1634 3209 1772 3259 magis
1811 3207 1855 3247 id
1895 3209 2069 3259 oportet

1198 3273 1273 3311 Vos
1299 3272 1440 3322 facere
1470 3273 1586 3311 cet?
1623 3271 1730 3319 Vos,
1765 3270 1885 3319 dico,
1917 3271 2068 3320 Augu-

1195 3336 1307 3382 stos,
1341 3335 1644 3382 Maecenates,
1676 3331 1917 3380 Polliones,
1950 3332 2068 3371 Mes-

1195 3395 1322 3436 sallas
1363 3399 1475 3445 cet,
1516 3391 1602 3436 non
1638 3393 1754 3446 quali
1793 3394 1982 3446 quisque
2012 3395 2068 3434 sit

1195 3460 1322 3499 natus
1352 3461 1562 3510 parente,
1610 3457 1691 3497 sed
1735 3467 1822 3508 quo
1865 3456 2060 3507 ingenio,
