2231 3787
175 241 276 295 392
780 239 995 280 HORATH
1026 238 1395 279 EPISTOLARUM

176 372 279 415 nulli
309 373 457 414 certae
488 370 745 425 disciplinae
784 381 856 411 me
895 371 1182 422 adstringam.
1218 371 1300 421 (vv.
1343 368 1534 419 114-49.)
1580 368 1634 408 At
1676 369 1816 408 totum
1860 368 1993 409 animi

177 442 372 485 studium
402 454 455 484 ac
484 441 759 484 desiderium
787 441 876 481 iam
906 441 963 481 ad
992 441 1037 480 id
1067 439 1389 491 explorandum
1420 440 1551 490 atque
1583 438 1806 489 agendum
1835 437 1992 486 fertur,

177 514 296 566 quod
326 524 408 566 per
437 524 486 554 se
517 513 687 553 bonum
719 514 851 563 atque
875 512 1114 551 honestum
1135 511 1178 549 in
1200 509 1321 548 omni
1341 509 1486 548 aetate
1506 508 1712 559 vitaeque
1735 508 1995 549 condicione

178 586 303 625 unice
337 583 559 625 conducit.
594 584 678 634 (vv.
701 582 894 631 20-027.)
929 582 1022 629 Quo
1053 581 1096 619 in
1128 578 1273 620 studio
1304 579 1476 618 etiamsi
1507 588 1734 618 summum
1755 579 1996 630 sapientiae

178 655 392 705 attingere
424 665 512 694 non
542 652 663 701 licet,
698 662 860 703 operae
894 652 1043 690 tamen
1062 649 1257 701 pretium
1279 650 1368 698 est,
1402 648 1458 687 ad
1479 647 1675 699 aliquem
1696 648 1790 689 eius
1811 648 1998 699 gradum

176 726 427 777 pervenire.
479 725 561 774 (vv.
599 721 793 771 28-32.)
840 720 1061 772 Sapientia
1106 720 1226 759 enim
1266 720 1310 759 et
1347 718 1481 758 animi
1515 717 1925 771 perturbationibus
1956 721 2000 759 et

179 796 298 835 omni
338 795 510 834 interno
550 791 665 833 malo
706 801 786 831 nos
816 789 998 837 liberat3
1042 800 1147 829 nam
1174 789 1329 829 vitium
1368 788 1519 839 fugere
1551 790 1596 828 et
1631 787 1810 829 stultitia
1838 800 2000 830 vacare

179 866 371 917 primum
403 866 469 904 est
499 862 754 914 sapientiae.
791 861 875 911 (vv.
910 859 1102 909 33—42.)
1133 860 1264 910 Atqui
1285 860 1321 899 si
1341 869 1517 899 summa
1535 859 1694 898 virium
1717 860 1998 900 contentione

180 946 253 984 ea,
304 946 417 985 quae
462 932 590 983 volgo
635 930 752 972 mala
795 930 1038 979 habentur,
1083 930 1395 982 paupertatem
1439 930 1659 980 sortisque
1704 928 2001 970 humilitatem

179 1005 374 1055 effugere
408 1013 644 1051 conamur,
689 1001 841 1053 quidni
873 1012 924 1040 ea
957 1010 1228 1051 cognoscere
1261 1009 1424 1051 operae
1455 999 1648 1050 pretium
1679 1009 1779 1039 esse
1811 1009 2001 1039 censea-

181 1086 303 1124 mus,
348 1085 461 1125 quae
492 1072 608 1113 mala
638 1071 706 1112 illa
738 1072 917 1111 omnino
948 1070 1069 1110 nihili
1099 1070 1243 1110 facere
1275 1080 1355 1109 nos
1387 1068 1596 1118 edocent,
1631 1070 1698 1119 et,
1737 1079 1841 1109 cum
1873 1068 2001 1121 volgo

181 1143 497 1185 communibus
528 1142 653 1183 malis
685 1143 811 1193 quasi
842 1142 886 1181 in
916 1142 1053 1181 triviis
1086 1140 1414 1188 conflictemur,
1448 1139 1666 1178 maiorem
1695 1138 1825 1179 nobis
1857 1140 1901 1179 et
1921 1150 2002 1179 au—

180 1216 424 1266 gustiorem
454 1212 671 1266 palmam,
706 1213 832 1264 quasi
863 1211 1102 1263 Olympicis
1131 1209 1395 1258 victoribus,
1430 1209 1522 1249 sine
1543 1208 1696 1249 labore
1719 1210 1870 1250 nostro
1892 1209 2002 1250 offe-

181 1286 312 1325 runt‘?
345 1286 428 1335 (VV.
451 1284 646 1335 43—52.)
677 1284 897 1322 Virtutem
929 1282 1050 1331 dico,
1086 1280 1294 1321 omnibus
1326 1281 1545 1320 thesauris
1565 1280 1798 1320 maiorem.
1837 1280 2003 1328 Quam-

181 1366 316 1407 quam
346 1354 499 1406 volgus
529 1355 761 1394 hominum
790 1354 1027 1404 pecuniam
1058 1352 1237 1392 maximi
1268 1351 1370 1391 facit
1400 1352 1443 1390 et
1473 1361 1605 1402 supra
1627 1351 1837 1390 virtutem
1867 1349 2004 1391 collo-

183 1428 270 1465 cat:
313 1437 400 1465 non
438 1426 545 1465 item
573 1435 819 1477 puerorum
849 1424 976 1463 nenia
1010 1423 1249 1474 antiquitus
1279 1421 1461 1470 tradita,
1507 1432 1621 1472 quae
1657 1431 1846 1472 regnum
1879 1421 2003 1460 recte

182 1496 358 1537 facienti
390 1496 530 1536 offert.
566 1495 650 1546 (vv.
684 1494 878 1545 53—64.)
923 1495 1077 1534 Nonne
1107 1503 1215 1532 vero
1246 1491 1476 1544 improbae
1509 1491 1760 1531 divitiarum
1791 1493 1835 1531 et
1862 1491 2006 1531 hono-

183 1578 284 1606 rum
327 1566 553 1618 cupiditati
596 1564 667 1605 illa
711 1566 845 1604 animi
889 1563 1095 1612 altitudo,
1143 1574 1257 1614 quae
1298 1573 1379 1602 nos
1423 1572 1559 1613 super
1601 1572 1758 1601 omnes
1802 1560 2004 1602 fortunae

185 1638 366 1677 iniurias
413 1637 560 1683 effert,
607 1636 916 1688 praeferatur?
976 1636 1059 1686 (vv.
1094 1633 1287 1684 65—69.)
1347 1633 1491 1679 Quare
1541 1631 1751 1683 equidem
1793 1631 2007 1671 iudicium

185 1707 301 1759 volgi
323 1707 377 1747 de
397 1707 655 1759 expetendis
676 1706 950 1756 fugiendisve
971 1704 1108 1745 rebus
1124 1707 1172 1744 ut
1186 1703 1454 1743 damnosum
1470 1702 1671 1753 repudi0.
1706 1702 1791 1753 (vv.
1810 1701 2005 1752 70—75.)

185 1780 296 1819 Nam
340 1779 552 1829 quoniam
596 1788 676 1818 sua
720 1778 893 1817 interna
939 1778 983 1816 et
1026 1777 1148 1815 certa
1185 1773 1282 1825 lege
1323 1774 1468 1822 caret,
1525 1771 1633 1812 alios
1684 1772 1741 1812 ad
1785 1770 1891 1813 alias
1932 1782 2008 1813 res

187 1846 521 1900 amplectendas
567 1849 612 1887 et
653 1847 991 1899 per-sequendas
1032 1844 1215 1897 impellit
1245 1844 1327 1896 (vv,
1351 1842 1545 1893 76—80.)
1576 1854 1661 1883 nec
1690 1843 1894 1883 homines
1925 1841 2009 1884 sibi

189 1921 392 1959 constare
439 1919 481 1958 in
524 1919 612 1959 vita
657 1928 709 1957 ac
754 1917 909 1957 studiis
953 1917 1137 1968 patitur,
1184 1914 1266 1955 sed
1303 1914 1359 1954 ab
1390 1912 1561 1953 alioad
1591 1912 1709 1953 aliud
1738 1913 2010 1954 desiderium

191 1991 360 2029 temere
395 1989 561 2038 incitat,
595 1989 643 2027 ut
671 1986 775 2027 nihil
807 1988 915 2027 certi
946 1988 1077 2037 atque
1108 1985 1224 2025 firmi
1253 1983 1469 2033 habeant,
1503 1983 1584 2023 sed
1613 1994 1761 2024 meras
1785 1983 2010 2024 vicissitu-

191 2059 317 2100 dines
348 2058 465 2099 nulla
494 2057 591 2109 lege
622 2060 664 2098 et
695 2069 852 2098 norma
890 2058 1108 2110 perpetuo
1147 2056 1366 2108 expetant.
1416 2054 1499 2105 (vv.
1532 2053 1724 2105 81¹1—93.)
1770 2055 1914 2105 Atque
1949 2054 2009 2093 ita

192 2130 295 2169 huic
324 2130 555 2169 hominum
586 2129 905 2169 inconstantiae
947 2128 1068 2167 omni
1096 2125 1192 2176 lege
1225 2125 1391 2165 carenti
1420 2124 1594 2164 adsueti
1633 2134 1809 2173 sumus,
1855 2125 1905 2163 ut
1938 2122 2011 2164 vel

192 2202 260 2249 tu,
293 2201 550 2248 Maecenas,
599 2210 702 2239 cum
744 2199 788 2238 in
833 2197 954 2239 cultu
994 2200 1037 2237 et
1071 2197 1233 2237 vestitu
1261 2206 1363 2235 meo
1395 2193 1618 2246 quaedam
1656 2194 2011 2235 inconvenientia

193 2270 570 2322 deprehenderis,
617 2269 764 2309 rideas
806 2270 848 2308 et
887 2268 1204 2315 stomacheris3
1252 2265 1592 2306 inconstantiam
1623 2264 1759 2303 animi
1789 2275 1842 2304 ac
1869 2266 2007 2315 vitae,

194 2351 308 2392 quae
339 2340 476 2380 multo
506 2341 632 2392 peior
663 2342 753 2388 est,
785 2340 835 2378 ut
862 2338 1090 2389 volgarem
1120 2338 1234 2378 inter
1263 2336 1468 2376 homines
1499 2334 1744 2384 stultitiam,
1788 2346 1876 2375 non
1906 2346 2012 2375 exa-

195 2412 328 2463 gites,
362 2422 445 2451 nec
475 2410 640 2451 idcirco
671 2421 743 2450 me
775 2412 979 2450 curatore
1011 2419 1143 2460 egere
1175 2407 1355 2456 credas,
1404 2416 1506 2446 cum
1540 2405 1806 2456 praesertim
1835 2407 1883 2445 tu
1917 2407 2012 2459 ipse

198 2482 304 2521 mihi
333 2483 452 2521 tutor
483 2482 556 2522 sis.
585 2481 669 2532 (vv.
695 2479 914 2531 (ΜΛ-1105.)
945 2479 1013 2520 Ad
1042 2489 1287 2528 summam,
1322 2488 1436 2528 quae
1465 2474 1593 2527 volgo
1622 2475 1742 2516 bona
1770 2475 2010 2527 habentur,

198 2554 367 2593 certam
398 2554 442 2592 ct
471 2550 674 2592 stabilem
706 2550 957 2591 felicitatem
993 2549 1113 2589 haud
1148 2548 1394 2601 praestant:
1442 2547 1619 2598 sapiens
1656 2545 1774 2587 solus
1813 2546 2011 2599 perfecte

199 2624 370 2672 beatus,
404 2634 481 2664 rex
513 2622 704 2674 denique
736 2632 893 2673 regum
924 2623 1003 2661 est.
1041 2620 1124 2671 (vv.
1151 2617 1426 2666 406—408.)»
