2231 3787
259 301 360 354 518

855 298 1070 339 HORATH
1101 296 1467 338 EPISTOLARUM

329 432 482 485 Dicet
520 446 720 501 eques;
766 427 863 482 sed
902 428 1028 500 equi
1067 427 1270 481 frenato
1310 433 1392 479 est
1429 424 1575 476 auris
1615 423 1666 474 in
1705 440 1815 475 ore.
1854 453 1924 460 —

330 533 497 585 Maior
533 540 711 583 utrum
748 528 1006 600 populum
1044 526 1289 580 frumenti
1327 525 1483 596 copia
1520 531 1726 595 pascat,

331 633 664 688 Collectosne
703 630 887 684 bibant
925 629 1123 681 imbres
1161 635 1425 698 puteosne
1464 642 1733 697 perennes

2006 623 2070 675 45

333 735 475 805 lugis
514 750 714 805 aquae,
753 763 823 769 ——
861 747 983 782 nam
1021 730 1145 781 vina
1182 727 1309 780 nihil
1347 744 1529 780 moror
1568 725 1708 779 illius
1746 741 1902 788 orae,

334 838 473 889 Rure
513 851 633 886 ineo
675 849 897 903 possum
935 830 1148 900 quidvis
1190 829 1429 900 perferre
1469 827 1719 899 patique,

333 936 411 989 Ad
454 952 600 987 mare
640 951 761 987 cum
799 932 944 993 veni,
987 947 1312 1002 generosum
1351 937 1403 983 et
1437 928 1558 982 lene
1595 927 1840 999 require,

333 1036 491 1101 Quod
529 1052 686 1088 curas
725 1033 924 1104 abigat,
967 1031 1114 1104 quod
1153 1049 1276 1085 cum
1316 1047 1412 1102 spe
1451 1030 1613 1083 divite
1652 1037 1831 1082 manet

333 1139 391 1190 In
428 1153 594 1190 venas
633 1135 978 1205 animumque
1016 1150 1222 1195 meum,
1264 1131 1412 1203 quod
1448 1131 1615 1185 verba
1647 1130 1932 1191 ministret,
2007 1131 2075 1183 20

376 1280 441 1320 ⁴3.
474 1280 568 1329 equi
596 1278 673 1327 bd,
705 1279 874 1317 Veneta
893 1276 1031 1326 4484„
1055 1275 1195 1315 LCtO:
1229 1275 1344 1324 equis
1362 1274 1438 1322 SE,
1461 1275 1514 1324 ζκ
1535 1275 1606 1312 «et
1626 1271 1737 1329 alter
1756 1273 2020 1321 recentior,»

318 1341 561 1388 Bentleius‚
596 1341 705 1380 FMJ.
743 1362 788 1369 —-
823 1340 886 1379 45.
915 1343 1140 1388 puteosque
1177 1337 1219 1376 d.
1257 1358 1301 1365 -
1337 1337 1402 1376 46.
1435 1336 1580 1376 Dulcis
1616 1337 1707 1376 tres
1747 1335 1939 1375 Pottierii
1979 1335 2024 1374 et

319 1406 419 1445 LCt.
465 1405 595 1455 (Juyis
632 1402 814 1453 bSEdp,
859 1399 988 1454 γόζκ,
1023 1401 1110 1440 (1υο
1142 1399 1281 1440 Codd.
1314 1399 1615 1450 Oudendorpii
1645 1397 1701 1437 ad
1733 1397 1859 1438 Caes.
1891 1398 1939 1437 B.
1973 1398 2021 1436 G.

320 1469 359 1514 8,
386 1467 469 1511 46„
503 1466 695 1505 Pottierii
726 1464 950 1515 plerique,
983 1464 1151 1503 Veneta
1184 1462 1322 1510 4481„
1357 1461 1594 1509 Bentleius‚
1630 1459 1738 1509 MO.)
1775 1482 1819 1488 -—
1845 1460 2025 1509 47.pos-

318 1530 397 1569 sim
417 1529 493 1580 Ep.
517 1549 561 1556 -
582 1529 752 1578 quodvis
773 1528 821 1566 N.
843 1527 1046 1566 Heinsius
1070 1528 1113 1564 et
1135 1524 1425 1575 Cuningham.
1452 1524 1516 1575 (Ut
1536 1533 1632 1572 nos,
1665 1521 1853 1573 bSEdp.)
1876 1544 1919 1550 —-
1943 1521 2026 1572 suf-

265 1654 415 1701 Baias;
462 1652 563 1701 sed,
611 1654 659 1692 ut
698 1652 810 1700 scis,
858 1661 960 1690 cum
1000 1649 1141 1689 brutis

267 1715 404 1756 verba
437 1714 538 1755 nihil
577 1715 746 1761 iuvant;
794 1714 910 1752 auris
942 1712 1046 1762 equi
1077 1713 1143 1751 est

270 1779 313 1817 in
334 1789 409 1818 ore
431 1777 621 1825 frenato,
655 1776 699 1815 id
731 1777 821 1824 est,
856 1785 996 1825 equos
1017 1773 1141 1813 freno

271 1840 493 1879 moderari
525 1840 724 1889 oportet,
758 1839 794 1877 si
823 1836 1029 1876 volumus
1066 1846 1142 1875 eos

268 1901 396 1941 nobis
427 1900 609 1940 obedire
630 1901 836 1950 viamque
858 1898 986 1938 nobis
1006 1897 1145 1949 placi-

269 1967 361 2003 tam
390 1963 542 2001 inire.»
593 1963 677 2009 Sic,
709 1960 785 2000 ubi
807 1963 908 2000 ante
931 1961 1078 1999 omnia
1099 1959 1146 1998 il-

271 2023 346 2064 lud
377 2024 607 2071 statueris,
644 2022 783 2062 verba
813 2024 907 2062 Non
927 2045 951 2051 -
972 2044 995 2050 —
1015 2023 1147 2062 Baias

271 2087 373 2137 fingi
390 2085 475 2125 alta
490 2096 599 2124 voce
617 2084 671 2124 ab
690 2086 837 2135 equite
853 2084 1140 2135 pronuntiari,

272 2160 360 2189 non
391 2147 535 2189 solum
566 2147 695 2186 tacite
728 2148 932 2197 cogitari,
972 2157 1043 2185 vv,
1077 2148 1145 2186 sed

271 2212 364 2261 equi
395 2213 478 2249 cet.
505 2209 607 2248 nihil
639 2208 806 2248 habent
826 2209 982 2259 inepti,
1017 2209 1061 2246 et
1079 2209 1147 2245 ta—

273 2284 376 2312 men
408 2270 532 2311 multi
562 2271 827 2321 interpretes
864 2270 908 2309 in
948 2269 998 2309 iis
1038 2269 1147 2307 hae—

275 2336 442 2376 serunt.
491 2333 695 2381 Habena,
731 2332 906 2383 «Zugal,
942 2332 1145 2379 Trense,»

271 2398 451 2448 frenum,
477 2396 654 2435 «Zawn»
676 2393 953 2444 (Doederlein
973 2394 1075 2442 Syn.
1093 2394 1144 2432 V.

273 2470 317 2511 p.
338 2457 404 2498 4⁴.
424 2459 493 2497 VI.
517 2469 560 2509 p.
587 2457 715 2508 437.),
740 2456 858 2508 apud
879 2458 1033 2508 poetas
1055 2455 1147 2496 fere

275 2532 542 2571 synonyma.
601 2520 722 2560 Ovid.
759 2522 855 2559 Am.
895 2519 944 2566 3,
983 2518 1029 2567 4,
1071 2519 1145 2557 45:

279 2584 327 2622 Ut
349 2584 537 2633 primum
565 2593 776 2621 concessas
803 2581 926 2620 sensit
953 2580 1148 2629 habenas,

275 2645 492 2694 Frenaque
521 2645 564 2683 in
593 2645 723 2694 effusa
752 2644 857 2682 laxa
880 2643 1016 2682 iacere
1034 2642 1146 2682 iuba.

279 2708 489 2748 Ceterum
510 2717 563 2745 eo
594 2706 771 2745 nomine
802 2707 999 2756 praestat
1019 2703 1149 2745 lectio

277 2770 370 2818 equi
399 2767 525 2807 alteri
553 2768 686 2817 equis,
726 2767 845 2818 quod
876 2768 917 2806 in
949 2765 1015 2806 illa
1046 2778 1152 2818 per-

279 2842 414 2882 quam
466 2831 679 2870 concinne
735 2830 861 2879 equiti
916 2831 1152 2880 opponitur

279 2895 386 2932 item
425 2903 538 2932 unus
579 2892 674 2932 eius
717 2903 867 2941 equus,
915 2892 951 2931 si
993 2890 1152 2942 legeris

279 2956 416 3005 equis,
458 2954 534 2993 fiet
563 2953 684 2994 locus
715 2954 964 2993 communis
995 2953 1154 2993 admo-

284 3017 390 3057 dum
420 3015 665 3066 languidus.

338 3078 483 3119 44-25.
525 3079 665 3117 Maior
684 3079 789 3128 cet]
819 3077 896 3120 Ubi
925 3078 1067 3118 maior
1087 3080 1155 3118 est

283 3139 422 3180 vilitas
453 3150 675 3187 annonae,
709 3139 916 3179 omnihus
946 3140 989 3178 in
1018 3138 1154 3179 rebus

283 3200 560 3242 commodius
600 3201 771 3239 vivitur.
823 3202 1006 3251 Propter
1043 3201 1152 3249 hoc,

285 3275 371 3304 non
393 3263 450 3304 ob
472 3263 623 3303 nescio
645 3272 779 3313 quam
801 3262 1028 3302 sordidam
1050 3273 1155 3302 ava—

283 3328 450 3376 ritiam,
484 3327 539 3367 de
570 3325 776 3366 frumenti
807 3326 931 3377 copia
962 3327 1154 3366 amicum

283 3390 535 3440 interrogat.
575 3386 819 3438 (Fertilibus
841 3388 883 3427 in
903 3388 1155 3438 regionibus

284 3450 555 3490 frumentum
585 3450 718 3490 etiam
747 3448 905 3490 melius
941 3461 1040 3491 esse
1081 3462 1157 3490 so-

285 3511 377 3552 lere
408 3513 611 3564 opinatur
631 3512 855 3562 Duntzer.)
877 3535 918 3540 —
938 3511 1154 3563 populum]

1207 1648 1581 1699 Frequentissime
1631 1646 1687 1687 de
1739 1646 2080 1697 municipiorum

1208 1710 1359 1750 incolis
1389 1712 1433 1750 in
1462 1710 1680 1760 Inscriptt.
1714 1710 1974 1760 usurpatur:
2011 1707 2082 1748 Se-

1206 1778 1330 1813 natus
1361 1772 1620 1822 populusque
1660 1770 1823 1820 Tiburs,
1867 1771 2078 1819 Laurens,

1205 1835 1465 1886 Anaqninus.
1506 1835 1645 1873 Inscr.
1670 1843 1729 1872 m.
1756 1833 1846 1872 Lat.
1869 1831 1959 1872 ⁴43.
1984 1830 2078 1872 ⁴24.

1209 1898 1302 1937 426.
1359 1894 1665 1947 «Hyperbole»
1706 1895 1837 1945 igitur
1875 1893 2079 1944 «lyricam

1208 1961 1256 1998 ut
1284 1958 1547 1998 Hochedero
1569 1958 1714 1996 visum
1736 1959 1825 2005 est,
1858 1956 1961 1996 huic
1981 1966 2079 1995 voc.

1208 2032 1297 2061 non
1319 2022 1447 2061 inest.
1470 2043 1514 2049 —
1530 2017 1925 2070 Colleecos-imbres]
1950 2016 2082 2057 «Volo

1209 2095 1371 2134 aquam
1402 2083 1648 2131 fontanam,
1688 2092 1776 2121 non
1812 2079 2006 2132 pluviam
2040 2080 2103 2124 in,

1209 2147 1410 2187 cisternis
1441 2145 1693 2193 collectam,
1728 2146 1772 2184 et
1798 2143 1980 2195 quidem
1999 2153 2086 2195 pu·-

1210 2211 1305 2249 teos
1334 2218 1581 2260 perennes,
1616 2207 1691 2258 qui
1720 2217 1901 2258 semper
1921 2215 2085 2257 aquam

1211 2268 1501 2319 praebeant.»
1547 2270 1617 2308 Sic
1635 2268 1712 2308 ubi
1731 2269 1944 2320 accipies,
1969 2266 2085 2307 nulla

1211 2328 1498 2384 ταυτολογία
1539 2331 1669 2370 inerit
1705 2331 1748 2370 in
1784 2341 1857 2370 vv.
1889 2333 2087 2380 puteosne

1206 2403 1408 2443 perennes
1428 2397 1472 2432 et
1490 2396 1601 2442 Inois
1620 2405 1776 2445 aquae,
1800 2405 1915 2446 quae
1936 2392 2083 2442 lectio,

1214 2466 1317 2495 cum
1345 2466 1388 2493 v.
1417 2454 1526 2505 iugis
1555 2454 1610 2493 sit
1643 2457 1785 2497 rat-ius
1814 2467 1866 2496 ac
1896 2456 2087 2507 scripto-

1214 2517 1337 2557 ribus
1367 2515 1557 2556 librariis
1577 2516 1723 2556 minus
1745 2520 1922 2565 notum,
1954 2527 2087 2568 prae-

1214 2577 1394 2619 ferenda
1424 2577 1599 2617 videtur
1628 2576 1752 2617 alteri
1773 2577 1938 2627 Dulcis,
1971 2588 2086 2628 quae

1215 2652 1322 2681 sane
1354 2639 1655 2691 interpolatori
1675 2639 1880 2680 debetur.
1914 2640 2084 2680 Cf.Sat.

1214 2704 1239 2743 2
1256 2735 1265 2752 ,
1299 2704 1347 2752 6,
1381 2704 1420 2742 2.
1448 2725 1493 2730 —-
1514 2702 1616 2741 nihil
1641 2701 1798 2753 moror]
1822 2702 1954 2741 «Vina
1975 2700 2087 2742 illius

1216 2767 1382 2805 tractus
1413 2774 1516 2803 cum
1545 2774 1781 2814 asperner,
1814 2761 1919 2802 nihil
1949 2762 2005 2803 de
2035 2763 2087 2803 iis

1216 2830 1258 2867 te
1281 2828 1543 2879 percontor;
1567 2836 1670 2864 nam
1684 2826 1961 2876 propositum
1982 2825 2089 2865 mihi

1218 2891 1306 2936 est,
1352 2887 1446 2928 aliis
1490 2898 1625 2938 quam
1668 2888 1837 2939 asperis
1879 2886 1961 2928 illis
2003 2898 2089 2927 nec

1216 2949 1346 2991 valde
1377 2951 1604 3001 generosis
1635 2950 1709 2989 uti.
1760 2952 1902 3001 Atque
1934 2950 1977 2990 in
2007 2951 2089 2990 Sa-

1218 3013 1322 3052 bino
1367 3012 1549 3063 quidem
1591 3023 1695 3053 meo
1738 3012 1922 3062 quidvis,
1974 3011 2091 3063 (alles

1217 3074 1453 3126 Moqlichej
1484 3076 1627 3115 omnis
1666 3074 1841 3125 generis
1876 3073 2001 3114 cibos
2037 3083 2091 3113 ac

1217 3139 1341 3188 vina,
1376 3137 1574 3190 perferre
1604 3147 1789 3189 possum
1816 3138 2000 3189 propter
2018 3139 2090 3175 ae-

1219 3211 1339 3248 rem,
1385 3200 1460 3251 qui
1499 3200 1834 3240 concoctionem
1862 3198 2001 3246 iuvat,
2047 3198 2091 3237 et

1219 3263 1402 3315 propter
1439 3261 1696 3314 frequentes
1734 3260 1819 3302 sub
1859 3259 1958 3300 divo
1993 3269 2091 3299 am-

1219 3324 1493 3366 bulationes:
1545 3326 1698 3364 contra
1745 3334 1827 3375 per
1868 3322 2087 3370 hiemem,

1221 3397 1325 3428 cum
1352 3397 1561 3439 magnam
1590 3387 1676 3426 diei
1713 3386 1887 3437 partem
1916 3388 2091 3423 contra-

1219 3454 1308 3490 ctus
1345 3449 1434 3501 leqo
1465 3449 1596 3500 (Epp.
1631 3449 1677 3496 4,
1710 3447 1758 3495 7,
1791 3446 1905 3496 42.),
1938 3446 2090 3485 vinum

1219 3522 1462 3564 generosum
1492 3510 1531 3560 (a
1568 3508 1665 3549 loco
1706 3510 1750 3548 et
1785 3507 1888 3558 vite)
1924 3517 1977 3548 ac
2005 3506 2092 3547 lene
