2231 3787
815 247 910 286 LlB.
947 248 976 285 I.
1020 247 1183 285 EPIST.
1216 247 1361 286 XVIII.

251 376 396 430 Alter
436 377 635 430 rixatur
674 377 741 431 de
781 377 902 431 lana
942 394 1106 448 saepe
1146 377 1388 447 caprina,
1940 375 2005 427 40

1905 244 2006 294 555

250 480 560 550 Propugnat
598 480 753 551 nugis
794 487 1052 533 armatus:
1097 477 1335 541 Scilicet,
1378 486 1435 531 ut
1473 495 1578 531 non

251 581 328 634 Sit
365 581 491 633 mihi
530 581 703 652 prima
742 580 878 635 fides
919 589 970 635 et
1008 598 1135 636 vere
1176 580 1324 652 quod
1362 579 1538 652 placet
1575 589 1631 633 ut
1671 598 1776 634 non

249 683 456 736 Acriter
497 683 766 736 elatrem‘?
805 684 1041 737 Pretium
1082 692 1228 737 aetas
1272 682 1437 737 altera
1477 683 1676 738 sordet.

236 818 298 855 45
323 818 494 856 rimatus
510 828 622 856 corr.
643 818 673 856 E
697 819 740 856 et
763 828 785 857 e
808 820 967 868 quarto
990 817 1142 857 Bland.
1165 819 1212 867 C,
1245 819 1417 858 rimator
1438 818 1492 858 de
1514 819 1671 858 Mureti
1694 818 1807 858 coni.
1829 819 1870 858 F.
1905 820 1953 860 Ut

234 889 328 926 nos,
354 879 490 918 nostri
513 880 658 928 (etiam
681 890 747 930 pr.
768 879 813 929 E)
848 881 892 918 et
912 880 1120 918 Pottierii.
1150 903 1194 908 —-
1218 881 1397 931 caprina
1417 885 1454 920 et
1473 880 1697 921 Bentleius
1720 882 1834 921 coni.
1856 882 1949 921 ets.

176 988 246 1039 lig.
278 988 352 1027 57:
400 989 453 1026 Et
482 999 577 1027 cain
611 988 654 1026 in
683 988 888 1027 Laureolo
918 988 1059 1034 mimo,

178 1052 219 1089 in
249 1062 329 1100 quo
360 1055 478 1089 actor
492 1051 735 1100 proripiens
756 1062 797 1090 se
818 1052 947 1089 ruina
967 1062 1062 1090 san-

175 1114 345 1164 quinem
388 1113 540 1161 comit,
596 1113 739 1162 plnres
782 1114 1061 1152 secandarum.

175 1175 366 1215 certatim
396 1175 725 1224 experimentum
756 1176 862 1214 artis
896 1177 1058 1225 darent,

175 1250 324 1277 cruore
352 1249 477 1277 scena
507 1238 749 1277 abundavit.
785 1239 1061 1278 11111611οη5-

176 1299 282 1349 late,
318 1303 362 1339 ut
393 1301 436 1339 h.
470 1299 516 1341 l..
551 1301 684 1340 etiam
718 1301 806 1340 Cic.
837 1303 956 1341 Brut.
990 1302 1056 1349 69,

175 1362 276 1403 ‘2432
314 1365 360 1413 Q.
392 1363 540 1402 Arrius
571 1363 651 1414 fuit
678 1365 736 1403 M.
772 1364 910 1404 Crassi
941 1364 1061 1414 quasi

174 1427 464 1465 secandarum.
515 1426 682 1464 Seneca
714 1426 769 1466 (16
790 1427 858 1465 Ira
881 1426 920 1473 3,
945 1427 984 1474 8,
1010 1426 1056 1466 4:

175 1488 385 1538 Optimam
427 1488 629 1527 iudicavit
678 1487 834 1538 (Caelii
879 1488 1056 1538 cliens),

174 1550 377 1600 quidquid
406 1550 597 1598 divisset,
635 1551 750 1600 sequi
788 1555 825 1590 et
860 1551 1062 1590 secundas

173 1624 314 1664 ayere.
349 1612 434 1652 Cfr.
470 1614 675 1652 Gronovii
705 1613 832 1653 Obss.
867 1614 909 1652 in
939 1612 1055 1652 Eccl.

174 1676 240 1715 25.
263 1686 306 1726 p.
330 1674 422 1714 694.
446 1676 511 1714 Fr.
546 1676 742 1715 Donatus
758 1675 896 1715 Praef.
917 1676 960 1714 in
979 1676 1060 1714 Eu-

173 1738 399 1777 nuchum:
440 1738 488 1776 In
517 1738 595 1777 hac
625 1739 838 1778 comoedia
868 1740 940 1788 qui
962 1750 1060 1788 per-

172 1810 318 1839 sonam
361 1800 633 1838 Parmenonis
662 1801 854 1849 suslinet,
895 1801 1061 1850 primas

171 1862 291 1901 habet
305 1866 476 1912 partes,
499 1863 702 1902 secundae
722 1867 816 1902 simi
834 1864 1055 1912 Chaereae,

173 1925 321 1964 tertiae
350 1926 406 1963 ad
434 1925 686 1964 Phaedriam
715 1929 916 1975 spectant.
960 1927 1060 1965 Bot-

173 1987 286 2037 tiger
313 1987 368 2026 kl.
394 1987 512 2026 Schr.
536 1989 567 2026 1.
592 1999 635 2039 p.
661 1986 755 2027 400.

231 2049 377 2088 45-48.
425 2049 538 2088 Alter
569 2051 673 2102 cet]
713 2052 892 2102 «Aeque
924 2052 1058 2102 atque

173 2110 376 2150 adulator
390 2114 547 2163 peccat
563 2111 632 2151 ille
651 2123 857 2153 morosus
876 2115 920 2152 et
936 2124 1062 2163 agre—

175 2173 273 2222 stis,
309 2175 382 2224 qui
414 2174 468 2213 de
501 2173 637 2213 rebus
660 2173 818 2214 nullius
844 2176 1057 2214 momenti

174 2236 392 2276 acerrime
425 2236 619 2287 disputat
640 2239 683 2276 et
705 2236 987 2277 altercatur.»
1012 2261 1054 2265 -—

173 2300 235 2338 De
264 2299 367 2338 lana
386 2301 567 2349 caprina
588 2300 732 2338 rixari
753 2303 796 2340 et
818 2301 921 2357 περὶ
941 2294 1057 2340 ’ὄνου

174 2358 315 2410 σκιᾶς
343 2358 594 2413 μάχεσθαι
626 2363 825 2412 (Lucian.
857 2364 1056 2402 Hermot.

174 2424 258 2474 74.)
291 2426 394 2463 sunt
424 2424 662 2475 proverbia
700 2425 744 2464 in
775 2426 971 2465 rixantes
1003 2425 1058 2464 de

175 2485 312 2526 rebus
351 2485 586 2526 levissimis
625 2490 701 2526 aut.
731 2498 845 2538 quae
877 2488 1058 2526 omnino

176 2560 266 2587 11011
295 2550 409 2588 sunt.
445 2548 584 2599 (Tales
606 2550 710 2606 περὶ
732 2544 931 2600 οὐδενὸς
952 2544 1059 2600 ἄξι’-

175 2623 241 2649 ων
265 2606 468 2662 ἀναξίαν
492 2609 713 2664 σπουδὴν
734 2612 1059 2664 ποιουμένους

176 2672 291 2713 ridet
348 2672 468 2713 Plato
517 2675 710 2725 Euthyd.
763 2687 807 2727 p.
846 2675 941 2715 304.
992 2674 1056 2725 Ε.)

176 2736 457 2786 Quamquam
499 2738 871 2788 ICti-agnoscunt
910 2737 1057 2777 lanam

176 2799 420 2848 caprinam.
468 2798 631 2851 Ulpian.
670 2802 713 2840 in
750 2803 780 2840 Ι.
814 2801 860 2840 Si
889 2805 964 2840 aut
992 2801 1059 2839 la-

176 2870 235 2898 na
277 2859 316 2910 g.
363 2862 481 2900 Lana
519 2861 602 2914 leg.
645 2865 689 2914 ff.
747 2865 811 2903 De
845 2864 994 2915 leyatis
1022 2867 1061 2902 et

174 2921 308 2971 fideic.
345 2922 393 2960 3:
440 2924 562 2962 Lana
604 2926 745 2976 leyata
789 2927 915 2966 etiam
945 2927 1059 2976 lepo—

176 2982 318 3021 rinam
369 2983 513 3023 lanam
557 2990 594 3025 et
632 2989 875 3028 anserinam
912 2992 950 3028 et
988 3000 1060 3027 ca-

172 3045 349 3095 prinam
391 3047 512 3085 credo
552 3049 767 3089 contineri.
832 3052 1055 3101 (Fuerunt,

179 3108 253 3157 qui
285 3106 625 3158 distinguerent:
657 3111 771 3151 Alter
789 3113 980 3162 rimatur,
1012 3114 1060 3152 de

178 3169 282 3209 lana
310 3181 432 3220 saepe
460 3172 641 3221 caprina
668 3174 912 3226 Propuynat
944 3177 1055 3223 cet.;

177 3232 259 3272 sed
300 3234 570 3273 constructio
615 3235 794 3286 usitata,
841 3248 977 3287 quam
1016 3238 1060 3276 in

178 3294 264 3334 hac
294 3297 513 3336 sermonis
544 3297 785 3347 quotidiani
815 3299 1058 3340 imitatione

178 3357 249 3396 vix
281 3357 480 3398 deseruit
502 3359 727 3408 Horatius,
762 3361 830 3400 est
847 3362 993 3401 rixari
1013 3364 1061 3403 de

180 3418 328 3468 aliqua
355 3431 423 3469 re,
452 3431 727 3472 propugnare
746 3433 828 3472 pro
850 3424 997 3474 aliqua
1014 3436 1062 3465 re

179 3480 249 3520 vel
279 3483 453 3531 aliquid.
496 3484 752 3524 Lectionem
772 3485 943 3525 rimatus
964 3497 1061 3526 ma-

1127 987 1247 1028 lebat
1276 990 1415 1029 Voss:
1452 989 1559 1028 mihi
1590 991 1633 1029 et
1662 990 1925 1029 inconcinna
1950 991 2011 1029 vi-

1128 1050 1258 1090 detur
1301 1053 1343 1091 et
1387 1052 1607 1102 ingratum
1639 1052 1820 1092 auribus
1851 1052 2011 1092 accidit

1126 1114 1294 1153 rimatus
1320 1137 1342 1142 -
1359 1136 1381 1142 —
1409 1115 1636 1166 armatus.)
1676 1136 1719 1142 —
1765 1116 2011 1167 Propuqnat

1125 1177 1247 1227 nugis
1277 1177 1483 1225 armatus]
1519 1175 1745 1217 «futilibus
1768 1188 2010 1228 argumen—

1127 1239 1180 1279 tis
1202 1238 1444 1288 verbisque
1466 1239 1672 1279 inanibus
1693 1242 1823 1280 utens
1843 1242 2011 1292 pugnat

1126 1312 1206 1352 pro
1238 1300 1373 1340 rebus
1395 1299 1604 1349 sutilibus,
1639 1302 2010 1352 indignationem-

1126 1375 1212 1414 que
1235 1374 1364 1403 suam
1387 1364 1449 1402 sic
1472 1363 1676 1402 effundit:
1709 1365 1896 1404 Scilicet»
1921 1368 2006 1404 cet.

1126 1424 1352 1465 Ablativus
1384 1426 1506 1476 nuqis
1533 1436 1635 1465 cum
1656 1428 1846 1477 utroque
1868 1426 2009 1466 verbo

1125 1487 1400 1538 iungendus,
1431 1493 1595 1539 puynat
1618 1500 1700 1538 pro
1720 1490 1844 1540 nugis
1865 1493 1909 1529 et
1928 1502 2011 1529 nu-

1123 1552 1187 1602 913
1217 1555 1424 1590 armatus.
1461 1551 1565 1600 (Cic.
1588 1563 1632 1602 p.
1658 1550 1792 1591 domo
1815 1553 1882 1596 55,
1910 1551 1977 1592 444
1999 1564 2006 1589 ·.

1123 1613 1355 1653 incredibili
1386 1617 1581 1652 armatus
1600 1614 1820 1666 audacia.)
1867 1614 2008 1654 Facile

1126 1676 1310 1726 quidem
1333 1681 1383 1725 et,
1409 1677 1528 1726 quod
1549 1676 1784 1725 Bentleius,
1811 1677 2007 1725 Schmid,

1126 1740 1302 1778 Passow
1332 1739 1640 1787 inseruerunt,
1689 1740 1896 1779 excidere
1927 1752 2009 1791 po-

1126 1802 1219 1840 tuit.
1257 1802 1345 1851 (Est
1365 1802 1408 1840 in
1427 1801 1512 1840 fine
1530 1813 1688 1842 versus
1711 1803 1797 1841 Sat.
1825 1803 1862 1849 4,
1883 1802 1921 1850 3,
1940 1802 2006 1842 43.

1125 1865 1165 1912 Q,
1190 1865 1228 1912 2,
1255 1864 1319 1904 58.
1349 1863 1403 1914 [¹2,
1427 1865 1466 1912 ὃ,
1492 1863 1577 1915 97.]
1605 1865 1645 1911 2,
1669 1865 1708 1912 8,
1729 1864 1795 1904 92.
1831 1865 1939 1916 Epp.
1967 1866 2005 1910 4,

1126 1927 1165 1975 Ξ,
1191 1926 1257 1965 30.
1295 1927 1332 1975 4,
1359 1927 1398 1974 6,
1420 1926 1486 1965 34.
1523 1927 1561 1975 4,
1583 1927 1620 1974 7,
1642 1927 1708 1966 27.
1745 1928 1782 1975 4,
1806 1926 1932 1976 44‚2.
1970 1929 2006 1975 4,

1127 1989 1193 2038 46,
1219 1989 1286 2028 76.
1322 1989 1360 2037 4,
1388 1989 1453 2037 47,
1482 1989 1545 2027 49.
1582 1990 1619 2038 4,
1647 1990 1712 2038 48,
1738 1990 1804 2029 50.
1838 1991 1878 2037 2,
1902 1991 1942 2039 2,
1966 1990 2005 2029 3.

1124 2052 1173 2090 A.
1198 2052 1244 2090 P.
1268 2050 1378 2101 ⁶270.)
1403 2050 1489 2090 Sed
1511 2051 1554 2090 in
1574 2051 1795 2102 asyndeto
1817 2051 1920 2092 nihil
1943 2055 2009 2092 est

1125 2113 1397 2153 offensionis.
1424 2113 1487 2153 Cf.
1508 2114 1674 2154 Herbst
1690 2116 1826 2155 Lectt.
1842 2115 2007 2155 Venus.

1125 2176 1156 2214 Ι.
1181 2186 1223 2225 p.
1250 2174 1315 2213 33.
1345 2198 1388 2202 —
1414 2175 1590 2227 Scilicet]
1613 2175 1733 2216 Alius
1755 2177 1885 2227 igitur
1900 2178 2012 2217 acri-

1126 2238 1193 2275 ter
1223 2236 1278 2276 de
1311 2236 1448 2276 rebus
1480 2237 1640 2278 nullius
1670 2240 1884 2278 momenti
1907 2251 2010 2279 cum

1126 2298 1221 2339 aliis
1252 2300 1442 2349 rixatur,
1478 2300 1702 2340 interdum
1723 2301 1808 2340 hoc
1830 2313 2009 2353 quoque

1126 2361 1253 2400 dicit:
1279 2363 1395 2400 «Per
1415 2362 1521 2401 1111111
1544 2362 1708 2401 1111111111
1730 2364 1891 2403 accidit
1910 2375 2012 2415 pro-

1126 2424 1263 2471 fecto,
1307 2423 1343 2461 si
1374 2424 1448 2473 qui
1480 2423 1640 2463 adsunt
1673 2436 1762 2464 non
1792 2426 1899 2465 mihi
1928 2436 2012 2477 po-

1126 2486 1347 2525 tissimum
1393 2485 1531 2526 fidem
1578 2487 1797 2536 habeant,
1845 2489 2009 2540 quippe

1126 2549 1201 2598 qui
1234 2546 1392 2588 melius
1424 2559 1560 2599 quam
1591 2550 1728 2589 ceteri
1754 2561 1913 2590 16111111
1936 2562 2012 2590 110-

1123 2611 1292 2657 verim3
1324 2611 1594 2662 permirum,
1629 2612 1664 2652 si
1692 2613 1791 2662 quis
1815 2613 1921 2652 mihi
1941 2614 2010 2652 in-

1124 2673 1345 2713 terdicere
1364 2672 1483 2723 velit,
1503 2685 1574 2723 ne,
1599 2674 1720 2724 quod
1740 2675 1848 2714 mihi
1869 2675 2010 2716 semel

1123 2737 1348 2788 persuasi,
1374 2737 1468 2776 sine
1489 2735 1577 2776 ulla
1597 2737 1830 2777 reticentia
1851 2740 1896 2778 et
1914 2739 2009 2779 sine

1124 2797 1212 2838 ullo
1257 2801 1382 2838 metu
1426 2798 1542 2839 clare
1582 2799 1853 2851 proferam.»
1889 2824 1933 2829 —
1964 2806 2012 2841 ut

1126 2861 1221 2913 non]
1248 2862 1501 2913 «quomodo
1524 2874 1611 2903 non
1629 2886 1650 2891 -
1668 2865 1754 2902 —‘?»
1784 2864 1896 2912 ieie,
1928 2864 2011 2903 ich

1124 2924 1270 2964 sollte
1306 2925 1450 2964 nicht
1476 2937 1519 2965 u.
1552 2937 1583 2964 s.
1618 2925 1708 2965 w?
1750 2925 1829 2965 Alii
1863 2926 2009 2975 (etiam

1125 2986 1316 3037 Iahnius)
1340 2989 1623 3027 construunt:
1662 2989 1875 3038 «pretium
1895 2990 2012 3028 aetas

1126 3050 1264 3089 altera
1291 3051 1451 3099 sordet,
1486 3061 1537 3089 ea
1561 3051 1821 3091 condicione
1845 3049 2007 3097 oblata,

1125 3117 1172 3152 ut
1199 3123 1283 3151 non
1303 3134 1366 3140 ——
1385 3112 1601 3152 elatrem.»
1651 3113 1738 3153 Sed
1774 3114 1923 3153 nostra
1956 3123 2010 3151 ex

1123 3176 1294 3215 ratione
1335 3174 1474 3215 multo
1504 3174 1664 3216 melius
1694 3176 1842 3216 fervor
1875 3176 2007 3224 atque

1127 3237 1321 3288 impetus
1353 3237 1636 3288 exprimitur,
1669 3248 1757 3288 quo
1785 3237 1919 3275 homo
1939 3236 2009 3274 in—

1126 3300 1441 3351 dignabundus
1461 3311 1563 3340 cum
1586 3299 1724 3340 altero
1745 3295 2005 3349 expostulat.

1130 3386 1174 3390 —
1210 3364 1412 3403 Elatrare
1441 3365 1509 3403 est
1547 3372 1756 3402 «summa
1784 3359 2007 3413 pulmonis

1127 3427 1411 3466 contentione
1432 3423 1655 3477 proferre,
1690 3422 1810 3474 quod
1829 3422 1873 3461 in
1892 3420 2007 3461 buc—

1128 3498 1226 3527 cam
1256 3488 1421 3528 venit.»
1448 3511 1490 3514 -
1514 3486 1698 3526 Pretium
1728 3483 1831 3535 cet]
1865 3483 2008 3524 «Reii-
