2231 3787
305 287 405 337 660

903 281 1114 321 llORA'l'll
1148 279 1514 319 EPISTOLABUM

375 417 584 480 Quanto
626 430 749 466 cum
789 412 949 472 fastu,
993 419 1194 483 quanto
1236 408 1504 461 molimine
1545 407 1793 460 circum-

375 519 691 587 Spectemus
731 530 955 567 vacuam
994 511 1246 565 Romanis
1285 509 1496 562 vatibus
1537 508 1756 572 aede1n3

374 619 493 671 Mox
532 617 715 676 etiam,
759 615 803 667 si
842 614 974 666 forte
1013 629 1199 672 vacaS,

1242 626 1476 680 sequere
1516 617 1568 662 et
1605 607 1790 680 procul
1831 608 1981 670 audi,
2051 608 2118 659 95

376 718 517 783 Quid
556 718 689 770 ferat
728 725 779 768 et
818 730 986 785 quare
1027 711 1128 765 sibi
1168 720 1346 765 nectat
1382 719 1612 782 uterque
1652 726 1923 764 coronam.

411 884 476 924 93.
509 883 665 922 circuni
694 879 903 918 molimine
932 881 1087 927 quanto
1118 877 1205 916 duo
1236 877 1452 916 Torrentii
1479 875 1752 926 totidemque
1784 876 1895 915 Feae
1924 874 2062 915 Codd.

361 969 404 973 -
439 946 504 984 95.
536 946 662 982 vacat
691 940 899 980 Schmidii
940 937 1164 979 secundus
1199 941 1241 977 et
1277 937 1346 977 alii
1385 938 1484 987 (non
1519 937 1685 987 nostri).
1731 960 1774 964 —
1809 937 1875 976 96.
1913 937 2064 986 quare]

303 1085 436 1125 Musis
451 1086 680 1130 sacratum,
705 1080 864 1120 aedem
880 1079 1087 1118 Romanis
1103 1089 1181 1116 va·
1247 1088 1302 1116 na
1323 1088 1402 1116 sua
1426 1076 1646 1116 interdum
1666 1075 1928 1116 recitabant.
1963 1077 2050 1116 Sat.
2071 1077 2086 1115 Ἰ
2110 1108 2118 1123 ,

304 1147 420 1186 tibus
449 1155 652 1184 vacuam.
714 1143 824 1192 Opus
853 1140 959 1180 illud
989 1139 1179 1190 intellige

301 1208 371 1248 vel
408 1206 723 1247 bibliothecam
754 1203 962 1255 Apollinis
1000 1201 1183 1242 Palatini

304 1270 360 1311 ab
373 1272 568 1320 Augusto
585 1267 809 1307 conditam
822 1265 890 1305 vel
904 1264 1063 1304 aedem
1077 1265 1184 1304 Her-

303 1331 412 1373 culis
443 1333 670 1372 Musarum
700 1340 724 1368 a
746 1327 968 1379 Philippo,
1000 1327 1183 1376 Augusti

302 1394 477 1442 vitrico,
501 1394 789 1432 instauratam
811 1392 855 1430 et
874 1391 1182 1429 instructam.»

305 1456 391 1496 Sed
432 1455 487 1494 de
526 1451 773 1493 incredibili
803 1452 887 1491 hac
916 1452 1184 1501 interpreta-

303 1519 421 1558 tione
463 1519 507 1556 et
544 1527 688 1566 aeque
718 1515 830 1554 mira
860 1513 1185 1565 paradiorthosi

303 1581 471 1631 inspice
490 1578 778 1618 Schmidium.
802 1600 846 1604 —
869 1576 994 1627 fastu]
1013 1574 1186 1615 Ridicu-

304 1642 391 1681 lam
413 1642 528 1680 hanc
548 1640 786 1690 imaginem
808 1638 1001 1689 expingit
1021 1650 1027 1675 :
1069 1638 1183 1687 «Ego

303 1704 470 1755 lyricus
512 1704 555 1742 et
596 1701 706 1742 alter
736 1700 966 1751 elegorum
996 1700 1186 1751 scrIptor

305 1765 442 1805 multo
481 1776 583 1804 cum
621 1764 735 1803 fastu
770 1766 813 1802 et
848 1763 1008 1802 eximia
1038 1762 1186 1812 gravi—

304 1829 419 1874 tate,
457 1837 570 1876 quae
601 1824 722 1864 voltu
751 1826 968 1875 gestuque
1001 1835 1048 1864 se
1078 1834 1184 1874 pro-

305 1888 387 1936 dit,
434 1886 683 1927 incedimus
727 1897 808 1937 per
847 1884 1042 1936 plateam
1082 1886 1183 1923 ante

303 1949 519 2001 templum
538 1947 748 2001 Apollinis
770 1947 965 1996 Palatini,
991 1948 1059 1986 cui
1082 1957 1186 1986 con-

305 2013 422 2062 tigua
454 2014 520 2052 est
550 2009 818 2050 bibliotheca
846 2009 1023 2061 publica
1057 2009 1179 2060 (Epp.

304 2075 344 2121 2,
370 2075 407 2122 4,
432 2074 560 2123 216),
586 2073 867 2113 asservandis
886 2073 1062 2123 optimis
1085 2071 1184 2121 qui-

304 2136 480 2185 busque
513 2136 685 2186 scriptis
716 2135 877 2174 Latinis
908 2134 963 2173 ab
986 2135 1182 2184 Augusto

306 2198 538 2236 destinata.
591 2198 637 2236 In
658 2197 772 2236 hanc
793 2197 924 2247 igitur
945 2207 1025 2236 nos
1048 2194 1181 2234 ambo

305 2258 489 2309 cupidos
520 2256 671 2298 oculos
692 2258 968 2305 coniicimus,
1003 2268 1185 2308 speran-

308 2324 372 2359 tes
394 2330 497 2359 mox
517 2318 626 2367 fore,
650 2322 697 2357 ut
722 2322 870 2359 nostra
893 2329 1071 2370 quoque
1090 2329 1184 2357 car-

307 2383 424 2421 mina
455 2382 498 2420 in
529 2390 629 2420 eam
650 2381 962 2431 recipiantur.»
994 2382 1086 2421 Hoc
1108 2392 1184 2420 au-

307 2447 395 2483 tem
440 2453 521 2494 par
563 2439 717 2493 procul
757 2443 988 2494 adspicere
1031 2442 1182 2484 Florus

306 2505 484 2544 iubetur
503 2502 573 2542 vel
594 2503 741 2554 potius
763 2502 950 2554 fingitur.
981 2530 1025 2535 —
1052 2517 1184 2555 quan-

305 2572 345 2607 to
381 2564 603 2616 molimine]
638 2565 746 2604 «mit
781 2566 957 2606 welchen
990 2569 1184 2607 Umsta'n-

306 2631 397 2679 den,
420 2629 496 2668 mit
511 2627 686 2667 wele-her
706 2627 963 2678 Wichtiykeit
985 2630 1179 2680 Schmid,

307 2692 384 2731 wie
411 2689 708 2730 unistanclsvoll
737 2691 952 2730 Passow.»
1003 2693 1095 2732 Vox
1117 2694 1185 2733 est

306 2754 398 2794 fere
443 2753 645 2804 poetica,
701 2762 888 2791 numero
933 2752 1040 2803 sing.
1079 2765 1184 2795 casu

306 2818 477 2855 tantum
508 2814 640 2854 ablat.
676 2814 821 2854 adhuc
852 2817 1056 2866 reperta,
1089 2820 1183 2857 tum

306 2876 418 2929 plur.
451 2877 679 2916 molimina.
737 2896 780 2903 —
832 2877 1183 2927 circum-Specte-

308 2939 411 2988 mus]
445 2940 558 2979 «Una
589 2950 690 2989 pars
719 2939 927 2979 orationis
950 2940 1017 2979 est
1047 2939 1184 2979 divisa

308 3003 351 3041 in
382 3000 493 3040 duos
522 3010 679 3040 versus
712 2999 861 3040 Lucilii
892 3011 1017 3040 more
1049 3003 1092 3040 et
1112 3012 1187 3040 an-

308 3063 473 3113 tiquo.»
508 3062 712 3100 ponpam.
761 3061 886 3111 (Nulli
915 3063 1003 3101 iam
1034 3072 1187 3113 super-

310 3126 412 3165 sunt
433 3123 562 3162 huius
579 3124 753 3173 generis
770 3134 927 3163 versus
946 3122 1185 3173 Luciliani.)

313 3186 376 3226 Cf.
402 3187 488 3225 Sat.
516 3185 559 3232 l,
591 3186 637 3231 2,
674 3185 739 3223 62.
767 3208 808 3212 -
844 3185 1035 3236 vacuam]
1070 3185 1187 3224 «iam

312 3250 539 3300 patentem
578 3249 621 3286 et
660 3257 736 3286 eos
768 3247 892 3297 quasi
924 3249 1188 3298 exspectan—

312 3314 448 3349 tem.»
487 3332 530 3336 —
578 3307 743 3359 aedem]
789 3309 925 3359 Supra
973 3309 1184 3359 exposui:

313 3371 382 3412 alii
413 3373 558 3412 minus
587 3372 735 3419 recte,
781 3371 829 3409 ut
863 3370 967 3410 mihi
998 3370 1185 3419 videtur,

315 3434 534 3484 accipiunt
577 3433 631 3472 de
675 3432 786 3472 aede
821 3433 1066 3482 Musarum,
1113 3433 1187 3472 ubi

1249 1140 1323 1187 40,
1363 1139 1429 1179 38.

1302 1201 1473 1241 95-98.
1523 1202 1557 1240 si
1588 1201 1696 1251 forte
1721 1201 1864 1254 vacas]
1912 1202 1979 1241 «si
2017 1200 2123 1241 nihil

1248 1262 1364 1303 aliud
1386 1263 1541 1311 habes,
1575 1263 1695 1314 quod
1722 1274 1870 1314 agas.»
1895 1286 1939 1292 —-
1956 1263 2121 1315 procul]

1249 1336 1329 1365 «ex
1360 1325 1555 1376 quadam
1586 1325 1813 1375 distantia,
1846 1325 1964 1365 unde
1995 1337 2126 1366 exau-

1248 1387 1341 1427 dire
1373 1398 1528 1427 eorum
1559 1388 1978 1428 sermocinationem
2018 1398 2126 1439 pos-

1249 1450 1350 1489 sis.»
1400 1449 1462 1489 Cf.
1497 1448 1553 1488 ad
1584 1450 1670 1488 Sat.
1694 1450 1741 1498 2,
1772 1450 1818 1499 6,
1845 1450 1936 1490 405.
1970 1450 2124 1500 sicque

1248 1512 1341 1551 LiV.
1365 1512 1406 1560 2,
1431 1511 1471 1558 6,
1494 1511 1536 1550 7;
1570 1511 1728 1560 Aruns,
1752 1511 1821 1551 ubi
1841 1523 1895 1552 ex
1915 1512 2126 1552 lictoribus

1242 1572 1392 1622 procul
1450 1571 1749 1622 (recentiores
1807 1574 2088 1625 scripsissent
2114 1585 2122 1611 :

1247 1635 1361 1674 haud
1380 1635 1442 1673 ita
1455 1634 1621 1686 procul)
1639 1635 1846 1675 consulem
1861 1647 1958 1685 esse,
1984 1636 2127 1675 deinde

1249 1698 1336 1737 iam
1357 1697 1536 1747 propius
1565 1708 1614 1736 ac
1644 1698 1795 1737 certius
1829 1698 1939 1749 facie
1967 1709 2129 1749 quoque

1250 1761 1427 1800 Brutum
1455 1761 1646 1811 coqnovit
1676 1762 1760 1800 cet.
1788 1784 1832 1788 —
1868 1761 1976 1811 Quid
2001 1761 2124 1812 ferat]

1252 1821 1397 1870 «Quid
1441 1821 1658 1873 proferat3
1706 1822 1867 1873 quibus
1896 1822 2048 1863 verbis
2084 1825 2128 1862 et

1250 1895 1337 1934 quo
1368 1884 1455 1923 fine
1486 1883 1596 1923 alter
1632 1883 1809 1924 alterius
1837 1885 2127 1936 praeconium

1249 1946 1419 1985 faciat.»
1457 1968 1497 1974 —
1536 1946 1761 1986 Caedimur
1790 1947 1896 1996 cet.]
1939 1949 2127 1986 Prover-

1248 2007 1373 2047 bium
1403 2008 1521 2059 apud
1554 2007 1697 2047 Schol.
1730 2008 1906 2048 Aristid.
1930 2009 2123 2050 Fromm.

1247 2081 1346 2121 pag.
1386 2071 1486 2109 496:
1534 2066 1618 2110 τὸν
1656 2067 1834 2121 §eoum
1873 2065 2123 2123 ἁντιξύειν.

1251 2131 1397 2171 «Adeo
1426 2133 1649 2172 certamus
1670 2133 1712 2173 in
1734 2133 1899 2174 mutuis
1919 2132 2126 2174 laudibus

1246 2194 1548 2246 proferendis,
1581 2198 1629 2235 ut
1652 2197 1794 2237 totum
1815 2198 2044 2236 certamen
2065 2197 2127 2237 si-

1247 2256 1348 2296 mile
1381 2258 1436 2298 sit
1464 2257 1756 2308 gladiatorum
1784 2270 1959 2310 pugnae
1991 2260 2033 2299 in
2065 2259 2128 2299 di-

1247 2319 1347 2359 vitis
1378 2318 1561 2360 alicuius
1593 2319 1748 2371 epulis.
1800 2321 1889 2371 Ego
1921 2322 1965 2360 et
1984 2332 2126 2362 novus

1247 2379 1315 2420 ille
1336 2379 1631 2421 Callimachus
1647 2392 1802 2422 sumus
1819 2381 1938 2422 velut
1953 2383 2126 2423 Samni-

1247 2444 1356 2483 tium
1385 2454 1489 2495 par;
1522 2442 1678 2484 laudes
1708 2443 1872 2485 similes
1903 2446 2006 2485 sunt
2025 2455 2126 2485 cre-

1246 2505 1339 2546 bris
1363 2505 1442 2546 illis
1472 2505 1634 2557 plagis,
1667 2517 1778 2557 quas
1801 2508 1987 2558 uterque
2009 2507 2126 2546 acci-

1246 2570 1331 2621 pit,
1365 2571 1553 2620 uterque
1580 2568 1749 2618 reddit,
1782 2571 1915 2620 atque
1937 2571 1992 2608 ita
2014 2568 2126 2610 alte-

1246 2643 1370 2680 rum,
1406 2632 1532 2683 quasi
1561 2632 1866 2672 adversarium
1901 2633 1946 2672 in
1977 2643 2124 2684 pugna

1246 2693 1414 2734 ludicra
1437 2694 1660 2743 consumit,
1694 2693 1738 2733 id
1759 2697 1848 2743 est,
1874 2693 2122 2746 defatigat.»

1249 2757 1489 2806 Quousque
1519 2756 1604 2794 hoc
1634 2755 1855 2795 ludicrum
1882 2756 2125 2807 degenera-

1250 2818 1384 2866 verit,
1432 2817 1594 2856 indicat
1627 2816 1754 2856 Silius
1786 2818 1860 2866 Μ,
1894 2819 1966 2858 54ῑ
2016 2820 2126 2869 Quin

1247 2879 1374 2918 etiam
1401 2879 1642 2918 exhilarare
1670 2879 1772 2918 viris
1791 2881 1982 2920 convivia
2001 2883 2125 2922 caede

1248 2942 1339 2980 Mos
1367 2941 1465 2980 olim
1493 2944 1530 2980 et
1552 2941 1724 2981 miscere
1743 2942 1873 2992 epulis
1889 2944 2126 2993 spectacula

1251 3003 1346 3041 dira
1377 3003 1618 3043 Cet-tantum
1635 3003 1775 3054 ferr0,·
1805 3015 1928 3055 saepe
1946 3009 1984 3045 et
2002 3016 2126 3056 super

1249 3063 1342 3112 ipsa
1370 3066 1588 3105 cadentum
1616 3066 1787 3116 Pocula,
1819 3068 2014 3117 respersis
2042 3079 2126 3108 non

1245 3136 1380 3174 parco
1408 3128 1610 3178 sanquine
1635 3129 1799 3168 mensis.
1828 3150 1872 3157 -
1904 3130 2030 3170 Lento
2058 3153 2082 3159 -
2101 3153 2125 3159 -

1252 3186 1397 3238 duello]
1432 3189 1493 3228 Cf.
1517 3190 1626 3241 Epp.
1651 3191 1689 3238 4,
1713 3191 1753 3239 2,
1777 3191 1816 3230 7.
1837 3214 1882 3219 —-
1904 3191 2123 3242 Samnites]

1253 3250 1397 3290 Livius
1419 3250 1466 3299 9,
1499 3251 1574 3291 40:
1621 3251 1825 3302 Campani
1853 3253 1905 3292 ab
1931 3253 2126 3304 superbia

1252 3315 1289 3350 et
1318 3312 1410 3351 odio
1436 3311 1689 3353 Samnitium
1715 3315 1984 3365 gladiatores,
2017 3317 2127 3365 quod

1251 3374 1529 3422 spectaculum
1557 3375 1665 3415 inter
1682 3377 1825 3426 epulas
1844 3380 1954 3426 erat,
1987 3388 2033 3417 eo
2052 3388 2126 3417 or-

1252 3439 1356 3474 natu
1386 3438 1487 3486 (quo
1509 3436 1725 3478 Samnites
1745 3437 1904 3477 devicti
1923 3449 1949 3478 a
1967 3439 2126 3480 Roma-

316 3497 471 3546 po'e'tae
519 3496 738 3534 certantes
779 3495 893 3534 inter
936 3505 982 3533 se
1029 3496 1189 3534 carmi-
1222 3513 1225 3533 ι
1255 3497 1318 3537 nis
1360 3498 1483 3536 erant
1523 3497 1606 3547 usi)
1653 3503 1876 3537 armarunt
1910 3499 2123 3540 Samni-
