2231 3787
235 299 334 351 430

305 432 381 485 Sit
419 431 509 502 qui
551 430 689 484 dicta
731 429 872 483 foras
913 430 1172 485 eliminet,
1215 438 1271 481 ut
1310 434 1466 481 coeat
1504 444 1601 498 par

306 535 667 604 lungaturque
707 533 840 603 pari.

836 299 1049 339 HORATII
1079 299 1445 341 EPISTOLARUM

1990 430 2021 480 ιθ

2027 429 2057 479 0:

917 533 1135 583 Butram
1176 530 1265 582 tibi
1308 529 1736 600 Septiciumque,

304 637 365 688 Et
401 636 501 688 nisi
541 652 711 688 coena
751 634 899 705 prior
939 633 1225 703 potiorque
1265 630 1444 702 puella
1484 630 1742 684 Sabinum

344 786 408 825 26.
441 786 620 824 Brutum
650 785 695 832 S,
729 784 933 823 Bruti-am
952 785 993 834 ζ,
1025 783 1206 822 Brutum
1226 782 1327 822 LCt.
1364 782 1427 832 <Ut
1447 793 1552 832 nos,
1587 781 1756 834 bchp,
1779 778 1936 835 βκμξτ
1958 786 2003 824 et

288 848 480 888 Pottierii
509 846 743 898 plerique.)
774 866 818 872 —
850 845 1178 895 septimumque
1208 844 1251 894 d,
1285 844 1481 895 quinque
1504 845 1701 885 Pottierii
1722 846 1766 885 et
1795 845 1895 886 LCt.
1946 846 2010 896 (Ut

290 922 369 951 nos
382 943 393 959 ,
431 910 598 961 bScEp‚
631 904 844 960 βζκμξτ.)

236 1042 435 1083 culorum
465 1043 601 1082 instar
631 1040 938 1093 splendeant.»
974 1061 1018 1068 -
1045 1040 1116 1080 eli-

236 1105 373 1156 minet]
416 1107 563 1144 «extra
605 1103 741 1143 limen
783 1103 943 1143 domus
983 1113 1112 1142 meae

235 1180 338 1209 cum
369 1168 542 1216 exierit,
587 1168 772 1218 propter
810 1164 1114 1217 garrulitatem

235 1235 405 1271 temere
446 1228 638 1280 divolget
682 1229 970 1268 convivarum
1015 1239 1116 1268 ser-

235 1303 437 1334 mones.»
477 1293 709 1343 Antipater
729 1292 773 1331 in
792 1291 923 1331 Anth.
947 1289 1036 1330 Pal.
1061 1291 1112 1330 ΙΙ.

236 1369 277 1409 p.
302 1356 402 1396 328:
449 1351 602 1394 κακὸν
632 1350 783 1412 ἄνὸοα
815 1352 1010 1411 Ταοζῖέω
1034 1354 1115 1394 καὶ

233 1416 405 1472 μύθων
443 1414 699 1470 μνήιιονας
723 1392 1024 1474 ὖόοοπότας.
1067 1439 1112 1445 -

235 1484 357 1521 coeat
393 1492 479 1531 ραι
517 1480 619 1532 cet]
667 1480 788 1520 Plato
830 1481 1035 1551 Sympos.
1069 1490 1112 1530 p.

237 1545 329 1614 2¹95.
353 1545 405 1583 B:
441 1538 468 1582 ὁ
499 1538 704 1593 ,ταὶαιὸς
733 1538 878 1596 λόγος
908 1541 958 1581 εὐ
989 1536 1069 1589 ἔχε
1056 1554 1113 1591 ι,

236 1601 301 1656 (ὃς
332 1601 507 1658 ὁμοῖον
538 1602 692 1659 ὁιιοίω
724 1600 864 1656 (κατὰ
895 1601 951 1644 τὸ
981 1604 1117 1643 θεῖον

236 1670 303 1709 his
342 1670 448 1721 ipsis
484 1669 636 1709 verbis
675 1669 829 1709 inserit
858 1669 1117 1709 Aristaene—

237 1735 306 1772 ius
338 1733 383 1781 4,
418 1732 501 1782 40.)
533 1726 609 1771 ἀεὶ
639 1727 840 1782 πελάζει.

292 1857 358 1896 26.
382 1857 448 1896 ⁶27.
480 1857 691 1895 Butram—
706 1856 1026 1908 Septiciumque]
1050 1867 1119 1896 so-

239 1918 362 1959 dales
411 1919 619 1969 Torquati
669 1920 712 1958 et
769 1919 933 1958 Horatii
990 1918 1118 1958 nobis

240 1984 425 2033 ignotos.
455 1982 613 2021 Mirum
634 1981 793 2020 Butrae
813 1991 979 2020 nomen
1003 1991 1119 2020 non-

240 2045 346 2084 dum
375 2043 477 2083 alibi
504 2045 735 2094 repertum
766 2045 853 2091 est,
888 2043 969 2083 nisi
1000 2042 1120 2094 apud

241 2109 361 2147 Grut.
388 2107 516 2153 4074,
551 2105 590 2145 4.
625 2106 667 2144 in
706 2105 990 2157 inscriptione
1022 2117 1121 2145 ma-

241 2170 398 2210 nifesto
421 2168 664 2216 subditiva,
697 2169 760 2207 uti
789 2170 911 2220 patet
932 2180 986 2207 ex
1008 2169 1122 2208 Con-

241 2231 408 2280 sulum,
435 2231 510 2282 qui
530 2241 759 2281 nunquam
781 2230 972 2279 fuerunt,
997 2241 1124 2270 men-

241 2295 373 2333 tione.
423 2295 603 2345 Ineptus
648 2291 849 2332 falsarius
893 2293 996 2332 hinc
1038 2304 1123 2332 no-

241 2368 345 2397 men
388 2355 557 2396 furatus
598 2357 675 2395 est.
747 2357 880 2395 Butra
919 2356 1123 2395 Horatia-

242 2431 323 2459 nus
368 2429 422 2458 ex
466 2418 627 2457 eodem
672 2428 835 2468 genere
876 2416 1121 2458 facetorum

241 2481 471 2521 hominum
529 2479 664 2520 fuisse
731 2479 956 2531 putandus
1029 2481 1119 2528 est,

242 2554 330 2594 quo
383 2542 566 2583 Muli-ius
611 2546 649 2581 et
703 2553 876 2581 scurrae
923 2543 1012 2581 Sat.
1065 2543 1119 2590 2,

243 2607 286 2654 7,
321 2605 405 2651 36..
440 2604 708 2655 quibuscum
739 2605 875 2645 animi
897 2615 1032 2644 causa
1054 2605 1123 2643 in—

244 2667 422 2707 terdum
458 2666 598 2706 libere
636 2665 888 2716 iocabatur,
938 2676 1013 2706 eos
1046 2676 1123 2705 ea-

245 2730 348 2769 dem
385 2739 521 2780 opera
562 2728 730 2769 cibans.
789 2728 934 2769 Nostri
980 2727 1119 2768 Codd.

245 2792 423 2831 firmant
451 2790 552 2831 lect.
576 2791 824 2841 Septicium,
867 2791 937 2830 cui
969 2789 1040 2830 alii
1070 2801 1124 2830 ex

246 2854 324 2894 od.
356 2855 400 2902 2,
435 2854 474 2893 6.
506 2856 549 2893 et
583 2855 693 2905 Epp.
729 2854 771 2902 4,
806 2853 851 2902 9,
886 2854 923 2892 4.
958 2852 1125 2893 substi-

247 2917 425 2955 tuerunt
464 2916 720 2965 Septimium.
775 2914 862 2954 Cfr.
894 2914 1126 2954 VVeichert

247 2979 291 3017 P.
324 2979 367 3016 L.
402 2988 445 3028 p.
470 2977 564 3017 374.
619 2978 664 3027 Q.
690 2977 887 3026 Septicius
918 2976 993 3026 (sic
1029 2975 1125 3016 edi-

247 3040 328 3089 tur)
361 3051 481 3088 eques
508 3041 580 3079 Ro.
615 3041 683 3079 est
714 3040 846 3078 etiam
878 3038 997 3090 apud
1029 3039 1121 3078 Cic.

247 3102 372 3141 Verr.
408 3104 566 3141 Aecus.
604 3101 651 3150 3,
694 3100 767 3150 44,
808 3100 874 3140 36.
920 3123 965 3128 -—
998 3111 1127 3140 coena

244 3163 378 3215 prior]
426 3164 507 3203 «ad
552 3173 686 3214 quam
728 3163 850 3213 prius
897 3172 1032 3213 quam
1069 3162 1126 3202 ad

248 3237 396 3266 meam
427 3226 613 3265 fortasse
645 3226 850 3264 invitatus
882 3227 998 3273 est‚»
1037 3236 1126 3264 non

251 3288 434 3328 «lautior
447 3284 460 3338 ‚'
488 3285 694 3336 melior,»
736 3295 789 3325 ex
819 3297 906 3337 quo
937 3286 1126 3327 tautolo-

249 3353 317 3403 gia
339 3353 529 3391 oriretur
549 3361 651 3390 cum
671 3361 714 3389 v,
731 3350 886 3399 potior.
910 3373 955 3378 —
967 3350 1123 3402 puella]

251 3417 369 3455 «sive
411 3426 602 3455 coenare
641 3413 775 3454 hodie
815 3412 979 3453 mavolt
1023 3424 1126 3453 cum

252 3478 391 3516 amica
421 3487 556 3528 quam
585 3475 862 3516 nobiscum.»
911 3476 959 3515 In
990 3475 1128 3515 Gallo-

252 3549 350 3578 rum
382 3538 647 3580 editionibus
676 3536 885 3578 mutilatis
906 3538 968 3578 sic
988 3538 1126 3578 inter-

1178 1037 1377 1090 polatum
1416 1041 1505 1079 est:
1540 1040 1684 1089 potior
1723 1041 1899 1080 conviva
1941 1041 2066 1081 Sabi—

1178 1113 1292 1142 num.
1337 1123 1382 1130 -
1424 1102 1641 1154 Sabinum]
1688 1102 1902 1144 Sabinum
1946 1104 2065 1144 hunc

1180 1164 1250 1204 alii
1289 1164 1443 1205 volunt
1480 1176 1579 1206 esse
1610 1168 1659 1205 A.
1695 1165 1928 1216 Sabinum,
1969 1167 2068 1207 Ovi-

1181 1228 1239 1268 dii
1269 1229 1464 1268 amicum
1504 1228 1613 1279 (Am.
1650 1229 1697 1277 2,
1740 1229 1812 1279 48,
1856 1229 1959 1281 27),
1997 1231 2067 1270 cui

1181 1289 1286 1330 olim
1316 1290 1577 1331 tribuebant
1606 1293 1697 1332 tres
1728 1292 1948 1333 Heroides
1971 1293 2069 1333 Ovi-

1182 1353 1324 1393 dianis
1367 1352 1634 1405 plerumque
1681 1352 1967 1404 subiunctas,
2018 1366 2067 1395 re

1180 1428 1289 1456 vera
1311 1418 1463 1456 autem
1486 1416 1755 1467 compositas
1778 1416 1963 1457 demum
1987 1418 2068 1457 cir-

1182 1480 1291 1518 citer
1332 1490 1370 1518 a.
1411 1478 1533 1519 4467.
1581 1478 1636 1517 ab
1677 1478 1844 1529 Angelo
1887 1480 2067 1528 Quirino

1183 1540 1368 1591 Sabino,
1403 1542 1692 1591 grammatico
1722 1541 1830 1582 Italo
1855 1542 1987 1593 (unde
2009 1542 2070 1583 fa-

1183 1602 1264 1644 cile
1287 1604 1420 1644 etiam
1441 1602 1680 1654 colligitur,
1716 1615 1795 1643 cur
1824 1603 1970 1645 nullus
1993 1605 2070 1645 ad-

1182 1668 1270 1707 huc
1313 1665 1488 1706 illarum
1529 1666 1681 1706 Codex
1725 1668 1811 1707 MS.
1860 1669 2068 1719 repertus

1183 1731 1257 1779 sit3
1306 1729 1446 1771 semel
1488 1729 1607 1769 enim
1645 1730 1690 1769 in
1727 1730 1880 1769 charta
1911 1741 2070 1770 exara-

1184 1796 1277 1842 tae,
1321 1794 1438 1844 typis
1479 1791 1641 1833 deinde
1683 1804 1923 1844 expressae
1964 1796 2070 1834 sunt

1183 1857 1381 1908 primum
1410 1855 1607 1895 Venetiis
1640 1854 1798 1906 4488),
1832 1854 1902 1894 alii
1943 1855 2070 1895 Sabi-

1184 1929 1293 1958 num
1323 1918 1554 1966 Tironem,
1602 1918 1677 1968 qui
1720 1916 1884 1957 librum
1920 1918 2069 1969 Cepu-

1185 1980 1309 2019 ricon
1338 1980 1585 2019 Maecenati
1621 1979 1796 2019 dicavit.
1851 1978 1971 2031 (Plin.
2014 1980 2066 2019 H.

1184 2043 1335 2090 3149,
1370 2042 1444 2089 40,
1479 2042 1562 2092 57.)
1613 2043 1780 2083 Verum
1812 2043 1921 2082 certi
1952 2042 2067 2082 defi-

1185 2105 1267 2145 niri
1297 2103 1402 2144 nihil
1431 2106 1594 2156 potest.
1648 2106 1852 2154 «Nescio⁷
1888 2116 1968 2144 cur
1990 2106 2070 2154 (ln-

1186 2168 1407 2219 terpretes
1450 2167 1750 2219 recentiores)
1797 2166 2072 2219 neglexerint

1185 2230 1423 2270 BrItannici
1454 2230 1778 2279 coniecturam,
1813 2241 1900 2282 qua
1930 2231 1966 2270 is
1997 2231 2071 2271 Sa-

1186 2293 1344 2332 binum
1361 2291 1500 2332 habet
1518 2302 1599 2343 pro
1621 2293 1666 2332 T.
1693 2291 1824 2332 Flavii
1850 2293 2067 2342 Petronis,

1186 2353 1304 2395 bello
1326 2353 1439 2394 civili
1469 2355 1843 2405 Pompeianarum
1873 2356 2068 2406 partium

1189 2417 1459 2458 centurionis
1519 2415 1630 2466 filio,
1694 2418 1765 2457 cui
1820 2428 2070 2468 cognomen

1189 2481 1284 2519 erat
1327 2478 1540 2518 Sabino.»
1600 2479 1751 2519 OBBAR.
1813 2480 1908 2530 (Sic
1951 2481 2070 2520 enim

1187 2543 1318 2582 huius
1336 2541 1576 2591 adnotatiO,
1603 2541 1788 2583 sortasse
1807 2543 1946 2594 ipsius
1963 2555 2074 2596 quo-

1189 2616 1275 2656 que
1320 2605 1579 2653 Britannici,
1627 2606 1752 2645 cuius
1790 2617 1944 2647 curam
1981 2618 2071 2646 non

1188 2667 1292 2717 vidi,
1318 2666 1600 2706 emendanda
1623 2669 1732 2707 erat.
1781 2667 1867 2708 Csr.
1887 2669 2065 2708 Sueton.

1188 2730 1322 2780 Vesp.
1348 2730 1386 2768 4.
1421 2729 1632 2768 Ceterum
1663 2731 1786 2769 aetas
1816 2731 2070 2772 Suetoniani

1187 2791 1318 2830 huius
1353 2789 1501 2829 Sabini
1539 2800 1642 2830 cum
1678 2791 1808 2831 huius
1848 2791 2069 2843 Epistolae

1189 2855 1391 2903 tempore
1409 2852 1514 2892 satis
1532 2853 1746 2903 congruit.
1774 2853 1939 2901 Quodsi
1960 2866 2068 2896 vere

1190 2915 1402 2955 divinavit
1452 2915 1752 2966 Britannicus,
1819 2927 2069 2968 cognomen

1188 2978 1341 3029 utique
1372 2977 1558 3018 ductum
1589 2980 1656 3019 est
1687 2990 1740 3018 ex
1769 2977 1882 3020 illius
1912 2982 2068 3021 aetatis

1189 3051 1314 3081 more
1346 3052 1370 3080 a
1401 3042 1544 3081 matre
1575 3041 1769 3094 Sabina.)

1244 3103 1391 3143 28-34.
1424 3104 1618 3154 pluribus
1644 3103 1813 3156 umbris]
1846 3106 2069 3146 «convivis

1190 3177 1215 3205 a
1259 3167 1543 3206 conxdvatore
1588 3178 1674 3207 non
1724 3167 1936 3216 invitatis,
1988 3166 2069 3208 sed

1190 3240 1302 3280 quos
1325 3229 1401 3280 qui
1430 3230 1596 3269 invitati
1627 3230 1730 3270 sunt
1749 3228 1974 3270 interdum
1994 3240 2068 3270 se-

1191 3302 1294 3331 cum
1324 3290 1532 3331 ducunt.»
1585 3291 1671 3332 Csr.
1704 3292 1790 3330 Sat.
1824 3292 1874 3340 2,
1917 3291 1963 3340 8,
1997 3291 2065 3331 22.

1188 3354 1330 3393 Plures
1380 3355 1530 3392 autem
1582 3353 1687 3393 dicit
1736 3351 1791 3392 ad
1841 3362 2068 3393 summum

1191 3416 1414 3465 quattuor,
1447 3414 1608 3466 quibus
1629 3413 1781 3455 solitus
1802 3415 2069 3456 novenarius

1191 3478 1479 3516 convivarum
1510 3486 1725 3516 numerus
1757 3475 1957 3528 expletus
1993 3487 2068 3517 es-

1191 3540 1273 3579 set.
1319 3538 1457 3578 Varro
1494 3537 1612 3590 apud
1653 3536 1758 3578 Gell.
1793 3538 1865 3587 43,
1908 3539 1981 3587 44,
2023 3539 2062 3578 2.

2210 3255 2215 3290 -“’
2211 3174 2215 3245 ἡ·
2211 1009 2231 3164 ψῊἯᾘ--Ὗψᾝ-τ-ῃ-ῄ,-
2221 961 2224 989 ᾼ-
2222 906 2225 918 ,
2222 869 2225 895 ,ᾼ
2222 835 2224 849 ἡ
2222 785 2225 793 -
2222 709 2224 719 -
