2231 3787
884 238 982 278 ΜΒ.
1019 239 1067 277 11.
1131 239 1242 277 SAT.
1279 239 1345 277 v1.
1942 237 2025 288 3

1980 236 2010 287 ἰν

2019 238 2046 287 Q:

292 371 462 441 Carpe
508 370 672 432 viam,
716 369 842 422 mihi
883 368 1072 431 crede,
1116 386 1324 434 comes;
1367 369 1641 423 terrestria
1680 368 1897 440 quando

296 472 548 527 Mortales
589 473 793 526 animas
831 472 1015 525 vivunt
1054 472 1265 533 sortita,
1308 488 1487 542 neque
1529 470 1634 523 ulla
1673 479 1755 524 est

291 577 394 628 Aut
431 592 625 646 magno
666 583 756 628 aut
794 591 961 647 parvo
1002 573 1091 628 leti
1130 573 1280 645 fuga:
1323 591 1460 645 qu0‚
1503 573 1670 634 bone,
1716 573 1881 635 circa,

1984 574 2051 625 95

292 678 433 729 Dum
472 676 620 739 licet,
664 678 716 729 in
756 677 921 731 rebus
962 676 1210 731 iucundis
1249 676 1369 730 vive
1408 675 1628 740 beatus3

294 780 422 833 Vive
461 797 691 841 memor,
736 797 899 851 quain
938 779 1011 833 sis
1052 779 1169 832 aevi
1207 778 1404 832 brevis.

1483 779 1630 832 Haec
1668 777 1758 831 uhi
1796 778 1937 832 dicta

295 883 575 953 Agrestem
614 881 904 953 pepulere,
949 881 1110 935 domo
1149 881 1283 935 levis
1324 880 1524 945 exsilit3
1575 880 1698 934 inde

295 984 466 1038 Ambo
507 984 846 1056 propositum
884 992 1151 1056 peragunt
1189 984 1313 1043 iter,
1357 983 1507 1037 urhis
1548 992 1768 1037 aventes

296 1087 507 1141 Moenia
544 1086 791 1141 nocturni
832 1085 1148 1158 subrepere.

1228 1088 1450 1158 Iamque
1490 1086 1709 1140 tenebat
1953 1085 2053 1139 1100

297 1191 412 1243 Nox
453 1189 693 1243 medium
733 1187 868 1242 caeli
909 1189 1169 1261 spatium,
1212 1206 1335 1242 cum
1374 1188 1524 1260 ponit
1561 1197 1790 1260 uterque

297 1295 354 1344 ln
394 1291 664 1363 locuplete
705 1290 867 1345 domo
906 1291 1159 1362 vestigia,
1202 1289 1368 1344 rubro
1408 1289 1500 1344 ubi
1542 1307 1706 1345 cocco

334 1459 400 1500 94.
433 1460 636 1500 Mortales
666 1469 891 1510 superscr.
926 1460 939 1498 i
969 1459 1010 1498 S.
1048 1481 1092 1486 —
1127 1458 1192 1498 95.
1226 1457 1323 1497 bene
1354 1457 1436 1507 E,t.
1475 1479 1519 1486 --
1554 1457 1620 1497 96.
1652 1458 1757 1497 vivis
1788 1458 1832 1497 E.
1862 1481 1904 1486 —
1931 1458 1996 1498 97.

279 1534 406 1573 quam
433 1523 495 1562 vis
524 1533 748 1574 superscr.
782 1522 838 1561 sis
866 1520 909 1561 b.
948 1544 993 1550 —-
1026 1521 1092 1561 98.
1126 1522 1252 1561 domu
1281 1522 1323 1560 F.

220 1674 323 1724 pede
358 1685 598 1724 pauperum
638 1673 834 1714 tabernas
871 1674 1110 1725 Reyumque

224 1740 373 1777 turres.
435 1736 514 1777 Od.
539 1738 585 1786 Ξ,
611 1737 685 1785 48,
709 1736 784 1776 32:
827 1736 972 1786 Aequa
991 1735 1108 1775 tellus

222 1800 404 1850 Pauperi
427 1800 660 1839 recluditur
687 1801 924 1851 Reyumque
945 1799 1105 1848 pueris.

223 1863 334 1914 Epp.
357 1863 404 1911 2,
428 1863 452 1901 2
467 1893 476 1911 ,
509 1862 582 1902 78:
616 1862 732 1902 metit
763 1862 894 1901 Orcus
916 1861 1109 1902 Grandia

224 1936 318 1964 cum
341 1925 513 1974 parvis,
545 1936 629 1964 non
659 1924 887 1965 exorabilis
906 1936 1028 1964 auro.
1058 1945 1101 1952 —-

225 1989 337 2027 Dum
366 1988 472 2037 licet]
505 1987 673 2028 Eadem
706 1987 893 2028 formula
926 1989 994 2028 est
1024 1987 1104 2027 Od.

225 2051 265 2099 ⁶2,
292 2052 359 2099 44,
385 2052 451 2091 46.
476 2051 516 2100 4,
542 2052 607 2101 42,
632 2052 698 2091 26.
732 2052 842 2103 Epp.
864 2052 902 2100 4,
928 2052 994 2099 41,
1019 2051 1104 2099 ⁶204

225 2112 399 2165 plenior
429 2114 507 2153 Od.
538 2114 585 2162 ⁶2,
626 2113 670 2163 3,
715 2114 788 2153 45;
834 2115 948 2153 Dum
977 2124 1041 2153 res
1072 2116 1111 2152 et

227 2180 344 2215 aetas
358 2180 395 2215 et
414 2187 607 2215 sororum
621 2177 714 2216 Fila
736 2177 865 2215 trium
882 2176 1108 2226 patiuntur

227 2243 339 2279 atra.
378 2259 422 2266 —
456 2238 641 2279 Videtur
669 2238 853 2291 parodia
888 2238 1107 2290 Euripidis

226 2300 387 2342 Alcest.
420 2301 523 2341 782:
575 2301 779 2358 Βροτοΐς
808 2295 963 2341 ἅπασι
991 2313 1108 2340 κατ-

226 2365 395 2404 θανεῖν
436 2358 695 2413 ὀφείλεται.
729 2386 753 2393 -
775 2388 798 2394 -
834 2361 972 2404 Ταῦτ’
1020 2355 1107 2404 οὖν

226 2422 447 2477 ἀκούσας
476 2427 559 2466 καὶ
592 2424 767 2479 μαθών
804 2423 924 2479 ἐμοῦ
957 2423 1104 2484 πάρα,

226 2485 473 2548 Εὕφραινε
503 2486 700 2538 σαυτόν,
735 2493 855 2539 πῖνε,
888 2486 973 2530 τὸν
996 2489 1105 2529 καθ’

227 2549 412 2611 ἡμέραν
441 2553 558 2594 Βίον
588 2552 776 2608 λογίζου
820 2550 933 2604 σόν,
979 2550 1039 2593 τὰ
1069 2552 1106 2593 δ’

226 2611 350 2657 ἄλλα
393 2614 481 2670 τῆς
523 2613 688 2670 τύχης.
726 2641 770 2645 -
815 2618 910 2658 I'ive
951 2629 1111 2657 memor

228 2681 332 2730 cet]
365 2680 442 2719 «Et
472 2679 656 2730 quidem
677 2680 734 2719 ita
755 2680 876 2729 vive,
909 2682 957 2720 ut
978 2680 1111 2720 decet

228 2754 357 2792 eum,
391 2744 465 2794 qui
496 2743 631 2782 vitam
661 2742 850 2783 brevem
872 2754 972 2784 esse
995 2754 1112 2784 sem-

227 2817 310 2858 per
328 2805 626 2845 meminerit.»
658 2808 782 2851 Pers.
806 2807 852 2856 5,
879 2806 977 2846 453:
1017 2807 1112 2846 Vive

228 2878 389 2907 memor
431 2867 528 2917 leti,
576 2869 685 2920 fugit
726 2869 846 2909 hora.
919 2869 1108 2908 Nimiam

229 2924 447 2982 ἔμφασιν
467 2929 611 2971 intulit
629 2931 835 2980 Vossius,
869 2931 933 2971 sic
954 2931 1111 2971 distin-

232 3003 393 3043 guens:
432 2993 550 3032 Vive!
578 3004 757 3041 memor;
790 2995 839 3033 ut
868 2994 923 3034 sit
951 2995 1110 3046 prioris

229 3055 321 3094 vive
363 3055 584 3105 repetitio:
639 3057 827 3096 «Fruere
871 3057 960 3096 vita
1005 3067 1109 3097 vere

230 3115 401 3164 vitali,»
434 3113 532 3173 χρῶ
564 3112 628 3169 τῷ
658 3115 770 3171 βίῳ,
801 3115 1010 3172 μνήμων
1043 3113 1110 3158 ὢν

231 3177 329 3218 κτλ.
392 3180 633 3231 Comparat
663 3180 740 3219 Od.
765 3182 815 3230 2,
851 3182 896 3230 3,
932 3183 997 3222 47.
1023 3182 1107 3231 49.,

231 3241 308 3281 ubi
338 3237 626 3298 ἐπαναφορὰ
654 3241 778 3292 lyrici
816 3246 884 3283 est
912 3244 1108 3295 spiritus;

236 3305 309 3344 hic
339 3303 622 3355 tranquillam
653 3305 1004 3345 exhortationem
1025 3307 1109 3346 mi—

234 3377 315 3407 nus
356 3366 500 3407 decet.
550 3389 597 3395 —
634 3367 845 3419 pepulere]
895 3367 1111 3420 «impule—

234 3430 359 3479 runt,
415 3432 807 3470 commoverunt.»
880 3431 1023 3471 Etiam
1066 3433 1109 3471 in

235 3500 366 3541 prosa
397 3494 505 3533 orat.
531 3493 620 3533 Cic.
646 3492 701 3534 de
732 3492 810 3533 Off.
836 3492 881 3543 3,
917 3493 991 3542 40,
1025 3491 1069 3533 44
1099 3505 1105 3532 ;

1173 1672 1336 1722 Species
1356 1671 1547 1710 utilitatis
1568 1672 1757 1710 animum
1773 1671 1933 1721 pepulit
1952 1672 2054 1712 eius.

1175 1735 1239 1775 Cf.
1264 1737 1453 1774 Gronov.
1479 1733 1534 1773 ad
1566 1735 1655 1774 Liv.
1682 1734 1726 1782 3,
1762 1734 1828 1774 30.
1866 1757 1910 1762 —
1935 1746 2058 1775 aven-

1175 1802 1231 1838 tes
1250 1819 1273 1825 -
1301 1819 1324 1825 —
1343 1796 1584 1848 subrepere]
1633 1797 1919 1848 «cupientes,
1968 1809 2056 1849 quo

1173 1864 1375 1913 tempore
1408 1870 1542 1899 nemo
1575 1870 1652 1899 eos
1680 1859 2058 1900 animadverteret

1174 1935 1258 1964 nec
1289 1922 1587 1972 disturbaret,
1635 1922 1835 1973 rependo
1880 1924 2057 1963 moenia

1173 1985 1324 2028 subire
1356 1996 1408 2025 ac
1448 1996 1530 2037 per
1569 1987 1825 2037 aperturam
1863 1984 2056 2036 aliquam

1174 2047 1424 2089 clanculum
1462 2049 1673 2087 intrare.»
1731 2049 1837 2087 Stat.
1869 2047 1971 2088 Silv.
2008 2050 2054 2097 4,

1173 2112 1222 2161 4,
1257 2112 1332 2152 56:
1379 2111 1583 2161 subrepsit
1620 2111 1664 2150 in
1695 2116 1816 2150 artus
1851 2112 2057 2151 Insidiosa

1172 2174 1300 2224 quies.
1360 2171 1564 2213 Nonnulli
1599 2174 1745 2213 minus
1795 2175 1917 2213 recte
1949 2185 2059 2213 con-

1173 2238 1371 2278 struunt:
1406 2238 1626 2277 «nocturni
1655 2237 1877 2287 subrepere
1908 2235 2060 2288 (laten-

1172 2302 1242 2340 ter
1272 2302 1406 2340 noctu
1437 2299 1593 2340 subter
1623 2301 1800 2340 moenia
1831 2299 2055 2351 arrepere)

1175 2364 1443 2413 coeperunt,
1502 2367 1667 2402 aventes
1709 2363 1877 2402 moenia
1919 2362 2055 2410 urbis,

1175 2436 1278 2466 cum
1320 2436 1398 2465 eos
1440 2424 1602 2465 urbem
1646 2425 1841 2465 adeundi
1886 2424 2059 2465 subiret

1175 2487 1443 2539 cupiditas;»
1477 2488 1603 2539 quasi
1632 2499 1739 2527 vero
1761 2487 1974 2527 infinitivo
1996 2487 2060 2527 hi-

1175 2551 1339 2592 storico
1370 2551 1442 2591 hic
1471 2549 1596 2591 locus
1628 2552 1771 2599 esset,
1811 2552 1886 2590 aut-
1917 2551 2058 2590 Hora—

1174 2615 1260 2654 tius
1290 2625 1492 2666 unquam
1523 2613 1723 2654 dicturus
1763 2613 1918 2653 fuisset
1955 2625 2057 2654 aveo

1174 2677 1354 2718 moenia.
1391 2700 1437 2705 -—
1468 2676 1676 2729 nocturni]
1711 2676 1797 2716 Cfr.
1822 2675 1961 2728 Epod.
1988 2677 2053 2725 46,

1176 2741 1243 2780 54.
1296 2741 1385 2780 Sat.
1411 2741 1459 2790 4,
1492 2740 1540 2790 3,
1576 2741 1669 2780 447.

1233 2803 1435 2843 400-405.
1466 2804 1639 2852 Iamque
1659 2803 1820 2843 tenebat
1839 2802 1943 2851 cet]
1973 2804 2058 2842 Pa-

1176 2865 1301 2906 rodia
1333 2866 1483 2918 epica,
1516 2867 1566 2905 ut
1595 2867 1684 2906 Sat.
1710 2867 1755 2913 4,
1790 2867 1839 2915 5,
1873 2865 1916 2904 9;
1966 2865 2058 2904 Iam

1174 2941 1263 2969 nox
1290 2929 1487 2969 inducere
1516 2929 1639 2968 terris
1673 2928 1846 2968 Umbras
1875 2931 1913 2967 et
1942 2928 2057 2967 caelo

1176 2993 1408 3043 diffundere
1442 2991 1565 3043 siqua
1602 2991 1804 3042 parabat.
1863 3013 1908 3019 —
1959 2991 2059 3030 Noas

1176 3056 1259 3096 dea
1297 3053 1472 3095 caelum
1509 3065 1643 3094 curru
1682 3054 1963 3105 pervehitur,
2010 3054 2059 3091 ut

1175 3120 1345 3159 Aurora
1377 3119 1421 3157 et
1451 3116 1536 3157 Sol.
1572 3139 1619 3145 —
1653 3128 1748 3156 cum
1784 3116 1918 3166 pouit]
1967 3116 2053 3154 Sat.

1177 3182 1220 3231 4,
1262 3182 1310 3228 5,
1354 3180 1435 3220 20:
1486 3180 1659 3229 Iamque
1701 3179 1785 3219 dies
1827 3180 1999 3225 aderat,
2035 3199 2058 3205 -

1175 3255 1270 3283 cum
1289 3266 1312 3272 -
1333 3265 1356 3272 -
1376 3242 1597 3282 Seutimus.
1637 3265 1680 3270 —
1703 3242 1825 3291 ponit
1844 3262 1866 3268 —
1890 3262 1913 3268 -
1932 3239 2057 3278 vesti-

1174 3306 1262 3358 9ia]
1304 3305 1616 3357 «ingreditur»
1679 3306 1789 3344 Nos:
1838 3303 1915 3341 den
1958 3302 2058 3340 Fuss

1173 3373 1323 3409 setzen.
1377 3367 1501 3409 Conf.
1526 3368 1701 3419 Epp.4,
1738 3366 1808 3413 49,
1842 3365 1909 3403 24.
1963 3363 2053 3403 Cic.

1175 3431 1360 3483 Philipp.
1386 3431 1434 3481 3,
1461 3431 1536 3479 42,
1561 3430 1604 3469 34
1629 3441 1636 3467 :
1669 3428 1902 3477 ubicunque
1918 3426 2058 3477 posuit

1173 3494 1405 3546 vestigium.
1458 3516 1500 3520 —
1560 3490 1700 3543 cocco]
1747 3489 2052 3538 scarletto,
