2231 3787
321 263 420 315 654
919 262 1132 302 HORATH
1162 261 1529 303 EPISTOLARUM

388 397 516 448 Tres
557 394 682 446 milii
725 394 982 447 convivae
1020 410 1190 464 prope
1230 392 1517 446 dissentire
1555 390 1830 451 videntur,

389 499 679 551 poscentes
718 496 865 549 vario
905 494 1127 548 multum
1169 493 1383 547 diversa
1420 491 1613 564 palatO.

390 598 531 664 Quid
558 598 720 652 dem?
759 597 889 669 quid
915 614 1022 649 non
1050 595 1210 648 dem?
1249 595 1432 648 renuis
1458 603 1525 656 tn,
1556 593 1704 665 quod
1731 593 1879 646 iubet
1904 592 2062 657 alter3

390 701 548 766 Quod
586 701 748 771 petis,
790 699 843 752 id
884 714 1013 751 sane
1054 706 1134 750 est
1172 697 1402 750 invisum
1441 696 1766 767 acidumque
1805 695 2036 749 duobus.

390 805 610 856 Praeter
648 810 853 863 cetera,
894 817 982 853 me
1019 801 1290 853 Romaene
1330 804 1582 869 poemata
1619 815 1812 852 censes
2070 798 2136 850 65

392 903 639 957 Scribere
677 919 840 973 posse
880 902 1015 955 inter
1053 910 1128 954 tot
1166 918 1324 955 curas
1363 908 1548 971 totque
1587 899 1840 954 labores?

391 1005 486 1058 Hic
526 1022 785 1076 sponsum
823 1013 1007 1065 vocat,
1051 1002 1136 1056 hic
1178 1001 1419 1055 auditum
1457 1002 1655 1073 scripta
1692 1001 1891 1055 relictis

428 1203 492 1242 63.
527 1207 593 1250 tn,
628 1203 738 1251 quod
765 1200 934 1249 bSEcd,
959 1201 1120 1240 LCth:
1155 1200 1327 1250 qnodtn
1346 1197 1443 1252 γλτ,
1476 1199 1669 1238 Pottierii
1700 1199 1922 1249 quattuor,
1950 1199 2085 1238 Bent-

373 1265 482 1305 leius
514 1268 558 1305 et
586 1266 640 1304 M.
679 1288 722 1294 -
756 1265 821 1304 65.
857 1265 1008 1304 Romae
1036 1274 1152 1302 mene
1181 1261 1316 1302 Aldus
1349 1262 1449 1313 (non
1479 1261 1664 1311 bSEcd).

320 1437 571 1485 virulentis,
624 1447 760 1487 quam
808 1439 911 1477 sunt
960 1447 1195 1476 sermones
1225 1448 1228 1502 g
1262 1436 1380 1475 HAND
1402 1435 1611 1475 Turs.IV.
1634 1433 1863 1485 13642.)-
1883 1445 1948 1474 me
1962 1435 2142 1474 Romae-

319 1501 512 1540 Bionei.»
560 1499 683 1539 Conf.
723 1500 808 1538 Sat.
850 1500 897 1547 4,
947 1499 1020 1548 40,
1069 1499 1108 1538 3.
1148 1522 1192 1526 -
1226 1507 1229 1548 ξ
1261 1496 1333 1548 ne]
1383 1495 1618 1536 «Nonnulli
1649 1495 1836 1536 Codices
1867 1498 1910 1536 et
1938 1499 2140 1537 vetustae

313 1562 459 1614 prope]
492 1574 581 1601 non
613 1559 955 1613 «plerumque,»
993 1561 1074 1601 sed
1111 1561 1197 1600 hoc
1226 1556 1229 1618 1
1262 1559 1489 1599 Editiones
1507 1557 1620 1598 male
1637 1560 1792 1599 Romae
1807 1570 1935 1599 mene.
1960 1559 2047 1599 Sed
2065 1560 2144 1599 Ro-

320 1625 441 1664 dicit:
478 1624 580 1663 «Vix
603 1623 729 1663 aliter
749 1623 843 1663 fieri
863 1626 1031 1675 potest,
1062 1634 1195 1675 quam
1226 1623 1229 1680 j
1262 1632 1355 1660 mae
1384 1632 1481 1660 voc.
1507 1632 1689 1661 omnem
1715 1620 1799 1661 sibi
1822 1621 2016 1661 vindicat
2034 1621 2139 1661 vim.

318 1690 387 1735 ut,
431 1688 466 1727 si
499 1686 808 1727 tantummodo
839 1688 930 1726 tres
964 1686 1051 1737 (qui
1090 1697 1199 1725 con-
1227 1685 1229 1718 1
1265 1683 1327 1724 Cf.
1363 1684 1432 1734 (ad
1464 1684 1744 1732 senteutiam)
1787 1684 1873 1723 Sat.
1906 1685 1955 1731 2,
1991 1684 2039 1732 6,
2073 1683 2140 1724 33.

318 1751 419 1790 vivii
454 1750 662 1789 minimus
701 1751 769 1789 est
805 1759 1043 1797 numerus,
1090 1747 1195 1788 Gell.
1264 1747 1314 1786 60
1347 1757 1473 1798 seqq.
1515 1747 1627 1798 Epp.
1660 1747 1708 1796 4,
1741 1745 1816 1796 44,
1848 1747 1873 1787 8
1904 1758 2000 1798 seq.
2039 1747 2140 1786 47.»

321 1813 391 1861 13,
427 1812 509 1861 44.)
541 1823 724 1852 mensae
755 1811 1046 1860 accumbant,
1085 1812 1200 1851 inter
1227 1834 1230 1863 ὲ
1262 1811 1459 1848 DILLENB.
1490 1833 1532 1837 —
1567 1809 1740 1860 labores]
1786 1821 1898 1860 quos
1939 1811 2003 1849 sic
2032 1820 2145 1849 enu-

320 1887 368 1916 se
400 1874 704 1915 dissentiant.»
750 1874 855 1913 Mire
901 1873 1025 1912 Hand
1071 1874 1196 1913 Turs.
1264 1873 1408 1910 merat
1436 1870 1544 1911 Plin.
1577 1871 1685 1922 Epp.
1711 1872 1758 1918 4,
1790 1872 1836 1920 9,
1867 1873 1915 1911 2:
1949 1872 1996 1911 Si
2025 1882 2146 1921 quem

320 1939 390 1978 IV.
427 1948 470 1989 p.
510 1937 611 1976 600:
665 1936 788 1975 «Tres
828 1936 1026 1974 convivae
1070 1946 1200 1985 prope
1262 1935 1506 1985 πίων-0963,
1528 1934 1658 1973 Hodie
1680 1935 1779 1983 qnia
1799 1933 1949 1985 eyisti?
1977 1946 2145 1984 respon-

320 2002 422 2041 sunt
450 2000 581 2050 pauci
602 1999 733 2038 amici
762 2009 902 2050 prope
926 1997 1198 2037 accubantes
1228 2000 1230 2056 ζ
1264 1998 1381 2036 cleat:
1427 1997 1569 2048 Officio
1614 2001 1735 2047 togae
1770 1997 1905 2036 virilis
1947 1997 2143 2048 interfai‚·

322 2065 362 2102 et
394 2061 750 2110 confabulantes,
785 2061 860 2111 qui
881 2061 1090 2100 videntur
1111 2071 1198 2099 non
1228 2095 1230 2102 ,
1263 2060 1475 2108 sponsalia
1518 2063 1592 2098 aut
1635 2060 1806 2109 'nuptias
1850 2059 2115 2111 frequentavi
2128 2070 2142 2107 ,·

321 2136 452 2177 posse
471 2125 722 2171 dissentire,
747 2125 896 2163 tamen
913 2124 1195 2163 dissentiunt.
1228 2115 1230 2118 ’
1262 2123 1329 2161 ille
1364 2133 1428 2160 one
1467 2123 1521 2161 ad
1559 2123 1811 2173 signandum
1840 2126 2143 2170 testa-mentum,

322 2188 472 2228 Redde
504 2188 592 2227 drei
622 2187 728 2225 nahe
749 2186 997 2225 betsammen
1018 2186 1199 2225 sitzencle
1228 2190 1231 2218 ²
1264 2185 1332 2224 ille
1351 2185 1394 2223 in
1415 2186 1748 2234 advocationem,
1781 2185 1848 2224 ille
1866 2185 1910 2224 in
1929 2185 2146 2225 consilium

323 2252 488 2292 Ga'ste.»
523 2271 567 2278 -
600 2249 778 2288 multum
806 2249 985 2301 diversa]
1016 2249 1126 2299 Epp.
1157 2248 1194 2297 4,
1263 2248 1442 2298 reflavit.
1471 2270 1516 2274 -
1550 2246 1758 2298 sponsum]
1790 2248 1877 2286 Sat.
1906 2248 1953 2296 2,
1984 2248 2030 2295 6,
2063 2246 2140 2287 23:

323 2314 395 2362 40,
429 2313 478 2352 3;
519 2312 695 2351 maltum
725 2311 950 2350 dissimiles.
1005 2310 1068 2350 Cf.
1109 2311 1195 2348 Sat.
1228 2337 1231 2380 Ι
1262 2311 1416 2350 Romae
1451 2321 1688 2359 sponsorem
1723 2321 1789 2349 ‘me
1815 2310 1946 2360 rapis.
1984 2332 2029 2337 —
2062 2321 2146 2349 au-

322 2377 367 2424 4,
402 2375 445 2425 3,
478 2376 544 2415 57.
572 2398 617 2403 —-
653 2375 759 2424 Quid
790 2373 922 2425 demP]
959 2374 1089 2413 «Mire
1111 2373 1198 2412 iam
1228 2384 1231 2395 ·
1264 2373 1395 2411 clitum
1414 2372 1586 2424 scripta]
1609 2370 1721 2411 Nihil
1743 2373 1895 2412 autem
1914 2370 2145 2412 molestius

321 2438 564 2477 dramatico
597 2438 853 2481 charactere
885 2439 1115 2487 tamquam
1143 2434 1199 2473 ad
1228 2459 1231 2487 ἱ
1265 2446 1399 2486 quam
1430 2435 1723 2474 mediocrium
1760 2436 1994 2486 poetarum
2028 2434 2145 2473 reci-

321 2502 442 2552 ipsos
491 2501 700 2540 convivas
756 2499 974 2550 loquitur,
1036 2508 1200 2537 unum—
1229 2490 1231 2519 Ψ
1264 2499 1466 2537 tationes.
1504 2497 1565 2537 Cf.
1591 2509 1632 2537 v.
1659 2497 1751 2536 1105.
1785 2497 1894 2548 Epp.
1919 2497 1935 2535 4
1959 2527 1968 2545 ,
1994 2496 2070 2545 49,
2092 2496 2158 2536 39·

322 2573 548 2614 quemque
587 2574 743 2603 eorum
780 2561 1006 2613 appellans
1037 2561 1080 2600 id
1115 2572 1200 2612 po—
1230 2582 1231 2594 ¹
1265 2574 1331 2614 sq.
1361 2584 1404 2589 —
1440 2561 1605 2614 officiis]
1652 2572 1741 2600 non
1786 2559 2050 2610 moralibus,
2095 2562 2143 2599 ut

321 2629 548 2675 scentem,
596 2625 716 2677 quod
760 2626 920 2665 ceteris
952 2623 1195 2675 displicet.»
1264 2626 1323 2664 ita
1345 2624 1515 2672 dicam3
1550 2624 1631 2664 sed
1653 2622 1880 2672 civilibus,
1915 2634 2018 2673 erga
2039 2623 2146 2662 ami-

321 2691 478 2729 Ponpn.
514 2713 559 2718 ——
590 2689 732 2728 renuis
760 2693 827 2737 tu,
862 2687 983 2738 quod]
1015 2685 1200 2727 Bentleii
1265 2698 1342 2727 cos
1363 2687 1645 2739 praesertim.
1674 2707 1718 2713 —
1753 2685 1888 2736 cubat]
1912 2686 2144 2735 «aegrotus

320 2751 451 2792 lectio
480 2753 621 2791 renuis
650 2753 758 2801 qnod
787 2755 831 2790 tn
861 2752 1031 2790 tantum
1053 2748 1195 2797 abest,
1263 2751 1419 2789 iacet.»
1451 2748 1548 2788 vid.
1572 2748 1629 2787 ad
1650 2749 1737 2787 Sat.
1763 2748 1806 2795 4,
1832 2747 1878 2796 9,
1903 2746 1978 2786 48ε
2014 2747 2146 2785 Trans

321 2816 371 2853 ut
399 2813 640 2866 simplicior
669 2814 723 2854 sit
763 2815 807 2853 et
837 2811 1103 2863 elegantior,
1152 2813 1201 2850 ut
1228 2821 1231 2865 ξ
1266 2811 1440 2851 Tiberim
1480 2811 1598 2861 longe
1637 2809 1760 2848 cubat
1794 2808 1844 2847 is.
1880 2830 1924 2836 —-
1958 2812 2145 2849 extremo

323 2877 477 2916 durior
511 2878 668 2916 merito
707 2877 957 2915 censeatur.
1001 2898 1044 2902 —
1085 2873 1198 2924 sane]
1229 2869 1231 2902 ἶ
1262 2875 1306 2913 in
1334 2871 1546 2923 Aventino]
1582 2872 1650 2910 «in
1684 2873 1882 2911 extrema
1912 2873 2036 2922 parte
2058 2870 2146 2911 col-

327 2950 432 2990 «pro
462 2942 607 2988 certo,
639 2939 862 2991 profecto,
895 2938 1086 2990 gewiss.»
1228 2906 1232 3006 1
1263 2935 1313 2975 lis
1351 2934 1577 2981 Aventini,
1626 2934 1702 2984 qui
1747 2933 1958 2983 Quirinali
2002 2933 2145 2984 (quod

1229 3010 1232 3044 l
1263 2996 1442 3047 volgare
1474 2998 1570 3035 erat
1599 3007 1788 3036 nomen:
1825 2995 1915 3035 Cic.
1949 2994 2005 3034 de
2033 2996 2142 3047 Rep.

377 3064 522 3103 65-72.
554 3065 724 3103 Praeter
743 3063 892 3114 cetera]
924 3073 1055 3113 «prae
1079 3063 1202 3100 cete-
1229 3046 1232 3131 ᾗ
1264 3061 1312 3109 2,
1338 3060 1404 3108 40,
1428 3059 1512 3109 ⁶20.)
1538 3070 1560 3099 e
1583 3059 1763 3110 regione
1786 3059 2014 3110 oppositus
2034 3055 2148 3098 mul-

325 3127 407 3173 ris,
453 3126 554 3164 ante
587 3126 786 3172 omnia,»
832 3126 880 3163 ut
918 3134 1051 3174 saepe
1083 3121 1231 3173 apud*
1268 3125 1360 3162 tum
1405 3121 1460 3161 ab
1506 3133 1559 3161 eo
1604 3121 1748 3161 distat.
1800 3121 1986 3161 Rectum
2026 3122 2146 3160 esset

326 3190 602 3229 Ciceronem.
637 3189 719 3225 Pro
751 3185 865 3225 Sulla
896 3185 944 3225 3:
983 3185 1074 3224 Nisi
1104 3196 1202 3223 vero
1266 3186 1399 3225 etiam
1445 3185 1609 3224 Heinsii
1650 3185 1694 3223 in
1722 3183 1823 3223 colle
1853 3182 2052 3232 Quirino,
2096 3183 2145 3220 ut

323 3262 388 3290 me
414 3261 543 3289 unum
572 3249 634 3288 vis
659 3248 796 3298 ferum
829 3251 1044 3296 praeter
1073 3251 1201 3286 cece-
1265 3247 1387 3288 Ovid.
1418 3248 1519 3287 Met.
1548 3246 1620 3295 44,
1651 3246 1745 3286 836.
1779 3255 1882 3297 pars
1912 3243 2140 3284 codicum:

323 3325 410 3352 ros
440 3315 523 3352 cet.
560 3312 603 3362 (a
619 3309 856 3350 Scholiasta
890 3320 992 3349 cum
1022 3307 1201 3359 reliquis
1228 3269 1233 3358 ξ
1264 3310 1362 3349 colle
1384 3310 1570 3360 Quirino.
1618 3307 1702 3347 Sed
1737 3308 1886 3347 contra
1909 3304 2047 3345 libros
2068 3315 2145 3344 no-

1265 3375 1333 3412 tos
1376 3372 1419 3411 id
1462 3372 1664 3423 recipere
1709 3368 1813 3410 nihil
1855 3368 2024 3408 attinet.
2075 3367 2139 3409 Cf.

1265 3435 1387 3475 Ovid.
1413 3435 1526 3474 Fast.
1549 3433 1589 3483 4,
1609 3433 1708 3473 375:
1735 3432 1952 3483 Quondam
1970 3435 2143 3471 sacrata

1264 3501 1321 3537 est
1350 3496 1479 3537 colle
1510 3495 1717 3547 Quirini
1744 3494 1833 3535 Hac
1863 3494 2048 3534 Fortuna
2078 3493 2144 3533 dte

325 3374 660 3426 interpretibus:
687 3383 796 3423 prae
814 3372 977 3420 ceteris,
1003 3375 1097 3411 ante
1117 3383 1202 3410 om-

324 3439 410 3477 nia.
462 3439 515 3477 At
545 3437 746 3477 Horatius
778 3434 906 3475 dicit:
939 3434 1086 3474 missis
1107 3433 1200 3474 aliis

328 3501 519 3549 caussis,
565 3510 702 3539 unum
734 3499 818 3538 hoc
849 3508 1196 3538 commemoro»
