2231 3787
933 246 1028 285 LlB.
1066 246 1093 285 l.
1154 247 1266 286 SAT.
1300 247 1368 286 Ill.
1996 247 2051 298 G!

237 376 313 428 Ne
353 374 473 446 quis
513 374 595 427 sur
633 383 805 436 esset,
850 392 953 429 neu
994 375 1151 437 latrO,
1196 394 1299 429 neu
1340 377 1460 448 quis
1501 377 1722 431 adulter.
1789 422 1803 432 .

236 477 367 529 Nam
406 476 500 528 suit
539 485 660 530 ante
699 476 958 530 Helenam
998 494 1206 530 cunnus
1246 478 1519 531 teterrima
1558 478 1682 532 belli

238 576 435 637 Causa,
478 578 574 632 sed
616 578 807 649 ignotis
846 578 1122 649 perierunt
1160 579 1421 632 mortibus
1463 579 1560 641 illi,

235 679 383 743 Quos
423 697 677 734 venerem
716 680 975 733 incertam
1014 680 1286 751 rapientes
1326 698 1476 734 more
1519 681 1751 735 serarum

233 779 445 834 Viribus
483 781 680 834 editior
719 781 1005 844 caedebat,
1049 790 1106 834 ut
1147 782 1197 833 in
1237 800 1401 853 grege
1442 791 1642 837 taurus.

1966 784 2058 836 llo

234 883 355 935 lura
394 882 607 936 inventa
646 892 792 951 metu
834 883 1012 936 iniusti
1054 884 1253 937 fateare
1294 901 1520 938 neccsse
1562 894 1668 942 est,

232 984 496 1055 Tempora
536 986 578 1037 si
618 985 892 1056 fastosque
932 984 1064 1038 velis
1104 985 1354 1038 evolvere
1395 986 1595 1039 mundi.

230 1086 338 1139 Nec
379 1095 566 1140 natura
602 1094 780 1157 potest
820 1087 957 1140 iusto
998 1104 1288 1141 secernere
1328 1089 1597 1160 iniquum,

342 1236 436 1275 406.
470 1247 520 1275 ne
550 1236 641 1285 quis
670 1236 834 1276 adulter
863 1237 904 1276 S.
942 1259 988 1265 —
1025 1238 1116 1277 1107.

226 1371 435 1400 venere.»

226 1423 371 1474 potius
407 1423 747 1471 Natta-laute,
796 1425 893 1463 soni
930 1422 987 1462 illi
1026 1423 1108 1462 ho-

225 1486 333 1525 mini
362 1483 585 1525 naturales
617 1486 816 1525 nondum
839 1488 1007 1526 certam
1028 1485 1107 1525 ali-

227 1559 361 1598 quam
392 1548 617 1587 notionem
649 1549 971 1600 exprimentes,
1007 1549 1107 1599 qui-

224 1610 309 1650 bus
359 1612 509 1650 tamen
557 1612 657 1650 ante
712 1609 929 1661 linguam,
988 1622 1102 1661 quae

223 1674 400 1725 proprie
423 1672 603 1722 dicitur,
638 1674 865 1713 inventam
887 1674 942 1713 ad
971 1675 1103 1713 animi

223 1735 582 1786 perturbationes
613 1737 744 1787 atque
777 1736 963 1776 affectus
994 1735 1105 1787 (sen-

221 1797 305 1849 sus)
342 1796 638 1849 qualicunque
676 1798 811 1837 modo
850 1798 1103 1849 significan-

223 1859 303 1899 dos
345 1859 607 1907 utebantur;
654 1862 810 1911 postea
854 1861 1103 1901 inconditos

221 1922 415 1973 primum
444 1922 526 1962 hos
564 1933 697 1962 sonos
738 1921 1004 1963 articulatim
1035 1923 1103 1963 di-

222 1984 469 2034 stincteque
492 1985 762 2035 compositos
792 1985 942 2025 verbis
973 1987 1103 2024 nota-

221 2046 348 2094 bant,
390 2045 436 2085 id
467 2047 555 2095 est,
589 2048 721 2087 certis
752 2047 902 2088 verbis
933 2048 1101 2087 certam

221 2107 585 2159 significationem
639 2109 958 2159 attribuerunt,
1013 2121 1099 2161 qua

222 2172 263 2211 in
307 2181 514 2211 sermone
560 2171 817 2222 quotidiano
862 2172 946 2212 sibi
991 2183 1100 2213 con—

221 2235 390 2273 stanter
419 2234 462 2272 et
497 2234 815 2274 convenienter
850 2237 1097 2275 uterentur.

224 2297 346 2335 Voces
381 2306 600 2345 sensusque
641 2299 709 2336 est
747 2298 877 2347 igitur
912 2296 1100 2355 βραχυ-

221 2356 359 2411 λογία
387 2368 488 2408 pro:
539 2369 699 2398 «voces
736 2358 916 2409 singulis
957 2361 1101 2399 sensi-

220 2419 305 2459 bus
336 2419 718 2470 respondentes»,
758 2420 800 2459 id
832 2422 899 2460 est.
931 2432 1099 2461 «voces

221 2480 414 2533 singulos
446 2482 676 2521 hominum
709 2493 868 2523 sensus
898 2483 1100 2523 indican—

221 2547 286 2584 tes
331 2544 477 2594 potius
518 2555 654 2594 quam
699 2543 816 2584 clare
858 2546 1098 2586 etiamtunc

220 2606 543 2646 enuntiantes.»
602 2608 756 2657 Neque
797 2618 904 2646 vero
944 2619 985 2647 v.
1023 2620 1100 2647 vo-

219 2679 283 2708 ces
302 2668 346 2707 h.
366 2667 393 2707 l.
412 2667 659 2718 significare
681 2670 830 2720 potest
847 2669 1097 2719 Aasspruch,

220 2731 296 2769 das
332 2730 526 2778 Dent-en,
573 2730 637 2769 die
675 2731 895 2782 Meinunq,
943 2732 991 2770 ut
1030 2730 1100 2770 alii

219 2792 384 2833 volunt.
443 2792 612 2831 Vitruv.
648 2793 698 2841 2,
744 2793 791 2832 l:
836 2794 885 2832 In
927 2793 1097 2845 (primo)

217 2855 430 2894 hominum
471 2864 692 2905 conyressu
737 2866 832 2894 cum
871 2856 1101 2906 profunde-

220 2917 374 2956 bantur
411 2917 534 2956 altter
569 2928 589 2955 e
622 2917 774 2966 spiritu
809 2929 950 2967 voces,
993 2930 1099 2969 quo-

219 2979 384 3018 tidiana
438 2980 732 3019 consuetudine
777 2980 1003 3030 vocabula,
1053 2985 1100 3020 ut

220 3040 472 3091 obtigerant,
505 3041 825 3089 consummant,-
867 3042 1011 3082 dei-nde
1039 3043 1098 3082 si—

219 3103 455 3155 gnificando
498 3113 565 3141 res
606 3104 770 3153 saepius
811 3104 854 3143 in
894 3116 997 3154 usu,
1044 3116 1098 3144 ea:

220 3168 365 3204 eventu
391 3163 480 3215 fari
514 3164 687 3214 fortuito
716 3170 939 3216 coeperunt
967 3170 1005 3206 et
1036 3167 1098 3205 ita

219 3237 426 3266 sermones
454 3226 562 3266 inter
589 3237 631 3265 se
650 3233 998 3276 procreaverunt.

277 3289 477 3328 407-440.
516 3289 629 3327 Nam
662 3289 743 3339 fuit
772 3290 873 3339 cet.]
907 3291 1096 3341 «Raptus

221 3348 416 3390 mulieris
446 3349 524 3389 fuit
553 3348 655 3389 belli
687 3361 821 3390 causa
840 3350 1097 3390 foedissima

223 3413 355 3462 atque
402 3411 578 3462 indigna
625 3411 696 3452 vel
746 3414 846 3451 ante
895 3414 1097 3463 tempora

223 3473 448 3514 Troiana.»
495 3474 574 3513 Od.
609 3475 655 3522 4,
690 3474 735 3522 9,
770 3473 841 3513 43:
888 3474 982 3513 Non
1010 3475 1097 3513 sola

1151 1238 1376 1277 deterrima
1406 1239 1453 1278 C.

491 1362 586 1400 Non
616 1360 838 1412 approbo;
870 1372 988 1401 voces
1008 1363 1109 1401 sunt
1172 1365 1355 1411 comptos
1383 1363 1487 1402 arsit
1516 1363 1697 1403 adulteri
1734 1366 1868 1406 crines
1887 1389 1909 1396 —
1929 1390 1951 1397 -
1971 1369 2054 1409 He*

1171 1424 1258 1463 lene
1286 1425 1496 1464 Lacaena.
1519 1426 1597 1465 25:
1636 1427 1785 1468 I'ioeere
1810 1429 1938 1479 fortes
1958 1436 2055 1472 ante

1168 1486 1483 1536 Agamemnona
1512 1489 1659 1535 Multa·
1690 1491 1759 1529 secl
1788 1503 1926 1531 omnes
1949 1494 2053 1533 illa—

1169 1549 1403 1589 crimabiles
1438 1555 1643 1601 ‘amentur
1678 1552 1889 1602 ignotique
1925 1555 2053 1606 lonqa

1168 1611 1308 1650 Nocte.
1346 1635 1390 1639 —
1422 1613 1595 1665 cumnis]
1634 1612 1861 1664 plebeium
1893 1618 1937 1655 et
1968 1619 2051 1656 mi-

1169 1674 1336 1713 micum
1373 1674 1643 1715 vocabulum
1679 1687 1759 1727 pro
1793 1677 2048 1719 «muliere»

1173 1758 1217 1763 —
1260 1736 1429 1786 ignotis]
1474 1737 1576 1787 quia
1616 1737 1759 1778 nullus
1800 1743 1931 1789 poeta
1971 1752 2050 1780 eo-

1167 1808 1267 1837 rum
1306 1798 1430 1837 fortia
1470 1798 1585 1838 facta
1625 1798 1878 1840 celebravit.
1924 1825 1969 1831 —
2006 1816 2045 1842 r.

1165 1860 1369 1900 incertam
1420 1861 1649 1912 rapientes]
1698 1873 1898 1902 «venere
1953 1866 2048 1905 sine

1168 1922 1389 1962 connubio
1440 1922 1585 1962 stabili
1634 1922 1865 1964 libidInose
1915 1929 2049 1967 uten-

1167 1986 1278 2024 tes.»
1316 2007 1361 2013 ——
1394 1985 1556 2036 editior]
1591 1986 1924 2026 «eminentior.»
1979 1990 2049 2028 Vi-

1167 2046 1299 2086 detur
1347 2046 1515 2087 dictum
1563 2047 1658 2087 Sine
1709 2048 1911 2100 exemplo
1967 2062 2047 2103 pro

1169 2119 1423 2160 «superiore
1433 2141 1439 2147 .
1451 2125 1469 2144 »

1223 2171 1424 2210 111-119.
1471 2172 1575 2211 Iura
1604 2172 1773 2212 inventa
1801 2177 1912 2212 meta
1943 2175 2045 2226 cet.]

1167 2233 1328 2272 Contra
1352 2234 1484 2273 Stoici
1515 2229 1570 2273 τὸ
1600 2231 1787 2274 δίκαιόν
1807 2248 1932 2285 φασι
1953 2233 2048 2286 φύ-

1166 2307 1240 2335 σει
1284 2292 1405 2336 εἶναι
1449 2297 1529 2336 καὶ
1579 2292 1650 2348 μὴ
1697 2297 1845 2337 θέσει.
1921 2298 2042 2337 Stob.

1165 2356 1252 2396 Ecl.
1293 2358 1426 2408 Phys.
1460 2359 1506 2406 Ξ,
1549 2359 1587 2396 7.
1619 2369 1663 2409 p.
1698 2358 1791 2398 484..
1833 2360 1882 2398 H.
1919 2360 2046 2399 Euri-

1162 2418 1289 2469 pides
1320 2419 1363 2458 in
1392 2419 1706 2458 Andromedae
1739 2420 1804 2459 F.r
1830 2419 2045 2474 ⁶291T77'v

1165 2493 1238 2521 τοι
1295 2478 1444 2533 Δίκην
1502 2479 1566 2520 λε’
1530 2493 1696 2534 ογουσι
1746 2480 1872 2520 παῖὸ
1922 2479 2045 2524 εἶναι

1163 2540 1299 2593 Διός,
1341 2538 1434 2596 'yE
1393 2540 1507 2596 νγῦς
1546 2555 1596 2583 τε
1625 2545 1724 2584 ναι
1713 2556 1775 2584 ιν
1804 2557 1890 2597 της
1925 2545 2044 2603 βοο-

1164 2604 1257 2645 vav
1294 2606 1538 2663 τιιιωοίας.
1599 2607 1660 2645 Ex
1700 2606 1898 2646 doctiina
1936 2620 2044 2648 vero

1163 2668 1470 2720 sophistarum
1514 2669 1781 2720 Epicurique
1826 2669 1931 2709 nihil
1976 2672 2045 2711 iu-

1164 2731 1283 2769 stum
1315 2732 1390 2769 aut
1418 2730 1630 2770 iniustum
1661 2733 1728 2771 est
1758 2734 1937 2780 natura,
1962 2734 2044 2772 sed

1163 2792 1335 2844 legibus
1366 2804 1418 2833 ac
1449 2793 1673 2841 moribus;
1723 2796 1875 2834 contra
1913 2797 2043 2834 natu-

1162 2853 1252 2893 rale
1295 2857 1363 2894 est
1403 2855 1643 2895 discrimen
1684 2855 1800 2895 inter
1837 2856 1954 2896 bona
2000 2859 2043 2896 et

1163 2916 1300 2966 mala,
1336 2919 1380 2957 et
1400 2919 1559 2970 suopte
1580 2919 1788 2958 instinctu
1807 2919 1942 2959 homo
1965 2919 2044 2959 du-

1163 2980 1276 3018 citur
1305 2979 1361 3019 ad
1401 2978 1470 3019 illa
1501 2980 1777 3031 appetenda,
1825 2981 1937 3020 haec
1972 2981 2043 3020 fu-

1162 3041 1335 3092 gienda.
1380 3065 1424 3070 —-
1468 3042 1669 3092 Tempora
1704 3042 1814 3093 cet.]
1854 3043 1929 3082 «Si
1972 3043 2042 3082 hi-

1160 3104 1323 3144 storiae
1368 3114 1451 3154 ope
1495 3114 1519 3143 a
1563 3104 1788 3155 praesenti
1838 3105 2039 3156 tempore

1159 3164 1269 3205 velis
1305 3164 1452 3204 redire
1491 3165 1547 3204 ad
1584 3166 1777 3216 primam
1813 3165 1920 3205 iuris
1951 3166 2041 3204 ori-

1161 3228 1309 3278 ginem
1350 3238 1541 3277 eamque
1580 3226 1843 3278 explIcare.»
1881 3250 1925 3254 —
1956 3227 2040 3266 Nec

1159 3293 1319 3329 natura
1339 3290 1442 3339 cet.]
1475 3291 1596 3329 «Non
1626 3290 1684 3328 ita
1713 3301 1795 3341 per
1815 3290 2036 3337 naturam,

1162 3351 1269 3402 quid
1308 3352 1474 3391 iustum
1504 3351 1559 3390 sit
1588 3353 1662 3390 aut
1698 3352 1930 3398 iniustum,
1971 3351 2040 3388 in·-

1161 3412 1356 3463 telligere
1396 3422 1658 3463 possumus,
1705 3411 1931 3462 quomodo
1971 3411 2039 3450 in-

1163 3474 1390 3525 telligitur,
1425 3474 1529 3524 quid
1560 3472 1663 3512 utile
1697 3475 1771 3512 aut
1801 3471 1951 3512 inutile
1983 3472 2038 3513 sit
