2231 3787
267 279 363 332 190

890 276 1102 316 IlORATll
1134 274 1433 315 SATIRARUM

331 409 702 477 Irrigumnque
741 422 889 459 moro
930 406 1030 459 sub
1071 413 1280 458 noctem
1320 418 1517 471 corpus
1558 399 1802 453 habento.

332 514 458 570 Aut,
502 509 543 562 si
585 518 758 561 tantus
798 524 947 560 amor
987 503 1255 560 scribendi
1296 513 1346 556 to
1384 502 1546 572 rapit,
1587 499 1727 554 aude

2002 498 2065 550 lo

333 610 578 665 Caesaris
619 609 794 662 invicti
834 625 920 661 res
960 607 1163 667 dicero,
1204 603 1367 657 multa
1405 602 1647 656 laborum

331 711 574 765 Praemia
614 709 829 763 laturus

909 707 1201 778 Cupidum,
1244 713 1394 776 pater
1431 703 1652 775 optime,
1692 702 1833 754 vires

333 812 615 866 Deficiunt:
659 827 835 881 noque
874 809 1015 862 enim
1054 807 1230 878 quivis
1271 804 1542 859 horrentia
1578 802 1700 875 pilis

374 955 437 993 40.
471 954 520 992 At
550 962 661 991 corr.
697 950 739 990 d.
776 950 872 1001 (Aut
901 960 966 1000 pr.
999 948 1059 998 d.)
1094 970 1138 976 -
1185 946 1296 997 capit
1326 957 1379 986 ex
1413 945 1520 986 Cod.
1554 942 1747 985 Colbert.
1780 941 2015 984 Bentleius.

324 1041 362 1044 --
405 1017 463 1054 ¹2.
499 1014 654 1064 Cupido
683 1023 726 1064 p.
764 1034 808 1040 —
843 1013 944 1051 Post
973 1020 1154 1050 x‘ersum
1186 1010 1251 1050 113.
1284 1010 1327 1048 in
1360 1008 1523 1049 Codice
1554 1007 1583 1047 d
1611 1005 1780 1057 reliqua
1813 1005 1988 1046 desunt.

265 1133 465 1173 Martiam
495 1131 674 1169 ricinum
708 1127 836 1167 Tiberi
875 1126 1134 1177 deleqerunt,
1199 1125 1339 1164 dum.»
1387 1123 1474 1163 Liv.
1509 1123 1558 1171 5,
1591 1122 1631 1162 6.
1683 1122 1772 1162 Cic.
1802 1120 1858 1161 ad
1890 1122 2007 1160 Fam.
2030 1122 2070 1168 5,

265 1197 302 1233 in
327 1206 406 1244 quo
427 1195 614 1232 iuventus
628 1195 720 1241 post
739 1190 984 1230 emercitiuin
997 1198 1137 1227 armo—

1199 1187 1273 1235 42,
1307 1187 1322 1226 tl
1347 1198 1353 1224 :
1400 1186 1542 1235 Neque
1570 1185 1678 1225 enim
1705 1195 1771 1224 me
1799 1184 1929 1225 solum
1957 1194 2071 1223 com-

265 1269 357 1297 rmn
386 1257 576 1296 sudorem
605 1254 898 1304 pulveremque
936 1251 1138 1290 diluerent
1196 1250 1440 1290 memoratio
1455 1249 1710 1300 posteritatis
1729 1249 1784 1288 ad
1804 1259 1915 1299 spem
1935 1259 2076 1298 quan-

265 1332 314 1359 ac
361 1318 642 1358 lassitudinem
689 1325 912 1363 cursusque
955 1313 1138 1352 laborem

266 1381 450 1421 natando
482 1381 743 1429 deponerent.
795 1375 884 1416 Cfr.
908 1374 986 1414 Od.
1014 1374 1057 1422 4,
1090 1373 1133 1421 8,

265 1444 305 1484 8.
346 1444 393 1491 3,
427 1443 474 1491 7,
498 1443 563 1481 27.
598 1441 643 1489 3,
670 1441 740 1488 4⁵3,
766 1439 805 1478 7.
858 1435 1010 1485 «Quod
1029 1445 1137 1474 vero

265 1511 349 1555 ter,
385 1506 542 1556 inquit,
576 1505 842 1549 transnanto,
885 1498 928 1538 id
959 1507 1137 1549 quoque

267 1571 311 1608 et
340 1579 364 1607 a
395 1566 580 1606 medicis
625 1566 668 1605 et
705 1575 730 1603 a
769 1562 909 1612 magis
952 1560 1139 1612 petitum

268 1632 355 1670 cst:
388 1629 546 1680 impari
578 1627 696 1667 enim
724 1627 768 1664 et
796 1623 1034 1675 praecipue
1055 1623 1142 1660 ter-

267 1693 388 1731 nario
419 1701 605 1730 numero
631 1697 852 1729 summam
874 1686 963 1725 vim
982 1683 1041 1724 illi
1062 1683 1142 1723 tri-

268 1753 452 1793 buunt.»
500 1753 705 1792 Tonnssxr.
759 1748 822 1789 Cf.
862 1747 940 1788 Od.
976 1747 1025 1795 4,
1063 1745 1138 1793 28,

268 1816 335 1856 36.
387 1814 433 1863 3,
466 1815 543 1862 22,
577 1812 616 1853 3.
667 1812 776 1863 Epp.
816 1811 859 1859 l,
902 1810 948 1858 4,
989 1809 1056 1848 37.
1093 1830 1138 1835 -

269 1875 494 1928 Irriquum]
528 1876 597 1914 Sic
627 1873 780 1913 Graeci
810 1873 989 1925 τέγγειν
1010 1864 1145 1909 πνεύ-

269 1951 424 1991 μονας
460 1934 594 1990 οἴνῳ,
639 1928 960 1991 βεβρεγμένος
1004 1928 1139 1984 οἴνῳ,

271 2001 409 2041 Latini
451 1999 642 2046 madere,
694 1997 866 2036 uvidum
908 2005 990 2034 esse
1029 1994 1140 2032 vino.

272 2066 363 2103 Iam
394 2060 530 2102 Plaut.
553 2063 686 2100 Poen.
712 2059 758 2106 3,
792 2058 838 2107 3,
876 2057 950 2097 86:
1002 2056 1073 2095 Ubi
1102 2059 1146 2094 tu

274 2125 502 2172 Leucadio,
536 2122 675 2162 Lesbio
709 2121 876 2169 Thasio,
911 2119 990 2159 Coo
1025 2118 1146 2157 Vetu-

274 2192 376 2228 state
413 2187 508 2225 vino
547 2184 733 2224 edentulo
769 2185 947 2222 aetatem
982 2180 1144 2231 irri9es.

275 2251 372 2302 Ipse
402 2250 550 2287 autem
590 2244 820 2285 Trebatius
858 2244 914 2294 (in
954 2253 1041 2293 quo
1079 2242 1148 2280 in-

276 2314 343 2352 est
385 2309 649 2362 praecipuus
693 2306 777 2346 loci
828 2304 974 2356 lepos)
1018 2302 1146 2342 valde

276 2371 455 2413 amabat
483 2373 527 2410 et
556 2369 826 2409 natationem
858 2368 901 2407 et
934 2365 1144 2416 scyphos.

277 2436 366 2475 Cic.
400 2432 456 2472 ad
487 2433 604 2472 Fam.
631 2432 678 2478 7,
715 2430 788 2478 40,
821 2430 874 2468 2:
922 2428 992 2478 qui
1020 2437 1150 2477 neque

277 2497 319 2535 in
350 2496 511 2534 Oceano
550 2496 701 2531 natare
728 2490 908 2531 volueris
935 2489 1151 2529 studiosis—

277 2559 402 2597 simus
421 2557 538 2595 homo
559 2554 756 2599 natandi3
791 2554 834 2592 et
853 2553 902 2600 7,
934 2552 1011 2591 22:
1056 2551 1153 2590 Illu-

278 2629 393 2660 seras
419 2618 507 2657 heri
536 2618 643 2655 inter
670 2614 860 2663 scyphos,
893 2614 1001 2662 quod
1031 2613 1153 2651 diace-

279 2692 375 2720 ram
404 2682 510 2719 cet.:
563 2678 703 2727 itaque
740 2676 813 2715 etsi
852 2676 1018 2714 domum
1057 2674 1152 2714 bene

275 2747 398 2794 potus
424 2750 594 2789 seroque
620 2739 828 2778 redieram
859 2738 942 2776 cet.

338 2865 481 2905 40-43.
514 2869 551 2903 te
579 2863 704 2912 rapit]
738 2863 806 2901 «Si
837 2861 1015 2900 omnino
1049 2860 1152 2900 huic

1199 1315 1296 1353 darn
1324 1312 1650 1352 immortalitatis
1678 1312 1816 1362 rapit,
1851 1311 1919 1350 sed
1948 1311 2074 1350 etiam

1198 1377 1274 1416 illa
1301 1376 1528 1425 cupiditas,
1577 1376 1661 1415 cet.
1699 1397 1744 1402 —
1776 1373 1897 1426 aude]
1941 1373 2078 1424 signi-

1201 1438 1303 1478 ficat
1321 1436 1625 1477 difficultatem
1645 1437 1916 1488 argumenti,
1950 1436 1986 1476 si
2015 1435 2078 1475 di-

1201 1511 1284 1552 gne
1329 1499 1609 1539 tractandum
1653 1499 1721 1539 sit.
1772 1521 1818 1526 —
1864 1496 2076 1549 Caesaris]

1202 1562 1383 1613 Augusti
1414 1571 1663 1612 cognomen
1693 1560 1877 1600 demum
1903 1570 1942 1599 a.
1966 1570 2010 1599 u.
2035 1569 2074 1599 c.

1203 1625 1296 1664 727.
1329 1623 1584 1674 assumpsit.
1643 1622 1723 1662 Dio
1755 1622 1877 1662 Cass.
1902 1620 1976 1667 53,
2009 1620 2076 1661 46.

1207 1709 1253 1714 —
1274 1684 1480 1736 Praemia]
1514 1685 1716 1725 Caesaris
1745 1684 1883 1735 ipsius
1914 1692 2080 1735 appro-

1204 1748 1430 1788 bationem
1461 1749 1504 1787 et
1533 1745 1716 1797 gloriam
1746 1745 1865 1797 apud
1895 1743 2081 1797 popula-
2124 1784 2128 1785 γ

1204 1821 1303 1850 res:
1351 1810 1406 1849 de
1447 1808 1573 1849 donis
1617 1806 1860 1858 intelligere
1897 1807 2080 1846 minime

1207 1872 1463 1912 conveniret
1515 1872 1676 1922 poetae
1730 1868 1968 1908 urbanitati
2026 1877 2079 1907 ac

1206 1934 1465 1974 modestiae.
1510 1955 1555 1961 —
1594 1931 1728 1983 pater]
1771 1932 1841 1972 Sic
1876 1931 2078 1971 seniores

1205 1997 1325 2036 viros
1354 1995 1556 2036 solebant
1586 1994 1747 2045 alloqui
1787 1994 1997 2033 iuniores.
2034 2015 2078 2020 —

1205 2059 1314 2097 vires
1342 2056 1560 2108 Deficiunt]
1593 2055 1816 2096 Similibus
1838 2054 2084 2095 excusatio-

1208 2119 1337 2159 nibus
1366 2120 1502 2158 utitur
1530 2118 1784 2169 Propertius
1814 2116 1870 2156 ad
1904 2117 2083 2157 Maece-

1209 2183 1359 2221 natem
1381 2179 1581 2221 scribens
1596 2180 1643 2228 ⁵2,
1670 2180 1685 2218 4
1706 2211 1713 2227 ,
1739 2179 1811 2218 ¹17:
1848 2179 1965 2228 Quod
1982 2177 2084 2217 mihi

1208 2244 1243 2283 si
1271 2246 1455 2291 tantum,
1483 2243 1723 2290 Maecenas,
1754 2240 1848 2291 fata
1867 2241 2081 2290 dedissent,

1214 2306 1262 2344 Ut
1296 2315 1458 2355 possem
1499 2305 1646 2343 heroas
1688 2303 1836 2343 ducere
1877 2303 1920 2342 in
1960 2313 2085 2342 arma

1210 2377 1381 2415 manus,
1410 2388 1434 2395 -
1453 2388 1476 2395 -
1497 2365 1695 2413 Bellaque
1724 2375 1872 2414 resque
1908 2365 1968 2404 tui
1995 2375 2085 2405 me-

1210 2439 1422 2469 morarem
1449 2427 1638 2467 Caesaris
1669 2428 1753 2466 cet.

1268 2491 1439 2530 43-45.
1490 2499 1621 2538 neque
1662 2488 1771 2528 enim
1799 2489 1901 2538 cet.]
1948 2486 2083 2528 Simili

1214 2553 1347 2594 modo
1379 2551 1539 2591 eadem
1569 2551 1624 2591 de
1655 2562 1703 2591 re
1731 2561 1780 2591 se
1803 2552 1984 2591 excusat
2003 2550 2082 2592 Od.

1216 2617 1258 2664 4,
1282 2615 1328 2663 6,
1352 2614 1391 2653 9.
1425 2613 1561 2662 4,49,
1585 2613 1624 2652 9.
1658 2614 1697 2662 2,
1724 2613 1790 2661 42,
1813 2613 1852 2652 9.
1885 2612 1926 2660 4,
1949 2614 1990 2662 2,
2012 2613 2080 2652 27.

1218 2699 1262 2704 —
1286 2675 1500 2715 horrentia
1522 2675 1622 2724 pilis
1650 2674 1836 2726 aymina]
1876 2675 1951 2715 His
1981 2685 2086 2714 ver-

1215 2738 1283 2778 bis
1314 2737 1533 2787 designari
1553 2736 1758 2775 videntur
1776 2737 1981 2777 victrices
2005 2738 2088 2777 Ro-

1216 2809 1449 2839 manorum
1488 2796 1705 2847 legiones,
1752 2808 1943 2848 quorum
1979 2809 2086 2850 pro-

1216 2862 1308 2912 pria
1349 2870 1471 2899 arma
1517 2861 1642 2899 erant
1683 2857 1783 2910 pila.
1839 2859 1928 2899 Liv.
1953 2859 1992 2908 9,
2017 2860 2082 2900 49.

282 2926 503 2970 scribendi
525 2924 715 2976 cupidini
736 2924 944 2963 resistere
967 2933 1053 2961 non
1078 2932 1154 2973 po-
1182 2918 1185 2981 ]
1217 2921 1278 2962 Cf.
1312 2922 1463 2972 Veget.
1498 2920 1552 2960 de
1596 2932 1644 2960 re
1684 2919 1809 2960 milit.
1841 2921 1889 2969 2,
1934 2921 2000 2961 45.
2036 2944 2082 2950 -

285 2995 401 3036 tes,n
425 2991 507 3028 cet.
542 2988 701 3026 Contra
724 2984 904 3025 Bentleii
925 2984 1024 3024 lect.
1043 2985 1155 3033 capit

287 3056 413 3104 (quae
445 3050 688 3090 sufficiente
720 3049 979 3088 auctoritate
1015 3047 1154 3086 desti-

286 3118 377 3154 tuta
431 3114 508 3161 cst)
562 3114 680 3151 recte
735 3112 885 3150 monet
938 3108 1155 3149 Heindor-

288 3177 393 3223 fius,
440 3175 568 3213 huius
598 3185 637 3211 V.
671 3183 757 3211 non
795 3181 1028 3223 praesens,
1075 3171 1153 3210 sed

288 3237 532 3289 perfectum
578 3235 648 3274 hic
703 3233 846 3273 locum
902 3232 1156 3272 habiturum

289 3299 436 3339 fuisse.
497 3297 682 3337 Omnino
720 3294 787 3334 ille
827 3306 914 3334 non
948 3295 1052 3334 satis
1083 3305 1157 3334 re-

290 3359 557 3401 cordabatur
585 3357 744 3398 crebro
775 3358 905 3396 ctiam
942 3358 984 3397 in
1023 3366 1155 3407 prosa

1212 2985 1352 3035 fracta
1366 3005 1389 3011 -
1403 2983 1581 3035 cuspide]
1616 2983 1699 3022 «Ex
1722 2982 1902 3023 historia
1922 2982 1978 3021 de
1998 2983 2086 3024 Ma-

1215 3046 1279 3085 rio
1311 3046 1396 3084 hoc
1416 3046 1642 3096 sumptum
1672 3045 1759 3091 est;
1792 3054 1896 3083 nam
1925 3044 2086 3084 Marius

1217 3107 1431 3147 adversus
1461 3107 1676 3146 Santonas
1705 3104 1804 3145 talia
1845 3103 1928 3145 tela
1960 3115 2088 3146 com-

1218 3171 1393 3209 mentus
1424 3171 1513 3218 cst,
1545 3170 1594 3208 ut
1623 3167 1760 3208 fracta
1789 3168 2084 3216 mitterentur,

1218 3244 1273 3272 ne
1314 3232 1477 3271 remitti
1514 3230 1570 3271 ab
1616 3229 1815 3270 hostibus
1858 3231 2085 3280 possent.»

1219 3295 1358 3334 Comi.
1391 3294 1521 3339 CRUQ.
1572 3291 1830 3332 Plutarchus
1870 3291 1913 3330 in
1952 3291 2088 3331 Mario

1220 3367 1316 3407 cap.
1350 3356 1416 3395 25.
1451 3365 1546 3394 rem
1583 3353 1741 3393 clarius
1781 3352 1844 3393 sic
1878 3353 2084 3404 exponit:

291 3433 353 3461 or.
388 3421 567 3461 inveniri
600 3419 824 3467 «studium,
856 3419 1062 3468 cupiditas
1093 3428 1157 3457 me
1186 3436 1188 3475 3
1220 3419 1303 3457 «Ea
1335 3428 1435 3468 pars
1463 3416 1587 3467 ligni,
1622 3425 1735 3466 quae
1767 3415 1809 3454 in
1840 3414 2004 3454 serrum
2026 3415 2088 3454 in-

292 3484 402 3533 rapit
430 3483 570 3531 aliquo
600 3480 667 3521 vel
706 3482 761 3520 ad
800 3480 958 3530 aliquid
997 3480 1157 3530 facien-
1186 3480 1189 3524 ἶ

1218 3480 1401 3526 seritur,
1441 3481 1567 3518 antea
1609 3476 1781 3517 duabus
1820 3475 1964 3517 fibulis
1998 3475 2088 3516 fer-
