2231 3787
870 290 964 328 ini.
1002 290 1029 327 1.
1093 291 1201 329 >uxr
1241 292 1304 328 vi.
1912 290 2002 342 117

251 417 358 471 Sed
398 436 625 489 puerum
666 428 745 471 est
784 437 949 472 ausus
989 423 1210 473 Romani
1252 429 1467 490 portare
1513 420 1816 474 docentium

248 523 422 578 Artes,
470 538 604 591 quas
643 521 832 574 doceat
877 522 1052 592 quivis
1092 539 1263 592 eques
1303 529 1464 593 atq'ue
1506 531 1722 575 senator

252 624 432 676 Seniet
470 632 774 694 prognatos.
853 626 1067 677 Vestem
1108 641 1409 694 servosque
1450 633 1767 694 sequentes,

247 727 302 776 ln
345 743 536 795 niagno
578 735 632 777 ut
672 725 895 796 populo,
940 727 982 776 si
1025 726 1115 796 qui
1156 724 1406 786 vidisset,
1450 725 1587 777 avita

252 826 326 878 Ex
366 844 422 879 re
463 826 712 897 praeberi
755 835 1000 898 sumptus
1042 825 1167 878 mihi
1209 826 1457 880 crederet
1497 826 1627 879 illos.
1937 830 2004 878 80

287 945 351 984 78.
387 950 510 984 restes
539 958 579 997 1).
625 969 668 973 —
712 947 777 985 79.

234 1010 277 1046 et
307 1007 445 1047 Codd.
480 1006 647 1051 Biana.)

181 1093 461 1132 contradicit
494 1094 889 1134 Rauchensteinius
912 1105 1054 1142 meus,
1121 1093 1468 1134 lescentuloruin
1530 1097 1821 1146 ingenuorum

177 1155 277 1195 vide
323 1157 362 1195 in
398 1157 593 1196 Excursu
632 1158 661 1196 1.

179 1220 299 1256 runt:
352 1218 660 1267 «quaestiones
699 1219 1001 1258 arithmeticas
1033 1229 1054 1256 a

178 1278 321 1318 Flavio
351 1280 599 1330 propositas
621 1278 689 1318 x’el
713 1280 767 1319 de
792 1280 941 1320 fenore
964 1291 1058 1319 cer-

178 1343 321 1380 tarum
367 1351 643 1380 summarum
687 1344 939 1390 menstruo,
986 1341 1055 1380 vel

178 1403 232 1443 de
290 1404 442 1442 fenore
502 1407 764 1444 octonorum
833 1406 1055 1445 mensium

178 1466 320 1506 octavi
364 1467 529 1506 mensis
573 1466 723 1507 Idibus
769 1466 1050 1513 solvendm»

177 1539 256 1580 pro
305 1529 667 1580 interpretatione
712 1541 752 1570 v.
800 1542 904 1569 aera
947 1541 1054 1570 sane

178 1591 336 1631 afferre
367 1594 568 1643 poterant
593 1593 681 1631 Cic.
707 1593 913 1632 Hortens.
939 1592 1056 1643 apud

180 1657 289 1696 Non.
324 1656 369 1703 3,
404 1656 477 1695 48:
527 1657 634 1705 Quid
663 1660 726 1706 tu,
759 1657 956 1706 inquam,
989 1670 1058 1697 so—

176 1716 253 1767 les,
285 1730 379 1758 cum
407 1719 614 1758 rationem
641 1731 667 1757 a
688 1720 968 1768 dispensatore
989 1731 1059 1758 ac-

177 1781 299 1830 cipis,
333 1781 366 1819 si
387 1792 511 1820 aera
530 1781 697 1831 sinyula
714 1781 923 1830 probasti,
947 1792 1058 1820 sam-

176 1854 309 1891 mam,
343 1854 449 1892 quae
479 1854 532 1882 ea:
560 1844 621 1882 his
650 1844 837 1894 confecta
865 1844 940 1893 sn,
975 1856 1056 1883 non

171 1904 388 1955 probare?
417 1916 564 1955 neque
595 1907 745 1945 tamen
768 1908 1058 1946 constructio-

178 1977 282 2007 nem
311 1979 383 2006 VV.
417 1968 572 2007 octonis
600 1967 738 2007 Idibus
766 1970 810 2007 et
837 1969 1059 2019 referentes

178 2031 283 2070 satis
300 2029 635 2081 expediverunt,
658 2030 953 2080 (dieuntenim
970 2042 1007 2070 0.
1023 2030 1055 2069 I.

179 2103 279 2132 esse
313 2091 535 2140 dativum,
569 2104 671 2132 cum
703 2095 853 2133 tamen
885 2095 1060 2132 natura-

178 2152 229 2194 lis
260 2155 528 2194 constructio
559 2155 688 2195 unice
711 2156 768 2195 sit
794 2155 915 2194 Ibant
944 2159 1058 2194 octo-

181 2218 242 2256 nis
290 2216 480 2268 [clibus,)
531 2228 677 2267 neque
727 2217 1058 2256 animadverte-

179 2281 280 2318 runt
328 2278 413 2318 tale
458 2278 713 2329 exemplum
762 2278 970 2327 tenebre,
1022 2280 1058 2319 si

179 2340 250 2380 vel
280 2339 348 2379 bis
379 2343 502 2380 terve
535 2352 558 2379 a
587 2339 677 2379 ludi
709 2342 920 2391 magistro
951 2352 1058 2392 pro-

180 2403 282 2454 poni
313 2404 507 2454 poterat,
542 2413 628 2441 non
661 2405 808 2442 tamen
839 2403 1057 2442 eiusmodi

182 2475 302 2513 esse,
336 2466 383 2503 ut
403 2475 585 2504 omnem
605 2465 893 2504 ratiocinandi
915 2466 1056 2504 artem

181 2527 427 2578 significare
445 2529 594 2578 queat.
620 2550 662 2554 —-
683 2528 800 2579 aera]
823 2540 903 2579 pro
925 2525 1057 2567 διδά-

180 2592 383 2647 κτρῳθεῑ
413 2591 545 2628 etiam
578 2590 860 2641 apudluven.
894 2591 1053 2639 73247.

234 2653 379 2693 76-80.
427 2663 607 2702 puerum
649 2656 706 2692 est
750 2664 877 2691 ausus
918 2654 962 2692 R.
992 2652 1054 2704 p]

183 2716 292 2755 «etsi
321 2715 580 2767 pauperior,
615 2725 760 2766 neque
783 2713 969 2754 aliorum
991 2726 1060 2754 re-

180 2777 527 2829 prehensionem
585 2777 952 2825 resorlnidans;»
1014 2777 1058 2817 id

182 2839 301 2891 quod
345 2838 454 2879 alius
497 2838 700 2879 eiusdem
744 2839 944 2879 fortunae
988 2841 1059 2879 vix

182 2912 378 2952 unquam
408 2901 600 2941 fecisset.
655 2902 776 2953 (Epp.
812 2903 858 2950 2,
891 2903 938 2950 ⁶2,
979 2901 1054 2942 4¹1:

182 2963 336 3002 Romae
376 2963 532 3002 nutriri
573 2963 674 3002 mihi
719 2964 889 3014 contiyit
935 2967 1061 3012 atque

184 3024 321 3064 doceri
370 3024 470 3074 cet.)
538 3024 658 3064 [dem
703 3024 758 3064 de
807 3026 933 3076 patre
979 3036 1059 3064 suo

184 3087 331 3138 equite
362 3087 409 3126 R.
443 3086 673 3137 praedicat
710 3087 889 3127 Ovidius
929 3088 1056 3127 Trist.

183 3149 230 3199 4,
266 3149 341 3197 40,
376 3149 455 3187 45ῑ
486 3149 678 3187 Protinus
706 3149 936 3188 eoecolimur
964 3150 1059 3200 (ego

185 3213 229 3251 et
272 3210 429 3260 frater)
477 3210 605 3249 teneri
648 3221 836 3260 curaque
871 3211 1063 3261 parentis

184 3274 296 3313 Imus
319 3274 374 3312 acl
402 3273 582 3323 insiynes
604 3271 721 3310 Urbis
741 3273 792 3311 ab
823 3277 914 3312 arte
931 3274 1058 3313 viros.

187 3357 234 3363 —
281 3334 421 3386 Artes]
473 3332 708 3374 liberales.
762 3333 1058 3384 rhetoricam,

186 3398 366 3448 poesin,
411 3395 751 3448 philosophiam.
803 3418 846 3423 —-
896 3396 1062 3448 doceat]

191 3469 296 3509 «per
326 3460 558 3510 magistros
589 3457 814 3498 docendas
841 3460 1061 3497 curet.»—

186 3531 401 3571 servosqae
426 3522 646 3572 sequentes]
670 3521 935 3561 Comitatum
963 3520 1064 3560 adu-

837 947 926 995 quis
963 948 1019 996 Sp
1043 948 1084 984 et
1121 946 1439 993 cor1·.d,L(jtF.
1476 947 1566 995 ,qni
1597 946 1675 990 bc,
1710 957 1774 997 pr.
1810 946 1859 993 d,
1893 960 1949 999 γκ

1876 1107 2005 1146 egre-

725 1157 804 1204 Qui
836 1168 1057 1207 exposue-
1088 1178 1091 1186 ι
1123 1159 1189 1207 gie
1223 1157 1433 1196 describit
1464 1157 1801 1197 Pseudolucian.
1854 1161 2002 1198 Amor.

1123 1218 1189 1258 4-4.
1227 1240 1271 1246 —-
1306 1220 1354 1257 In
1383 1231 1538 1270 maffeio
1568 1224 1611 1258 ul
1644 1219 1813 1270 populo]
1851 1222 1923 1260 «ut
1960 1222 2001 1260 in

1123 1291 1282 1329 magno
1306 1280 1493 1331 populo,
1527 1281 1568 1319 in
1592 1292 1749 1332 magna
1775 1281 1885 1321 urbe
1909 1282 2002 1321 sieri

1121 1341 1235 1382 solet
1257 1345 1299 1381 et
1327 1343 1508 1391 de(·et‚»
1557 1343 1647 1383 scil.
1683 1346 1807 1384 veste
1840 1345 2001 1383 decora

1121 1406 1182 1444 uti
1214 1407 1256 1444 et
1279 1405 1550 1456 pedisequis.
1614 1406 1780 1446 Eadem
1804 1408 2005 1447 constru-

1123 1468 1267 1507 ctione
1313 1468 1435 1507 Ovid.
1471 1468 1598 1507 Trist.
1638 1470 1686 1517 4,
1738 1470 1783 1517 4,
1832 1470 1906 1508 47ῑ
1959 1470 2004 1508 Si

1121 1530 1234 1579 quis,
1279 1534 1326 1568 ut
1355 1530 1397 1568 in
1421 1530 1578 1579 populo
1612 1530 1719 1580 (fieri
1751 1529 1893 1580 solet),
1925 1543 2004 1570 no—

1119 1592 1196 1630 stri
1225 1604 1309 1631 non
1339 1592 1555 1631 inimemor
1584 1593 1681 1632 illic.
1717 1604 1769 1632 ex
1800 1594 1938 1632 Ponto
1964 1595 2001 1640 4,

1121 1655 1170 1702 7,
1204 1654 1278 1693 116:
1326 1654 1533 1692 cultorum
1562 1654 1686 1693 latha
1716 1658 1907 1703 tuorum,
1956 1655 2003 1693 In

1121 1716 1288 1766 quibas,
1338 1721 1383 1755 ut
1406 1717 1583 1766 populo,
1626 1729 1731 1766 pars
1762 1730 1835 1768 eqo
1859 1729 2000 1767 parva

1118 1779 1194 1829 fai.
1256 1777 1365 1817 Ibid.
1399 1778 1448 1826 4,
1482 1780 1528 1826 5,
1565 1780 1636 1818 stri:
1671 1779 1716 1818 Si
1747 1780 1861 1828 (μιὶε,
1893 1780 2003 1818 utin

1113 1841 1294 1891 populo,
1343 1841 1413 1890 qui
1443 1841 1530 1880 sicis
1561 1845 1597 1880 et
1629 1842 1753 1890 unde,
1802 1842 1997 1892 requiret.

1122 1903 1273 1944 Florus
1306 1904 1352 1951 4,
1387 1903 1462 1951 26,
1512 1904 1559 1942 6:
1613 1915 1730 1953 cum,
1771 1908 1817 1942 ut
1855 1904 1927 1954 (tit)
1962 1905 2004 1942 in

1120 1977 1274 2017 'marano
1318 1969 1354 2003 et
1403 1965 1447 2003 in
1491 1965 1575 2004 dies
1615 1966 1777 2005 maiore
1813 1967 2000 2016 populo,

1122 2029 1287 2067 interim
1326 2027 1553 2077 perniciosi
1594 2028 1701 2067 cives
1745 2029 2000 2068 exsisterent.

1122 2091 1256 2131 Tacit.
1283 2090 1388 2129 Hist.
1416 2090 1460 2139 4,
1495 2090 1543 2129 8;
1579 2091 1631 2129 Et
1659 2091 1723 2130 hic
1744 2092 1907 2140 quidem
1928 2093 2005 2132 Ro-

1121 2165 1238 2202 mae,
1273 2157 1490 2202 tamquam
1510 2152 1553 2191 in
1584 2157 1704 2192 tanta
1724 2154 2000 2203 nialtitucline‚

1120 2215 1283 2254 habitus
1313 2215 1551 2254 animorum
1587 2216 1680 2266 fait.
1741 2215 1821 2255 Alii
1856 2217 2002 2255 minus

1121 2278 1321 2328 apposite
1354 2279 1638 2316 construunt:
1688 2282 1758 2317 «ut
1786 2279 1819 2317 si
1850 2279 1920 2328 qui
1963 2279 2003 2317 in

1120 2339 1442 2390 nzaynopopalo
1462 2339 1522 2388 (ut
1541 2339 1657 2388 Virg.
1682 2341 1790 2378 Aen.
1818 2340 1832 2378 4
1858 2371 1864 2388 ,
1896 2339 1998 2379 448:

1120 2402 1177 2441 Ac
1196 2402 1321 2440 velati
1341 2412 1496 2452 nia-„qno
1526 2401 1569 2439 in
1594 2402 1749 2451 populo
1771 2413 1867 2441 cam
1894 2403 2001 2452 forte

1121 2468 1265 2504 coorla
1295 2468 1352 2503 est
1373 2464 1527 2503 Seditio
1545 2463 1664 2513 cet),
1698 2465 1740 2503 in
1772 2465 2001 2504 hominum

1120 2525 1250 2565 turba
1264 2529 1395 2577 atque
1410 2536 1646 2573 concursu,
1667 2525 1834 2566 cultum
1848 2537 1998 2566 meum

1120 2589 1325 2628 vidisset.»
1377 2590 1470 2636 Qua
1502 2588 1543 2627 in
1574 2589 1742 2628 ratione
1774 2598 1860 2628 non
1897 2589 2004 2627 satis

1122 2651 1362 2691 attenditur
1399 2650 1455 2689 ad
1500 2649 1763 2702 particulam
1802 2654 1861 2689 ut.
1922 2649 2000 2690 Alii

1123 2713 1315 2764 denique
1347 2713 1714 2764 interpretantur:
1758 2714 2003 2763 «quatenus

1122 2775 1167 2814 id
1196 2775 1292 2814 fieri
1331 2776 1508 2826 poterat
1537 2775 1580 2814 in
1615 2776 1736 2814 tanta
1771 2775 2001 2814 hominum

1123 2837 1239 2877 aliud
1270 2837 1495 2887 agentium
1514 2835 1819 2885 multitudine,
1854 2837 1895 2875 in
1918 2847 2003 2888 qua

1124 2900 1255 2939 etiam
1296 2897 1454 2939 melius
1497 2900 1644 2938 vestiti
1687 2897 1823 2938 veluti
1866 2897 2005 2938 latent

1124 2963 1256 3012 atque
1301 2961 1343 3000 in
1381 2971 1629 3012 paucorum
1659 2959 1812 3001 oculos
1854 2961 2005 3000 incur-

1125 3025 1268 3062 runt.»
1303 3045 1347 3049 —
1381 3023 1499 3061 avita
1526 3023 1596 3061 Ea:
1625 3021 1683 3073 re]
1726 3021 1769 3061 id
1810 3021 1931 3073 quod
1960 3023 2005 3062 in

1123 3083 1269 3124 liberti
1300 3082 1406 3133 filio,
1441 3084 1516 3135 qui
1547 3095 1678 3124 avum
1701 3095 1788 3123 non
1809 3083 2006 3124 habebat

1125 3159 1180 3187 ex
1208 3147 1503 3197 ingenuorum
1525 3147 1756 3198 opinione,
1789 3146 1883 3185 fieri
1906 3156 2006 3197 pro-

1125 3209 1219 3260 prie
1251 3219 1338 3248 non
1375 3210 1563 3260 poterat.
1625 3210 1717 3249 Hoc
1748 3210 1897 3248 autem
1938 3207 2005 3247 di—

1128 3272 1209 3310 cit:
1258 3271 1447 3311 «Omnes
1478 3281 1551 3311 me
1582 3270 1773 3310 hominis
1804 3267 2004 3319 locuple-

1127 3333 1182 3373 tis
1212 3331 1349 3371 filium
1381 3343 1479 3373 esse
1511 3331 1637 3372 facile
1665 3330 2003 3372 credidissent.»

1131 3418 1175 3424 —
1200 3395 1395 3446 crederet]
1431 3406 1559 3435 «cum
1580 3406 1660 3434 nos
1678 3394 1866 3439 vidisset,
1900 3393 2004 3431 tunc

1130 3456 1276 3509 ipsum
1307 3458 1512 3504 crederet,
1532 3473 1549 3491 »
1582 3466 1662 3507 pro
1685 3465 1772 3504 quo
1805 3455 2005 3504 tempore

1132 3531 1213 3559 nos
1244 3519 1408 3558 utimur
1440 3515 1892 3570 plusquamperfecto.
