<?xml version="1.0" encoding="UTF-8"?>
<!DOCTYPE html PUBLIC "-//W3C//DTD XHTML 1.0 Transitional//EN"
    "http://www.w3.org/TR/xhtml1/DTD/xhtml1-transitional.dtd">
<html xmlns="http://www.w3.org/1999/xhtml" xml:lang="en" lang="en">
 <head>
  <title>
</title>
<meta http-equiv="Content-Type" content="text/html;charset=utf-8" />
  <meta name='ocr-system' content='tesseract 3.04.00' />
  <meta name='ocr-capabilities' content='ocr_page ocr_carea ocr_par ocr_line ocrx_word'/>
</head>
<body>
  <div class='ocr_page' id='page_1' title='image "./qhoratiusflaccus02horauoft_0591.png"; bbox 0 0 2231 3787; ppageno 0'>
   <div class='ocr_carea' id='block_1_1' title="bbox 777 270 1322 310">
    <p class='ocr_par' dir='ltr' id='par_1_1' title="bbox 777 270 1322 310">
     <span class='ocr_line' id='line_1_1' title="bbox 777 270 1322 310; baseline 0 -1"><span class='ocrx_word' id='word_1_1' title='bbox 777 270 874 310; x_wconf 91' lang='lat' dir='ltr'>LIB.</span> <span class='ocrx_word' id='word_1_2' title='bbox 909 272 939 309; x_wconf 91' lang='grc' dir='ltr'>Ι.</span> <span class='ocrx_word' id='word_1_3' title='bbox 1000 270 1164 310; x_wconf 88' lang='lat' dir='ltr'>EPIST.</span> <span class='ocrx_word' id='word_1_4' title='bbox 1196 271 1322 310; x_wconf 83' lang='lat' dir='ltr'>XVII.</span> 
     </span>
    </p>
   </div>
   <div class='ocr_carea' id='block_1_2' title="bbox 220 400 1203 464">
    <p class='ocr_par' dir='ltr' id='par_1_2' title="bbox 220 400 1203 464">
     <span class='ocr_line' id='line_1_2' title="bbox 220 400 1203 464; baseline 0.001 -11"><span class='ocrx_word' id='word_1_5' title='bbox 220 401 323 464; x_wconf 86' lang='lat' dir='ltr'>Qui</span> <span class='ocrx_word' id='word_1_6' title='bbox 364 400 513 462; x_wconf 89' lang='lat' dir='ltr'>dicit,</span> <span class='ocrx_word' id='word_1_7' title='bbox 558 400 774 454; x_wconf 81' lang='lat' dir='ltr'>clamat:</span> <span class='ocrx_word' id='word_1_8' title='bbox 817 402 1026 455; x_wconf 84' lang='lat' dir='ltr'>Victum</span> <span class='ocrx_word' id='word_1_9' title='bbox 1065 401 1203 454; x_wconf 89' lang='lat' dir='ltr'>date.</span> 
     </span>
    </p>
   </div>
   <div class='ocr_carea' id='block_1_3' title="bbox 1866 270 1968 322">
    <p class='ocr_par' dir='ltr' id='par_1_3' title="bbox 1866 270 1968 322">
     <span class='ocr_line' id='line_1_3' title="bbox 1866 270 1968 322; baseline 0.049 -6"><span class='ocrx_word' id='word_1_10' title='bbox 1866 270 1968 322; x_wconf 71' lang='lat'><strong>‚²549</strong></span> 
     </span>
    </p>
   </div>
   <div class='ocr_carea' id='block_1_4' title="bbox 1282 400 1712 454">
    <p class='ocr_par' dir='ltr' id='par_1_4' title="bbox 1282 400 1712 454">
     <span class='ocr_line' id='line_1_4' title="bbox 1282 400 1712 454; baseline -0.005 0"><span class='ocrx_word' id='word_1_11' title='bbox 1282 400 1518 454; x_wconf 89' lang='lat' dir='ltr'>Succinit</span> <span class='ocrx_word' id='word_1_12' title='bbox 1556 400 1712 454; x_wconf 88' lang='lat' dir='ltr'>alter:</span> 
     </span>
    </p>
   </div>
   <div class='ocr_carea' id='block_1_5' title="bbox 212 501 1506 573">
    <p class='ocr_par' dir='ltr' id='par_1_5' title="bbox 212 501 1506 573">
     <span class='ocr_line' id='line_1_5' title="bbox 212 501 1506 573; baseline 0.001 -20"><span class='ocrx_word' id='word_1_13' title='bbox 212 503 275 554; x_wconf 91' lang='lat' dir='ltr'>Et</span> <span class='ocrx_word' id='word_1_14' title='bbox 313 501 439 554; x_wconf 86' lang='lat' dir='ltr'>mihi</span> <span class='ocrx_word' id='word_1_15' title='bbox 481 501 703 555; x_wconf 84' lang='lat' dir='ltr'>dividuo</span> <span class='ocrx_word' id='word_1_16' title='bbox 744 501 977 556; x_wconf 85' lang='lat' dir='ltr'>findetur</span> <span class='ocrx_word' id='word_1_17' title='bbox 1015 519 1241 556; x_wconf 90' lang='lat' dir='ltr'>munere</span> <span class='ocrx_word' id='word_1_18' title='bbox 1282 501 1506 573; x_wconf 84' lang='lat' dir='ltr'>quadra.</span> 
     </span>
    </p>
   </div>
   <div class='ocr_carea' id='block_1_6' title="bbox 213 603 1976 675">
    <p class='ocr_par' dir='ltr' id='par_1_6' title="bbox 213 603 1976 675">
     <span class='ocr_line' id='line_1_6' title="bbox 213 603 1976 675; baseline -0.001 -17"><span class='ocrx_word' id='word_1_19' title='bbox 213 603 322 658; x_wconf 88' lang='lat' dir='ltr'>Sed</span> <span class='ocrx_word' id='word_1_20' title='bbox 361 604 553 657; x_wconf 88' lang='lat' dir='ltr'>tacitus</span> <span class='ocrx_word' id='word_1_21' title='bbox 594 604 741 675; x_wconf 86' lang='lat' dir='ltr'>pasci</span> <span class='ocrx_word' id='word_1_22' title='bbox 783 605 826 657; x_wconf 91' lang='lat' dir='ltr'>si</span> <span class='ocrx_word' id='word_1_23' title='bbox 867 613 1053 675; x_wconf 86' lang='lat' dir='ltr'>posset</span> <span class='ocrx_word' id='word_1_24' title='bbox 1092 622 1312 666; x_wconf 81' lang='lat' dir='ltr'>corvuS,</span> <span class='ocrx_word' id='word_1_25' title='bbox 1354 603 1581 657; x_wconf 87' lang='lat' dir='ltr'>haberet</span> <span class='ocrx_word' id='word_1_26' title='bbox 1909 606 1976 656; x_wconf 79' lang='lat'>50</span> 
     </span>
    </p>
   </div>
   <div class='ocr_carea' id='block_1_7' title="bbox 213 704 1638 777">
    <p class='ocr_par' dir='ltr' id='par_1_7' title="bbox 213 704 1638 777">
     <span class='ocr_line' id='line_1_7' title="bbox 213 704 1638 777; baseline 0 -19"><span class='ocrx_word' id='word_1_27' title='bbox 213 705 338 758; x_wconf 90' lang='lat' dir='ltr'>Plus</span> <span class='ocrx_word' id='word_1_28' title='bbox 380 704 535 776; x_wconf 87' lang='lat' dir='ltr'>dapis</span> <span class='ocrx_word' id='word_1_29' title='bbox 576 714 627 758; x_wconf 90' lang='lat' dir='ltr'>et</span> <span class='ocrx_word' id='word_1_30' title='bbox 666 706 812 759; x_wconf 87' lang='lat' dir='ltr'>rixae</span> <span class='ocrx_word' id='word_1_31' title='bbox 853 706 1018 759; x_wconf 89' lang='lat' dir='ltr'>multo</span> <span class='ocrx_word' id='word_1_32' title='bbox 1059 707 1235 760; x_wconf 87' lang='lat' dir='ltr'>minus</span> <span class='ocrx_word' id='word_1_33' title='bbox 1276 705 1638 777; x_wconf 83' lang='lat' dir='ltr'>invidiaeque.</span> 
     </span>
    </p>
   </div>
   <div class='ocr_carea' id='block_1_8' title="bbox 213 806 1857 869">
    <p class='ocr_par' dir='ltr' id='par_1_8' title="bbox 213 806 1857 869">
     <span class='ocr_line' id='line_1_8' title="bbox 213 806 1857 869; baseline 0.001 -11"><span class='ocrx_word' id='word_1_34' title='bbox 213 806 559 860; x_wconf 85' lang='lat' dir='ltr'>Brundisium</span> <span class='ocrx_word' id='word_1_35' title='bbox 599 824 782 860; x_wconf 89' lang='lat' dir='ltr'>comes</span> <span class='ocrx_word' id='word_1_36' title='bbox 823 815 914 860; x_wconf 87' lang='lat' dir='ltr'>aut</span> <span class='ocrx_word' id='word_1_37' title='bbox 953 808 1270 861; x_wconf 78' lang='lat' dir='ltr'>Surrentum</span> <span class='ocrx_word' id='word_1_38' title='bbox 1311 808 1504 862; x_wconf 89' lang='lat' dir='ltr'>ductus</span> <span class='ocrx_word' id='word_1_39' title='bbox 1545 824 1857 869; x_wconf 84' lang='lat' dir='ltr'>amoenum,</span> 
     </span>
    </p>
   </div>
   <div class='ocr_carea' id='block_1_9' title="bbox 196 981 1920 1096">
    <p class='ocr_par' dir='ltr' id='par_1_9' title="bbox 196 981 1920 1096">
     <span class='ocr_line' id='line_1_9' title="bbox 261 981 1920 1033; baseline 0 -12"><span class='ocrx_word' id='word_1_40' title='bbox 261 981 328 1021; x_wconf 68' lang='lat'>49.</span> <span class='ocrx_word' id='word_1_41' title='bbox 359 982 549 1033; x_wconf 76' lang='lat' dir='ltr'>findatur</span> <span class='ocrx_word' id='word_1_42' title='bbox 576 992 691 1021; x_wconf 91' lang='lat' dir='ltr'>unus</span> <span class='ocrx_word' id='word_1_43' title='bbox 724 981 787 1032; x_wconf 82' lang='lat' dir='ltr'>(V.</span> <span class='ocrx_word' id='word_1_44' title='bbox 813 981 878 1031; x_wconf 85' lang='lat' dir='ltr'>K.)</span> <span class='ocrx_word' id='word_1_45' title='bbox 912 981 1039 1020; x_wconf 87' lang='lat' dir='ltr'>Feae.</span> <span class='ocrx_word' id='word_1_46' title='bbox 1078 1005 1121 1009; x_wconf 82' lang='lat'>—</span> <span class='ocrx_word' id='word_1_47' title='bbox 1155 983 1222 1021; x_wconf 80' lang='lat'>50.</span> <span class='ocrx_word' id='word_1_48' title='bbox 1251 983 1374 1032; x_wconf 86' lang='lat' dir='ltr'>pasci</span> <span class='ocrx_word' id='word_1_49' title='bbox 1395 983 1545 1022; x_wconf 74' lang='lat' dir='ltr'>tacitus</span> <span class='ocrx_word' id='word_1_50' title='bbox 1567 981 1609 1021; x_wconf 90' lang='lat' dir='ltr'>d.</span> <span class='ocrx_word' id='word_1_51' title='bbox 1638 1004 1682 1009; x_wconf 92' lang='lat'>-—</span> <span class='ocrx_word' id='word_1_52' title='bbox 1705 982 1773 1021; x_wconf 68' lang='lat'>5⁴.</span> <span class='ocrx_word' id='word_1_53' title='bbox 1795 982 1920 1021; x_wconf 64' lang='lat' dir='ltr'>rimae</span> 
     </span>
     <span class='ocr_line' id='line_1_10' title="bbox 196 1042 1915 1096; baseline 0.001 -14"><span class='ocrx_word' id='word_1_54' title='bbox 196 1044 332 1083; x_wconf 83' lang='lat' dir='ltr'>minus</span> <span class='ocrx_word' id='word_1_55' title='bbox 361 1048 398 1083; x_wconf 79' lang='lat' dir='ltr'>et</span> <span class='ocrx_word' id='word_1_56' title='bbox 426 1044 565 1082; x_wconf 86' lang='lat' dir='ltr'>minus</span> <span class='ocrx_word' id='word_1_57' title='bbox 595 1043 673 1082; x_wconf 89' lang='lat' dir='ltr'>Ed.</span> <span class='ocrx_word' id='word_1_58' title='bbox 710 1042 1003 1083; x_wconf 87' lang='lat' dir='ltr'>Cadomensis</span> <span class='ocrx_word' id='word_1_59' title='bbox 1035 1054 1072 1081; x_wconf 87' lang='lat' dir='ltr'>a.</span> <span class='ocrx_word' id='word_1_60' title='bbox 1110 1044 1229 1085; x_wconf 65' lang='lat'>1480.</span> <span class='ocrx_word' id='word_1_61' title='bbox 1264 1044 1361 1083; x_wconf 89' lang='lat' dir='ltr'>Vid.</span> <span class='ocrx_word' id='word_1_62' title='bbox 1396 1045 1452 1084; x_wconf 82' lang='lat' dir='ltr'>ad</span> <span class='ocrx_word' id='word_1_63' title='bbox 1483 1045 1591 1096; x_wconf 91' lang='lat' dir='ltr'>Epp.</span> <span class='ocrx_word' id='word_1_64' title='bbox 1619 1045 1656 1093; x_wconf 78' lang='grc'>4,</span> <span class='ocrx_word' id='word_1_65' title='bbox 1682 1044 1747 1091; x_wconf 75' lang='grc'>46,</span> <span class='ocrx_word' id='word_1_66' title='bbox 1773 1043 1839 1084; x_wconf 76' lang='grc'>44.</span> <span class='ocrx_word' id='word_1_67' title='bbox 1875 1066 1915 1073; x_wconf 89' lang='grc'>-</span> 
     </span>
    </p>
   </div>
   <div class='ocr_carea' id='block_1_10' title="bbox 195 1107 804 1147">
    <p class='ocr_par' dir='ltr' id='par_1_10' title="bbox 195 1107 804 1147">
     <span class='ocr_line' id='line_1_11' title="bbox 195 1107 804 1147; baseline 0 -1"><span class='ocrx_word' id='word_1_68' title='bbox 195 1108 261 1147; x_wconf 71' lang='lat'>52.</span> <span class='ocrx_word' id='word_1_69' title='bbox 294 1108 580 1147; x_wconf 79' lang='lat' dir='ltr'>Brundusium</span> <span class='ocrx_word' id='word_1_70' title='bbox 611 1118 725 1146; x_wconf 88' lang='lat' dir='ltr'>corr.</span> <span class='ocrx_word' id='word_1_71' title='bbox 762 1107 804 1146; x_wconf 86' lang='lat' dir='ltr'>d.</span> 
     </span>
    </p>
   </div>
   <div class='ocr_carea' id='block_1_11' title="bbox 136 1263 1028 3555">
    <p class='ocr_par' dir='ltr' id='par_1_11' title="bbox 136 1263 1028 3555">
     <span class='ocr_line' id='line_1_12' title="bbox 141 1263 1022 1314; baseline -0.001 -11"><span class='ocrx_word' id='word_1_72' title='bbox 141 1264 261 1304; x_wconf 85' lang='lat' dir='ltr'>dare.</span> <span class='ocrx_word' id='word_1_73' title='bbox 313 1264 399 1304; x_wconf 88' lang='lat' dir='ltr'>Cfr.</span> <span class='ocrx_word' id='word_1_74' title='bbox 426 1263 562 1304; x_wconf 89' lang='lat' dir='ltr'>Plaut.</span> <span class='ocrx_word' id='word_1_75' title='bbox 588 1265 784 1304; x_wconf 87' lang='lat' dir='ltr'>Trinum.</span> <span class='ocrx_word' id='word_1_76' title='bbox 809 1263 859 1314; x_wconf 88' lang='grc'>3,</span> <span class='ocrx_word' id='word_1_77' title='bbox 883 1265 922 1313; x_wconf 68' lang='lat'>2,</span> <span class='ocrx_word' id='word_1_78' title='bbox 949 1264 1022 1304; x_wconf 86' lang='lat'>63:</span> 
     </span>
     <span class='ocr_line' id='line_1_13' title="bbox 139 1327 1027 1378; baseline 0.001 -13"><span class='ocrx_word' id='word_1_79' title='bbox 139 1338 189 1366; x_wconf 84' lang='lat' dir='ltr'>ne</span> <span class='ocrx_word' id='word_1_80' title='bbox 230 1327 289 1366; x_wconf 89' lang='lat' dir='ltr'>mi</span> <span class='ocrx_word' id='word_1_81' title='bbox 332 1327 439 1367; x_wconf 83' lang='lat' dir='ltr'>hanc</span> <span class='ocrx_word' id='word_1_82' title='bbox 481 1327 643 1378; x_wconf 84' lang='lat' dir='ltr'>famam</span> <span class='ocrx_word' id='word_1_83' title='bbox 688 1328 911 1378; x_wconf 69' lang='lat' dir='ltr'>differant,</span> <span class='ocrx_word' id='word_1_84' title='bbox 958 1328 1027 1366; x_wconf 91' lang='lat' dir='ltr'>Me</span> 
     </span>
     <span class='ocr_line' id='line_1_14' title="bbox 137 1390 1028 1440; baseline 0 -12"><span class='ocrx_word' id='word_1_85' title='bbox 137 1400 388 1440; x_wconf 71' lang='lat' dir='ltr'>yermanam</span> <span class='ocrx_word' id='word_1_86' title='bbox 425 1401 561 1429; x_wconf 87' lang='lat' dir='ltr'>meam</span> <span class='ocrx_word' id='word_1_87' title='bbox 591 1400 776 1428; x_wconf 87' lang='lat' dir='ltr'>sororem</span> <span class='ocrx_word' id='word_1_88' title='bbox 805 1390 848 1428; x_wconf 86' lang='lat' dir='ltr'>in</span> <span class='ocrx_word' id='word_1_89' title='bbox 879 1400 1028 1428; x_wconf 83' lang='lat' dir='ltr'>coneu-</span> 
     </span>
     <span class='ocr_line' id='line_1_15' title="bbox 139 1451 1026 1491; baseline 0.001 -2"><span class='ocrx_word' id='word_1_90' title='bbox 139 1451 326 1491; x_wconf 83' lang='lat' dir='ltr'>binatum</span> <span class='ocrx_word' id='word_1_91' title='bbox 370 1451 442 1490; x_wconf 82' lang='lat' dir='ltr'>tibi</span> <span class='ocrx_word' id='word_1_92' title='bbox 485 1451 553 1490; x_wconf 84' lang='lat' dir='ltr'>Sic</span> <span class='ocrx_word' id='word_1_93' title='bbox 591 1452 677 1491; x_wconf 86' lang='lat' dir='ltr'>sine</span> <span class='ocrx_word' id='word_1_94' title='bbox 707 1453 799 1491; x_wconf 82' lang='lat' dir='ltr'>dote</span> <span class='ocrx_word' id='word_1_95' title='bbox 829 1452 1026 1491; x_wconf 73' lang='lat' dir='ltr'><em>dedidisse</em></span> 
     </span>
     <span class='ocr_line' id='line_1_16' title="bbox 138 1514 1026 1565; baseline -0.002 -11"><span class='ocrx_word' id='word_1_96' title='bbox 138 1515 275 1565; x_wconf 70' lang='lat' dir='ltr'>mayis</span> <span class='ocrx_word' id='word_1_97' title='bbox 296 1525 424 1563; x_wconf 80' lang='lat' dir='ltr'>quam</span> <span class='ocrx_word' id='word_1_98' title='bbox 443 1514 487 1553; x_wconf 88' lang='lat' dir='ltr'>in</span> <span class='ocrx_word' id='word_1_99' title='bbox 503 1515 840 1554; x_wconf 74' lang='lat' dir='ltr'>matrimonium.</span> <span class='ocrx_word' id='word_1_100' title='bbox 867 1538 911 1542; x_wconf 73' lang='lat'>——</span> <span class='ocrx_word' id='word_1_101' title='bbox 931 1514 1026 1564; x_wconf 86' lang='lat' dir='ltr'>fun-</span> 
     </span>
     <span class='ocr_line' id='line_1_17' title="bbox 139 1576 1021 1628; baseline -0.001 -13"><span class='ocrx_word' id='word_1_102' title='bbox 139 1576 228 1628; x_wconf 86' lang='lat' dir='ltr'>dus]</span> <span class='ocrx_word' id='word_1_103' title='bbox 277 1587 391 1627; x_wconf 92' lang='lat' dir='ltr'>«quo</span> <span class='ocrx_word' id='word_1_104' title='bbox 440 1576 620 1616; x_wconf 75' lang='lat' dir='ltr'>vendito</span> <span class='ocrx_word' id='word_1_105' title='bbox 667 1577 820 1616; x_wconf 90' lang='lat' dir='ltr'>dotem</span> <span class='ocrx_word' id='word_1_106' title='bbox 866 1576 1021 1624; x_wconf 80' lang='lat' dir='ltr'>sorori,</span> 
     </span>
     <span class='ocr_line' id='line_1_18' title="bbox 140 1637 1022 1690; baseline 0 -13"><span class='ocrx_word' id='word_1_107' title='bbox 140 1639 270 1678; x_wconf 86' lang='lat' dir='ltr'>matri</span> <span class='ocrx_word' id='word_1_108' title='bbox 301 1637 510 1678; x_wconf 85' lang='lat' dir='ltr'>alimenta</span> <span class='ocrx_word' id='word_1_109' title='bbox 541 1638 763 1690; x_wconf 86' lang='lat' dir='ltr'>praebere</span> <span class='ocrx_word' id='word_1_110' title='bbox 793 1649 1022 1690; x_wconf 90' lang='lat' dir='ltr'>possem.»</span> 
     </span>
     <span class='ocr_line' id='line_1_19' title="bbox 144 1700 1026 1752; baseline -0.001 -12"><span class='ocrx_word' id='word_1_111' title='bbox 144 1723 187 1728; x_wconf 89' lang='lat'>—</span> <span class='ocrx_word' id='word_1_112' title='bbox 221 1712 294 1740; x_wconf 88' lang='lat' dir='ltr'>nec</span> <span class='ocrx_word' id='word_1_113' title='bbox 322 1700 551 1752; x_wconf 84' lang='lat' dir='ltr'>vendibilis]</span> <span class='ocrx_word' id='word_1_114' title='bbox 588 1701 768 1752; x_wconf 89' lang='lat' dir='ltr'>propria</span> <span class='ocrx_word' id='word_1_115' title='bbox 799 1700 1026 1751; x_wconf 79' lang='lat' dir='ltr'>significa—</span> 
     </span>
     <span class='ocr_line' id='line_1_20' title="bbox 139 1763 1026 1814; baseline 0.002 -13"><span class='ocrx_word' id='word_1_116' title='bbox 139 1763 278 1812; x_wconf 85' lang='lat' dir='ltr'>tione,</span> <span class='ocrx_word' id='word_1_117' title='bbox 332 1763 443 1802; x_wconf 81' lang='lat' dir='ltr'>nicht</span> <span class='ocrx_word' id='word_1_118' title='bbox 485 1763 765 1814; x_wconf 76' lang='lat' dir='ltr'>verkc&#39;t&#39;uflieh,</span> <span class='ocrx_word' id='word_1_119' title='bbox 816 1765 1026 1814; x_wconf 89' lang='lat' dir='ltr'>«propter</span> 
     </span>
     <span class='ocr_line' id='line_1_21' title="bbox 138 1824 1025 1876; baseline -0.001 -13"><span class='ocrx_word' id='word_1_120' title='bbox 138 1824 181 1863; x_wconf 94' lang='lat' dir='ltr'>id</span> <span class='ocrx_word' id='word_1_121' title='bbox 211 1825 378 1876; x_wconf 89' lang='lat' dir='ltr'>ipsum,</span> <span class='ocrx_word' id='word_1_122' title='bbox 414 1826 534 1876; x_wconf 89' lang='lat' dir='ltr'>quod</span> <span class='ocrx_word' id='word_1_123' title='bbox 566 1824 726 1865; x_wconf 87' lang='lat' dir='ltr'>sterilis</span> <span class='ocrx_word' id='word_1_124' title='bbox 749 1826 859 1864; x_wconf 86' lang='lat' dir='ltr'>est.»</span> <span class='ocrx_word' id='word_1_125' title='bbox 904 1825 1025 1865; x_wconf 80' lang='lat' dir='ltr'>Haec</span> 
     </span>
     <span class='ocr_line' id='line_1_22' title="bbox 137 1885 1024 1938; baseline -0.002 -12"><span class='ocrx_word' id='word_1_126' title='bbox 137 1885 465 1938; x_wconf 88' lang='lat' dir='ltr'>simplicissima</span> <span class='ocrx_word' id='word_1_127' title='bbox 494 1887 630 1932; x_wconf 62' lang='lat' dir='ltr'>ratim</span> <span class='ocrx_word' id='word_1_128' title='bbox 666 1898 749 1926; x_wconf 92' lang='lat' dir='ltr'>nec</span> <span class='ocrx_word' id='word_1_129' title='bbox 782 1888 902 1925; x_wconf 85' lang='lat' dir='ltr'>certe</span> <span class='ocrx_word' id='word_1_130' title='bbox 932 1886 1024 1924; x_wconf 89' lang='lat' dir='ltr'>Ho-</span> 
     </span>
     <span class='ocr_line' id='line_1_23' title="bbox 136 1946 1023 2000; baseline -0.002 -12"><span class='ocrx_word' id='word_1_131' title='bbox 136 1949 274 1989; x_wconf 83' lang='lat' dir='ltr'>ratius</span> <span class='ocrx_word' id='word_1_132' title='bbox 306 1950 515 2000; x_wconf 78' lang='lat' dir='ltr'>cogitavit</span> <span class='ocrx_word' id='word_1_133' title='bbox 540 1950 595 1989; x_wconf 89' lang='lat' dir='ltr'>de</span> <span class='ocrx_word' id='word_1_134' title='bbox 627 1949 763 1988; x_wconf 86' lang='lat' dir='ltr'>fundo</span> <span class='ocrx_word' id='word_1_135' title='bbox 795 1958 883 1987; x_wconf 90' lang='lat' dir='ltr'>non</span> <span class='ocrx_word' id='word_1_136' title='bbox 916 1946 1023 1986; x_wconf 85' lang='lat' dir='ltr'>alie-</span> 
     </span>
     <span class='ocr_line' id='line_1_24' title="bbox 140 2009 1022 2051; baseline -0.001 0"><span class='ocrx_word' id='word_1_137' title='bbox 140 2012 286 2051; x_wconf 86' lang='lat' dir='ltr'>nando</span> <span class='ocrx_word' id='word_1_138' title='bbox 329 2011 399 2051; x_wconf 81' lang='lat' dir='ltr'>vel</span> <span class='ocrx_word' id='word_1_139' title='bbox 446 2024 499 2051; x_wconf 82' lang='lat' dir='ltr'>ex</span> <span class='ocrx_word' id='word_1_140' title='bbox 542 2011 799 2051; x_wconf 83' lang='lat' dir='ltr'><strong>testamenti</strong></span> <span class='ocrx_word' id='word_1_141' title='bbox 839 2009 1022 2050; x_wconf 85' lang='lat' dir='ltr'>alicuius</span> 
     </span>
     <span class='ocr_line' id='line_1_25' title="bbox 138 2073 1023 2125; baseline -0.001 -12"><span class='ocrx_word' id='word_1_142' title='bbox 138 2074 281 2125; x_wconf 85' lang='lat' dir='ltr'>capite</span> <span class='ocrx_word' id='word_1_143' title='bbox 321 2073 392 2113; x_wconf 92' lang='lat' dir='ltr'>vel</span> <span class='ocrx_word' id='word_1_144' title='bbox 431 2075 695 2124; x_wconf 85' lang='lat' dir='ltr'>propterea,</span> <span class='ocrx_word' id='word_1_145' title='bbox 740 2073 860 2124; x_wconf 90' lang='lat' dir='ltr'>quod</span> <span class='ocrx_word' id='word_1_146' title='bbox 902 2074 1023 2113; x_wconf 90' lang='lat' dir='ltr'>esset</span> 
     </span>
     <span class='ocr_line' id='line_1_26' title="bbox 137 2134 1023 2183; baseline -0.001 -8"><span class='ocrx_word' id='word_1_147' title='bbox 137 2135 300 2175; x_wconf 90' lang='lat' dir='ltr'>fundus</span> <span class='ocrx_word' id='word_1_148' title='bbox 337 2134 511 2174; x_wconf 92' lang='lat' dir='ltr'>Italicus</span> <span class='ocrx_word' id='word_1_149' title='bbox 554 2134 736 2183; x_wconf 86' lang='lat' dir='ltr'>dotalis,</span> <span class='ocrx_word' id='word_1_150' title='bbox 784 2137 833 2174; x_wconf 91' lang='lat' dir='ltr'>ut</span> <span class='ocrx_word' id='word_1_151' title='bbox 868 2134 1023 2174; x_wconf 80' lang='lat' dir='ltr'>volunt</span> 
     </span>
     <span class='ocr_line' id='line_1_27' title="bbox 137 2198 1019 2249; baseline -0.002 -11"><span class='ocrx_word' id='word_1_152' title='bbox 137 2199 422 2249; x_wconf 87' lang='lat' dir='ltr'>Interpretes.</span> <span class='ocrx_word' id='word_1_153' title='bbox 465 2221 509 2225; x_wconf 89' lang='lat'><strong>—</strong></span> <span class='ocrx_word' id='word_1_154' title='bbox 552 2208 626 2236; x_wconf 83' lang='lat' dir='ltr'>nec</span> <span class='ocrx_word' id='word_1_155' title='bbox 656 2208 832 2247; x_wconf 83' lang='lat' dir='ltr'>pascere</span> <span class='ocrx_word' id='word_1_156' title='bbox 857 2198 1019 2249; x_wconf 80' lang='lat' dir='ltr'>firmus]</span> 
     </span>
     <span class='ocr_line' id='line_1_28' title="bbox 136 2258 1021 2311; baseline -0.001 -11"><span class='ocrx_word' id='word_1_157' title='bbox 136 2258 359 2310; x_wconf 77' lang='grc' dir='ltr'>βέβαιος,</span> <span class='ocrx_word' id='word_1_158' title='bbox 410 2270 592 2311; x_wconf 85' lang='lat' dir='ltr'>semper</span> <span class='ocrx_word' id='word_1_159' title='bbox 637 2259 854 2307; x_wconf 86' lang='lat' dir='ltr'>idoneus;</span> <span class='ocrx_word' id='word_1_160' title='bbox 904 2271 1021 2299; x_wconf 89' lang='lat' dir='ltr'>«nec</span> 
     </span>
     <span class='ocr_line' id='line_1_29' title="bbox 137 2324 1023 2375; baseline -0.002 -11"><span class='ocrx_word' id='word_1_161' title='bbox 137 2325 232 2364; x_wconf 91' lang='lat' dir='ltr'>eius</span> <span class='ocrx_word' id='word_1_162' title='bbox 275 2324 518 2375; x_wconf 82' lang='lat' dir='ltr'>proventus</span> <span class='ocrx_word' id='word_1_163' title='bbox 563 2324 710 2363; x_wconf 90' lang='lat' dir='ltr'>tantus</span> <span class='ocrx_word' id='word_1_164' title='bbox 753 2325 841 2371; x_wconf 82' lang='lat' dir='ltr'>est,</span> <span class='ocrx_word' id='word_1_165' title='bbox 890 2324 938 2362; x_wconf 89' lang='lat' dir='ltr'>ut</span> <span class='ocrx_word' id='word_1_166' title='bbox 968 2334 1023 2362; x_wconf 81' lang='lat' dir='ltr'>ex</span> 
     </span>
     <span class='ocr_line' id='line_1_30' title="bbox 138 2385 1022 2434; baseline -0.001 -8"><span class='ocrx_word' id='word_1_167' title='bbox 138 2397 192 2426; x_wconf 89' lang='lat' dir='ltr'>eo</span> <span class='ocrx_word' id='word_1_168' title='bbox 222 2386 358 2425; x_wconf 88' lang='lat' dir='ltr'>vitam</span> <span class='ocrx_word' id='word_1_169' title='bbox 381 2386 676 2425; x_wconf 88' lang='lat' dir='ltr'>sustentem.»</span> <span class='ocrx_word' id='word_1_170' title='bbox 704 2407 747 2413; x_wconf 92' lang='lat'><em>-</em></span> <span class='ocrx_word' id='word_1_171' title='bbox 783 2385 952 2434; x_wconf 67' lang='lat' dir='ltr'>elamat]</span> <span class='ocrx_word' id='word_1_172' title='bbox 975 2387 1022 2425; x_wconf 92' lang='lat' dir='ltr'>ut</span> 
     </span>
     <span class='ocr_line' id='line_1_31' title="bbox 138 2447 1018 2499; baseline -0.001 -12"><span class='ocrx_word' id='word_1_173' title='bbox 138 2447 385 2487; x_wconf 88' lang='lat' dir='ltr'>mendicus.</span> <span class='ocrx_word' id='word_1_174' title='bbox 399 2469 446 2475; x_wconf 90' lang='lat'>—</span> <span class='ocrx_word' id='word_1_175' title='bbox 462 2447 648 2487; x_wconf 80' lang='lat' dir='ltr'>Succinit</span> <span class='ocrx_word' id='word_1_176' title='bbox 664 2448 784 2499; x_wconf 80' lang='lat' dir='ltr'>alter]</span> <span class='ocrx_word' id='word_1_177' title='bbox 804 2448 1018 2499; x_wconf 77' lang='lat' dir='ltr'>Exprimit</span> 
     </span>
     <span class='ocr_line' id='line_1_32' title="bbox 139 2509 1023 2562; baseline -0.001 -12"><span class='ocrx_word' id='word_1_178' title='bbox 139 2509 448 2550; x_wconf 90' lang='lat' dir='ltr'>mendicorum</span> <span class='ocrx_word' id='word_1_179' title='bbox 470 2509 524 2549; x_wconf 90' lang='lat' dir='ltr'>ad</span> <span class='ocrx_word' id='word_1_180' title='bbox 547 2509 727 2562; x_wconf 86' lang='lat' dir='ltr'>templa,</span> <span class='ocrx_word' id='word_1_181' title='bbox 748 2511 889 2559; x_wconf 82' lang='lat' dir='ltr'>trivia,</span> <span class='ocrx_word' id='word_1_182' title='bbox 913 2521 1023 2562; x_wconf 91' lang='lat' dir='ltr'>pon—</span> 
     </span>
     <span class='ocr_line' id='line_1_33' title="bbox 138 2574 1023 2625; baseline 0 -13"><span class='ocrx_word' id='word_1_183' title='bbox 138 2574 205 2613; x_wconf 88' lang='lat' dir='ltr'>tes</span> <span class='ocrx_word' id='word_1_184' title='bbox 236 2574 609 2623; x_wconf 80' lang='lat' dir='ltr'>congregatorum</span> <span class='ocrx_word' id='word_1_185' title='bbox 630 2575 896 2625; x_wconf 90' lang='lat' dir='ltr'>perpetuam</span> <span class='ocrx_word' id='word_1_186' title='bbox 920 2584 1023 2613; x_wconf 87' lang='lat' dir='ltr'>can-</span> 
     </span>
     <span class='ocr_line' id='line_1_34' title="bbox 139 2634 1019 2687; baseline 0.001 -12"><span class='ocrx_word' id='word_1_187' title='bbox 139 2634 342 2685; x_wconf 88' lang='lat' dir='ltr'>tilenam,</span> <span class='ocrx_word' id='word_1_188' title='bbox 390 2646 502 2687; x_wconf 91' lang='lat' dir='ltr'>qua,</span> <span class='ocrx_word' id='word_1_189' title='bbox 548 2637 597 2674; x_wconf 91' lang='lat' dir='ltr'>ut</span> <span class='ocrx_word' id='word_1_190' title='bbox 626 2636 796 2686; x_wconf 89' lang='lat' dir='ltr'>primus</span> <span class='ocrx_word' id='word_1_191' title='bbox 829 2636 1019 2687; x_wconf 89' lang='lat' dir='ltr'>quisque</span> 
     </span>
     <span class='ocr_line' id='line_1_35' title="bbox 138 2696 1021 2749; baseline 0 -11"><span class='ocrx_word' id='word_1_192' title='bbox 138 2698 299 2749; x_wconf 91' lang='lat' dir='ltr'>stipem</span> <span class='ocrx_word' id='word_1_193' title='bbox 330 2698 524 2748; x_wconf 88' lang='lat' dir='ltr'>accepit,</span> <span class='ocrx_word' id='word_1_194' title='bbox 558 2698 696 2737; x_wconf 87' lang='lat' dir='ltr'>ceteri</span> <span class='ocrx_word' id='word_1_195' title='bbox 724 2696 809 2737; x_wconf 92' lang='lat' dir='ltr'>sibi</span> <span class='ocrx_word' id='word_1_196' title='bbox 830 2698 1021 2738; x_wconf 86' lang='lat' dir='ltr'>invicem</span> 
     </span>
     <span class='ocr_line' id='line_1_36' title="bbox 138 2759 1019 2811; baseline 0.002 -12"><span class='ocrx_word' id='word_1_197' title='bbox 138 2761 373 2800; x_wconf 90' lang='lat' dir='ltr'>succinunt</span> <span class='ocrx_word' id='word_1_198' title='bbox 419 2759 629 2811; x_wconf 62' lang='lat' dir='ltr'>(Senon),</span> <span class='ocrx_word' id='word_1_199' title='bbox 687 2760 732 2800; x_wconf 90' lang='lat' dir='ltr'>id</span> <span class='ocrx_word' id='word_1_200' title='bbox 776 2762 866 2810; x_wconf 89' lang='lat' dir='ltr'>est,</span> <span class='ocrx_word' id='word_1_201' title='bbox 918 2772 1019 2801; x_wconf 86' lang='lat' dir='ltr'>sese</span> 
     </span>
     <span class='ocr_line' id='line_1_37' title="bbox 138 2821 1022 2874; baseline 0.002 -14"><span class='ocrx_word' id='word_1_202' title='bbox 138 2821 258 2861; x_wconf 89' lang='lat' dir='ltr'>idem</span> <span class='ocrx_word' id='word_1_203' title='bbox 304 2821 537 2862; x_wconf 90' lang='lat' dir='ltr'>clamando</span> <span class='ocrx_word' id='word_1_204' title='bbox 588 2823 826 2874; x_wconf 89' lang='lat' dir='ltr'>excipiunt.</span> <span class='ocrx_word' id='word_1_205' title='bbox 872 2847 917 2851; x_wconf 97' lang='lat'><strong>—</strong></span> <span class='ocrx_word' id='word_1_206' title='bbox 969 2824 1022 2862; x_wconf 79' lang='lat' dir='ltr'>Et</span> 
     </span>
     <span class='ocr_line' id='line_1_38' title="bbox 137 2883 1021 2936; baseline 0.001 -13"><span class='ocrx_word' id='word_1_207' title='bbox 137 2883 239 2923; x_wconf 87' lang='lat' dir='ltr'>mihi</span> <span class='ocrx_word' id='word_1_208' title='bbox 268 2883 372 2934; x_wconf 65' lang='lat' dir='ltr'>cet]</span> <span class='ocrx_word' id='word_1_209' title='bbox 420 2885 546 2925; x_wconf 88' lang='lat' dir='ltr'>«Mihi</span> <span class='ocrx_word' id='word_1_210' title='bbox 576 2896 755 2936; x_wconf 91' lang='lat' dir='ltr'>quoque</span> <span class='ocrx_word' id='word_1_211' title='bbox 793 2885 919 2936; x_wconf 86' lang='lat' dir='ltr'>panis</span> <span class='ocrx_word' id='word_1_212' title='bbox 948 2884 1021 2925; x_wconf 91' lang='lat' dir='ltr'>vel</span> 
     </span>
     <span class='ocr_line' id='line_1_39' title="bbox 140 2943 1021 2997; baseline 0.003 -13"><span class='ocrx_word' id='word_1_213' title='bbox 140 2943 370 2997; x_wconf 83' lang='lat' dir='ltr'>placentae</span> <span class='ocrx_word' id='word_1_214' title='bbox 402 2945 590 2987; x_wconf 86' lang='lat' dir='ltr'>frustum</span> <span class='ocrx_word' id='word_1_215' title='bbox 611 2946 733 2996; x_wconf 89' lang='lat' dir='ltr'>dato,</span> <span class='ocrx_word' id='word_1_216' title='bbox 767 2948 826 2986; x_wconf 91' lang='lat' dir='ltr'>ita</span> <span class='ocrx_word' id='word_1_217' title='bbox 850 2949 900 2986; x_wconf 91' lang='lat' dir='ltr'>ut</span> <span class='ocrx_word' id='word_1_218' title='bbox 918 2959 1021 2987; x_wconf 92' lang='lat' dir='ltr'>mu-</span> 
     </span>
     <span class='ocr_line' id='line_1_40' title="bbox 138 3007 1018 3059; baseline 0.003 -13"><span class='ocrx_word' id='word_1_219' title='bbox 138 3018 244 3055; x_wconf 89' lang='lat' dir='ltr'>nus,</span> <span class='ocrx_word' id='word_1_220' title='bbox 278 3007 398 3057; x_wconf 91' lang='lat' dir='ltr'>quod</span> <span class='ocrx_word' id='word_1_221' title='bbox 419 3007 529 3047; x_wconf 87' lang='lat' dir='ltr'>alter</span> <span class='ocrx_word' id='word_1_222' title='bbox 549 3009 692 3048; x_wconf 90' lang='lat' dir='ltr'>totum</span> <span class='ocrx_word' id='word_1_223' title='bbox 718 3009 892 3050; x_wconf 87' lang='lat' dir='ltr'>auferre</span> <span class='ocrx_word' id='word_1_224' title='bbox 914 3009 1018 3059; x_wconf 88' lang='lat' dir='ltr'>volt,</span> 
     </span>
     <span class='ocr_line' id='line_1_41' title="bbox 140 3068 1019 3123; baseline 0.003 -14"><span class='ocrx_word' id='word_1_225' title='bbox 140 3068 403 3109; x_wconf 86' lang='lat' dir='ltr'>dividatur.»</span> <span class='ocrx_word' id='word_1_226' title='bbox 445 3092 488 3097; x_wconf 82' lang='lat'>—</span> <span class='ocrx_word' id='word_1_227' title='bbox 522 3070 703 3122; x_wconf 87' lang='lat' dir='ltr'>dividuo]</span> <span class='ocrx_word' id='word_1_228' title='bbox 748 3082 815 3123; x_wconf 91' lang='lat' dir='ltr'>pr.</span> <span class='ocrx_word' id='word_1_229' title='bbox 865 3072 1019 3122; x_wconf 89' lang='lat' dir='ltr'>«quod</span> 
     </span>
     <span class='ocr_line' id='line_1_42' title="bbox 139 3131 1019 3184; baseline 0.003 -12"><span class='ocrx_word' id='word_1_230' title='bbox 139 3131 273 3172; x_wconf 88' lang='lat' dir='ltr'>dividi</span> <span class='ocrx_word' id='word_1_231' title='bbox 302 3132 498 3183; x_wconf 86' lang='lat' dir='ltr'>potest,»</span> <span class='ocrx_word' id='word_1_232' title='bbox 543 3132 638 3172; x_wconf 91' lang='lat' dir='ltr'>tum</span> <span class='ocrx_word' id='word_1_233' title='bbox 662 3143 670 3169; x_wconf 75' lang='grc' dir='ltr'>ε</span> <span class='ocrx_word' id='word_1_234' title='bbox 719 3134 871 3184; x_wconf 87' lang='lat' dir='ltr'>«quod</span> <span class='ocrx_word' id='word_1_235' title='bbox 901 3146 1019 3175; x_wconf 91' lang='lat' dir='ltr'>nunc</span> 
     </span>
     <span class='ocr_line' id='line_1_43' title="bbox 139 3193 1016 3246; baseline 0.002 -11"><span class='ocrx_word' id='word_1_236' title='bbox 139 3196 286 3246; x_wconf 90' lang='lat' dir='ltr'>ipsum</span> <span class='ocrx_word' id='word_1_237' title='bbox 317 3193 567 3233; x_wconf 85' lang='lat' dir='ltr'>dividitur.»</span> <span class='ocrx_word' id='word_1_238' title='bbox 600 3194 774 3234; x_wconf 86' lang='lat' dir='ltr'>Terent.</span> <span class='ocrx_word' id='word_1_239' title='bbox 797 3195 878 3235; x_wconf 92' lang='lat' dir='ltr'>Ad.</span> <span class='ocrx_word' id='word_1_240' title='bbox 904 3197 951 3245; x_wconf 72' lang='lat'>2,</span> <span class='ocrx_word' id='word_1_241' title='bbox 975 3198 1016 3246; x_wconf 76' lang='lat'>2,</span> 
     </span>
     <span class='ocr_line' id='line_1_44' title="bbox 139 3255 1016 3309; baseline 0.002 -13"><span class='ocrx_word' id='word_1_242' title='bbox 139 3257 212 3296; x_wconf 80' lang='lat'>32:</span> <span class='ocrx_word' id='word_1_243' title='bbox 237 3257 377 3296; x_wconf 84' lang='lat' dir='ltr'>Potius</span> <span class='ocrx_word' id='word_1_244' title='bbox 397 3266 526 3305; x_wconf 76' lang='lat' dir='ltr'>quam</span> <span class='ocrx_word' id='word_1_245' title='bbox 543 3255 688 3294; x_wconf 86' lang='lat' dir='ltr'>venias</span> <span class='ocrx_word' id='word_1_246' title='bbox 706 3255 751 3295; x_wconf 85' lang='lat' dir='ltr'>in</span> <span class='ocrx_word' id='word_1_247' title='bbox 764 3257 1016 3309; x_wconf 81' lang='lat' dir='ltr'>perieulum,</span> 
     </span>
     <span class='ocr_line' id='line_1_45' title="bbox 139 3318 1016 3370; baseline 0.002 -13"><span class='ocrx_word' id='word_1_248' title='bbox 139 3318 319 3367; x_wconf 77' lang='lat' dir='ltr'>Sannio,</span> <span class='ocrx_word' id='word_1_249' title='bbox 367 3318 565 3357; x_wconf 80' lang='lat' dir='ltr'>Servesne</span> <span class='ocrx_word' id='word_1_250' title='bbox 604 3328 662 3355; x_wconf 88' lang='lat' dir='ltr'>an</span> <span class='ocrx_word' id='word_1_251' title='bbox 685 3319 843 3367; x_wconf 82' lang='lat' dir='ltr'>perdas</span> <span class='ocrx_word' id='word_1_252' title='bbox 871 3323 1016 3370; x_wconf 83' lang='lat' dir='ltr'>totum,</span> 
     </span>
     <span class='ocr_line' id='line_1_46' title="bbox 139 3379 1020 3430; baseline 0.002 -11"><span class='ocrx_word' id='word_1_253' title='bbox 139 3381 354 3420; x_wconf 83' lang='lat' dir='ltr'>dividuum</span> <span class='ocrx_word' id='word_1_254' title='bbox 379 3380 487 3430; x_wconf 86' lang='lat' dir='ltr'>face.</span> <span class='ocrx_word' id='word_1_255' title='bbox 515 3402 554 3408; x_wconf 94' lang='lat'>—</span> <span class='ocrx_word' id='word_1_256' title='bbox 581 3379 774 3430; x_wconf 77' lang='lat' dir='ltr'>findetur]</span> <span class='ocrx_word' id='word_1_257' title='bbox 807 3381 1020 3421; x_wconf 87' lang='lat' dir='ltr'>Futurum</span> 
     </span>
     <span class='ocr_line' id='line_1_47' title="bbox 141 3439 1020 3494; baseline 0.002 -13"><span class='ocrx_word' id='word_1_258' title='bbox 141 3443 334 3484; x_wconf 88' lang='lat' dir='ltr'>mendici</span> <span class='ocrx_word' id='word_1_259' title='bbox 377 3441 702 3494; x_wconf 88' lang='lat' dir='ltr'>impudentiam</span> <span class='ocrx_word' id='word_1_260' title='bbox 744 3439 902 3483; x_wconf 89' lang='lat' dir='ltr'>melius</span> <span class='ocrx_word' id='word_1_261' title='bbox 941 3454 1020 3483; x_wconf 82' lang='lat' dir='ltr'>ex-</span> 
     </span>
     <span class='ocr_line' id='line_1_48' title="bbox 141 3502 1021 3555; baseline 0 -11"><span class='ocrx_word' id='word_1_262' title='bbox 141 3504 290 3554; x_wconf 88' lang='lat' dir='ltr'>primit</span> <span class='ocrx_word' id='word_1_263' title='bbox 329 3516 465 3555; x_wconf 86' lang='lat' dir='ltr'>quam</span> <span class='ocrx_word' id='word_1_264' title='bbox 500 3502 687 3544; x_wconf 89' lang='lat' dir='ltr'>aliorum</span> <span class='ocrx_word' id='word_1_265' title='bbox 715 3505 924 3554; x_wconf 77' lang='lat' dir='ltr'>findatur,</span> <span class='ocrx_word' id='word_1_266' title='bbox 974 3506 1021 3544; x_wconf 92' lang='lat' dir='ltr'>ut</span> 
     </span>
    </p>
   </div>
   <div class='ocr_carea' id='block_1_12' title="bbox 1081 1262 1980 3553">
    <p class='ocr_par' dir='ltr' id='par_1_12' title="bbox 1082 1262 1980 1934">
     <span class='ocr_line' id='line_1_49' title="bbox 1091 1262 1974 1303; baseline 0 0"><span class='ocrx_word' id='word_1_267' title='bbox 1091 1263 1332 1303; x_wconf 84' lang='lat' dir='ltr'>Lambinus</span> <span class='ocrx_word' id='word_1_268' title='bbox 1363 1264 1406 1302; x_wconf 90' lang='lat' dir='ltr'>in</span> <span class='ocrx_word' id='word_1_269' title='bbox 1428 1262 1639 1303; x_wconf 88' lang='lat' dir='ltr'>lemmate</span> <span class='ocrx_word' id='word_1_270' title='bbox 1662 1265 1705 1303; x_wconf 90' lang='lat' dir='ltr'>et</span> <span class='ocrx_word' id='word_1_271' title='bbox 1726 1274 1840 1303; x_wconf 91' lang='lat' dir='ltr'>unus</span> <span class='ocrx_word' id='word_1_272' title='bbox 1863 1263 1974 1303; x_wconf 81' lang='lat' dir='ltr'>Feae</span> 
     </span>
     <span class='ocr_line' id='line_1_50' title="bbox 1093 1325 1973 1377; baseline -0.001 -12"><span class='ocrx_word' id='word_1_273' title='bbox 1093 1325 1251 1377; x_wconf 90' lang='lat' dir='ltr'>(nullus</span> <span class='ocrx_word' id='word_1_274' title='bbox 1297 1325 1493 1365; x_wconf 84' lang='lat' dir='ltr'>Pottierii</span> <span class='ocrx_word' id='word_1_275' title='bbox 1530 1336 1614 1365; x_wconf 91' lang='lat' dir='ltr'>nec</span> <span class='ocrx_word' id='word_1_276' title='bbox 1651 1325 1890 1376; x_wconf 90' lang='lat' dir='ltr'>meorum).</span> <span class='ocrx_word' id='word_1_277' title='bbox 1928 1348 1973 1353; x_wconf 91' lang='lat'>——</span> 
     </span>
     <span class='ocr_line' id='line_1_51' title="bbox 1090 1387 1979 1439; baseline -0.001 -12"><span class='ocrx_word' id='word_1_278' title='bbox 1090 1388 1275 1439; x_wconf 82' lang='lat' dir='ltr'>quadra]</span> <span class='ocrx_word' id='word_1_279' title='bbox 1307 1399 1373 1439; x_wconf 91' lang='lat' dir='ltr'>pr.</span> <span class='ocrx_word' id='word_1_280' title='bbox 1409 1388 1566 1438; x_wconf 87' lang='lat' dir='ltr'>quarta</span> <span class='ocrx_word' id='word_1_281' title='bbox 1596 1397 1717 1438; x_wconf 89' lang='lat' dir='ltr'>pars.</span> <span class='ocrx_word' id='word_1_282' title='bbox 1744 1387 1860 1437; x_wconf 83' lang='lat' dir='ltr'>Virg.</span> <span class='ocrx_word' id='word_1_283' title='bbox 1888 1387 1979 1426; x_wconf 88' lang='lat' dir='ltr'>Mo-</span> 
     </span>
     <span class='ocr_line' id='line_1_52' title="bbox 1090 1449 1979 1499; baseline 0 -11"><span class='ocrx_word' id='word_1_284' title='bbox 1090 1452 1172 1489; x_wconf 87' lang='lat' dir='ltr'>ret.</span> <span class='ocrx_word' id='word_1_285' title='bbox 1198 1449 1272 1490; x_wconf 81' lang='lat'>48:</span> <span class='ocrx_word' id='word_1_286' title='bbox 1303 1451 1464 1488; x_wconf 80' lang='lat' dir='ltr'>Laevat</span> <span class='ocrx_word' id='word_1_287' title='bbox 1483 1460 1585 1499; x_wconf 88' lang='lat' dir='ltr'>opus</span> <span class='ocrx_word' id='word_1_288' title='bbox 1598 1449 1837 1499; x_wconf 79' lang='lat' dir='ltr'>palmisque</span> <span class='ocrx_word' id='word_1_289' title='bbox 1856 1460 1979 1488; x_wconf 83' lang='lat' dir='ltr'>suum</span> 
     </span>
     <span class='ocr_line' id='line_1_53' title="bbox 1090 1511 1980 1561; baseline -0.002 -9"><span class='ocrx_word' id='word_1_290' title='bbox 1090 1513 1243 1552; x_wconf 79' lang='lat' dir='ltr'>dilatat</span> <span class='ocrx_word' id='word_1_291' title='bbox 1271 1514 1315 1552; x_wconf 86' lang='lat' dir='ltr'>in</span> <span class='ocrx_word' id='word_1_292' title='bbox 1346 1512 1486 1551; x_wconf 87' lang='lat' dir='ltr'>orbem</span> <span class='ocrx_word' id='word_1_293' title='bbox 1514 1512 1569 1551; x_wconf 77' lang='lat' dir='ltr'>Et</span> <span class='ocrx_word' id='word_1_294' title='bbox 1597 1515 1736 1561; x_wconf 82' lang='lat' dir='ltr'>notat,</span> <span class='ocrx_word' id='word_1_295' title='bbox 1770 1511 1980 1561; x_wconf 72' lang='lat' dir='ltr'>impressis</span> 
     </span>
     <span class='ocr_line' id='line_1_54' title="bbox 1090 1572 1974 1625; baseline -0.002 -11"><span class='ocrx_word' id='word_1_296' title='bbox 1090 1587 1223 1625; x_wconf 75' lang='lat' dir='ltr'>aequo</span> <span class='ocrx_word' id='word_1_297' title='bbox 1244 1575 1483 1614; x_wconf 77' lang='lat' dir='ltr'>discrimine</span> <span class='ocrx_word' id='word_1_298' title='bbox 1503 1574 1690 1623; x_wconf 79' lang='lat' dir='ltr'>quadris.</span> <span class='ocrx_word' id='word_1_299' title='bbox 1727 1572 1909 1613; x_wconf 83' lang='lat' dir='ltr'>Martial.</span> <span class='ocrx_word' id='word_1_300' title='bbox 1934 1573 1974 1621; x_wconf 87' lang='lat'>9,</span> 
     </span>
     <span class='ocr_line' id='line_1_55' title="bbox 1089 1636 1979 1685; baseline -0.002 -9"><span class='ocrx_word' id='word_1_301' title='bbox 1089 1637 1156 1685; x_wconf 51' lang='lat'>911,</span> <span class='ocrx_word' id='word_1_302' title='bbox 1182 1638 1254 1676; x_wconf 75' lang='lat'>⁴7:</span> <span class='ocrx_word' id='word_1_303' title='bbox 1287 1637 1456 1678; x_wconf 79' lang='lat' dir='ltr'>Libetur</span> <span class='ocrx_word' id='word_1_304' title='bbox 1485 1636 1557 1674; x_wconf 82' lang='lat' dir='ltr'>tibi</span> <span class='ocrx_word' id='word_1_305' title='bbox 1576 1636 1778 1675; x_wconf 86' lang='lat' dir='ltr'>candidas</span> <span class='ocrx_word' id='word_1_306' title='bbox 1799 1637 1855 1675; x_wconf 88' lang='lat' dir='ltr'>ad</span> <span class='ocrx_word' id='word_1_307' title='bbox 1876 1646 1979 1675; x_wconf 87' lang='lat' dir='ltr'>aras</span> 
     </span>
     <span class='ocr_line' id='line_1_56' title="bbox 1089 1699 1972 1749; baseline -0.001 -11"><span class='ocrx_word' id='word_1_308' title='bbox 1089 1700 1211 1738; x_wconf 86' lang='lat' dir='ltr'>Secta</span> <span class='ocrx_word' id='word_1_309' title='bbox 1248 1699 1439 1749; x_wconf 81' lang='lat' dir='ltr'>plurima</span> <span class='ocrx_word' id='word_1_310' title='bbox 1477 1699 1643 1747; x_wconf 80' lang='lat' dir='ltr'>quadra</span> <span class='ocrx_word' id='word_1_311' title='bbox 1681 1699 1729 1737; x_wconf 88' lang='lat' dir='ltr'>de</span> <span class='ocrx_word' id='word_1_312' title='bbox 1756 1699 1972 1748; x_wconf 82' lang='lat' dir='ltr'>placenta.</span> 
     </span>
     <span class='ocr_line' id='line_1_57' title="bbox 1090 1760 1976 1810; baseline 0.001 -10"><span class='ocrx_word' id='word_1_313' title='bbox 1090 1763 1260 1801; x_wconf 81' lang='lat' dir='ltr'>Seneca</span> <span class='ocrx_word' id='word_1_314' title='bbox 1293 1760 1347 1799; x_wconf 89' lang='lat' dir='ltr'>de</span> <span class='ocrx_word' id='word_1_315' title='bbox 1380 1760 1530 1799; x_wconf 89' lang='lat' dir='ltr'>Benef.</span> <span class='ocrx_word' id='word_1_316' title='bbox 1554 1760 1593 1809; x_wconf 75' lang='lat'>4,</span> <span class='ocrx_word' id='word_1_317' title='bbox 1619 1761 1693 1800; x_wconf 69' lang='lat'>29:</span> <span class='ocrx_word' id='word_1_318' title='bbox 1730 1762 1830 1810; x_wconf 83' lang='lat' dir='ltr'>Quis</span> <span class='ocrx_word' id='word_1_319' title='bbox 1860 1761 1976 1801; x_wconf 86' lang='lat' dir='ltr'>bene-</span> 
     </span>
     <span class='ocr_line' id='line_1_58' title="bbox 1085 1823 1977 1874; baseline 0.002 -13"><span class='ocrx_word' id='word_1_320' title='bbox 1085 1823 1229 1874; x_wconf 80' lang='lat' dir='ltr'>ficium</span> <span class='ocrx_word' id='word_1_321' title='bbox 1259 1823 1369 1862; x_wconf 60' lang='lat' dir='ltr'>dimit</span> <span class='ocrx_word' id='word_1_322' title='bbox 1399 1823 1615 1871; x_wconf 77' lang='lat' dir='ltr'>quadram</span> <span class='ocrx_word' id='word_1_323' title='bbox 1637 1824 1767 1873; x_wconf 81' lang='lat' dir='ltr'>panis</span> <span class='ocrx_word' id='word_1_324' title='bbox 1798 1828 1874 1864; x_wconf 79' lang='lat' dir='ltr'>aut</span> <span class='ocrx_word' id='word_1_325' title='bbox 1905 1825 1977 1863; x_wconf 79' lang='lat' dir='ltr'>sti-</span> 
     </span>
     <span class='ocr_line' id='line_1_59' title="bbox 1082 1884 1537 1934; baseline 0 -11"><span class='ocrx_word' id='word_1_326' title='bbox 1082 1895 1179 1934; x_wconf 87' lang='lat' dir='ltr'>pem</span> <span class='ocrx_word' id='word_1_327' title='bbox 1211 1885 1322 1924; x_wconf 87' lang='lat' dir='ltr'>aeris</span> <span class='ocrx_word' id='word_1_328' title='bbox 1352 1884 1537 1924; x_wconf 79' lang='lat' dir='ltr'>abiecti?</span> 
     </span>
    </p>

    <p class='ocr_par' dir='ltr' id='par_1_13' title="bbox 1081 1947 1974 3553">
     <span class='ocr_line' id='line_1_60' title="bbox 1143 1947 1974 1999; baseline 0.002 -13"><span class='ocrx_word' id='word_1_329' title='bbox 1143 1947 1291 1986; x_wconf 72' lang='lat'><strong>50-57.</strong></span> <span class='ocrx_word' id='word_1_330' title='bbox 1338 1948 1418 1986; x_wconf 89' lang='lat' dir='ltr'>Sed</span> <span class='ocrx_word' id='word_1_331' title='bbox 1448 1948 1603 1986; x_wconf 78' lang='lat' dir='ltr'>tacitus</span> <span class='ocrx_word' id='word_1_332' title='bbox 1632 1947 1736 1999; x_wconf 73' lang='lat' dir='ltr'>cet]</span> <span class='ocrx_word' id='word_1_333' title='bbox 1768 1948 1974 1999; x_wconf 89' lang='lat' dir='ltr'>Speciem</span> 
     </span>
     <span class='ocr_line' id='line_1_61' title="bbox 1088 2008 1974 2060; baseline 0.002 -12"><span class='ocrx_word' id='word_1_334' title='bbox 1088 2008 1226 2048; x_wconf 87' lang='lat' dir='ltr'>habet</span> <span class='ocrx_word' id='word_1_335' title='bbox 1278 2008 1347 2049; x_wconf 87' lang='lat' dir='ltr'>vel</span> <span class='ocrx_word' id='word_1_336' title='bbox 1403 2009 1631 2060; x_wconf 84' lang='lat' dir='ltr'>proverbii</span> <span class='ocrx_word' id='word_1_337' title='bbox 1674 2009 1744 2050; x_wconf 77' lang='lat' dir='ltr'>vel</span> <span class='ocrx_word' id='word_1_338' title='bbox 1788 2009 1974 2050; x_wconf 87' lang='lat' dir='ltr'>fabellae</span> 
     </span>
     <span class='ocr_line' id='line_1_62' title="bbox 1086 2071 1974 2123; baseline -0.001 -11"><span class='ocrx_word' id='word_1_339' title='bbox 1086 2072 1332 2123; x_wconf 83' lang='lat' dir='ltr'>Aesopiae;</span> <span class='ocrx_word' id='word_1_340' title='bbox 1367 2071 1483 2111; x_wconf 86' lang='lat' dir='ltr'>nulla</span> <span class='ocrx_word' id='word_1_341' title='bbox 1514 2074 1665 2112; x_wconf 87' lang='lat' dir='ltr'>tamen</span> <span class='ocrx_word' id='word_1_342' title='bbox 1685 2073 1816 2112; x_wconf 87' lang='lat' dir='ltr'>huius</span> <span class='ocrx_word' id='word_1_343' title='bbox 1839 2083 1974 2122; x_wconf 80' lang='lat' dir='ltr'>argu-</span> 
     </span>
     <span class='ocr_line' id='line_1_63' title="bbox 1086 2132 1973 2185; baseline 0 -12"><span class='ocrx_word' id='word_1_344' title='bbox 1086 2135 1223 2174; x_wconf 86' lang='lat' dir='ltr'>menti</span> <span class='ocrx_word' id='word_1_345' title='bbox 1262 2137 1471 2185; x_wconf 86' lang='lat' dir='ltr'>superest</span> <span class='ocrx_word' id='word_1_346' title='bbox 1504 2135 1548 2174; x_wconf 90' lang='lat' dir='ltr'>in</span> <span class='ocrx_word' id='word_1_347' title='bbox 1588 2136 1757 2174; x_wconf 90' lang='lat' dir='ltr'>Coraae</span> <span class='ocrx_word' id='word_1_348' title='bbox 1788 2132 1973 2174; x_wconf 78' lang='grc' dir='ltr'><em>Συντά-</em></span> 
     </span>
     <span class='ocr_line' id='line_1_64' title="bbox 1085 2196 1974 2250; baseline 0.002 -16"><span class='ocrx_word' id='word_1_349' title='bbox 1085 2207 1245 2249; x_wconf 79' lang='grc' dir='ltr'><em>γματι.</em></span> <span class='ocrx_word' id='word_1_350' title='bbox 1287 2197 1507 2244; x_wconf 90' lang='lat' dir='ltr'>«Corvus,</span> <span class='ocrx_word' id='word_1_351' title='bbox 1543 2196 1649 2236; x_wconf 89' lang='lat' dir='ltr'>dum</span> <span class='ocrx_word' id='word_1_352' title='bbox 1672 2207 1825 2235; x_wconf 88' lang='lat' dir='ltr'>escam</span> <span class='ocrx_word' id='word_1_353' title='bbox 1845 2208 1974 2250; x_wconf 87' lang='lat' dir='ltr'>repe-</span> 
     </span>
     <span class='ocr_line' id='line_1_65' title="bbox 1086 2257 1974 2306; baseline 0.002 -10"><span class='ocrx_word' id='word_1_354' title='bbox 1086 2258 1162 2306; x_wconf 87' lang='lat' dir='ltr'>rit,</span> <span class='ocrx_word' id='word_1_355' title='bbox 1197 2257 1374 2297; x_wconf 90' lang='lat' dir='ltr'>assidue</span> <span class='ocrx_word' id='word_1_356' title='bbox 1407 2258 1627 2297; x_wconf 85' lang='lat' dir='ltr'>crocitans</span> <span class='ocrx_word' id='word_1_357' title='bbox 1661 2257 1766 2298; x_wconf 83' lang='lat' dir='ltr'>alias</span> <span class='ocrx_word' id='word_1_358' title='bbox 1789 2269 1894 2298; x_wconf 89' lang='lat' dir='ltr'>aves</span> <span class='ocrx_word' id='word_1_359' title='bbox 1915 2258 1974 2298; x_wconf 92' lang='lat' dir='ltr'>al-</span> 
     </span>
     <span class='ocr_line' id='line_1_66' title="bbox 1084 2318 1974 2371; baseline -0.001 -12"><span class='ocrx_word' id='word_1_360' title='bbox 1084 2318 1199 2367; x_wconf 88' lang='lat' dir='ltr'>licit,</span> <span class='ocrx_word' id='word_1_361' title='bbox 1234 2318 1503 2370; x_wconf 85' lang='lat' dir='ltr'>quibuscum</span> <span class='ocrx_word' id='word_1_362' title='bbox 1534 2318 1651 2359; x_wconf 88' lang='lat' dir='ltr'>illam</span> <span class='ocrx_word' id='word_1_363' title='bbox 1681 2320 1835 2370; x_wconf 91' lang='lat' dir='ltr'>partiri</span> <span class='ocrx_word' id='word_1_364' title='bbox 1857 2321 1974 2371; x_wconf 80' lang='lat' dir='ltr'>cogi-</span> 
     </span>
     <span class='ocr_line' id='line_1_67' title="bbox 1085 2383 1971 2433; baseline 0 -11"><span class='ocrx_word' id='word_1_365' title='bbox 1085 2385 1170 2422; x_wconf 89' lang='lat' dir='ltr'>tur.</span> <span class='ocrx_word' id='word_1_366' title='bbox 1202 2383 1276 2422; x_wconf 88' lang='lat' dir='ltr'>Sic</span> <span class='ocrx_word' id='word_1_367' title='bbox 1306 2384 1376 2431; x_wconf 83' lang='lat' dir='ltr'>tn,</span> <span class='ocrx_word' id='word_1_368' title='bbox 1411 2383 1447 2422; x_wconf 93' lang='lat' dir='ltr'>si</span> <span class='ocrx_word' id='word_1_369' title='bbox 1470 2383 1601 2422; x_wconf 74' lang='lat' dir='ltr'>tacite</span> <span class='ocrx_word' id='word_1_370' title='bbox 1623 2384 1767 2433; x_wconf 89' lang='lat' dir='ltr'>petes,</span> <span class='ocrx_word' id='word_1_371' title='bbox 1801 2384 1971 2423; x_wconf 88' lang='lat' dir='ltr'>maiora</span> 
     </span>
     <span class='ocr_line' id='line_1_68' title="bbox 1085 2445 1969 2497; baseline 0.001 -12"><span class='ocrx_word' id='word_1_372' title='bbox 1085 2446 1200 2485; x_wconf 90' lang='lat' dir='ltr'>dona</span> <span class='ocrx_word' id='word_1_373' title='bbox 1230 2445 1373 2494; x_wconf 87' lang='lat' dir='ltr'>feres,</span> <span class='ocrx_word' id='word_1_374' title='bbox 1408 2456 1543 2496; x_wconf 88' lang='lat' dir='ltr'>quam</span> <span class='ocrx_word' id='word_1_375' title='bbox 1564 2447 1600 2485; x_wconf 88' lang='lat' dir='ltr'>si</span> <span class='ocrx_word' id='word_1_376' title='bbox 1624 2447 1813 2497; x_wconf 86' lang='lat' dir='ltr'>patrono</span> <span class='ocrx_word' id='word_1_377' title='bbox 1836 2457 1969 2486; x_wconf 85' lang='lat' dir='ltr'>aures</span> 
     </span>
     <span class='ocr_line' id='line_1_69' title="bbox 1086 2506 1970 2559; baseline 0 -12"><span class='ocrx_word' id='word_1_378' title='bbox 1086 2508 1310 2548; x_wconf 82' lang='lat' dir='ltr'>obtundes</span> <span class='ocrx_word' id='word_1_379' title='bbox 1331 2506 1439 2548; x_wconf 91' lang='lat' dir='ltr'>alios</span> <span class='ocrx_word' id='word_1_380' title='bbox 1460 2507 1538 2547; x_wconf 88' lang='lat' dir='ltr'>tibi</span> <span class='ocrx_word' id='word_1_381' title='bbox 1559 2509 1879 2559; x_wconf 86' lang='lat' dir='ltr'>competitores</span> <span class='ocrx_word' id='word_1_382' title='bbox 1897 2519 1970 2547; x_wconf 83' lang='lat' dir='ltr'>ex-</span> 
     </span>
     <span class='ocr_line' id='line_1_70' title="bbox 1086 2571 1972 2620; baseline -0.001 -9"><span class='ocrx_word' id='word_1_383' title='bbox 1086 2572 1271 2612; x_wconf 88' lang='lat' dir='ltr'>citans.»</span> <span class='ocrx_word' id='word_1_384' title='bbox 1298 2595 1343 2599; x_wconf 97' lang='lat'>—</span> <span class='ocrx_word' id='word_1_385' title='bbox 1376 2572 1650 2610; x_wconf 75' lang='lat' dir='ltr'>Brundisium</span> <span class='ocrx_word' id='word_1_386' title='bbox 1680 2571 1784 2620; x_wconf 73' lang='lat' dir='ltr'>cet]</span> <span class='ocrx_word' id='word_1_387' title='bbox 1837 2572 1972 2611; x_wconf 90' lang='lat' dir='ltr'>«Sunt</span> 
     </span>
     <span class='ocr_line' id='line_1_71' title="bbox 1086 2633 1972 2685; baseline -0.001 -12"><span class='ocrx_word' id='word_1_388' title='bbox 1086 2633 1195 2674; x_wconf 88' lang='lat' dir='ltr'>aliae</span> <span class='ocrx_word' id='word_1_389' title='bbox 1242 2645 1422 2685; x_wconf 89' lang='lat' dir='ltr'>quoque</span> <span class='ocrx_word' id='word_1_390' title='bbox 1468 2635 1586 2674; x_wconf 90' lang='lat' dir='ltr'>artes</span> <span class='ocrx_word' id='word_1_391' title='bbox 1624 2644 1865 2685; x_wconf 89' lang='lat' dir='ltr'>perversae</span> <span class='ocrx_word' id='word_1_392' title='bbox 1897 2644 1972 2673; x_wconf 88' lang='lat' dir='ltr'>eo-</span> 
     </span>
     <span class='ocr_line' id='line_1_72' title="bbox 1085 2694 1969 2748; baseline -0.005 -11"><span class='ocrx_word' id='word_1_393' title='bbox 1085 2708 1210 2746; x_wconf 92' lang='lat' dir='ltr'>rum,</span> <span class='ocrx_word' id='word_1_394' title='bbox 1245 2698 1319 2748; x_wconf 91' lang='lat' dir='ltr'>qui</span> <span class='ocrx_word' id='word_1_395' title='bbox 1352 2698 1392 2736; x_wconf 92' lang='lat' dir='ltr'>in</span> <span class='ocrx_word' id='word_1_396' title='bbox 1430 2697 1641 2748; x_wconf 91' lang='lat' dir='ltr'>principis</span> <span class='ocrx_word' id='word_1_397' title='bbox 1673 2694 1857 2735; x_wconf 90' lang='lat' dir='ltr'>alicuius</span> <span class='ocrx_word' id='word_1_398' title='bbox 1886 2696 1969 2734; x_wconf 88' lang='lat' dir='ltr'>viri</span> 
     </span>
     <span class='ocr_line' id='line_1_73' title="bbox 1087 2758 1969 2808; baseline -0.005 -7"><span class='ocrx_word' id='word_1_399' title='bbox 1087 2761 1270 2801; x_wconf 88' lang='lat' dir='ltr'>cohorte</span> <span class='ocrx_word' id='word_1_400' title='bbox 1301 2760 1563 2801; x_wconf 83' lang='lat' dir='ltr'>versantur:</span> <span class='ocrx_word' id='word_1_401' title='bbox 1603 2758 1737 2798; x_wconf 92' lang='lat' dir='ltr'>modo</span> <span class='ocrx_word' id='word_1_402' title='bbox 1768 2769 1969 2808; x_wconf 89' lang='lat' dir='ltr'>querun—</span> 
     </span>
     <span class='ocr_line' id='line_1_74' title="bbox 1086 2820 1965 2871; baseline -0.005 -8"><span class='ocrx_word' id='word_1_403' title='bbox 1086 2825 1157 2863; x_wconf 86' lang='lat' dir='ltr'>tur</span> <span class='ocrx_word' id='word_1_404' title='bbox 1201 2822 1256 2862; x_wconf 90' lang='lat' dir='ltr'>de</span> <span class='ocrx_word' id='word_1_405' title='bbox 1301 2822 1470 2862; x_wconf 88' lang='lat' dir='ltr'>itineris</span> <span class='ocrx_word' id='word_1_406' title='bbox 1510 2820 1806 2860; x_wconf 89' lang='lat' dir='ltr'>incommodis</span> <span class='ocrx_word' id='word_1_407' title='bbox 1844 2820 1965 2871; x_wconf 90' lang='lat' dir='ltr'>ipsis,</span> 
     </span>
     <span class='ocr_line' id='line_1_75' title="bbox 1086 2882 1964 2937; baseline -0.002 -13"><span class='ocrx_word' id='word_1_408' title='bbox 1086 2896 1173 2937; x_wconf 91' lang='lat' dir='ltr'>quo</span> <span class='ocrx_word' id='word_1_409' title='bbox 1233 2884 1350 2924; x_wconf 92' lang='lat' dir='ltr'>dono</span> <span class='ocrx_word' id='word_1_410' title='bbox 1395 2882 1541 2933; x_wconf 90' lang='lat' dir='ltr'>aliquo</span> <span class='ocrx_word' id='word_1_411' title='bbox 1586 2885 1964 2935; x_wconf 90' lang='lat' dir='ltr'>compensentur;</span> 
     </span>
     <span class='ocr_line' id='line_1_76' title="bbox 1085 2945 1967 2997; baseline -0.003 -9"><span class='ocrx_word' id='word_1_412' title='bbox 1085 2948 1219 2988; x_wconf 90' lang='lat' dir='ltr'>modo</span> <span class='ocrx_word' id='word_1_413' title='bbox 1251 2958 1300 2988; x_wconf 90' lang='lat' dir='ltr'>se</span> <span class='ocrx_word' id='word_1_414' title='bbox 1333 2958 1357 2986; x_wconf 88' lang='lat' dir='ltr'>a</span> <span class='ocrx_word' id='word_1_415' title='bbox 1387 2946 1558 2986; x_wconf 89' lang='lat' dir='ltr'>furibus</span> <span class='ocrx_word' id='word_1_416' title='bbox 1584 2945 1846 2997; x_wconf 90' lang='lat' dir='ltr'>compilatos</span> <span class='ocrx_word' id='word_1_417' title='bbox 1867 2956 1967 2986; x_wconf 87' lang='lat' dir='ltr'>esse</span> 
     </span>
     <span class='ocr_line' id='line_1_77' title="bbox 1085 3008 1968 3057; baseline -0.005 -7"><span class='ocrx_word' id='word_1_418' title='bbox 1085 3011 1384 3057; x_wconf 83' lang='lat' dir='ltr'>mentiuntur3</span> <span class='ocrx_word' id='word_1_419' title='bbox 1418 3008 1500 3048; x_wconf 89' lang='lat' dir='ltr'>sed</span> <span class='ocrx_word' id='word_1_420' title='bbox 1531 3019 1687 3048; x_wconf 89' lang='lat' dir='ltr'>omnes</span> <span class='ocrx_word' id='word_1_421' title='bbox 1717 3008 1826 3047; x_wconf 89' lang='lat' dir='ltr'>istae</span> <span class='ocrx_word' id='word_1_422' title='bbox 1849 3008 1968 3047; x_wconf 88' lang='lat' dir='ltr'>astu-</span> 
     </span>
     <span class='ocr_line' id='line_1_78' title="bbox 1085 3067 1967 3124; baseline -0.003 -13"><span class='ocrx_word' id='word_1_423' title='bbox 1085 3073 1169 3112; x_wconf 81' lang='lat' dir='ltr'>tiae</span> <span class='ocrx_word' id='word_1_424' title='bbox 1200 3081 1358 3124; x_wconf 88' lang='lat' dir='ltr'>parum</span> <span class='ocrx_word' id='word_1_425' title='bbox 1392 3081 1470 3110; x_wconf 90' lang='lat' dir='ltr'>eos</span> <span class='ocrx_word' id='word_1_426' title='bbox 1500 3071 1673 3118; x_wconf 86' lang='lat' dir='ltr'>iuvant,</span> <span class='ocrx_word' id='word_1_427' title='bbox 1707 3069 1809 3120; x_wconf 90' lang='lat' dir='ltr'>quia</span> <span class='ocrx_word' id='word_1_428' title='bbox 1840 3067 1967 3109; x_wconf 92' lang='lat' dir='ltr'>dolo-</span> 
     </span>
     <span class='ocr_line' id='line_1_79' title="bbox 1083 3130 1966 3174; baseline -0.005 0"><span class='ocrx_word' id='word_1_429' title='bbox 1083 3145 1183 3174; x_wconf 92' lang='lat' dir='ltr'>rum</span> <span class='ocrx_word' id='word_1_430' title='bbox 1227 3134 1587 3174; x_wconf 87' lang='lat' dir='ltr'>meretriciorum</span> <span class='ocrx_word' id='word_1_431' title='bbox 1632 3132 1761 3172; x_wconf 91' lang='lat' dir='ltr'>nimis</span> <span class='ocrx_word' id='word_1_432' title='bbox 1799 3130 1966 3172; x_wconf 89' lang='lat' dir='ltr'>similes</span> 
     </span>
     <span class='ocr_line' id='line_1_80' title="bbox 1084 3193 1960 3241; baseline -0.007 -5"><span class='ocrx_word' id='word_1_433' title='bbox 1084 3198 1228 3236; x_wconf 88' lang='lat' dir='ltr'>sunt.»</span> <span class='ocrx_word' id='word_1_434' title='bbox 1276 3197 1340 3235; x_wconf 89' lang='lat' dir='ltr'>De</span> <span class='ocrx_word' id='word_1_435' title='bbox 1360 3194 1595 3235; x_wconf 90' lang='lat' dir='ltr'>Brundisio</span> <span class='ocrx_word' id='word_1_436' title='bbox 1616 3193 1705 3233; x_wconf 89' lang='lat' dir='ltr'>vid.</span> <span class='ocrx_word' id='word_1_437' title='bbox 1729 3194 1817 3232; x_wconf 85' lang='lat' dir='ltr'>Sat.</span> <span class='ocrx_word' id='word_1_438' title='bbox 1844 3194 1859 3230; x_wconf 75' lang='grc'>4</span> <span class='ocrx_word' id='word_1_439' title='bbox 1881 3224 1889 3241; x_wconf 87' lang='grc'>,</span> <span class='ocrx_word' id='word_1_440' title='bbox 1914 3193 1960 3239; x_wconf 81' lang='lat'>5,</span> 
     </span>
     <span class='ocr_line' id='line_1_81' title="bbox 1085 3255 1966 3308; baseline -0.008 -10"><span class='ocrx_word' id='word_1_441' title='bbox 1085 3258 1178 3298; x_wconf 76' lang='lat'>404.</span> <span class='ocrx_word' id='word_1_442' title='bbox 1207 3281 1252 3288; x_wconf 89' lang='lat'>—</span> <span class='ocrx_word' id='word_1_443' title='bbox 1286 3256 1551 3308; x_wconf 74' lang='lat' dir='ltr'>Surrentum]</span> <span class='ocrx_word' id='word_1_444' title='bbox 1589 3255 1856 3306; x_wconf 87' lang='lat' dir='ltr'>Campaniae</span> <span class='ocrx_word' id='word_1_445' title='bbox 1888 3264 1966 3304; x_wconf 92' lang='lat' dir='ltr'>op-</span> 
     </span>
     <span class='ocr_line' id='line_1_82' title="bbox 1084 3316 1965 3372; baseline -0.006 -13"><span class='ocrx_word' id='word_1_446' title='bbox 1084 3321 1237 3372; x_wconf 91' lang='lat' dir='ltr'>pidum</span> <span class='ocrx_word' id='word_1_447' title='bbox 1270 3320 1326 3371; x_wconf 86' lang='lat' dir='ltr'>(h.</span> <span class='ocrx_word' id='word_1_448' title='bbox 1351 3318 1590 3369; x_wconf 80' lang='lat' dir='ltr'>Sorrento)‚</span> <span class='ocrx_word' id='word_1_449' title='bbox 1623 3317 1680 3356; x_wconf 90' lang='lat' dir='ltr'>ad</span> <span class='ocrx_word' id='word_1_450' title='bbox 1708 3316 1965 3367; x_wconf 90' lang='lat' dir='ltr'>promonto-</span> 
     </span>
     <span class='ocr_line' id='line_1_83' title="bbox 1084 3375 1959 3425; baseline -0.008 -4"><span class='ocrx_word' id='word_1_451' title='bbox 1084 3383 1199 3422; x_wconf 91' lang='lat' dir='ltr'>rium</span> <span class='ocrx_word' id='word_1_452' title='bbox 1219 3383 1443 3423; x_wconf 87' lang='lat' dir='ltr'>Minervae</span> <span class='ocrx_word' id='word_1_453' title='bbox 1471 3381 1617 3421; x_wconf 89' lang='lat' dir='ltr'>situm.</span> <span class='ocrx_word' id='word_1_454' title='bbox 1652 3376 1778 3417; x_wconf 91' lang='lat' dir='ltr'>Silius</span> <span class='ocrx_word' id='word_1_455' title='bbox 1795 3377 1835 3425; x_wconf 83' lang='lat'>5,</span> <span class='ocrx_word' id='word_1_456' title='bbox 1855 3375 1959 3416; x_wconf 81' lang='lat'>466:</span> 
     </span>
     <span class='ocr_line' id='line_1_84' title="bbox 1081 3438 1958 3495; baseline -0.008 -11"><span class='ocrx_word' id='word_1_457' title='bbox 1081 3445 1266 3495; x_wconf 75' lang='lat' dir='ltr'>Zephyro</span> <span class='ocrx_word' id='word_1_458' title='bbox 1323 3445 1573 3483; x_wconf 82' lang='lat' dir='ltr'>Surrentum</span> <span class='ocrx_word' id='word_1_459' title='bbox 1618 3439 1740 3480; x_wconf 86' lang='lat' dir='ltr'>molle</span> <span class='ocrx_word' id='word_1_460' title='bbox 1785 3438 1958 3478; x_wconf 85' lang='lat' dir='ltr'>salubri.</span> 
     </span>
     <span class='ocr_line' id='line_1_85' title="bbox 1083 3500 1962 3553; baseline -0.006 -8"><span class='ocrx_word' id='word_1_461' title='bbox 1083 3506 1244 3546; x_wconf 88' lang='lat' dir='ltr'>Statius</span> <span class='ocrx_word' id='word_1_462' title='bbox 1275 3504 1374 3544; x_wconf 90' lang='lat' dir='ltr'>Silv.</span> <span class='ocrx_word' id='word_1_463' title='bbox 1400 3505 1444 3553; x_wconf 79' lang='lat'>⁶2,</span> <span class='ocrx_word' id='word_1_464' title='bbox 1468 3505 1517 3551; x_wconf 69' lang='lat'>2,</span> <span class='ocrx_word' id='word_1_465' title='bbox 1543 3504 1558 3541; x_wconf 79' lang='grc'>4</span> <span class='ocrx_word' id='word_1_466' title='bbox 1580 3513 1586 3539; x_wconf 90' lang='lat'><strong>:</strong></span> <span class='ocrx_word' id='word_1_467' title='bbox 1620 3505 1738 3541; x_wconf 80' lang='lat' dir='ltr'>notos</span> <span class='ocrx_word' id='word_1_468' title='bbox 1765 3500 1962 3540; x_wconf 86' lang='lat' dir='ltr'>Sirenum</span> 
     </span>
    </p>
   </div>
  </div>
 </body>
</html>
