2231 3787
833 280 930 319 ARS
961 280 1202 320 POETICA.

1822 278 1913 330 691

173 412 273 462 Aut
314 409 510 462 flumen
552 410 791 464 Rhenum
831 420 921 463 aut
961 411 1173 482 pluvius
1214 410 1539 464 describitur
1578 429 1762 475 arcus3

173 512 278 565 Sed
320 530 459 566 nunc
500 530 603 564 non
645 522 759 566 erat
799 513 878 565 his
927 512 1091 565 locus.

172 613 288 666 Scis
329 613 609 666 simulare:
651 615 780 685 quid
822 614 947 674 hoc,
991 615 1032 667 si
1077 614 1253 668 fractis
1296 623 1474 667 enatat
1511 632 1706 686 exspes

172 714 432 773 Navibus,

174 816 405 899 Institui:
450 827 700 870 currente
744 827 858 869 rota
898 836 994 870 cur

218 992 278 1029 18.
314 991 473 1030 Rhenus
505 991 642 1031 codd.
676 990 803 1042 aliq..

97 1157 235 1197 presse
272 1147 454 1186 maten.»
512 1147 630 1186 HAxn
677 1148 800 1186 Turs.
841 1148 890 1186 11.
935 1159 977 1198 p.

101 1270 267 1312 facilius
299 1273 418 1324 pingi
448 1273 636 1324 potest.»
675 1273 816 1311 Vicus.
853 1274 982 1311 «Pro-

101 1333 305 1374 verbium
342 1337 410 1375 est
450 1336 490 1373 in
526 1333 692 1374 malum
736 1334 977 1385 pictorem,

101 1398 176 1448 qui
206 1397 435 1438 nesciebat
465 1396 582 1437 aliud
621 1398 803 1449 pingere
845 1408 980 1447 quam

101 1470 382 1510 cupressum.
429 1459 494 1499 Ab
518 1460 603 1501 hoc
627 1460 866 1510 naufragus
888 1460 982 1510 qui-

100 1647 291 1697 rogavst,
339 1658 447 1687 num
492 1659 545 1687 ex
592 1658 807 1698 cupresso
847 1646 982 1687 vellet>

101 1836 341 1891 παρίσσου
374 1834 583 1885 θέλεις.·»
617 1837 768 1874 Senot.
823 1838 914 1883 Qua
938 1829 980 1874 in

102 1898 289 1948 imagine
322 1899 433 1938 haec
465 1898 571 1937 latet
601 1899 844 1937 sententia:
882 1898 981 1937 «Ni-

104 2084 221 2123 nime
271 2084 622 2135 pe1·tinentibus;
687 2085 821 2123 immo
881 2084 983 2124 talia

102 2145 313 2197 quodque
355 2150 514 2197 poema
559 2146 745 2197 turpiter
785 2145 1017 2188 dedeco-

847 993 971 1030 lthent'
1009 991 1091 1031 alii.
1131 1016 1173 1020 —

1011 1147 1014 1158 ’
1045 1148 1132 1187 Sat.
1166 1149 1188 1186 ‘³2

99 1210 194 1248 505.
233 1232 271 1236 —-
304 1209 558 1260 cupressum]
592 1210 844 1260 «Cupresso
876 1208 980 1248 nibil
1012 1215 1014 1221 '

1172 513 1230 564 Et
1269 512 1493 566 fortasse
1534 530 1850 583 cupressum

1858 616 1924 665 “20

476 733 602 768 aere
645 716 768 768 dato
810 717 899 786 qui
941 717 1214 787 pingitur?
1253 716 1521 787 Amphora
1560 717 1737 787 coepit

1033 836 1230 871 urceus
1271 819 1411 871 exit?

1220 994 1283 1031 19.
1318 1005 1394 1031 non
1430 1004 1536 1032 nunc
1567 994 1611 1031 B.

1207 1179 1214 1193 ,
1251 1149 1294 1194 i,
1329 1148 1394 1188 33.
1432 1172 1477 1177 —
1518 1150 1716 1202 Naribus]
1756 1151 1923 1191 llaese—

1045 1212 1147 1249 runt
1185 1211 1225 1248 in
1265 1210 1348 1248 hoc
1385 1210 1563 1261 plurali,
1606 1224 1708 1252 cum
1751 1213 1805 1252 de
1835 1225 1923 1252 uno

1012 1267 1014 1311 Ῐ
1044 1271 1255 1323 naufrago
1285 1276 1459 1323 agatur:
1494 1286 1650 1315 verum
1683 1286 1735 1315 eo
1761 1277 1925 1315 tristior

1012 1355 1013 1358 =
1046 1334 1092 1373 fit
1135 1335 1302 1385 imago,
1351 1336 1386 1375 si
1431 1335 1583 1386 plures
1621 1336 1750 1376 simul
1787 1348 1923 1376 naves

1011 1421 1014 1441 a
1043 1395 1265 1447 procellae
1284 1398 1451 1449 impet-u
1468 1400 1795 1450 opprimuntur.
1821 1399 1924 1450 (Na-

1012 1455 1014 1485 l
1041 1459 1159 1498 vibus
1184 1462 1232 1498 ut
1255 1461 1445 1508 carinae,
1463 1461 1673 1511 puppibus
1694 1461 1771 1501 Od.
1792 1463 1829 1509 1,
1855 1461 1919 1501 14.

101 1521 205 1561 clam
245 1523 421 1573 petivit,
470 1525 517 1562 ut
558 1522 730 1562 voltum
770 1532 902 1563 suum
938 1523 1014 1560 et!

101 1584 380 1635 naufragium
412 1586 698 1636 exprimeret.
732 1584 806 1624 Ille
840 1585 981 1624 inter-
1012 1594 1014 1619 ὲ

1044 1522 1066 1531 »-

1052 1535 1082 1560 1.
1123 1523 1167 1560 et
1199 1521 1263 1561 14.
1297 1523 1457 1574 accipit
1497 1525 1703 1563 Diintzer.
1756 1524 1921 1562 Verum

1044 1586 1091 1622 ut
1121 1583 1180 1622 ibi
1211 1584 1266 1623 de
1297 1586 1454 1624 carinis
1484 1585 1780 1633 concedatur,
1809 1597 1924 1636 pup-

1012 1688 1014 1696 y
1038 1645 1161 1695 pibus
1190 1645 1357 1686 ibidem
1387 1659 1521 1688 verus
1553 1650 1621 1687 est
1643 1659 1764 1687 num.
1792 1647 1922 1698 plur..

99 1707 263 1759 aliquid
295 1710 496 1760 adpingi3
537 1710 657 1761 quod
687 1709 980 1760 proverbium
1012 1712 1013 1747 ἶ

100 1773 277 1812 Graecis
310 1773 351 1812 in
382 1783 466 1812 usu
488 1774 577 1813 est:
611 1769 681 1824 μή
716 1784 757 1811 τι
789 1773 869 1810 καὶ
901 1786 982 1813 zv-
1012 1770 1014 1774 '

1046 1709 1279 1759 «cuiquam
1310 1711 1505 1761 puppi»)

1046 1782 1098 1810 va
1131 1772 1274 1822 imago
1292 1784 1299 1810 :

1528 1733 1574 1738 —
1593 1710 1819 1761 Amphora}
1843 1712 1926 1748 No-

1349 1771 1536 1812 «talibus
1573 1771 1924 1823 digressionibus

1010 1828 1013 1889 J
1046 1834 1115 1879 fit,
1150 1838 1195 1873 ut
1219 1835 1433 1885 prodeant
1457 1838 1664 1886 poemata
1692 1834 1922 1881 deformia,

1012 1933 1015 1943 ,
1045 1907 1235 1946 quorum
1267 1898 1408 1937 exitus
1431 1908 1714 1948 nequaquam
1738 1907 1924 1948 respon—

102 1958 159 1999 liil
199 1970 306 1999 sane
344 1971 455 2011 opus
494 1962 560 1999 est
600 1961 873 1999 ornamentis
905 1955 1015 2000 su-¹

103 2023 390 2072 pervacaneis
420 2025 464 2061 et
495 2022 550 2061 ad
586 2023 867 2073 propositum
898 2023 982 2062 mi-
1013 2016 1015 2021 ⁴

1045 1959 1121 1998 det
1150 1962 1434 2010 argumento,
1483 1960 1602 2010 quod
1644 1959 1924 1999 tractandum

1045 2024 1307 2073 susceperat
1342 2023 1573 2074 scriptor»
1610 2047 1654 2051 —
1687 2023 1820 2072 coepit
1856 2023 1927 2061 In-

1013 2089 1016 2141 {
1043 2084 1170 2135 stetui]
1195 2083 1527 2124 constructione
1550 2096 1574 2124 a
1592 2086 1806 2125 Cicerone
1820 2095 1927 2123 nun-

1014 2157 1180 2215 quam
1213 2150 1425 2198 usuipata
1456 2159 1537 2198 pro
1562 2152 1707 2197 coepta
1736 2152 1793 2186 est
1812 2148 1928 2185 insti-

1014 2194 1617 2249 tzct.w<1.Exci1rsun111.
1656 2233 1699 2238 —
1734 2211 1924 2249 Prover-

1014 2265 1169 2315 bium
1216 2273 1310 2311 ciat
1356 2273 1574 2312 Giaecum
1613 2270 1663 2312 ἐν
1692 2269 1756 2310 τῶ
1798 2270 1922 2322 πίηῖω

102 2210 243 2247 rant.»
270 2231 314 2236 —
338 2209 551 2258 simulare]
587 2209 884 2260 «μιμεῖσθαι,
908 2220 1017 2260 ρθ-;

102 2269 246 2311 nicillo
279 2272 576 2322 exprimere.»
630 2272 898 2323 cf.13pp.2‚
936 2273 980 2321 i,

102 2333 199 2374 244.
226 2355 273 2362 -
307 2334 465 2386 exspes]
498 2333 776 2374 Vocabulum
807 2337 876 2374 est
898 2335 985 2374 iam
1014 2308 1018 2423 i
1046 2331 1134 2387 τὴν
1164 2335 1422 2389 κεραμείαν
1454 2333 1709 2391 ἐπιχειρεῖν
1738 2332 1928 2386 μανθά-

103 2396 344 2435 Accianum
364 2396 483 2448 apud
504 2398 694 2436 Nonium
715 2407 757 2448 p.
778 2397 816 2436 7.
839 2396 952 2436 Gerl.
972 2409 979 2443 3
1014 2433 1018 2458 .-
1046 2409 1157 2436 νειν.
1211 2397 1314 2437 Plat.
1337 2399 1464 2447 Gorg.
1489 2409 1532 2448 p.
1556 2396 1651 2437 514.
1680 2397 1726 2437 Ε.
1754 2396 1922 2435 Laches

105 2459 173 2498 «in
193 2469 370 2499 summo
392 2460 506 2499 vitae
524 2459 778 2499 discrimine
799 2471 983 2500 versans
1014 2483 1017 2505 :
1048 2471 1089 2511 p.
1116 2460 1191 2499 187
1214 2461 1260 2499 Β.
1291 2482 1330 2487 -
1358 2459 1468 2510 rota]
1499 2457 1692 2510 figulari,
1729 2458 1926 2508 Topser-

104 2520 401 2572 omnibusque
423 2521 552 2562 bonis
574 2523 665 2563 suis
682 2524 856 2571 exutus,
877 2533 985 2573 quo-
1014 2511 1017 2537 ²
1044 2523 1254 2563 scheibe.
1321 2524 1489 2563 Seneca
1535 2524 1670 2575 Epist.
1721 2523 1795 2570 90,
1844 2522 1920 2562 30:

105 2584 221 2623 circa
251 2583 450 2623 tabulam
480 2583 599 2624 illam
628 2596 736 2636 prae
764 2595 812 2624 se
836 2585 983 2624 ferens
1013 2596 1017 2609 ·
1043 2586 1317 2635 Anacharsis,
1349 2585 1484 2634 inquit
1515 2585 1820 2635 (Posidonius),
1854 2586 1922 2622 in-

105 2646 407 2686 mendicatum
430 2648 503 2686 it.»
554 2649 676 2687 Pers.
703 2647 745 2694 1,
770 2647 844 2688 88:
877 2647 984 2687 Men
1013 2615 1017 2710 i
1043 2649 1154 2687 venit
1171 2652 1310 2687 rotam
1336 2648 1479 2699 fiquli.
1512 2649 1630 2686 cuius
1648 2648 1827 2686 circuitu
1844 2658 1925 2686 va-

104 2715 267 2749 ·moveat
295 2711 445 2759 quippe
475 2714 533 2758 et,
566 2714 705 2749 cantet
734 2711 766 2749 si
798 2710 982 2760 naufra-
1013 2714 1016 2856 ξ
1044 2722 1094 2749 sa
1135 2710 1390 2761 formantur.
1458 2710 1615 2749 Deinde
1663 2710 1762 2759 quia
1811 2710 1925 2758 apud

103 2783 202 2823 yuS,
230 2784 364 2812 assem
383 2774 437 2812 Pi
440 2773 572 2812 oculei
575 2772 660 2812 im?
690 2773 865 2822 Cantas,
888 2783 983 2811 cum
1043 2773 1269 2812 Homerum
1293 2772 1503 2810 imenilur
1528 2771 1647 2823 figuli
1666 2776 1764 2811 rota
1787 2770 1919 2822 (Iliad.

104 2835 245 2884 stacta
273 2840 310 2874 te
329 2836 371 2874 in
401 2835 519 2875 trabe
545 2837 703 2885 pictum
723 2836 792 2874 Eae
812 2805 1016 2874 humero¹
1013 2859 1017 2886 ,
1045 2836 1090 2881 6
1130 2835 1208 2874 600
1254 2834 1356 2885 sq.)‚
1401 2834 1564 2873 malunt
1604 2835 1739 2874 videri
1778 2846 1924 2874 versus

99 2896 279 2947 portas?
306 2899 459 2937 Iuven.
485 2897 561 2945 14,
595 2898 698 2938 3ΟΙ;
731 2909 822 2938 mer
823 2909 871 2936 sa
892 2901 983 2936 rate
1013 2924 1017 2966 Ι
1013 2889 1169 2948 ¹salsos
1196 2907 1278 2936 esse
1308 2907 1435 2945 quam
1463 2896 1668 2947 fabulam.
1706 2919 1750 2925 —
1773 2909 1922 2937 urceus

105 2959 342 3011 naufraqus
371 2970 503 2999 assem
530 2961 644 3000 Dum
671 2964 796 3011 rogat
816 2964 853 2999 et
866 2960 984 3010 pzcta
1044 2959 1143 3010 eavit]
1189 2959 1270 3007 Qui
1312 2961 1483 2999 temere
1523 2971 1575 3000 ac
1615 2959 1794 2999 fortuito
1825 2971 1923 3000 rem

106 3032 147 3061 se
188 3026 425 3072 tempestate
465 3026 617 3062 tuetur.
683 3021 866 3062 Martial.
905 3022 980 3069 12,
1045 3022 1215 3073 peregit
1245 3020 1426 3071 figulus,
1460 3021 1502 3061 h.
1532 3020 1559 3061 l.
1590 3023 1750 3073 po'e'tae
1781 3033 1917 3062 caeco

107 3084 182 3132 57,
229 3084 303 3122 11;
350 3085 435 3123 Aee
473 3084 598 3123 turba
635 3089 766 3123 cessat
793 3085 985 3124 entheata
1013 3077 1017 3116 ἰ
1046 3085 1215 3134 impetu
1244 3083 1417 3135 abrepti
1448 3087 1516 3124 est
1555 3085 1715 3135 imago,
1770 3085 1923 3124 Urceus

108 3145 323 3194 Bellonae,
356 3147 440 3185 Nee
466 3146 644 3196 fasciato
671 3146 801 3196 naufr
803 3157 908 3197 ayus
927 3146 985 3184 to-
1013 3122 1018 3274 }
1046 3148 1195 3186 autem
1223 3156 1325 3193 vas,
1358 3146 1393 3186 si
1425 3157 1511 3186 non
1542 3147 1687 3186 minus
1708 3146 1924 3197 amphora

109 3210 405 3256 quaoettunco.
430 3208 606 3247 Luc-ian.
622 3207 676 3247 de
696 3219 833 3248 merc.
850 3208 981 3247 cond.
1050 3231 1094 3236 —-
1128 3218 1233 3247 nam
1261 3219 1455 3258 ur,eeum
1497 3210 1606 3258 quod
1634 3209 1776 3258 capiat
1814 3219 1924 3256 qua—

110 3270 156 3308 i:
205 3262 302 3309 οἶοί
331 3270 452 3308 εἰσιν
482 3269 533 3308 οἱ
560 3266 678 3326 πρὸς
706 3273 809 3320 τοῖς
840 3269 985 3325 ἱεροῖς
1014 3251 1265 3310 drantalia
1293 3271 1475 3321 quinque
1493 3272 1717 3311 memorat
1738 3270 1846 3309 Cato
1869 3271 1914 3309 R.

109 3327 392 3387 ἐξυρημένοι
411 3328 497 3382 τὰς
525 3328 756 3382 κεφαλάς,
788 3328 985 3383 συνάιια
1046 3334 1093 3373 R.
1119 3333 1184 3373 13.
1211 3357 1279 3381 -,
1319 3333 1477 3374 saltem
1517 3333 1684 3373 formae
1726 3331 1782 3371 ab
1824 3343 1923 3371 am-

111 3391 280 3434 πολλοὶ
308 3391 395 3445 τὰς
433 3396 685 3451 τρικυαίας
721 3395 802 3433 καὶ
842 3391 986 3445 ζάλας
1045 3396 1185 3447 phora
1206 3407 1391 3448 prorsus
1413 3396 1630 3436 diversae.
1675 3394 1741 3435 Ad
1770 3405 1812 3433 V.
1837 3395 1924 3433 aicit

112 3457 194 3495 καὶ
231 3450 507 3514 ἀκρωτήρια
541 3457 624 3497 καὶ
661 3453 866 3506 εκβολάς
903 3458 986 3498 καὶ
1048 3457 1102 3498 cf.
1125 3461 1246 3499 Pers.
1263 3460 1299 3507 1
1324 3458 1396 3498 ιὸῑ
1428 3459 1632 3508 Ᾱοηθρο,
1655 3468 1750 3496 cum
1768 3456 1916 3505 scribo,

116 3516 251 3559 ἱστοῦ
282 3516 476 3571 κλάσεις
505 3516 756 3571 διεξιόντες
786 3519 884 3559 κτλ.
919 3519 980 3560 Cf.
1016 3522 1080 3559 si
1108 3521 1214 3571 forte
1253 3521 1353 3570 quid
1388 3521 1526 3570 aptius
1571 3520 1699 3569 exit
1749 3520 1922 3570 Quando
