2231 3787
103 371 235 424 Huic
276 387 440 442 parco
480 369 668 441 paucis
710 377 986 432 contente,

97 473 176 527 Nil
222 480 337 526 erat
377 473 427 524 in
466 471 671 526 loculis.

98 576 277 638 Mane,
320 575 465 630 diem
503 582 672 628 totum
713 573 996 638 stertebat3

792 238 888 277 LlB.
926 238 937 276 l
1017 239 1127 278 SAT.
1166 238 1230 277 lll.
1863 237 1926 286 ,457

1030 369 1271 441 quinque
1315 367 1509 422 diebus

748 473 943 525 Noctes
982 471 1236 543 vigilabat
1275 471 1341 525 ad
1384 472 1560 543 ipsum

1038 573 1110 626 nil
1149 573 1244 627 fuit
1281 591 1521 646 unquam

99 677 185 731 Sic
224 678 397 748 impar
435 677 554 731 sibi.
595 709 664 715 —
702 678 854 730 Nunc
892 675 1087 748 aliquis
1127 676 1270 730 dicat
1310 676 1464 729 mihi:
1507 677 1649 742 Quid
1692 679 1787 730 tu'?

1864 781 1928 832 211⁵

95 779 320 834 Nullane
359 779 529 834 habes
568 779 734 833 vitia?
772 780 939 832 Immo
980 778 1082 832 alia
1121 787 1174 833 et
1211 779 1438 833 sortasse
1478 779 1701 833 minora.

100 883 339 936 Maenius
379 882 660 937 absentem
699 882 927 937 Novium
967 899 1090 936 cum
1131 890 1399 953 carperet,
1442 883 1591 936 Heus
1631 891 1715 945 tn,

207 1011 276 1051 20.
309 1015 346 1050 ec
373 1011 550 1062 fortasse
579 1009 743 1061 bScdp‚
778 1010 972 1050 Pottierii
1004 1020 1186 1059 omnes,
1221 1012 1271 1060 L,
1305 1009 1445 1051 Bentl.
1481 1013 1524 1051 et
1554 1012 1661 1061 Fea,
1696 1012 1801 1052 item
1824 1012 1870 1051 J2

151 1074 264 1113 haud
291 1074 470 1124 fortasse
499 1075 611 1113 Feae
642 1083 757 1112 unus
790 1073 869 1112 Ch.
903 1074 948 1112 B.
982 1084 1005 1111 a
1037 1083 1130 1113 sec.
1155 1084 1234 1123 m.,
1269 1075 1378 1115 CtM.
1414 1075 1597 1125 (Excidit
1628 1087 1651 1115 e
1685 1076 1792 1116 Cod.
1825 1077 1872 1115 B.

151 1148 191 1175 v.
226 1136 310 1186 20.)
347 1158 392 1164 —-
424 1136 491 1175 24.
525 1136 716 1175 Maevius
757 1145 808 1186 p,
856 1135 961 1174 Iahn
994 1137 1036 1176 in
1076 1136 1274 1186 Adnott.,
1306 1138 1469 1178 Meuius
1508 1149 1573 1189 pr.
1619 1138 1669 1187 d,
1718 1140 1878 1179 Mevius

153 1210 267 1238 corr.
306 1198 356 1248 d,
398 1199 571 1239 Mallias
609 1199 647 1237 J.
691 1198 863 1238 Becker
902 1198 976 1238 Rh.
1008 1199 1115 1238 Mas.
1158 1200 1211 1239 N.
1254 1200 1300 1241 F.
1333 1200 1383 1240 V.
1417 1212 1459 1252 p.
1493 1200 1587 1240 375.

155 1260 310 1312 BbSc.)
346 1284 390 1289 —
423 1261 530 1314 cum]
564 1262 663 1301 dum
693 1261 737 1303 d.

97 1363 163 1404 82.
182 1363 373 1416 (pinques
393 1364 558 1404 tunicas
576 1362 758 1406 Martial.
780 1363 847 1414 44,
869 1363 980 1413 443.,

92 1427 268 1479 pinques
321 1427 514 1468 lacernas
561 1429 713 1467 Iuven.
756 1427 805 1477 9,
857 1427 949 1478 G28.)
972 1459 980 1476 ,

98 1490 254 1530 hirtam
284 1491 447 1531 Lucan.
480 1491 530 1540 2,
564 1490 659 1531 386.
703 1489 880 1538 Quintil.
907 1491 979 1540 42,

98 1553 164 1603 40,
179 1552 246 1593 47.
267 1554 368 1593 Tac.
383 1552 492 1594 Dial.
509 1554 576 1594 26.
592 1553 636 1593 id
652 1555 733 1603 est,
757 1552 983 1605 plebeiam

98 1627 150 1656 ac
171 1614 321 1656 vilem.
343 1637 388 1645 —
414 1616 559 1657 Decies
578 1616 764 1668 centena]
788 1615 906 1656 milia
928 1617 978 1656 H.

98 1679 139 1718 S.
192 1677 384 1730 (Floren.
430 1680 570 1719 Rhen.
613 1680 789 1720 circiter
830 1680 979 1720 95000.

101 1743 252 1782 Franc.
278 1741 383 1782 Gall.
408 1743 603 1793 200000.)
641 1743 718 1783 Est
739 1744 865 1795 quasi
885 1754 987 1795 pro-

97 1803 319 1855 verbium,
343 1806 392 1845 ut
408 1805 538 1846 nobis
553 1806 643 1846 eine
661 1806 838 1846 Million.
871 1806 985 1847 Mar-

98 1866 186 1907 tial.
213 1868 228 1906 4
253 1899 261 1916 ,
296 1867 399 1908 404-;
447 1868 494 1907 Si
524 1869 711 1909 dederint
739 1868 881 1919 superi
910 1869 984 1907 de—

97 1930 178 1970 cies
214 1930 315 1969 mihi
350 1930 470 1970 milia
506 1935 686 1971 centum.
723 1954 769 1960 -
803 1932 985 1981 quinque

100 1992 250 2042 diebus]
273 1993 451 2043 paucis;
479 1994 528 2033 ut
548 2004 630 2033 nos
652 1993 841 2034 dicimus
863 1995 979 2034 octo.

104 2077 148 2084 —
173 2056 242 2095 Sic
271 2056 413 2106 impar
440 2056 532 2107 sibi]
563 2057 733 2097 Seneca
762 2058 840 2109 Ep.
876 2057 980 2097 420:

99 2119 266 2167 qualem
289 2119 397 2159 hane
418 2120 609 2160 describit
627 2121 844 2170 Horatius,
876 2132 985 2160 nun-

98 2193 236 2238 quam?
265 2183 462 2233 eundem,
507 2194 559 2223 oze
582 2184 774 2237 ,similem
818 2184 984 2234 quidem

99 2244 197 2296 sibi:
228 2246 331 2285 adeo
359 2246 404 2285 in
432 2247 599 2286 diversa
628 2246 814 2287 aberrat.

154 2307 302 2348 ‘zo-24.
348 2309 492 2361 Immo]
524 2310 568 2349 h.
596 2308 624 2349 l.
658 2311 727 2349 est
756 2311 873 2359 eius,
908 2310 984 2360 qui

100 2371 288 2410 miratur
326 2370 517 2412 alterum
547 2371 602 2412 de
633 2383 682 2412 re
715 2383 829 2423 quae
862 2372 984 2411 certa

103 2435 158 2474 sit
187 2444 422 2485 quaerere.
459 2457 505 2463 —-
529 2439 567 2475 et
593 2435 772 2486 fortasse
799 2435 981 2484 minora]

103 2496 322 2547 «Primus,
369 2497 547 2549 opinor,
594 2497 730 2538 Aldus
765 2498 985 2539 Manutius

102 2559 330 2600 sincerum
366 2571 445 2600 vas
484 2561 734 2600 incrustare
774 2559 912 2600 voluit
942 2561 987 2600 et

104 2622 303 2673 reposuit
331 2622 446 2662 haud
472 2623 664 2671 minora,
699 2633 837 2673 quem
858 2622 987 2662 dein-

104 2694 210 2736 ceps
248 2683 451 2736 plerique
492 2696 650 2726 omnes
687 2686 875 2725 nimium
904 2696 988 2737 pa-

103 2747 265 2787 tienter
308 2748 449 2788 secuti
498 2750 614 2788 sunt.
678 2748 792 2796 Quid
837 2749 987 2788 enim‘?

104 2820 161 2849 an
198 2809 410 2850 credibile
450 2812 518 2851 est
552 2811 638 2851 1100
677 2810 846 2851 fassum
887 2822 986 2851 esse

104 2872 368 2912 Horatium?
411 2883 491 2912 sua
534 2873 637 2914 vitia
682 2883 771 2913 non
814 2874 987 2914 minora

106 2944 206 2974 esse
255 2933 366 2983 illis,
422 2945 537 2986 quae
586 2937 630 2976 in
679 2935 856 2987 Tigellio
895 2938 988 2977 tam

107 2994 270 3035 acerbe
301 2997 557 3037 notaverat!
601 3021 625 3027 -
654 3021 677 3028 -
706 3000 848 3040 Immo
879 3009 988 3038 vero

107 3058 191 3099 sibi
241 3058 471 3099 mediocria
517 3060 689 3101 tantum
736 3062 842 3101 vitia
887 3072 987 3102 esse

109 3119 212 3160 alibi
242 3119 475 3171 gloriatur,
520 3132 610 3162 non
649 3122 896 3175 Tigellianis
927 3123 989 3164 si—

108 3181 246 3231 milia,
291 3184 378 3222 Sat.
413 3184 461 3233 4,
504 3182 551 3233 4,
586 3185 679 3225 430.
732 3186 780 3236 6,
815 3187 881 3226 65.
914 3208 938 3215 -
967 3208 990 3215 -

109 3246 292 3285 Summa
320 3244 549 3286 urbanitas
571 3248 640 3287 est
668 3247 711 3287 in
732 3259 773 3288 v.
795 3248 986 3300 fortasse3

110 3308 237 3359 quasi
257 3319 348 3347 non
368 3309 644 3360 pugnaturus
666 3309 798 3359 foret,
832 3311 869 3350 si
891 3311 989 3362 quis

110 3368 180 3409 vel
210 3369 409 3422 aequalia
434 3381 534 3412 esse
556 3371 770 3412 diceret.»
814 3373 987 3423 BENTL„

113 3443 308 3483 quocum
330 3432 409 3474 cfr.
436 3433 483 3474 C.
503 3436 678 3475 Passow
699 3435 743 3474 et
762 3434 993 3475 Mitseher-

113 3492 199 3534 lich
243 3496 286 3535 in
329 3496 507 3536 Racem.
542 3497 611 3536 ΙΙΙ.
684 3497 819 3535 «Unci
863 3497 993 3536 cloch

1665 1201 1730 1251 (Ut
1767 1213 1850 1242 nos
1867 1236 1872 1253 ,

1046 1363 1352 1415 hoffeoztlich
1379 1364 1510 1404 wohl
1538 1364 1805 1406 kleinere.»
1835 1365 1932 1405 Exi=

1048 1437 1181 1477 guam
1210 1426 1280 1467 vel
1310 1428 1457 1478 potius
1488 1426 1655 1468 nullam
1692 1429 1933 1468 auctorita-

1045 1489 1139 1529 tem
1170 1500 1195 1529 a
1228 1488 1368 1530 Codd.
1402 1489 1537 1542 (velut
1565 1501 1654 1531 uno
1685 1490 1794 1530 Cod.
1819 1491 1932 1531 Feae

1048 1563 1071 1591 a
1110 1563 1201 1592 sec.
1242 1552 1396 1603 manu)
1442 1552 1578 1593 habet
1621 1552 1758 1593 altera
1800 1552 1932 1594 lectio

1046 1615 1160 1654 haad
1201 1614 1381 1665 fortasse
1422 1616 1617 1665 minora,
1666 1617 1710 1656 in
1756 1627 1845 1668 qua
1890 1618 1935 1655 et

1046 1672 1227 1730 languet
1253 1678 1431 1729 fortasse
1452 1680 1495 1719 et
1516 1679 1697 1719 omnino
1725 1679 1933 1719 Horatius

1046 1752 1151 1781 reus
1201 1740 1249 1780 fit
1306 1740 1443 1781 falsae
1494 1740 1606 1781 illius
1656 1741 1929 1790 modestiae,

1047 1815 1165 1855 quae
1195 1802 1326 1855 longe
1358 1804 1536 1856 saepius
1558 1803 1677 1855 apud
1699 1815 1780 1844 nos
1802 1815 1931 1856 repe-

1046 1867 1159 1906 ritur
1180 1877 1316 1917 quam
1337 1867 1457 1918 apud
1474 1867 1679 1917 antiquos
1697 1868 1798 1906 ante
1818 1868 1930 1907 tem-

1045 1940 1157 1981 pora
1187 1928 1349 1969 Tiberii
1381 1929 1567 1980 eiusque
1597 1940 1928 1978 successorum,

1046 1992 1124 2032 ubi
1153 2003 1235 2044 pro
1267 2003 1341 2043 090
1373 1991 1523 2032 dicere
1562 1994 1810 2043 coeperunt
1833 2003 1929 2032 mea

1040 2056 1250 2106 parvitas
1305 2054 1412 2107 (Val.
1456 2056 1567 2096 Max.
1612 2055 1770 2106 Praei.)
1804 2054 1932 2095 Hand

1047 2120 1172 2159 Turs.
1206 2119 1278 2157 ΙΙΙ.
1311 2129 1354 2170 p.
1388 2117 1465 2157 35:
1515 2118 1623 2166 «Qui
1652 2117 1767 2157 haud
1800 2127 1936 2169 prae-

1047 2181 1214 2230 ferunt,
1256 2191 1347 2220 non
1377 2180 1746 2221 anilnadvertisse
1776 2180 1936 2221 viden-

1048 2246 1145 2294 tur,
1191 2244 1307 2283 haud
1350 2254 1439 2284 non
1483 2244 1607 2283 recte
1636 2244 1740 2295 poni
1781 2244 1825 2283 in
1856 2255 1932 2292 eo,

1048 2318 1185 2358 quem
1208 2306 1392 2355 obtinet,
1417 2305 1538 2355 loco,
1564 2317 1711 2357 neque
1732 2317 1932 2357 unquam

1048 2369 1256 2419 coniungi
1277 2379 1411 2420 posse
1430 2379 1534 2408 cum
1549 2379 1590 2408 v.
1604 2369 1794 2420 fortasse.
1823 2369 1935 2408 Cum

1047 2432 1161 2471 haud
1197 2430 1428 2480 scribitur,
1477 2430 1638 2471 deesse
1670 2430 1836 2481 aliquid
1865 2431 1934 2469 vi-

1049 2495 1194 2535 detur.
1255 2492 1368 2533 Nihil
1391 2493 1540 2542 deest,
1575 2503 1659 2532 nec
1689 2492 1936 2544 quidquam

1048 2555 1298 2609 improbari
1339 2557 1489 2608 potest
1533 2558 1578 2596 in
1620 2556 1705 2596 hac
1752 2556 1934 2607 quidem

1050 2620 1292 2661 sententia:
1344 2620 1465 2667 Quae
1518 2630 1599 2671 ego
1648 2630 1721 2659 me
1765 2618 1936 2658 habere

1051 2682 1328 2731 concedam,
1362 2681 1474 2722 alius
1495 2683 1599 2722 sunt
1627 2682 1774 2733 potius
1796 2692 1937 2732 gene-

1050 2746 1133 2795 ris,
1169 2746 1234 2795 et,
1278 2746 1326 2784 ut
1356 2745 1539 2797 opinor,
1580 2745 1715 2784 etiam
1745 2745 1933 2784 minora.

1049 2809 1180 2848 Immo
1219 2808 1306 2847 alia
1345 2808 1464 2848 enim
1510 2807 1751 2858 signifieat:
1800 2808 1937 2847 immo

1052 2871 1198 2912 habeo
1247 2871 1372 2920 vitia,
1426 2870 1509 2911 sed
1557 2869 1692 2911 alia.»
1760 2871 1932 2911 Comm.

1054 2935 1209 2985 Cruq.:
1245 2933 1499 2974 «Confiteor
1520 2945 1592 2974 me
1624 2933 1793 2974 habere
1814 2935 1935 2983 vitia,

1053 2997 1135 3038 sed
1165 2996 1354 3037 fortasse
1377 2997 1595 3037 minora.»
1645 2997 1755 3037 Hinc
1775 2998 1938 3037 Baxte-

1053 3070 1129 3100 rus
1171 3061 1216 3099 et
1244 3060 1379 3100 Voss:
1427 3063 1472 3099 at
1507 3060 1699 3111 fortasse.
1737 3082 1782 3087 —
1815 3061 1939 3099 Mae-

1051 3122 1160 3174 nius]
1185 3123 1272 3162 Sat.
1298 3122 1341 3171 4,
1366 3122 1410 3171 4,
1435 3121 1529 3162 404.
1559 3145 1604 3150 -
1626 3122 1822 3172 Novium]
1855 3122 1938 3162 ho-

1053 3186 1223 3226 minem
1251 3185 1466 3235 ignotum.
1527 3185 1720 3225 Novium
1761 3184 1938 3225 senera—

1054 3249 1199 3288 torem
1242 3247 1380 3298 tangit
1424 3247 1510 3287 Sat.
1560 3248 1603 3297 4,
1651 3247 1698 3297 6,
1747 3248 1841 3287 424.
1890 3269 1933 3274 —

1054 3311 1308 3351 Sententiae
1330 3310 1394 3350 sic
1414 3310 1658 3350 cohaerent
1680 3320 1782 3349 cum
1802 3319 1938 3360 prae-

1055 3372 1204 3412 cedd.:
1240 3374 1409 3423 «Atque
1439 3372 1526 3412 1100
1555 3383 1636 3424 pro
1668 3372 1791 3411 certo
1822 3369 1938 3410 affir-

1055 3445 1180 3475 mare
1221 3444 1407 3487 possum
1444 3445 1517 3474 me
1554 3435 1644 3473 tam
1678 3431 1862 3473 stultum
1894 3435 1938 3471 et

1055 3496 1313 3549 improbum
1343 3507 1430 3536 non
1467 3507 1592 3545 esse,
1640 3505 1776 3547 quam
1815 3495 1936 3537 Mae-
