2231 3787
845 253 939 291 LlB.
977 253 1022 290 ll.

1086 253 1244 291 livisT.
1282 254 1308 291 1.

1886 251 1977 301 oli

238 381 392 444 Quod
434 381 635 452 legeret
675 390 980 452 tereretque
1021 382 1209 434 viritim
1257 381 1500 452 publicus
1541 386 1707 432 usus?

236 483 297 536 Ut
336 483 563 552 primum
606 483 791 552 positis
831 484 1016 553 nugari
1058 483 1279 536 Graecia
1320 482 1471 535 bellis

236 584 423 654 Coepit
461 594 513 637 et
554 585 601 635 in
646 585 825 636 vitium
868 586 1072 637 fortuna
1113 584 1281 638 labier
1321 601 1516 655 aequa.

234 686 382 738 Nunc
421 685 735 738 athletarum
777 686 988 744 studiis,
1032 703 1170 738 nunc
1210 686 1338 738 arsit
1376 703 1665 756 equorum.

1920 689 1986 737 953

236 788 514 840 Marmoris
553 795 643 839 aut
682 787 862 840 eboris
904 787 1081 840 fabros
1121 797 1211 840 aut
1250 788 1390 840 aeris
1430 789 1646 841 amavit.

274 930 339 970 92.
376 931 622 981 «Quiritum
652 932 775 969 notat
816 929 988 969 Fulvius
1020 931 1199 970 [Jrsinus
1231 933 1272 970 in
1306 943 1391 981 mg.
1428 932 1503 971 lid.
1537 930 1631 971 Ald.
1668 933 1785 971 4519.
1821 933 1927 972 Bibl.

218 991 398 1043 Angel.»
431 994 537 1032 FEA.
572 994 646 1043 qui
677 993 859 1043 recepit.
902 991 1087 1039 {Habent
1120 994 1275 1032 virilim
1307 994 1452 1036 l›Sl<]‹·,
1489 1005 1645 1033 omnes
1677 996 1865 1034 l‘ottierii
1889 999 1928 1034 et

217 1054 458 1103 Schmidii.)

164 1172 408 1224 profluens,
471 1183 593 1212 mare
654 1174 838 1224 eiusque
899 1172 1037 1212 litora.

164 1235 293 1274 Gaius
322 1236 369 1283 2,
404 1236 476 1273 ll:
525 1245 632 1283 quae
664 1235 761 1285 (res)
796 1235 1042 1285 publicae

161 1301 277 1345 sunt.
309 1297 464 1337 nullius
492 1298 531 1336 in
556 1298 670 1336 bonis
689 1309 771 1337 esse
791 1299 1040 1344 credunlm·,·

161 1359 290 1409 ipsius
318 1360 427 1399 enim
455 1361 738 1399 univcrsitatis
766 1371 849 1399 esse
869 1361 1044 1399 credun-

162 1426 245 1460 tur.
298 1422 357 1460 Ita
401 1423 443 1461 et
482 1425 688 1473 poemata
727 1421 904 1473 publico
945 1422 1041 1461 usui

163 1484 431 1531 inserviunt,
474 1485 684 1535 quoniam
717 1484 925 1524 omnibus
963 1495 1041 1524 ac-

163 1556 249 1596 que
281 1546 331 1585 iis
363 1544 573 1585 delectari
604 1545 718 1586 licet.

217 1607 282 1648 93.
300 1607 366 1648 94.
392 1608 586 1660 Graecia]
611 1610 729 1648 Haec
746 1610 894 1648 omnia
915 1619 1043 1661 prae—

163 1671 291 1721 cipue
322 1670 377 1709 de
408 1671 752 1711 Atheniensibus
771 1670 920 1711 valere
944 1682 1041 1710 ma-

162 1732 370 1773 nifest-um
402 1735 482 1773 est.
520 1757 563 1761 —
591 1733 750 1784 positis]
785 1734 899 1783 Virg.
928 1736 1037 1772 Aen.

165 1797 208 1843 l,
241 1796 343 1834 ⁶29⁴:
388 1796 548 1845 Aspera
576 1802 664 1835 tum
697 1796 886 1845 positis
920 1796 1042 1834 mile-

161 1862 270 1898 scent
298 1859 465 1897 saecula
495 1858 649 1898 bellis.
688 1881 732 1886 -
761 1859 932 1909 naqari]
967 1868 1039 1898 «se

162 1920 269 1959 dare
300 1920 354 1959 ad
386 1921 530 1960 onmia
567 1921 715 1971 poesis
752 1931 936 1971 genera,
985 1919 1042 1959 ad

163 1984 383 2034 picturae,
417 1981 693 2034 sculpturae,
735 1983 932 2022 musicae
969 1993 1042 2021 ar-

165 2048 251 2093 tes,
285 2045 341 2084 ad
371 2044 499 2084 ludos
530 2046 881 2095 gymnasticos;»
925 2056 1040 2095 quae

164 2107 309 2147 omnia
342 2117 444 2146 cum
474 2107 764 2147 atrocissimis
804 2106 883 2146 illis
913 2106 1040 2146 bellis

164 2171 415 2220 comparata
448 2169 608 2220 partim
640 2169 918 2219 ingeniorum
941 2171 1043 2208 sunt

162 2231 310 2281 lusus,
334 2233 492 2283 partim
515 2232 675 2270 virium
697 2229 894 2270 ludicrae
917 2241 1042 2269 exer-

164 2295 416 2343 citationes,
440 2305 577 2345 nuqae
597 2294 739 2344 igitur,
773 2294 866 2334 sine
889 2304 1043 2343 repre-

163 2357 388 2396 hensionis
433 2356 766 2407 significatione.
821 2379 866 2383 -—
917 2354 1040 2406 bellis]

164 2419 355 2458 maxime
386 2422 487 2470 post
517 2419 763 2469 composita
791 2416 906 2457 bella
941 2420 1044 2457 Per-

165 2482 268 2520 sica.
318 2480 717 2529 Aristot.Polit.8,
752 2480 800 2529 6,
835 2479 879 2519 6:
914 2479 1041 2526 Σχο-

164 2540 505 2600 λαστικεότεοοι
541 2539 793 2596 γενόμενοι
835 2537 914 2581 διὰ
957 2537 1042 2591 τὰς

165 2600 392 2663 εὖτορίας
446 2606 528 2645 καὶ
585 2601 1042 2660 μεγαλοψυχότεροι

165 2665 284 2727 ποὺς
313 2664 503 2726 ἀοετήν,
533 2663 603 2708 ε’τι
631 2681 681 2708 τε
710 2665 869 2726 πρότε
832 2679 940 2706 εοον
960 2667 1043 2706 καὶ

164 2728 286 2783 μετὰ
312 2731 370 2771 τὰ
397 2727 589 2784 Μηδικὰ
621 2729 1043 2798 φρονηματισθέν-

165 2805 240 2844 τες
269 2793 323 2834 ἐκ
351 2791 444 2833 τῶν
474 2789 623 2851 έργων
650 2789 811 2845 πάσης
831 2786 1042 2843 ἥπτοντο

165 2853 456 2908 μαθήσεως,
508 2851 617 2897 οὐδὲ
611 2869 648 2894 ν
686 2853 1040 2911 διακοίνοντες,

167 2912 267 2956 ἀλλ’
313 2916 664 2971 επιζητοῦντες·
711 2913 786 2958 διὸ
830 2918 912 2956 καὶ
955 2913 1043 2968 τὴν

167 2974 430 3031 αὐλητικὴν
459 2974 643 3034 ἤγαγον
677 2976 797 3037 πρὸς
830 2976 917 3029 τὰς
949 2991 1045 3031 μα-

167 3038 354 3094 θήσεις.
415 3065 444 3069 -
485 3044 530 3081 in
560 3043 721 3094 vitium]
758 3041 1043 3082 «deliciarum

167 3107 351 3156 propter
405 3104 745 3155 prosperitatem
797 3104 1042 3143 fortunae.»

170 3167 308 3207 Contu.
344 3166 474 3212 CRUQ.
532 3164 757 3204 Vocabulo
785 3166 953 3213 vitium,
1001 3165 1043 3204 in

169 3239 257 3279 quo
275 3228 503 3268 Schiitzius
522 3227 721 3278 (Opuscc.
740 3238 783 3277 p.
798 3225 911 3275 246.)
931 3225 1043 3265 adeo

169 3290 370 3337 offendit,
403 3290 449 3328 ut
478 3289 523 3327 in
550 3299 730 3327 vacuum
754 3289 1041 3339 proponeret,

170 3351 414 3391 admodum
440 3349 655 3390 malitiose
686 3360 793 3390 usus
824 3350 892 3388 est
920 3349 1041 3397 ideo,

172 3414 291 3464 quod
336 3410 604 3462 βαναύσοις
659 3413 773 3452 inter
824 3412 1045 3451 Romanos

172 3476 316 3515 omnia
337 3477 448 3515 haec
470 3477 740 3514 Graecorum
760 3472 901 3513 studia
921 3473 1045 3512 vitio—

1072 1172 1075 1190 ¹
1105 1184 1153 1211 sa
1175 1175 1219 1212 et
1249 1184 1583 1224 supervacanea
1607 1173 1884 1212 videbantur.
1927 1176 1987 1213 Si-

1107 1235 1283 1285 gnificat
1304 1238 1453 1275 autem
1476 1246 1649 1275 morum
1673 1236 1981 1281 mutationem,

1107 1308 1222 1348 quae
1263 1296 1473 1348 paulatim
1515 1297 1616 1336 inde
1648 1309 1670 1335 a
1710 1297 1876 1338 Pericle
1910 1310 1985 1337 us—

1106 1370 1193 1410 que
1225 1359 1279 1398 ad
1318 1358 1566 1410 Philippum
1597 1359 1886 1399 Macedonem
1921 1361 1986 1399 sa-

1106 1424 1175 1460 cta
1207 1424 1296 1468 est,
1338 1432 1441 1460 cum
1474 1433 1497 1460 a
1529 1422 1674 1471 prisca
1707 1420 1985 1472 simplicitate

1107 1485 1151 1522 et
1187 1482 1242 1522 ab
1286 1482 1352 1522 illa
1391 1481 1741 1537 μεγαλοψυχίᾳ
1783 1483 1986 1532 (libenter

1106 1544 1403 1595 Aeschyleam
1434 1545 1666 1595 dixerim),
1705 1557 1838 1596 quarn
1871 1545 1983 1585 bella

1106 1608 1283 1648 Persica
1314 1608 1365 1647 iis
1395 1606 1676 1655 instillarant‚
1710 1608 1984 1658 pedetentim

1107 1670 1371 1710 recedentes
1403 1669 1540 1709 effuse
1573 1681 1620 1709 se
1644 1669 1862 1709 dederent
1884 1681 1989 1709 eun-

1107 1736 1278 1771 ctarum
1328 1732 1488 1771 artium
1538 1730 1782 1777 illecebris,
1842 1731 1984 1772 donec

1107 1793 1339 1834 discordiis
1361 1792 1574 1833 debilitati
1605 1796 1737 1844 atque
1768 1794 1811 1833 in
1842 1793 1986 1833 molli—

1106 1857 1212 1896 tiem
1248 1856 1358 1906 lapsi
1396 1855 1578 1895 tandem
1617 1856 1659 1894 in
1691 1856 1983 1897 Macedonum

1105 1919 1373 1971 potestatem
1408 1920 1724 1968 pervenerunt.
1761 1940 1808 1946 —
1841 1918 1984 1969 labier]

1108 1980 1194 2020 Cfr.
1220 1982 1306 2019 Sat.
1333 1981 1379 2028 4,
1411 1981 1458 2027 ⁶2,
1491 1980 1557 2019 35.

1163 2043 1338 2082 95-1102.
1373 2042 1637 2093 athletarum]
1671 2042 1757 2082 Cfr.
1789 2043 1878 2082 Liv.
1910 2044 1982 2089 33,

1106 2106 1178 2144 32:
1212 2105 1446 2154 spectaculi
1475 2105 1656 2143 studium
1684 2105 1855 2144 insitam
1875 2107 1987 2155 qemi

1108 2167 1348 2216 (Graecae),
1382 2178 1462 2215 quo
1491 2167 1726 2205 certamina
1755 2168 1887 2205 omnis
1911 2179 1984 2218 90-

1105 2230 1216 2269 ηθνὶε
1246 2229 1403 2268 artium
1431 2229 1667 2277 viriumque
1691 2232 1727 2267 et
1751 2229 1985 2277 pernicita-

1105 2293 1156 2331 tis
1193 2292 1401 2331 visantur.
1453 2291 1624 2330 Acriter
1662 2291 1746 2330 hoc
1787 2291 1983 2331 studium

1107 2357 1240 2406 atque
1278 2352 1542 2393 athletarum
1590 2353 1832 2403 nequitiam
1870 2355 1986 2393 vitu—

1105 2419 1232 2469 perat
1262 2415 1492 2467 Euripides
1522 2415 1563 2454 in
1595 2413 1798 2464 Autolyci
1837 2416 1902 2455 Fr.
1938 2419 1981 2455 4:

1106 2478 1280 2520 Κακῶν
1323 2475 1414 2533 γὰρ
1459 2472 1610 2517 ὄντων
1652 2478 1836 2534 μυρίων
1879 2477 1986 2517 καθ’

1100 2538 1304 2582 Ἑλλάδα
1325 2535 1473 2581 Οὐδὲν
1494 2536 1668 2578 κάκιόν
1689 2538 1818 2579 ἐστιν
1838 2534 1985 2593 ἄθλη-

1106 2602 1200 2644 τῶν
1234 2605 1402 2658 γένους
1432 2601 1530 2642 κτλ.
1589 2601 1712 2642 Conf.
1741 2602 1899 2641 Athen.
1933 2604 1948 2641 4
1974 2635 1981 2649 ‚

1107 2665 1173 2707 34.
1198 2677 1241 2717 p.
1269 2666 1333 2705 49.
1357 2667 1431 2704 A.:
1466 2659 1560 2713 Τὰς
1588 2660 1870 2713 βαναύσους
1907 2665 1984 2703 τέ-

1106 2741 1227 2778 χνας
1284 2720 1507 2778 Ἕλληνες
1573 2718 1811 2782 ὕστερον
1878 2728 1983 2782 περὶ

1108 2790 1332 2831 πλείστου
1363 2784 1548 2841 μᾶλλον
1571 2785 1826 2827 ἐποιοῦντο
1847 2783 1880 2840 ἢ
1900 2786 1984 2839 τὰς

1107 2849 1230 2892 κατὰ
1249 2849 1466 2891 παιδείαν
1482 2850 1738 2903 γινομένας
1752 2848 1980 2900 ἐπινοίας.

1111 2939 1155 2943 -
1190 2914 1307 2965 arsit]
1341 2914 1435 2961 Quo
1465 2912 1626 2952 ardore
1658 2913 1811 2951 Graeci
1833 2911 1985 2962 Olym-

1106 2978 1179 3029 pia
1216 2976 1480 3028 spectarint,
1526 2973 1641 3014 lecto
1679 2972 1777 3012 loco
1813 2974 1986 3024 Sopho—

1108 3039 1204 3080 cleo
1235 3040 1278 3078 in
1317 3037 1488 3078 Electra
1529 3036 1608 3076 680
1647 3046 1773 3086 seqq.
1807 3037 1983 3086 penitus

1106 3102 1421 3153 persentisees.
1458 3123 1502 3127 —
1535 3098 1684 3148 eboris]
1718 3098 1855 3138 Huius
1886 3109 1983 3137 ma—

1107 3166 1244 3204 teriae
1275 3173 1382 3202 usus
1422 3161 1634 3211 frequens
1666 3162 1761 3199 erat
1789 3161 1832 3199 in
1863 3159 1984 3198 cele—

1107 3225 1372 3266 bratissimis
1413 3222 1664 3274 quibusque
1706 3221 1892 3260 deorum
1925 3221 1985 3258 si-

1107 3287 1338 3335 mulacris,
1371 3287 1419 3324 ut
1449 3286 1490 3324 in
1512 3284 1692 3324 Phidiae
1718 3284 1818 3320 love
1841 3280 1987 3330 Olym-

1108 3352 1180 3401 pio
1226 3351 1270 3388 et
1299 3349 1520 3394 Minerva,
1568 3346 1695 3384 cuius
1726 3339 1985 3398 πρόσωπον

1108 3407 1418 3460 ἐλεφάντινον
1440 3411 1546 3447 erat.
1588 3404 1706 3444 Plato
1729 3405 1854 3454 Hipp.
1881 3404 1981 3442 mai.

1108 3483 1151 3523 p.
1181 3472 1276 3511 290.
1306 3472 1352 3510 B.
1390 3493 1433 3498 —-
1470 3465 1624 3519 fabros]
1671 3466 1897 3514 τεχνίτας.
1938 3488 1981 3492 ——
