2231 3787
228 241 330 292 5⁶28

830 240 1046 280 HORATII
1077 240 1446 282 EPISTOLARUM

300 372 631 427 Incolumem
670 370 763 424 tibi
802 388 889 425 me
930 379 1204 443 praestant
1248 369 1659 441 Septembribus
1700 369 1861 422 horis.

304 477 379 528 Tu
420 482 566 528 recte
606 473 768 536 vivis,
814 473 858 526 si
897 489 1056 526 curas
1096 489 1219 525 esse
1259 470 1409 542 quod
1448 470 1619 524 audis.

302 578 566 630 lactamus
607 574 929 646 iampridem
969 573 1142 626 omnis
1182 580 1234 626 te
1273 574 1443 626 Roma
1479 572 1725 638 beatum,

301 678 410 733 Sed
448 695 672 739 vereor,
715 693 783 729 ne
824 675 910 730 cui
950 674 1018 728 de
1058 683 1109 728 te
1148 673 1270 746 plus
1317 691 1480 745 quam
1518 674 1611 728 tibi
1652 674 1866 738 credaS‚

297 782 443 835 Neve
483 787 640 851 putes
680 777 844 831 alium
886 776 1132 848 sapiente
1170 775 1426 847 bonoque
1461 776 1705 840 beatum,

1997 777 2066 831 20

342 924 407 963 46.
440 922 672 962 incolumen
701 920 755 970 b,
790 922 834 961 et
865 920 929 961 sic
958 930 1063 960 cum
1105 920 1243 960 Iahnii
1283 920 1362 961 Ed.
1396 931 1461 972 pr.
1498 930 1740 972 operarum
1771 930 1921 960 errore
1953 921 2007 961 M.

290 1007 334 1015 -
371 985 436 1025 48.
469 985 672 1025 lactemus
701 983 744 1023 d.

230 1112 354 1163 spexi
383 1121 519 1162 quam
559 1110 703 1159 initio,
742 1108 813 1150 vel
852 1120 1114 1150 amoenae.»
1147 1111 1151 1114 '

233 1174 319 1214 Sed
341 1175 540 1226 praestat
560 1172 801 1225 simplicior
821 1169 997 1226 κλϊμαξ
1013 1172 1114 1213 lect.

229 1237 378 1286 etiam,
412 1236 456 1275 id
479 1238 560 1285 est,
593 1236 813 1287 «insuper,
834 1238 1114 1288 praeterea.»

231 1299 319 1340 Csr.
344 1298 518 1339 Ellendt
548 1298 606 1338 ad
627 1299 716 1338 Cic.
741 1298 796 1338 de
819 1300 889 1338 Or.
917 1300 931 1338 sl
953 1330 960 1347 ,
997 1300 1013 1337 ¹1
1035 1330 1043 1347 ,
1075 1299 1113 1337 tl.

230 1361 358 1402 Hand
389 1363 512 1401 Turs.
546 1361 595 1400 ΙΙ.
634 1372 677 1412 p.
708 1362 803 1401 5511.
850 1359 1118 1400 Doederlein

230 1425 387 1474 Synon.
422 1425 491 1462 III.
526 1434 568 1474 p.
601 1422 692 1462 35:
743 1422 929 1462 «dulces
967 1423 1120 1462 bezieht

230 1488 315 1526 sich
345 1486 426 1536 auf
449 1486 510 1525 ein
534 1485 776 1534 subjektives
802 1485 1116 1536 W'oliiyefallen,

231 1559 450 1589 amoenae
474 1548 555 1598 auf
567 1547 764 1597 obJekttve
784 1547 1043 1586 Scho'nheit.»
1070 1571 1111 1576 —-

224 1610 459 1664 praestant]
496 1612 764 1659 «servant,»
804 1611 951 1662 potius
983 1621 1118 1661 quam

232 1691 251 1711 «
265 1676 466 1716 sistunt.»
511 1674 567 1713 Ea
592 1672 851 1724 significatio
874 1674 945 1713 hic
968 1671 1118 1712 locum

231 1737 392 1786 habet,
435 1748 488 1776 ex
521 1747 606 1787 qua
631 1740 854 1786 praestare
884 1746 1019 1787 saepe
1052 1737 1120 1775 est

231 1799 651 1852 gewithrleisten,
675 1799 1010 1849 9a7·antiren.
1046 1799 1120 1837 Se-

235 1874 346 1902 neca
369 1862 504 1913 Epist.
529 1860 596 1909 45,
623 1862 665 1900 1111
688 1873 695 1899 :
727 1862 992 1912 fortunatum
1022 1860 1120 1899 bea-

231 1930 401 1974 tumque
438 1928 672 1974 praestare.
721 1945 765 1951 —
813 1922 1121 1973 Septembribus

231 1989 358 2039 horis]
393 1987 456 2028 Cf.
481 1989 568 2027 Sat.
592 1988 632 2035 2,
658 1988 696 2036 6,
729 1988 802 2027 219:
838 1987 1122 2026 Auctwnnus-

233 2063 312 2102 que
340 2050 505 2102 gravis,
548 2048 753 2089 Libitinae
783 2053 977 2099 quaestus
1006 2061 1124 2088 acer-

234 2114 323 2153 bae.
358 2113 410 2152 Et
431 2110 550 2163 apud
573 2112 723 2150 Iuven.
750 2112 789 2160 6,
814 2112 916 2150 5117:
952 2112 1122 2151 Grande

232 2180 353 2216 sonat
402 2172 718 2224 (Archigallus)
763 2174 972 2223 metuique
1015 2174 1124 2213 iubet

233 2237 484 2289 Septembris
515 2240 550 2275 et
579 2236 722 2275 Austri
749 2236 993 2275 Adventum.

292 2301 359 2340 47.
411 2300 468 2338 Tu
496 2301 606 2338 recte
637 2297 739 2349 cet.]
774 2298 1026 2337 Sententiae
1059 2298 1122 2338 sic

235 2375 282 2404 se
307 2362 530 2413 excipiunt
552 2373 560 2399 :
597 2361 735 2411 «Ege,
760 2362 808 2399 ut
827 2360 1045 2412 perspicis
1069 2371 1122 2399 ex

235 2427 326 2474 his,
361 2434 474 2475 quae
507 2421 586 2462 tibi
618 2423 798 2473 scripsi,
832 2433 905 2462 me
937 2421 1120 2461 beatum

235 2499 337 2529 esse
383 2487 527 2533 duco3
576 2483 776 2525 similiter
818 2486 861 2524 te
904 2486 1024 2525 cives
1060 2485 1122 2524 tui

235 2551 418 2590 beatum
449 2547 724 2600 praedicant.
774 2548 868 2595 Quo
890 2548 1030 2598 magis
1053 2559 1123 2588 ca-

236 2625 313 2661 ve,
360 2623 414 2651 ne
462 2610 697 2661 decipiaris
743 2611 925 2649 externa
968 2620 1121 2649 rerum

237 2676 386 2727 specie
432 2684 520 2713 neu
565 2675 607 2712 te
653 2675 959 2713 transversum
990 2674 1122 2723 agant

235 2737 351 2789 volgi
372 2736 533 2776 iudicia
553 2746 773 2787 persaepe
797 2733 978 2784 fallacia,
1007 2734 1120 2774 adeo

238 2805 287 2842 ut
316 2800 511 2852 negligas
541 2801 772 2852 proprium
794 2799 1013 2849 studium,
1046 2810 1123 2839 ve-

237 2875 335 2904 ram
365 2862 711 2910 beatitudinem,
760 2873 874 2913 quae
917 2862 1045 2901 unice
1077 2862 1121 2900 in

238 2928 379 2966 temet
427 2926 522 2976 ipso
572 2925 652 2964 sita
705 2934 804 2964 esse
852 2926 1025 2975 potest,
1079 2925 1122 2962 et

239 2987 513 3040 adipiscendi
544 2989 587 3026 et
617 2986 955 3026 conservandi.»
1005 2987 1121 3025 Tan-

239 3053 335 3090 tum
364 3052 514 3089 autem
538 3049 687 3097 abest,
721 3051 769 3088 ut
798 3051 957 3100 poetae
987 3059 1121 3099 prae-

239 3116 369 3165 cepta
426 3111 564 3152 ullum
624 3113 874 3152 monstrent
915 3111 1120 3151 laedendi

240 3177 437 3216 animum
496 3177 570 3213 aut
624 3174 848 3221 Quintium
890 3175 1120 3225 tamquam

240 3239 470 3279 hominem
485 3247 651 3276 vanum
668 3236 878 3286 civesque
896 3247 1000 3276 suos
1021 3247 1121 3287 per-

239 3303 372 3353 petua
404 3298 684 3339 simulatione
716 3297 1013 3348 decipientem
1044 3309 1122 3337 no-

1183 1111 1366 1152 minime
1412 1110 1630 1152 dubitem.
1694 1112 1746 1151 Et
1783 1123 1865 1164 pro
1906 1112 2066 1160 Quintii

1182 1176 1358 1226 ingenio
1385 1187 1437 1215 ao
1458 1175 1659 1215 moribus
1683 1176 1810 1226 (quos
1832 1175 1963 1215 nimis
1985 1175 2068 1214 ini-

1183 1249 1269 1288 que
1302 1237 1558 1289 deprimunt
1587 1239 1859 1289 Interpretes
1888 1239 2069 1289 praeter

1182 1300 1448 1351 Iacobsium)
1504 1301 1589 1340 hoc
1635 1312 1741 1341 sane
1786 1299 2069 1353 praeclarum

1183 1363 1489 1403 testimonium
1521 1365 1685 1411 exstat,
1720 1363 1841 1414 quod
1863 1363 2068 1402 Horatius

1184 1437 1288 1465 eum
1311 1425 1495 1476 dignum
1516 1425 1690 1474 habuit,
1723 1429 1793 1465 cui
1815 1424 2068 1466 huiusmodi

1185 1487 1426 1539 Epistolam
1478 1489 1689 1528 mitteret.
1755 1487 1874 1528 Alius
1918 1489 2069 1527 autem

1185 1550 1402 1599 Quintius,
1428 1549 1615 1590 fortasse
1636 1550 1766 1590 huius
1788 1549 1916 1599 filius,
1940 1561 2068 1601 prae-

1184 1615 1252 1652 tor
1282 1624 1321 1652 a.
1355 1625 1396 1652 u.
1433 1624 1470 1652 0.
1495 1613 1589 1653 752.
1639 1614 1738 1664 (Dio
1772 1613 1893 1653 Cass.
1925 1614 1992 1652 55.
2021 1624 2065 1664 p.

1183 1674 1277 1715 358.
1311 1675 1411 1725 st),
1458 1675 1527 1714 vel
1565 1677 1751 1727 propter
1780 1678 1971 1715 aetatem
2002 1676 2069 1714 vi-

1184 1738 1314 1777 detur
1345 1738 1479 1778 fuisse
1510 1737 1580 1779 ille
1612 1737 1744 1778 Iuliae
1782 1738 1979 1787 adulter,
2013 1738 2068 1778 de

1185 1813 1273 1852 quo
1300 1799 1453 1840 Vellei.
1479 1803 1568 1841 Pat.
1594 1803 1634 1850 ἱ),
1661 1802 1764 1841 1100:
1800 1802 2072 1852 Quintiusque

1186 1864 1423 1913 CrispinuS,
1456 1865 1715 1915 sinyuiarem
1743 1866 1977 1914 nequitiam
2005 1877 2071 1905 su-

1178 1927 1354 1977 percilio
1403 1928 1512 1965 truci
1554 1931 1777 1978 proteyens
1820 1932 1858 1967 et
1905 1928 1980 1967 alii
2009 1950 2070 1956 —-

1179 2000 1338 2039 poenas
1361 1990 1613 2039 pependere,
1646 2000 1741 2029 eam
1772 1990 1964 2030 Caesaris
1989 1991 2070 2042 fili-

1186 2064 1256 2092 am
1291 2056 1328 2092 et
1363 2053 1540 2092 Neronis
1574 2053 1794 2092 violassent
1823 2054 2067 2105 co=niu9em,·

1186 2126 1274 2166 quo
1305 2116 1349 2154 in
1377 2114 1474 2154 loco
1505 2115 1636 2154 tacite
1668 2126 1750 2166 per
1779 2126 1978 2165 merum,
2021 2119 2071 2157 ut

1186 2178 1385 2225 videtur,
1421 2189 1622 2217 errorem
1644 2179 1760 2217 Kritz
1782 2177 1919 2218 edidit
1941 2180 2069 2229 Quin-

1186 2245 1332 2289 tusque
1362 2241 1588 2291 Crispinus.
1643 2242 1754 2281 Sane
1787 2242 1922 2281 etiam
1951 2241 2068 2294 apud

1187 2304 1375 2343 Dionem
1425 2305 1492 2343 est
1535 2299 1740 2354 Κύϊντος
1785 2303 2065 2360 Κρισπῖνος.

1185 2367 1240 2405 At
1269 2367 1444 2417 poterat
1475 2366 1514 2405 ei
1535 2377 1700 2405 nomen
1721 2377 1820 2407 esse
1845 2369 1892 2417 Q.
1913 2369 2070 2418 Quintii

1187 2429 1380 2479 Crispini.
1438 2429 1516 2468 Vix
1563 2432 1713 2469 autem
1757 2431 1863 2470 satis
1908 2433 2069 2472 nostris

1186 2490 1441 2531 hominibus
1461 2492 1547 2531 hoc
1568 2491 1779 2531 inculcari
1800 2495 1962 2544 potest,
1986 2495 2070 2534 Ho-

1186 2556 1347 2594 ratium
1378 2554 1621 2594 admodum
1653 2554 1737 2595 sibi
1774 2555 1994 2606 placuisse
2026 2558 2069 2596 in

1186 2618 1328 2658 facete
1372 2617 1595 2657 imitandis
1633 2618 1882 2658 Stoicorum
1913 2631 2069 2676 παρα-

1186 2678 1347 2732 δόξοις
1379 2683 1423 2720 et
1451 2682 1542 2720 tota
1573 2680 1765 2720 docendi
1793 2682 1984 2730 ratione,
2021 2684 2066 2733 (a

1186 2744 1364 2784 nemine
1410 2744 1728 2794 praeterquam
1778 2753 1802 2781 a
1852 2744 2066 2784 Cicerone

1185 2807 1300 2845 inter
1342 2805 1521 2844 Latinos
1561 2806 1689 2843 antea
1722 2806 1811 2844 tam
1842 2804 2069 2857 eleganter

1185 2867 1402 2916 tractata,)
1420 2877 1639 2917 perquam
1662 2866 1847 2907 feliciter
1862 2868 2067 2910 devitatis

1186 2929 1322 2972 solltis
1352 2926 1621 2980 ἐπιδείξεων
1651 2929 1824 2970 illarum
1855 2932 1989 2980 vitiis,
2023 2933 2067 2972 id

1186 2995 1274 3041 est,
1309 2992 1725 3043 exaggerationibus
1756 2996 1800 3032 et
1819 3004 1984 3044 genere
2005 2994 2069 3034 di-

1186 3055 1315 3095 cendi
1358 3055 1493 3095 modo
1533 3057 1663 3095 nimis
1703 3067 1863 3107 aspero
1902 3059 1946 3096 et
1975 3060 2067 3109 spi-

1185 3128 1323 3167 noso,
1357 3118 1490 3158 modo
1523 3120 1657 3158 vitam
1686 3117 1983 3159 umbraticam
2013 3130 2064 3158 ac

1185 3180 1360 3221 scholas
1391 3181 1521 3221 nimis
1552 3179 1798 3220 redolente.
1841 3203 1885 3208 —
1928 3181 2062 3232 audis]

1187 3242 1374 3282 «diceris
1397 3253 1548 3291 esse,»
1582 3244 1627 3281 ut
1648 3239 1825 3292 κλύεις,
1852 3236 2061 3293 ἀκούεις.

1187 3304 1428 3356 Cf.Epp.4,
1453 3305 1492 3353 7,
1511 3304 1576 3344 38.
1602 3304 1842 3355 Cruquius:
1870 3304 1971 3344 «Est
1990 3305 2065 3344 So-

240 3363 309 3403 1)ῑὲ
352 3361 629 3410 (Ῑθὸῡΐῑὺὸῐίῑ,
677 3361 725 3399 Ut
754 3360 901 3411 ipsum
930 3358 1120 3400 libenter
1186 3367 1420 3416 craticum,
1446 3367 1570 3406 cuius
1590 3366 1791 3405 meminit
1813 3366 1902 3405 Cic.
1923 3365 1978 3406 de
1996 3366 2065 3407 Of-

243 3427 287 3465 et
315 3427 438 3475 grato
471 3424 511 3463 in
540 3424 722 3476 poetam
752 3423 899 3462 animo
930 3423 1010 3463 has
1041 3435 1120 3463 cx-
1186 3429 1254 3468 fic.
1274 3431 1314 3478 2,
1341 3430 1405 3478 42,
1431 3428 1503 3469 43:
1536 3429 1654 3468 Hanc
1672 3428 1787 3466 viam
1808 3428 1864 3467 ad
1881 3429 2064 3480 moriam

241 3486 514 3527 hortationes
558 3485 834 3526 semistoicns
880 3483 1118 3537 perlegisse
1182 3492 1425 3542 prooeimam
1441 3496 1477 3532 et
1497 3491 1615 3540 quasi
1631 3491 1987 3540 compendiariam
2003 3491 2064 3532 di-
