2231 3787
895 235 926 273 A
934 236 994 274 RS
1026 235 1266 275 POETICA.

1899 235 1999 284 titii)

253 363 558 434 Continget,
604 363 928 435 dabiturque
969 364 1178 418 licentia
1219 375 1429 436 sumpta
1471 361 1768 436 pudentem

252 466 310 516 Et
349 482 486 517 nova
532 465 764 536 liciaque
807 484 980 537 nuper
1017 466 1290 520 habebunt
1328 467 1492 521 verba
1533 468 1718 522 lidcni.
1763 471 1804 522 si

250 567 457 619 Gracco
498 568 639 620 sonte
681 567 899 629 cadent,
941 586 1103 639 parce
1143 568 1365 623 detorta.

1445 570 1585 634 Quid
1624 579 1801 624 autem

249 667 481 720 Caecilio
522 667 818 739 Plautoque
863 669 1010 722 dabit
1055 672 1325 724 Romanus
1365 670 1676 743 ademptum

233 859 276 896 et
306 857 520 908 Porphyr.
554 858 741 905 Monac,
777 859 806 897 L
839 860 881 897 et
911 858 1157 900 Bentlcius:
1191 862 1346 900 cadant
1377 860 1458 909 bS,
1498 862 1608 911 CtM,
1648 863 1803 901 cadant
1834 874 1947 903 unus

233 922 356 960 Feae.
382 942 424 948 —
446 920 589 972 parce]
621 925 714 960 arte
743 922 788 960 B.
829 944 863 948 —
897 920 963 961 54.
998 922 1108 961 (ledit
1135 933 1248 962 unus
1280 923 1492 971 Lambini,
1527 923 1655 962 (labat
1684 923 1947 975 Regelsber-

231 994 361 1032 gerus
395 996 417 1023 e
450 983 588 1023 Codd.

178 1156 309 1195 «inde
354 1160 402 1205 (e
436 1155 575 1196 Codd.
608 1157 654 1196 G.
690 1155 885 1205 Fabricii)
920 1154 1058 1195 Bentl.

177 1221 221 1258 et
259 1219 377 1269 quod
422 1230 459 1258 v.
496 1219 561 1258 50.
606 1219 847 1270 praecedat
881 1220 1059 1270 fingere,

176 1292 290 1331 quae
319 1281 470 1332 putida
503 1283 621 1321 esset
653 1282 870 1332 repetitio.
916 1283 1058 1320 Immo

176 1345 243 1383 cst
273 1342 451 1393 elegans
484 1345 527 1383 et
558 1344 811 1383 necessaria
835 1344 1056 1395 repetitio,

176 1407 277 1456 quia
327 1407 529 1456 sequitur
578 1405 780 1446 eiusdem
833 1408 1059 1458 praecepti

175 1468 471 1520 amplificatiO,
492 1480 652 1520 nempe
671 1471 813 1509 eadem
829 1469 967 1509 verba
990 1482 1060 1509 no-

174 1543 229 1570 va
250 1533 294 1570 et
319 1533 462 1582 ficta.»
484 1553 531 1559 —
555 1532 760 1572 habebunt
779 1533 950 1584 —fidem]
975 1533 1057 1571 «ita

175 1593 487 1644 probabuntur
507 1597 691 1645 propter
712 1594 980 1634 evidentiam
998 1596 1060 1634 at-

175 1667 263 1706 que
287 1655 568 1706 elegantiam,
594 1659 639 1696 ut
659 1655 804 1696 oblata
823 1658 1057 1697 occasione

175 1717 242 1757 alii
275 1729 454 1770 quoque
486 1719 536 1758 iis
567 1718 758 1759 libenter
779 1719 900 1759 usuri
927 1720 1055 1759 sint.»

229 1780 376 1820 53-59.
411 1782 444 1820 si
466 1782 626 1821 Graeco
644 1782 756 1832 fonte
775 1781 943 1832 caelant]
967 1792 1059 1821 ma-

175 1843 289 1882 xime
321 1844 363 1882 in
394 1843 791 1895 compositionibus
822 1843 877 1883 ad
901 1845 1055 1883 Graeci

174 1907 394 1947 sermonis
439 1906 686 1958 analogiam
731 1907 884 1955 sactis,
934 1908 1058 1947 cuius

177 1969 352 2018 generis
385 1969 502 2020 apud
534 1970 763 2009 Horatium
798 1973 899 2009 sunt
928 1970 1059 2009 centi-

173 2042 346 2080 manus,
380 2032 664 2081 tauriformis,
694 2032 879 2071 beluosus
900 2032 1060 2086 (μεγα-

175 2090 379 2146 κήτης),
425 2095 640 2143 inauclaae,
687 2106 843 2133 aarum
883 2095 1061 2134 vestibus

176 2157 324 2196 illitum
356 2156 370 2207 (
382 2155 767 2214 χρυσόπαστος),
815 2158 1056 2207 impariter,

175 2215 355 2270 ἀνίσως
401 2232 440 2258 v.
466 2221 555 2267 753
603 2221 711 2260 item
755 2222 797 2260 in
836 2220 972 2261 rebus
1002 2220 1058 2259 ad

175 2281 502 2334 philosophiam
524 2285 567 2322 et
593 2284 931 2334 grammaticam
954 2295 1060 2335 per—

178 2345 438 2405 tinentibps‚
473 2348 521 2386 ut
548 2347 852 2396 inter-mundio,
894 2347 1060 2396 indiffe-

175 2420 294 2457 rens,
329 2409 528 2459 qualitas,
561 2409 851 2459 aequilibritas
876 2409 1059 2460 (ἰσονο-

175 2473 286 2523 μία,
321 2472 409 2511 Cic.
435 2472 489 2511 de
512 2475 602 2511 nat.
628 2472 752 2512 deor.
778 2472 904 2521 4,39,
930 2472 1057 2522 toa),

175 2535 466 2584 veriloquium.
534 2536 603 2574 Sic
648 2536 804 2575 Cicero
842 2536 1061 2575 essentiam

178 2592 381 2648 (οὗσὶαν)
416 2608 498 2636 nee
528 2609 615 2637 non
644 2599 895 2638 indoloriam
924 2592 1062 2649 (ἁπά-

177 2660 330 2712 aemi»)
349 2662 607 2709 nominavit,
628 2661 823 2701 addens:
842 2662 934 2701 licet
953 2663 1060 2701 enim

177 2724 295 2763 ‘iteris
324 2724 445 2763 rebus
475 2735 583 2763 nova
619 2725 790 2763 nomina
818 2724 1058 2774 imponere;

177 2788 291 2826 teste
310 2785 637 2837 SidonioApoll.
658 2787 734 2837 Ep.
750 2786 890 2826 Praef.
911 2787 1054 2827 Carm.

179 2848 277 2895 44.;
312 2848 431 2888 idem
459 2860 594 2900 porro
625 2848 740 2888 valet
770 2848 824 2888 (le
856 2851 1063 2889 constru—

179 2910 401 2951 ctionibus
420 2922 443 2950 e
463 2913 630 2951 Graeco
652 2922 861 2951 sermone
884 2911 1064 2951 desum-

1127 1156 1509 1206 quemadmodum
1550 1157 1743 1198 nonnulli
1786 1160 2005 1211 interpre-

1126 1220 1199 1258 tati
1224 1221 1340 1259 sunt.
1365 1242 1408 1247 ——
1434 1220 1595 1271 eadent]
1620 1221 1885 1272 «Comparat
1908 1233 2005 1261 ver-

1124 1281 1179 1320 ba
1212 1281 1343 1321 latina
1375 1293 1398 1321 e
1431 1293 1589 1333 graeca
1619 1281 1764 1333 lingua
1795 1283 2002 1324 translata

1125 1345 1252 1392 rivis,
1288 1346 1363 1395 qui
1393 1344 1605 1397 paulatim
1637 1357 1659 1385 a
1694 1346 1811 1386 fonte
1843 1346 2003 1386 deflexi

1124 1419 1205 1458 per
1234 1411 1409 1448 montes
1440 1407 1654 1447 cadunt.»
1688 1409 1878 1449 F1SC1113R.
1921 1411 2005 1449 Fu-

1124 1473 1272 1511 turum
1298 1473 1420 1512 recte
1445 1472 1690 1523 respondet
1717 1473 2004 1524 praecedenti

1122 1533 1338 1572 habebunt.
1367 1557 1411 1562 —-
1425 1546 1557 1584 parce
1573 1534 1747 1586 detorta]
1767 1536 2002 1584 «Verum,»

1126 1596 1286 1647 inquit,
1321 1597 1388 1636 «in
1419 1598 1504 1636 hoc
1530 1608 1708 1648 quoque
1733 1598 2005 1647 parcimonia

1123 1669 1235 1709 opus
1258 1661 1340 1705 est,
1365 1671 1419 1699 ne
1443 1660 1571 1699 nimis
1593 1661 1835 1710 graecisset
1864 1661 2004 1699 oratio

1122 1722 1500 1773 peregrinumque
1520 1721 1716 1762 colorem
1732 1722 1906 1761 ducat.»
1931 1723 2006 1762 Mi—

1121 1793 1218 1822 ram
1236 1784 1425 1822 Dacierii
1445 1785 1855 1835 interpretationem
1878 1795 2006 1824 secu-

1122 1847 1192 1885 tus
1224 1848 1292 1885 cst
1323 1846 1504 1886 Gonod:
1549 1847 1620 1886 «Si
1650 1858 1752 1886 vous
1777 1847 1921 1897 puisez
1951 1847 2007 1887 les

1121 1911 1227 1945 niots
1257 1908 1284 1947 a
1313 1920 1394 1947 ‘tine
1422 1920 1568 1949 source
1597 1921 1798 1960 gli-ecque,
1831 1922 1927 1949 sans
1952 1910 2008 1949 les

1123 1970 1349 2009 decourner
1378 1972 1426 2010 (le
1457 1971 1548 2010 leur
1567 1983 1680 2020 sens;
1713 1974 2006 2024 praeceptum

1123 2033 1324 2072 omnium
1364 2044 1471 2073 sane
1512 2035 1704 2074 maxime
1736 2045 2008 2086 supervaca-

1124 2106 1274 2134 neum.
1322 2096 1426 2143 Quis
1450 2097 1565 2136 enim
1594 2108 1617 2135 a
1638 2108 1747 2136 vero
1770 2108 1906 2137 sensu
1929 2108 2008 2137 un-

1124 2167 1259 2207 quam
1279 2156 1594 2209 detorqueret,
1629 2159 1727 2208 quis
1753 2170 1887 2210 porro
1908 2170 2008 2210 pra-

1123 2230 1177 2258 ve
1223 2218 1446 2260 detortum
1485 2223 1748 2271 agnosceret
1787 2220 1871 2260 tale
1903 2232 2008 2260 vei·-

1123 2281 1233 2322 bum
1270 2284 1506 2323 Latinum?
1550 2284 1661 2323 Sane
1707 2285 1869 2323 detorta
1898 2284 1943 2324 h.
1977 2283 2003 2323 l.

1124 2347 1225 2385 sunt
1258 2345 1511 2396 «deducta,
1546 2347 1602 2386 ita
1634 2349 1682 2386 ut
1708 2349 1874 2387 Graeca
1905 2357 2005 2387 esse

1124 2407 1351 2456 desinant,
1395 2420 1501 2448 vere
1542 2410 1690 2449 Latina
1733 2410 1888 2449 fiant.»
1939 2410 2007 2449 Sic

1124 2471 1211 2509 iam
1231 2471 1337 2510 Cato
1358 2471 1403 2510 in
1425 2471 1624 2512 secundo
1643 2472 1868 2523 Originum
1890 2473 2006 2524 apud

1126 2533 1335 2572 Priscian.
1361 2533 1400 2582 9,
1424 2533 1463 2582 9,
1488 2534 1555 2573 54.
1592 2534 1648 2586 (p.
1669 2535 1762 2574 874.
1794 2534 1882 2584 P.):
1914 2536 2009 2574 Ma-

1124 2596 1262 2634 rucini
1290 2600 1519 2645 vocantur,
1553 2597 1601 2635 de
1622 2598 1767 2636 Marso
1798 2598 2007 2636 detersum

1127 2657 1232 2708 (sic)
1278 2669 1439 2697 nomen.
1483 2682 1526 2686 -
1582 2659 1689 2708 Quid
1725 2663 1864 2698 autem
1904 2660 2007 2711 cet.]

1127 2719 1265 2767 «Quid
1285 2722 1492 2770 negatum
1511 2722 1593 2760 erit
1613 2722 2008 2772 praestantissimis

1125 2784 1304 2822 nostrae
1335 2783 1492 2823 aetatis
1521 2785 1686 2834 poetis,
1721 2784 1841 2834 quod
1870 2783 2010 2824 liben-

1090 2832 1094 2876 Ι
1126 2847 1192 2884 ter
1230 2856 1346 2884 nunc
1378 2845 1630 2886 concedunt
1660 2848 1841 2887 comicis
1872 2846 2007 2887 seculi

1090 2881 1094 2955 l
1125 2908 1238 2947 sexti
1268 2911 1400 2958 atque
1432 2909 1474 2948 in
1506 2909 1573 2949 his
1607 2908 1868 2961 probante»
1917 2910 2004 2949 Cir.

179 2973 278 3024 ptis.
315 2972 380 3013 Cf.
405 2972 579 3021 Quintil.
606 2974 682 3022 4⁶2,
718 2974 794 3020 40,
819 2974 897 3013 33:
936 2975 1062 3013 Tanto
1091 2960 1093 2967 Α
1127 2971 1215 3010 Cic.
1241 2970 1296 3009 de
1322 2971 1407 3010 Fin.
1432 2971 1479 3019 3,
1513 2970 1562 3018 4,
1595 2973 1667 3011 45:
1701 2972 1746 3011 Si
1774 2973 1928 3012 Zenoni
1955 2972 2009 3011 li-

178 3040 237 3076 est
265 3047 399 3075 sermo
430 3036 616 3075 Graecus
646 3037 794 3075 Latino
823 3037 1060 3085 iucundior,
1091 3068 1094 3091 ‚
1125 3034 1232 3081 citit,
1278 3043 1374 3072 cam
1427 3045 1516 3073 rem
1563 3034 1753 3084 aliquam
1796 3036 2010 3075 invenisset

177 3102 223 3137 ut
252 3098 382 3137 nostri
407 3100 579 3147 poetae,
629 3100 785 3147 quoties
815 3100 933 3138 dulce-
962 3111 1062 3138 ear-
1091 3096 1094 3152 ξ
1125 3095 1397 3145 inusitatam,
1429 3097 1666 3137 inauditum
1696 3109 1858 3147 quoque
1887 3099 1922 3137 ei
1949 3099 2010 3137 rei

178 3172 271 3200 nien
301 3172 383 3200 esse
411 3161 641 3205 voluerint,
674 3161 842 3200 illorum
870 3162 912 3200 id
932 3162 1064 3201 nomi—
1091 3163 1094 3218 l
1125 3168 1272 3197 nomen
1302 3158 1541 3208 imponere,
1574 3171 1651 3199 cur
1680 3172 1763 3200 non
1792 3160 1913 3198 liceat
1933 3161 2010 3200 Ca-

178 3223 297 3263 nibus
325 3227 539 3262 exornent.
586 3222 690 3272 (Cic.
724 3223 778 3262 de
811 3224 882 3263 Or.
913 3225 958 3272 4,
991 3223 1059 3271 34,
1090 3225 1094 3266 i
1124 3219 1248 3259 loni?
1274 3243 1315 3248 -—
1353 3221 1531 3262 Caecilio
1551 3221 1792 3272 Plautoque]
1820 3222 1928 3262 Vide
1952 3224 2007 3262 ad

180 3286 318 3335 ⁴55.);
352 3286 610 3336 neutiquam
642 3297 748 3325 'vcro
780 3285 974 3336 loquitur
1005 3286 1060 3325 de
1090 3309 1094 3352 3
1125 3284 1232 3335 Epp.
1255 3284 1295 3330 2,
1323 3284 1360 3332 ⁴,
1385 3284 1437 3324 58
1460 3295 1527 3334 sq.
1563 3307 1606 3312 —
1641 3285 1881 3333 ademptum
1914 3286 2009 3324 Vir-

180 3348 360 3398 integris
390 3347 645 3395 vocabulis,
696 3350 743 3387 ut
772 3351 873 3388 sunt
904 3349 1058 3397 aether,
1090 3360 1094 3412 ἰ
1123 3347 1222 3397 gilio
1268 3346 1487 3397 Varioque]
1540 3346 1798 3386 «Manifesta
1843 3347 1926 3387 hoc
1967 3349 2007 3387 in

181 3413 281 3460 aer,
314 3411 568 3458 triclinium,
614 3411 914 3460 oenophorum,
941 3411 1061 3460 peri-
1089 3417 1094 3448 t
1123 3410 1220 3451 loco
1252 3412 1365 3452 inest
1394 3412 1791 3462 grammaticorum
1823 3414 1866 3451 ct
1888 3413 2010 3452 crit-i-

176 3476 385 3523 petasnia‚
423 3473 704 3524 philosophia,
746 3473 920 3513 historia
951 3475 1054 3522 cet,
1089 3449 1094 3514 l
1125 3484 1280 3514 corum
1311 3474 1627 3526 reprehensio,
1663 3483 1798 3524 quos,
1833 3485 1934 3514 eum
1967 3476 2008 3515 in
