2231 3787
218 304 318 355 434-

823 301 1039 341 HORATII
1068 299 1438 341 EPISTOLARUM

290 434 477 487 imbuti
518 440 784 504 spectent:
828 431 959 503 quid
999 448 1192 486 censes
1233 445 1458 482 munera
1496 436 1699 491 terrae,
2009 428 2039 478 5

289 536 430 602 Quid
468 535 630 589 maris
671 544 940 588 extremos
980 532 1184 586 Arabas
1224 530 1439 583 ditantis
1479 537 1532 583 et
1570 529 1754 590 Indos,

289 639 518 693 Ludicra
557 636 715 708 quid.
757 635 980 707 plausus
1021 642 1074 687 et
1113 631 1269 686 amici
1308 631 1451 685 dona
1489 631 1734 696 Quiritis,

290 743 408 806 Quo
450 738 743 811 spectanda
781 735 968 798 mod0,
1015 752 1123 806 quo
1163 751 1327 788 sensu
1369 732 1546 787 credis
1586 741 1639 787 et
1676 734 1813 786 ore?

292 843 394 907 Qui
435 842 583 894 timet
619 838 701 891 his
742 837 994 899 adversa,
1037 836 1148 890 fere
1187 824 1410 888 miratur
1451 834 1672 895 eodem,

330 986 408 1024 ΕΡ.
442 984 510 1022 VI.
545 983 582 1021 5.
617 985 801 1031 spectant
829 979 958 1029 Ed,F.
997 979 1061 1029 (rt
1082 990 1185 1018 nos.
1220 978 1337 1030 bScp
1369 980 1413 1018 et
1443 978 1658 1028 Pottierii,
1692 976 1988 1028 quemadmo-

279 1047 384 1086 dum
424 1044 620 1093 x‘idetur,
668 1042 856 1092 omnes.)
902 1064 946 1070 —
986 1042 1025 1082 8.
1068 1040 1212 1092 credis]
1252 1041 1388 1080 cordis
1418 1040 1463 1080 b.
1501 1062 1545 1069 —
1586 1041 1651 1080 40.
1684 1041 1850 1090 utrique
1878 1041 1987 1080 Ven.

281 1110 294 1147 i
307 1108 377 1149 481
393 1139 419 1155 .,
444 1107 538 1147 Ald.
563 1128 606 1135 -
629 1107 694 1146 -Μ,
720 1109 882 1146 exercet
906 1102 1146 1144 Marklandi
1169 1104 1282 1143 coni.
1305 1105 1483 1155 reperta
1503 1104 1659 1155 postea
1678 1102 1723 1142 in
1744 1103 1855 1142 Feae
1879 1103 1987 1143 Cod.

274 1226 365 1266 5-8.
411 1225 511 1274 quid
540 1235 675 1264 censes
705 1223 806 1275 cett]
842 1221 999 1262 «Multo
1022 1223 1104 1261 mi-

221 1300 303 1328 nus
336 1289 469 1327 etiam
500 1287 678 1338 sapiens
711 1297 783 1334 ea,
819 1295 932 1336 quae
956 1285 1104 1324 statim

220 1352 463 1398 memorat,
500 1348 612 1389 solet
633 1347 887 1388 admirari.»
919 1346 986 1386 Ad
1008 1357 1106 1387 sen-

221 1413 383 1452 tentiae
403 1411 800 1451 conformationem
819 1409 894 1448 cfr.
916 1409 1005 1449 Cic.
1023 1419 1104 1460 pro

223 1477 263 1514 S.
289 1476 444 1515 Roscio
469 1475 541 1521 117,
577 1472 649 1513 49:
700 1472 807 1522 Quid
836 1482 971 1511 censes
998 1471 1106 1509 hunc

219 1539 355 1586 ipsum
394 1537 494 1576 Sea).
526 1536 737 1583 Roscium,
786 1545 866 1584 quo
906 1533 1040 1572 studio
1070 1536 1107 1571 et

223 1611 304 1650 qua
346 1599 616 1650 intelliyentia
652 1608 735 1638 esse
770 1598 814 1636 in
842 1596 1008 1636 rusticis
1036 1606 1107 1634 re-

225 1661 331 1701 bus?
363 1662 417 1701 de
450 1660 545 1711 lege
577 1671 668 1710 agr.
693 1660 740 1708 ⁶2,
776 1660 842 1707 47,
875 1658 951 1699 45:
1001 1657 1108 1707 Quid

223 1724 410 1772 censetis,
437 1745 459 1752 -
481 1746 502 1752 -
524 1734 603 1772 quo
626 1721 817 1772 periculo
836 1721 1012 1760 ‘miseras
1030 1731 1107 1758 na-

222 1788 350 1826 tiones
389 1783 588 1836 futuras?
633 1784 687 1824 de
725 1782 803 1823 Off.
840 1784 888 1832 ⁶2,
935 1783 980 1831 7,
1026 1783 1102 1822 ‘251

225 1850 333 1899 Quid
362 1848 471 1887 enini
500 1857 729 1894 censemus,
754 1867 777 1874 —
797 1868 820 1874 -
839 1845 1104 1894 Dionysium,

225 1923 304 1962 quo
344 1910 535 1949 cruciatu
576 1909 736 1948 timoris
766 1908 868 1958 angi
908 1905 1107 1946 solitum?

225 1972 357 2014 Solita
389 1974 456 2013 est
491 1972 621 2023 igitur
652 1969 986 2011 consuetudinis
1017 1969 1108 2009 for-

226 2034 370 2084 mula,
406 2045 493 2085 qua
516 2035 578 2083 ei,
604 2045 657 2073 ex
679 2044 766 2084 quo
789 2032 952 2083 aliquid
975 2043 1109 2083 quae-

224 2099 385 2140 rimus.
433 2097 577 2137 acrius
613 2097 850 2144 instamus,
899 2105 1034 2146 quam
1072 2095 1107 2133 si

224 2172 266 2199 v.
287 2171 324 2199 c.
348 2158 598 2209 languidius
620 2159 683 2198 sic
704 2158 1103 2207 interrogaremus:

228 2224 348 2270 «Quo
379 2220 577 2273 periculo
607 2221 794 2260 miseras
816 2221 1017 2259 nationes
1039 2218 1108 2258 fu—

226 2287 347 2324 turas
379 2284 631 2323 censetisv»
672 2284 716 2322 et
743 2281 882 2322 breve
915 2282 1107 2333 spatium

226 2346 471 2386 meditandi
503 2345 610 2396 quid
639 2345 912 2396 respondeat
943 2345 982 2384 ei
1005 2356 1109 2384 con-

227 2409 449 2457 cedimus,
485 2410 687 2448 nostrum
718 2409 869 2447 tamen
901 2418 953 2446 ea
982 2407 1037 2446 de
1059 2418 1107 2446 re

225 2472 439 2511 iudicium
487 2472 562 2510 aut
616 2468 733 2509 clare
790 2470 1105 2521 proponimus,

227 2536 302 2573 aut
346 2532 503 2573 saltem
548 2533 874 2582 significamus,
921 2535 970 2572 ut
1011 2533 1105 2571 hic:

229 2593 529 2635 «admirabilia
570 2605 659 2634 non
703 2606 846 2634 esse.»
897 2593 1109 2646 Exempla

229 2661 379 2698 autem
410 2656 607 2696 Tulliana
638 2658 908 2706 monstrant,
942 2657 1014 2696 hic
1043 2654 1111 2695 lo—

231 2731 307 2760 cus
358 2719 584 2770 quomodo
643 2719 978 2769 distinguendus
1030 2719 1108 2766 sit3

230 2794 375 2834 neque
406 2794 512 2822 vero
544 2782 692 2823 obstat
726 2782 988 2822 indicativus
1019 2793 1112 2821 cre-

231 2846 311 2893 dis,
347 2845 467 2895 quod
495 2856 536 2883 v.
569 2847 672 2896 post
700 2843 870 2895 longius
900 2842 1113 2884 interval—

229 2907 322 2946 lum
363 2909 591 2956 tamquam
635 2906 961 2957 homonymum
1001 2905 1111 2946 sub—

232 2969 424 3008 stituitur
460 2979 501 3006 v,
536 2979 683 3007 censes.
734 2967 813 3007 Alii
854 2968 1113 3020 discerpunt

232 3030 380 3070 locum
412 3030 544 3080 signis
575 3030 927 3081 interrogationis
956 3030 1111 3082 positis

232 3095 333 3145 post
368 3103 438 3131 w.
473 3097 632 3141 terrae,
677 3094 818 3142 Indos,
867 3093 1040 3142 Quiritis
1070 3093 1112 3131 et

235 3153 527 3206 explicantes:
578 3154 724 3202 «Quid
766 3165 945 3201 censes,
991 3154 1112 3205 quod

235 3218 390 3257 attinet
440 3216 496 3255 ad
545 3227 732 3255 munera
779 3218 993 3256 terraev»
1044 3215 1112 3256 vel

234 3281 360 3332 peius
415 3280 575 3319 etiam:
640 3278 907 3326 «Quomodo
955 3289 1113 3318 censes

236 3342 427 3394 spectari
468 3353 491 3381 a
533 3340 806 3392 sapientibus
845 3339 925 3380 illis
968 3341 1021 3391 (v.
1056 3341 1111 3391 3.)

236 3415 423 3444 munera
468 3404 677 3443 terraeff'»
723 3405 837 3452 cet.‚
884 3413 985 3442 cum
1035 3404 1110 3443 sit:

239 3465 496 3513 «Quomodo
519 3463 761 3517 spectanda
784 3475 940 3504 censes
961 3474 1116 3504 mune-

239 3538 285 3566 ra
321 3531 489 3577 terrae,
521 3550 543 3555 —
564 3550 585 3555 —
608 3538 695 3578 quo
726 3537 882 3575 sensu,
917 3526 1038 3574 dico,
1073 3528 1116 3566 et

1168 1231 1243 1260 ore
1254 1223 1298 1261 Ἴ»
1346 1245 1390 1249 -
1433 1232 1612 1260 munera
1653 1220 1813 1270 terrae]
1859 1230 2042 1269 aurum,

1167 1286 1421 1334 argentum,
1455 1293 1668 1322 marmor.
1695 1305 1742 1310 —
1775 1283 1924 1334 maris]
1945 1293 2047 1322 mu-

1168 1357 1297 1395 nera,
1351 1346 1634 1396 margaritas,
1684 1356 1943 1397 purpuram.
1996 1366 2043 1373 —

1168 1409 1388 1458 extremos]
1411 1410 1459 1447 ut
1480 1407 1557 1448 Od.
1585 1408 1600 1447 4
1625 1440 1632 1456 ‚
1666 1407 1740 1457 35,
1773 1407 1850 1447 29:
1882 1408 2049 1447 ultimos

1169 1472 1288 1511 Orbis
1314 1472 1555 1510 Britannos.
1607 1472 1844 1510 Praeterea
1876 1469 1931 1510 cf.
1966 1469 2045 1510 Od.

1168 1534 1214 1583 3,
1239 1532 1314 1582 24,
1340 1534 1355 1572 4
1380 1544 1388 1573 :
1420 1533 1591 1572 Intactis
1611 1533 1846 1582 opulentior
1876 1533 2050 1572 Thesau-

1166 1596 1226 1635 ris
1246 1595 1432 1634 Arabum
1453 1599 1490 1634 et
1519 1595 1657 1634 divitis
1683 1595 1841 1634 Indiae.
1891 1595 2049 1646 (Paene

1168 1657 1428 1699 incredibile
1461 1660 1530 1698 est
1558 1656 1665 1698 alios
1694 1658 1910 1698 iunxisse:
1952 1668 2051 1696 ma-

1167 1723 1228 1762 ris
1254 1726 1481 1770 eoetremos,
1514 1717 1755 1771 ἐσχάτους
1774 1717 2047 1773 θαλάσσης,

1170 1784 1301 1825 alios:
1339 1784 1473 1823 maris
1503 1783 1687 1833 ludicra,
1719 1786 1769 1823 ut
1796 1784 1933 1824 Voss:
1966 1784 2051 1823 des

1168 1849 1359 1887 Meeres
1406 1846 1715 1898 Spieltand.)
1760 1870 1806 1874 —
1845 1846 2046 1896 Ludicra]

1172 1907 1323 1948 «ludos
1352 1907 1586 1960 publicos,
1621 1909 1854 1949 Circenses
1886 1910 1930 1948 et
1959 1906 2053 1959 gla-

1171 1971 1431 2019 diatorios»,
1463 1972 1512 2009 ut
1549 1981 1685 2022 saepe
1716 1970 1835 2022 apud
1863 1971 2049 2010 Livium.

1172 2032 1258 2072 Cfr.
1297 2031 1564 2072 Doederlein
1608 2032 1765 2081 Synon.
1807 2034 1858 2072 11.
1897 2044 1942 2084 p.
1982 2033 2047 2072 34.

1173 2095 1466 2145 Cogitandum
1505 2096 1656 2134 autem
1693 2106 1781 2134 non
1821 2093 1966 2135 solum
1996 2095 2052 2137 de

1171 2168 1346 2198 summa
1398 2157 1662 2208 cupiditate,
1716 2168 1803 2208 qua
1848 2156 2051 2210 plerique

1171 2220 1399 2260 inhiabant
1438 2219 1756 2270 gladiatoribus
1797 2222 1842 2260 et
1877 2221 2054 2261 circen-

1172 2282 1318 2332 sibus,
1356 2293 1515 2323 verum
1547 2283 1682 2323 etiam
1712 2282 1767 2322 de
1804 2282 2053 2323 incredibili

1172 2345 1318 2386 studio
1348 2346 1393 2386 in
1422 2343 1584 2385 talibus
1614 2346 1719 2397 poni
1748 2344 1874 2386 solito
1896 2345 1952 2385 ab
1983 2347 2050 2396 iis,

1173 2410 1248 2461 qui
1276 2408 1406 2449 ludos
1439 2408 1658 2458 edebant,
1692 2408 1858 2450 aediles
1889 2409 1988 2450 dico
2011 2411 2054 2450 et

1172 2474 1428 2524 praetores,
1476 2484 1565 2524 quo
1611 2471 1810 2513 aemulos
1850 2472 2055 2524 magnifi-

1174 2536 1318 2576 centia
1337 2536 1569 2575 vincerent
1589 2533 1831 2587 populique
1853 2535 2055 2575 favorem

1173 2598 1256 2638 sibi
1302 2596 1602 2638 conciliarent.
1665 2597 1752 2637 Cfr.
1791 2596 1965 2638 Caelius
2009 2597 2054 2637 in

1174 2660 1340 2711 aliquot
1360 2660 1469 2711 Epp.
1490 2659 1547 2699 ad
1568 2660 1658 2700 Cic.
1679 2659 1772 2699 Lib.
1788 2660 1827 2700 8.
1851 2659 2052 2711 Adiunge

1174 2732 1279 2762 cum
1299 2722 1500 2761 Iacobsio
1521 2721 1675 2761 ludum
1697 2722 1850 2761 Troiae
1874 2722 2053 2774 saepius

1174 2783 1228 2823 ab
1252 2785 1448 2834 Augusto
1473 2781 1769 2832 celebratum,
1803 2784 1928 2824 cuius
1954 2794 2057 2835 par-

1173 2846 1328 2897 ticipes
1361 2847 1486 2885 erant
1516 2844 1660 2884 clarae
1693 2844 1923 2886 dumtaxat
1951 2847 2055 2886 stir-

1172 2909 1240 2958 pis
1278 2908 1406 2959 pueri
1437 2908 1628 2957 (Sueton.
1667 2908 1758 2948 Oct.
1795 2907 1896 2959 43.),
1934 2908 2054 2949 unde

1174 2968 1231 3008 ad
1262 2980 1366 3009 eum
1397 2969 1568 3009 admitti
1612 2980 1842 3010 summum
1884 2970 2054 3011 honum

1174 3030 1393 3072 nonnullis
1424 3032 1566 3071 videri
1597 3031 1806 3072 debebat.
1854 3033 2055 3084 Magnifi-

1175 3104 1250 3133 cos
1283 3095 1434 3133 autem
1472 3093 1599 3134 ludos
1639 3093 1889 3146 excipiebat
1927 3093 2056 3146 plau-

1175 3166 1251 3195 sus
1298 3156 1454 3196 editori
1498 3156 1626 3196 datus
1667 3167 1692 3196 a
1730 3156 2056 3208 spectatoribus

1177 3218 1280 3268 (Cic.
1305 3230 1386 3270 pro
1419 3219 1559 3259 Sestio
1590 3218 1666 3268 54,
1702 3220 1802 3259 ⁴45:
1848 3219 1900 3257 Ei
1934 3229 2052 3269 vero,

1176 3281 1248 3329 qui
1272 3282 1424 3330 pendet
1451 3280 1572 3320 rebus
1602 3281 1838 3330 levissimis,
1880 3281 1951 3330 qui
1978 3293 2056 3321 ru-

1174 3354 1290 3382 more
1324 3347 1382 3392 et,
1414 3347 1460 3382 ut
1499 3343 1579 3393 ipsi
1617 3344 1865 3393 loquuntur,
1908 3343 2057 3393 favore

1169 3405 1317 3455 populi
1360 3409 1521 3445 tenetur
1557 3409 1594 3445 et
1630 3405 1816 3454 ducitur,
1856 3405 2056 3455 plausum

1175 3467 1557 3516 immortalitatem,
1596 3466 1761 3506 sibilum
1786 3471 1962 3507 mortem
1987 3468 2054 3507 vi—

1177 3529 1265 3567 deri
1293 3539 1449 3568 necesse
1478 3533 1548 3568 est.
1553 3528 1587 3580 ),
1620 3528 1780 3568 deinde
1811 3529 1921 3569 dona
1951 3529 2054 3580 Qui-
