2231 3787
267 235 367 288 7⁴4

1074 232 1286 273 HORATII

337 364 567 421 Colchus
607 383 673 418 an
713 365 990 437 Assyrius,
1034 362 1227 416 Thebis
1268 361 1495 413 nutritus
1535 376 1600 412 an
1639 359 1807 429 Argis.

336 471 436 522 Aut
472 468 666 521 famam
705 483 938 537 sequere
978 474 1068 518 aut
1107 463 1207 516 sibi
1248 461 1620 516 convenientia
1658 460 1813 531 finge.

338 570 577 642 Scriptor
614 569 932 622 honoratum
973 567 1017 618 si
1056 564 1189 617 forte
1229 563 1446 634 reponis
1485 561 1763 619 Achillem,

1987 559 2086 612 420

377 720 467 760 119.
494 720 584 759 ¹120.
605 720 736 770 singye,
770 716 972 766 Scriptor.
997 715 1260 754 Honoratum
1281 712 1555 763 distinguunt
1575 712 1676 757 LCt,
1698 713 1808 763 finge
1829 710 2030 760 Scriptor.

319 783 565 823 Homereum
593 779 818 821 Bentleius
849 777 1117 818 coniectura.

266 906 473 959 parebat,
516 905 563 944 ut
602 905 644 944 in
686 902 916 945 Menandri
944 898 1142 958 Γεωργῴ

266 968 385 1021 ipud
428 969 636 1009 Orionem
675 965 950 1007 Schneidew.
988 975 1032 1016 p.
1066 964 1141 1004 43:

268 1031 381 1083 Emi
423 1030 512 1083 ιιὲν
547 1024 801 1087 dypocxog,
849 1023 1026 1077 καύτὸς
1057 1021 1146 1066 οὐκ

267 1088 421 1144 α’λὶως
464 1089 577 1150 ἐοῶ
623 1092 717 1132 Καὶ
756 1089 849 1131 τῶν
889 1102 985 1130 κατ
1022 1082 1144 1128 α’στυ

267 1169 379 1214 πρα)
380 1152 560 1209 ιιάτων
591 1150 646 1196 οὗ
680 1151 921 1204 παντελῶς
947 1148 1102 1192 Έιιῑτε
1105 1166 1147 1192 ι-

265 1232 377 1278 cog·
425 1215 452 1258 6
497 1217 547 1258 δὲ
590 1215 768 1276 χρόνος
806 1219 851 1258 τί
895 1217 938 1255 α’
975 1214 1147 1256 εἰδέναι

266 1285 397 1322 ποιεῖ
428 1279 620 1334 Πλέον.)
657 1303 703 1309 —
749 1280 939 1332 virentis]
983 1281 1148 1330 Agrum

267 1346 477 1397 pinguem
507 1346 640 1395 atque
670 1343 862 1383 uberem
886 1341 1014 1381 nobis
1046 1343 1147 1380 ante

268 1406 421 1448 oculos
462 1406 607 1458 ponit:
655 1417 758 1457 ager
795 1405 937 1456 viqens
966 1403 1021 1443 ab
1053 1404 1148 1455 ipsa

268 1470 497 1510 Latinitate
515 1469 667 1520 respui
683 1468 875 1508 videtur.
898 1488 942 1495 —
964 1465 1147 1517 Colchus]

267 1531 488 1572 barbarus
518 1531 637 1571 ferus
670 1532 711 1570 et
743 1534 865 1580 trux,
899 1532 947 1569 ut
969 1531 1146 1569 Aeetes.

272 1617 315 1623 —-
349 1593 555 1645 Assyrius]
605 1595 875 1633 «Astutum»
923 1592 1150 1644 exponunt

268 1655 553 1696 Scholiastae.
620 1657 695 1695 Est
738 1656 884 1707 potius
931 1654 1150 1706 «quaevis

268 1729 461 1770 persona
490 1718 703 1767 Asiatica,
738 1717 904 1766 mollis,
937 1716 1043 1756 luxu
1073 1716 1152 1756 dif-

270 1781 436 1830 fluens,
468 1779 613 1832 pusilli
644 1781 796 1829 animi,
832 1781 874 1820 in
903 1780 1041 1820 rebus
1071 1780 1152 1819 ad·

269 1844 411 1883 versis
454 1842 772 1892 meticulosa,»
828 1845 876 1882 ut
918 1845 962 1883 in
1006 1844 1151 1883 Persis

270 1906 462 1955 Xerxes,
496 1906 540 1945 in
562 1906 717 1946 Oreste
740 1906 901 1956 Phryx
926 1906 1149 1957 Aristoph.

270 1969 386 2008 Aves
419 1967 548 2008 4244:
583 1965 760 2025 πότερα
789 1965 950 2008 Λυδὸν
975 1962 1008 2021 ἢ
1030 1964 1153 2024 Φρύ-

270 2041 333 2082 γα
377 2030 523 2070 Ταυτὶ
563 2028 773 2084 λέγουσα
821 2027 1152 2088 μορμολύττε-

273 2092 390 2133 σθαι
411 2092 596 2144 ὁοκεῖς;
631 2116 675 2122 α-
703 2095 732 2133 T
731 2093 1026 2145 hebis-Arqis]
1050 2095 1154 2133 Bar-

272 2155 392 2196 baris
413 2159 698 2208 opponuntur
716 2157 886 2204 Graeci,
909 2157 1025 2195 inter
1041 2166 1154 2206 quos

272 2219 393 2271 ipsos
422 2230 577 2259 rursus
609 2222 674 2259 est
705 2220 965 2268 discrimen,
1008 2222 1057 2258 ut
1086 2219 1155 2258 in—

271 2285 340 2322 ter
368 2281 627 2331 Thebanos,
662 2282 888 2322 Eteoclen]
920 2285 964 2322 et
984 2283 1155 2322 Creon-

271 2347 389 2396 tem,
437 2348 482 2386 et
521 2347 729 2397 Argivos,
778 2345 953 2386 illorum
983 2347 1150 2386 hostes.

274 2409 336 2449 Cf.
361 2408 572 2459 Aeschyli
602 2410 784 2460 Septem
806 2409 1023 2448 adversus
1045 2408 1156 2447 The—

272 2472 354 2511 bas
387 2473 431 2512 et
459 2471 680 2523 Euripidis
720 2470 965 2523 Supplices.
1018 2473 1155 2511 Prae-

274 2538 396 2574 terea
427 2535 541 2574 haec
570 2533 722 2585 regula
753 2534 885 2573 ducta
911 2537 979 2574 est
1000 2545 1054 2573 ex
1072 2532 1154 2573 illis

274 2597 535 2648 tragoediis,
583 2598 626 2636 in
671 2597 833 2648 quibus
876 2599 1035 2649 poetae
1075 2607 1155 2648 pro

275 2660 554 2713 temporibus
577 2660 828 2712 quibusque
851 2660 1069 2699 amicitiae
1085 2658 1156 2698 vel

275 2723 376 2763 odio
415 2723 753 2764 Atheniensium
792 2723 1009 2762 adversus
1050 2721 1156 2762 alias

275 2785 1157 2837 gentesGraecasx·elificabantur,quen1-

276 2848 520 2888 admodum
541 2850 585 2888 in
607 2849 825 2901 Euripidis
843 2848 1154 2888 Andromacha

277 2911 657 2962 despicatissimae
689 2914 791 2952 sunt
819 2915 970 2963 partes
1002 2914 1045 2950 et
1068 2912 1156 2950 Me—

277 2972 392 3013 nelai
423 2976 467 3013 et
495 2974 788 3022 Hermionae,
831 2976 984 3025 utpote
1018 2974 1156 3012 Laco-

277 3047 399 3137 ῃυηέ).
449 3035 536 3075 Cfr.
563 3037 695 3075 etiam
715 3036 923 3076 Welcker
941 3048 1006 3087 φτ
1029 3037 1151 3087 Tra9

277 3110 319 3150 p.
338 3099 363 3138 ‘2
395 3098 432 3137 Ο.

466 3098 690 3148 (Ceterum
715 3098 826 3138 haec
843 3100 989 3138 omnia
1008 3108 1157 3138 exem-
1189 3123 1191 3140 ;

1213 901 1323 940 «Aut
1351 895 1532 952 μῦθον,
1565 900 1696 950 prout
1726 896 1866 939 semel
1896 896 1952 937 ab
1985 897 2093 936 anti-

1212 962 1312 1012 quis
1358 964 1426 1002 est
1468 961 1680 1009 traditus,
1728 962 1913 1001 servatis
1958 960 2092 1000 etiam

1212 1035 1508 1076 personarum
1538 1023 1738 1064 moribus
1765 1025 1899 1074 atque
1920 1024 2009 1063 tota
2031 1023 2094 1062 in-

1213 1086 1335 1135 dole,
1368 1088 1411 1126 in
1441 1086 1666 1137 tragoedia
1697 1097 1912 1137 sequere,
1945 1095 2092 1136 neque

1211 1161 1320 1189 vero
1343 1149 1572 1197 addendo,
1597 1148 1846 1197 demendo,
1879 1147 2093 1187 mutando

1214 1223 1319 1252 eum
1349 1211 1570 1259 deforma,
1605 1221 1734 1260 nam,
1766 1211 1841 1262 qui
1866 1211 1910 1250 in
1931 1208 2093 1249 talibus

1214 1286 1286 1316 ies
1317 1285 1457 1314 novas
1488 1272 1687 1323 molitur,
1729 1272 1995 1324 plerumque
2027 1271 2094 1311 of-

1214 1338 1355 1379 fendit
1374 1340 1666 1389 spectatores,
1692 1337 1767 1387 qui
1785 1334 1939 1375 volunt
1953 1332 2096 1375 Achil—

1214 1401 1305 1441 lem
1348 1411 1448 1441 esse
1491 1410 1651 1440 verum
1695 1398 1817 1439 illum
1860 1396 2092 1442 Achillem,

1215 1475 1303 1504 non
1334 1473 1548 1515 perverse
1579 1463 1768 1502 mixtum
1793 1472 1897 1501 cum
1918 1459 2015 1508 alia,
2049 1462 2098 1498 ut

1214 1529 1342 1579 puta,
1391 1526 1587 1567 Nestoris
1625 1524 1697 1565 vel
1736 1524 1841 1566 Ulixi
1875 1533 2093 1575 persona,

1216 1592 1292 1630 aut
1321 1590 1356 1631 si
1391 1590 1705 1640 argumentum
1745 1586 1880 1638 eliges
1921 1597 1946 1625 a
1979 1583 2096 1624 nullo

1216 1653 1363 1693 adhuc
1407 1654 1645 1692 tractatum
1673 1650 1744 1691 vel
1775 1661 1800 1689 a
1830 1651 1970 1689 temet
1999 1649 2096 1700 ipso

1216 1718 1446 1756 inventum
1492 1715 1556 1765 (ut
1600 1715 1643 1754 in
1687 1713 1924 1764 Agathonis
1972 1710 2097 1751 Flore

1218 1780 1262 1818 et
1292 1778 1406 1818 facta
1437 1779 1481 1817 et
1509 1777 1688 1817 nomina
1718 1775 1821 1816 ficta
1849 1777 1975 1824 sunt,
2007 1775 2099 1815 Ari-

1218 1843 1318 1881 stot.
1342 1842 1463 1881 Po'et.
1488 1841 1537 1889 9,
1571 1839 1655 1889 7.),
1688 1838 1779 1887 fac,
1812 1840 1862 1878 ut
1891 1837 2099 1878 omnibus

1219 1905 1314 1944 eius
1345 1902 1548 1954 partibus
1578 1903 1693 1942 inter
1723 1913 1771 1942 se
1793 1901 2027 1941 conveniat
2047 1911 2098 1940 ac

1218 1976 1513 2018 personarum
1543 1961 1843 2021 χαρακτῆρες
1872 1965 1980 2003 scite
2002 1973 2100 2003 ser-

1218 2031 1401 2068 ventur:
1437 2028 1480 2067 id
1512 2028 1654 2078 quod,
1688 2038 1848 2067 verum
1876 2027 1925 2066 ut
1945 2025 2095 2074 fatear,

1218 2090 1346 2140 longe
1378 2088 1596 2130 difficilius
1627 2092 1696 2130 est
1724 2100 1859 2141 quam
1884 2089 2013 2140 sequi
2034 2087 2101 2127 fa-

1219 2163 1340 2192 mam
1371 2153 1600 2202 antiquam
1629 2151 1862 2203 semelque
1883 2151 1939 2191 ab
1961 2150 2101 2190 omni-

1218 2215 1304 2255 bus
1321 2218 1567 2266 receptam,
1584 2211 1745 2265 μῦθον
1762 2225 1787 2253 a
1807 2213 1946 2265 poetis
1963 2214 2101 2252 Grae-

1220 2279 1283 2318 cis
1313 2278 1526 2318 traditum
1556 2277 1872 2329 (Tradition,
1906 2274 2097 2327 Saye).»

1219 2343 1329 2382 Rem
1373 2342 1549 2392 egregie
1593 2339 1780 2380 illustrat
1817 2339 1941 2379 locus
1976 2338 2102 2378 Anti—

1219 2404 1377 2456 phanis
1400 2403 1519 2455 apud
1540 2403 1698 2443 Athen.
1719 2403 1758 2451 6,
1779 2403 1825 2442 l:
1849 2396 2101 2458 Μακάριόν

1219 2466 1350 2507 ἐστιν
1395 2461 1425 2517 ἡ
1470 2463 1710 2523 τοαγωδιά
1737 2463 1938 2517 Ποίημα
1975 2459 2100 2504 κατὰ

1221 2527 1355 2570 πάντ’
1420 2527 1467 2570 εΞ
1489 2541 1541 2583 γε
1561 2526 1750 2586 ποῶτον
1772 2527 1823 2568 οἱ
1839 2525 1975 2581 λόγοι
1991 2522 2100 2566 Τπὸ

1221 2590 1315 2633 τῶν
1360 2593 1412 2632 θα
1399 2590 1543 2632 ατῶν
1583 2592 1704 2632 εἰσὶν
1741 2591 2099 2661 ἐγνωρισμένοι,

1220 2656 1341 2714 Ποὶν
1384 2657 1466 2695 καί
1508 2656 1592 2695 τιν’
1638 2655 1815 2695 εἰπεῖν·
1868 2647 1936 2704 ὥς
1980 2648 2101 2693 ὑπο-

1220 2717 1406 2773 ιινῆσαι
1447 2715 1603 2772 μόνον
1645 2717 1731 2757 Δεῖ
1759 2713 1845 2757 τὸν
1874 2713 2098 2769 ποιητήν.

1223 2781 1482 2823 Οἰδίπουν
1469 2777 1559 2838 γὰρ
1578 2775 1640 2819 ἀν
1659 2775 1813 2832 μόνον
1835 2776 1928 2828 Φῶ,
1951 2771 2103 2819 τᾶλλα

1221 2843 1355 2886 πάντ’
1374 2842 1558 2884 ἴσασιν
1583 2839 1639 2882 ὁ
1628 2839 1786 2899 πατὴρ
1802 2840 1971 2892 Λάϊος,
1992 2838 2100 2894 Μή-

1220 2922 1309 2980 τηρ
1334 2904 1578 2960 Ιοκάστη,
1621 2906 1851 2970 θυγατέρα
1832 2918 1904 2956 ag,
1938 2903 2102 2955 παῖδες

1223 2974 1315 3012 τινα
1297 2983 1365 3022 ε.ς
1414 2971 1467 3011 Τι’
1511 2971 1641 3010 πείσα
1629 2968 1688 3009 θ
1728 2968 1897 3020 οὑτος,
1942 2970 1987 3009 τι’
2017 2979 2075 3008 πε
2078 2991 2101 2997 -

1222 3036 1391 3087 ,τοίηκα
1373 3045 1435 3073 ε.ν

1279 3097 1506 3137 tao-422.
1553 3095 1758 3147 Scriptor]
1804 3094 1846 3134 h.
1881 3093 1908 3134 l.
1945 3096 2101 3145 «poeta

277 3161 335 3214 pli
352 3161 580 3201 dumtaxat
593 3171 727 3200 causa
746 3160 882 3209 attuli,
897 3171 981 3200 non
1001 3163 1047 3199 ut
1063 3171 1158 3200 cre·
1188 3153 1192 3199 l
1223 3161 1457 3211 tragicus.»
1481 3181 1524 3186 —
1547 3158 1798 3197 honoratum
1812 3179 1835 3186 -
1850 3179 1873 3186 -
1892 3155 2101 3207 Achillem]

285 3225 389 3264 dam
419 3225 498 3264 has
527 3225 647 3275 ipsas
675 3223 925 3273 tragoedias
946 3223 1062 3263 solas
1083 3235 1158 3263 ne-

278 3298 365 3339 que
386 3297 494 3326 vero
515 3285 621 3326 alias
647 3288 749 3326 ante
772 3286 936 3325 Horatii
957 3287 1155 3326 mentem

279 3349 1156 3401 obversatasesse,cumbaecscriheret.)

336 3414 428 3453 419.
478 3414 559 3454 Aut
599 3414 762 3464 famam
791 3411 893 3463 cet.]
944 3412 1158 3452 &fx-‚4219-

284 3476 373 3516 135.
408 3477 520 3517 haec
558 3477 764 3528 primaria
803 3475 1019 3516 sententia
1063 3476 1152 3515 est:

1222 3224 1399 3263 Homeri
1421 3216 1630 3275 ἇγαυόν,
1660 3216 1837 3260 κλυτὸν
1861 3216 2098 3271 Ἀχιλλῆα,

1223 3283 1426 3343 (πρῶτον
1439 3280 1666 3334 Ἑλλάδος
1681 3284 1810 3322 vocat
1830 3285 1974 3322 mater
1993 3282 2103 3322 The-

1223 3350 1276 3389 tis
1297 3349 1415 3401 apud
1431 3349 1579 3400 Eurip.
1600 3346 1812 3387 Androm.
1830 3345 1985 3395 4237.)‚
2008 3346 2102 3385 den

1221 3412 1529 3464 9efeierten;
1566 3411 1684 3449 «tam
1701 3406 1929 3456 illustrem,
1949 3409 1998 3447 ut
2009 3418 2102 3448 om-

1223 3485 1302 3514 nes
1330 3476 1559 3524 tamquam
1587 3471 1749 3512 summi
1782 3470 1931 3510 herois
1952 3481 2101 3511 exem-
