2231 3787
851 266 945 304 LlB.
983 265 1009 302 1.
1076 263 1236 302 EPIST.
1272 263 1340 300 vl.
1903 258 2005 309 443

249 398 548 467 Porrigere.

627 397 724 449 Hic
763 395 987 447 multum
1029 394 1078 445 in
1119 392 1282 446 Fabia
1323 391 1487 452 valet,
1533 390 1617 444 ille
1661 390 1869 454 Velina,

249 501 344 554 Cui
385 498 513 552 libet
551 498 637 551 hic
677 499 849 551 fasces
890 495 1037 549 dabit
1076 494 1379 565 eripietque
1420 492 1607 546 curule

247 602 342 656 Cui
382 600 526 654 volet
566 601 903 671 importunus
943 597 1094 652 ebur.

246 704 309 758 Ut
348 704 545 773 cuique
590 710 671 755 est
711 710 883 761 aetas,
927 701 996 754 ita
1037 715 1312 771 quemque
1351 698 1556 751 facetus
1597 697 1809 769 adopta.
1941 700 2004 750 ¹5

1171 598 1379 658 Frater,
1423 597 1604 657 Pater,
1647 595 1787 649 adde
1803 615 1813 660 3

1941 700 1963 711 υ

231 872 335 909 item
370 870 434 908 Lt.
471 869 533 919 (Ut
555 879 655 915 nos,
691 869 732 916 S,
764 867 884 922 p'yv.)
922 892 961 897 —-
1000 868 1065 907 53.
1102 866 1272 907 Cuilibet
1301 866 1363 905 Lt.
1403 888 1445 894 —
1479 865 1563 917 hic]
1595 866 1630 904 is
1660 876 1763 906 cum
1805 865 1943 905 Codd.

229 934 276 982 E,
298 931 385 983 βζκ
422 930 645 971 Bentleius
685 933 729 971 et
763 932 804 971 F.
852 932 915 982 (Ut
945 941 1046 979 nos,
1090 930 1272 981 bScdp.)
1310 952 1353 957 —-
1385 928 1496 980 faces
1527 928 1567 969 d.
1608 952 1651 957 —
1685 930 1752 968 55.
1788 929 1946 978 adopta

231 1006 458 1048 superscr.
494 996 654 1045 (idapta
685 994 726 1033 d.

175 1157 276 1186 rans
309 1145 425 1194 fore,
468 1147 514 1184 ut
552 1145 646 1184 eius
679 1144 937 1195 suffragium
971 1143 1054 1183 sibi

174 1207 423 1248 conciliet.»
490 1207 587 1246 Vid.
637 1206 872 1246 tabernam
922 1209 1056 1246 Pom-

173 1272 377 1321 peianam
409 1270 451 1308 in
492 1270 630 1310 Musei
674 1269 911 1308 Borbonici
956 1267 1051 1307 Vol.

171 1334 221 1372 X.
263 1334 363 1384 post
400 1330 636 1371 voluminis
672 1332 881 1371 indicem.
935 1332 1056 1370 Haec

172 1395 371 1434 omnium
402 1393 730 1445 simplicissima
749 1395 815 1434 est
836 1393 1054 1444 interpre-

172 1458 297 1505 tatio,
332 1458 374 1496 in
397 1467 532 1507 quam
554 1458 727 1503 tamen,
753 1455 871 1508 quod
896 1457 1051 1505 Sciam,

171 1522 352 1571 praeter
388 1519 578 1570 Lupium
616 1520 661 1558 in
699 1517 911 1559 Morcellii
943 1519 1054 1569 Opp.

173 1583 311 1634 epigr.
337 1583 367 1621 Ι.
391 1593 434 1633 p.
459 1581 552 1621 346.
578 1593 711 1622 nemo
742 1581 905 1621 incidit.
950 1582 1060 1620 Ver-

173 1646 269 1684 tunt
314 1644 433 1684 enim
486 1644 641 1684 «uber
686 1644 881 1685 Geba'lk
916 1645 1054 1693 hin,»

174 1707 330 1746 «oltre
374 1707 434 1758 ρι’
473 1707 799 1758 ἱιιροῃῑόνὶ,)>
842 1718 922 1746 «en
961 1718 1057 1746 me-

172 1771 251 1810 ‹lio
281 1771 337 1810 de
365 1782 468 1809 una
498 1769 694 1818 bulla;»
728 1773 985 1821 quasivero
1009 1782 1053 1810 V.

168 1834 359 1883 pondera
403 1832 670 1883 significaret
717 1833 759 1883 l)
809 1832 1053 1880 «trabes3»

171 1897 210 1946 ⁶2)
246 1896 466 1935 «cuiusvis
497 1897 673 1946 generis
705 1895 984 1944 obstacula3»
1018 1895 1055 1947 3)

174 1968 340 1997 «onera
371 1968 393 1996 a
426 1957 584 1999 baiulis
605 1969 687 2010 per
711 1958 880 2010 plateas
902 1960 1057 2011 porta-

172 2023 262 2060 ta.»
295 2019 374 2060 Alii
398 2021 747 2073 interpretantur
779 2033 886 2073 «per
906 2021 1055 2061 media

171 2082 367 2134 plaustra
388 2085 505 2124 saxis
535 2083 674 2124 aliave
696 2083 814 2124 mole
843 2086 1001 2125 onusta
1017 2097 1054 2133 3»

172 2143 216 2183 id
247 2144 367 2195 quod
407 2156 488 2196 per
527 2157 574 2186 se
616 2145 712 2185 fieri
753 2147 922 2196 nequit.
982 2147 1057 2186 In—

176 2208 244 2245 ter
275 2205 467 2256 reliquas
488 2208 783 2259 praecipuum
803 2206 951 2247 locum
973 2207 1058 2247 ob-

174 2270 282 2308 tinet
312 2270 497 2308 Gesneri
534 2271 868 2321 interpretatio:
918 2269 1056 2309 «ultra

174 2330 487 2382 aequilibrium
528 2333 748 2383 corporis,
796 2343 899 2372 cum
936 2333 1058 2383 peri-

175 2393 274 2434 culo
297 2393 536 2442 cadendi,»
571 2405 705 2445 quam
735 2395 865 2434 unice
897 2393 1059 2446 proba-

175 2457 237 2495 vit
266 2456 576 2496 Lachmannus
598 2456 654 2495 ad
677 2457 852 2495 Lucret.
878 2457 923 2505 6,
958 2456 1054 2497 574.

178 2516 274 2557 coll.
300 2519 476 2558 Lucret.
501 2519 547 2567 2,
581 2518 676 2558 248.
729 2518 851 2558 Ovid.
876 2520 1053 2558 Metam.

178 2582 221 2627 4,
258 2581 330 2619 42:
378 2581 463 2620 ,Nec
492 2580 744 2631 circumfuso
774 2581 979 2631 pendebat
1013 2582 1058 2620 in

175 2645 274 2683 ae're
317 2643 433 2683 tellus
469 2643 721 2683 Ponderibus
758 2644 915 2683 librata
957 2645 1054 2683 suis.

177 2706 341 2745 Lucan.
376 2706 422 2754 4,
456 2706 531 2745 57:
565 2705 708 2746 librati
729 2707 921 2756 pondera
953 2707 1059 2746 caeli

178 2768 282 2808 Orbe
325 2772 413 2808 tene
453 2769 602 2808 medio.
667 2770 879 2808 Diintzeri
918 2769 1058 2809 inter-

175 2831 409 2882 pretationi
432 2830 571 2870 «ultra
591 2831 802 2871 modum»
826 2831 1055 2873 adversari

177 2892 352 2932 videtur
383 2893 658 2952 consuetudo
690 2894 854 2934 Latina.

234 3016 381 3055 52-55.
426 3017 561 3056 Fabia
581 3040 604 3046 -
624 3040 646 3046 -
672 3019 825 3070 Velina]
859 3018 973 3059 duae
1004 3030 1058 3058 ex

178 3077 342 3117 XXXV.
375 3078 579 3118 tribubus
609 3081 841 3131 Romanis,
876 3082 932 3122 de
964 3083 1060 3133 qui-

178 3139 262 3179 bus
303 3139 404 3179 vide
447 3141 584 3180 Inscr.
615 3152 673 3180 m.
703 3143 795 3181 Lat.
828 3144 876 3182 II.
910 3154 954 3195 p.
989 3144 1055 3183 Μ.

182 3202 348 3241 «Homo
404 3201 535 3252 igitur
583 3203 801 3252 gratiosus
851 3205 1058 3255 suffragia

180 3263 408 3303 tribulium
438 3274 623 3303 suorum
654 3264 731 3303 tibi
763 3265 1056 3314 conciliabit;»

179 3324 270 3374 vel,
303 3328 352 3365 ut
381 3325 579 3366 aiebant:
618 3326 810 3366 «tribum
832 3338 959 3368 suam
980 3328 1058 3368 tibi

182 3388 429 3428 conficiet.»
461 3409 504 3416 —
536 3389 611 3428 Cui
638 3388 747 3439 libet]
769 3388 928 3429 divise:
961 3390 1061 3430 «da-

183 3449 247 3488 bit
276 3451 336 3499 ei,
381 3451 453 3490 cui
484 3451 590 3490 dare
623 3451 704 3502 ipsi
733 3449 931 3502 placet3»
972 3463 1060 3493 non

1125 1165 1169 1172 -
1215 1142 1293 1193 hie]
1339 1143 1415 1182 Est
1459 1142 1612 1193 utique
1651 1141 1808 1181 tertius
1847 1140 2004 1192 aliquis

1120 1204 1336 1256 plebeius.
1398 1204 1511 1246 Male
1549 1202 1744 1243 nonnulli
1786 1204 1838 1252 is,
1886 1203 2006 1254 quod

1121 1266 1410 1307 referendum
1433 1268 1553 1306 esset
1583 1266 1639 1306 ad
1661 1278 1729 1305 vv.
1755 1267 1822 1305 ille
1846 1268 2001 1306 Velina.

1125 1353 1169 1357 —
1206 1328 1480 1380 importunus]
1518 1331 1726 1380 «propter
1767 1330 2005 1368 morosita-

1122 1393 1213 1431 tem
1245 1391 1558 1431 incommodus
1591 1392 1634 1429 et
1666 1390 2002 1438 inexorabilis,»

1124 1454 1154 1492 T
1160 1454 1421 1504 rotzkopf.
1459 1476 1503 1481 —
1534 1454 1678 1493 curule
1698 1476 1721 1482 -
1742 1454 1854 1505 ebur]
1891 1453 2006 1494 «sel—

1120 1517 1210 1558 lam
1255 1517 1480 1565 curulem,
1529 1515 1852 1557 consulatum.»
1919 1519 2006 1556 Lo-

1121 1580 1271 1631 quitur
1292 1580 1472 1619 omnino
1502 1580 1633 1630 quasi
1658 1581 1810 1619 vetere
1840 1591 1889 1619 re
1918 1590 2006 1630 pu-

1121 1642 1252 1688 blica,
1274 1643 1317 1681 et
1334 1653 1441 1682 sane
1464 1652 1546 1693 per
1561 1642 1745 1692 Augusti
1767 1643 1809 1682 in
1827 1643 2005 1682 Oriente

1122 1705 1393 1753 absentiam,
1417 1705 1685 1756 praesertim
1706 1716 1745 1743 a.
1767 1716 1810 1743 u.
1831 1715 1868 1743 c.
1889 1704 2002 1753 735„

1122 1767 1286 1807 multae
1319 1767 1476 1807 turbae
1508 1768 1701 1806 maxime
1737 1768 1781 1806 in
1813 1768 2004 1807 comitiis

1122 1830 1389 1881 quaestoriis
1407 1831 1528 1869 ortae
1547 1831 1694 1878 erant,
1716 1839 2004 1881 compressae

1122 1905 1145 1933 a
1179 1894 1225 1933 C.
1251 1893 1399 1932 Sentio
1432 1891 1629 1932 consule.
1678 1891 1828 1931 Vellei.
1854 1893 1900 1941 2,
1935 1893 2001 1932 92.

1125 1979 1170 1984 —
1194 1956 1367 2004 Frater,
1394 1960 1520 2006 pater
1541 1954 1645 2006 cet.]
1673 1955 1902 1994 Interdum
1924 1966 2006 2006 per

1121 2017 1383 2058 blanditiam
1411 2018 1568 2069 fratres
1603 2016 1887 2069 appellabant
1922 2019 2006 2057 ho—

1123 2081 1267 2122 mines
1299 2083 1444 2121 aetate
1477 2080 1561 2121 sibi
1592 2079 1824 2131 aequales,
1860 2084 2007 2130 patres

1122 2145 1341 2184 seniores.
1393 2142 1532 2183 Plaut.
1574 2143 1688 2182 Rud.
1737 2143 1780 2191 l,
1829 2143 1878 2192 2,
1926 2144 2000 2182 211:

1122 2209 1288 2246 PLEsm.
1340 2208 1485 2255 Pater,
1529 2206 1696 2245 salveto.
1741 2228 1764 2234 -
1803 2227 1826 2233 -
1863 2206 2002 2245 DAEM.

1124 2270 1304 2317 Quaere,
1360 2268 1449 2317 vir,
1491 2279 1625 2317 porro
1663 2271 1846 2318 patrem.
1916 2268 2006 2318 E90

1118 2330 1295 2382 filiolam
1345 2329 1490 2382 [olim]
1541 2341 1672 2369 unam
1707 2330 1858 2379 habui,
1910 2341 2004 2369 eam

1121 2403 1252 2431 unam
1272 2393 1453 2441 perdidi.
1512 2392 1636 2431 Virile
1655 2403 1770 2430 secus
1788 2403 2007 2441 nunquam

1120 2455 1252 2494 ullum
1294 2452 1395 2506 [690]
1434 2454 1573 2493 habui.
1627 2455 1778 2493 Iuven.
1817 2455 1864 2503 5,
1909 2454 2001 2494 435.

1122 2517 1248 2556 Virro
1272 2516 1328 2555 ad
1355 2516 1566 2557 Trebium
1588 2514 1796 2556 clientem
1818 2518 2003 2567 repente

1123 2578 1333 2627 ditatum,
1369 2590 1505 2630 quem
1527 2581 1654 2618 antea
1679 2578 2002 2630 superbissime

1122 2643 1412 2681 tractaverat:
1470 2642 1561 2690 Vis,
1606 2641 1764 2692 frater,
1811 2641 1863 2680 ab
1905 2642 2005 2691 ipsis

1120 2704 1274 2744 Ilibus?
1339 2703 1522 2756 Capitol.
1571 2705 1626 2744 M.
1674 2704 1880 2743 Antonin.
1926 2704 1999 2744 48:

1123 2768 1227 2808 Cum
1244 2790 1264 2797 -
1281 2790 1300 2796 -
1320 2767 1373 2807 ab
1394 2767 1490 2806 aliis
1518 2767 1639 2806 modo
1667 2766 1851 2817 frater,
1882 2768 2004 2806 modo

1114 2834 1297 2881 pater,
1343 2831 1465 2869 modo
1510 2830 1682 2880 filiuS,
1728 2833 1774 2868 ut
1806 2830 2005 2880 cuiusque

1121 2897 1237 2932 aetas
1266 2892 1449 2940 sinebat,
1492 2893 1698 2932 diceretur
1732 2893 1816 2932 cet.
1870 2894 2002 2944 Spar-

1122 2957 1266 2996 tianus
1288 2956 1331 2995 in
1352 2954 1450 2995 Did.
1474 2954 1552 2994 Iul.
1574 2954 1621 2995 4:
1649 2955 2002 3005 Unumquemque,

1119 3023 1166 3058 ut
1194 3022 1286 3057 erat
1315 3021 1454 3066 aetas,
1486 3017 1550 3056 vel
1588 3021 1789 3067 patrem
1831 3018 1896 3057 vel
1936 3017 2001 3068 fi-

1121 3081 1248 3120 lium
1275 3079 1339 3119 vel
1376 3084 1649 3129 parentem
1692 3082 1849 3131 affatus
1878 3080 2002 3118 blan—

1121 3143 1286 3182 dissime
1315 3146 1385 3182 est.
1438 3142 1508 3182 Sic
1540 3143 1674 3182 etiam
1706 3143 1873 3182 Graeci.
1912 3144 1999 3181 Lu-

1122 3206 1234 3245 cian.
1278 3206 1470 3257 Menipp.
1513 3205 1579 3244 24.
1646 3203 1898 3244 Philonides
1947 3203 2001 3242 ad

1122 3268 1400 3320 Menippum:
1434 3260 1472 3305 ὦ
1494 3268 1730 3324 πατέριον.
1760 3290 1803 3294 -
1826 3265 1999 3317 facetus]

1125 3329 1313 3370 «blande
1345 3332 1388 3370 et
1418 3330 1656 3378 comiter,»
1698 3329 1789 3367 mit
1826 3327 2000 3377 Artis]-

1122 3392 1235 3431 keit.
1302 3393 1430 3432 Voss.
1478 3392 1653 3442 «fein.»
1713 3392 1900 3429 PAssow.
1954 3412 1997 3416 —

1125 3454 1296 3506 adopta]
1329 3454 1398 3494 Sic
1422 3454 1616 3504 primum
1638 3460 1864 3502 quemque
1885 3451 2000 3488 tam-

183 3512 362 3555 iunctim
383 3513 560 3562 cuilibet,
586 3513 754 3565 «primo
777 3514 982 3564 cuique.»
1012 3539 1054 3543 —
1125 3526 1260 3566 quam
1290 3517 1527 3566 cognatum
1548 3512 1778 3553 salutando
1795 3512 1877 3552 sibi
1899 3522 2001 3552 con-
