2231 3787
837 286 933 325 LIB.
968 286 1017 324 ΙΙ.
1080 286 1190 325 SAT.
1226 287 1294 325 lll.

236 418 421 479 Error,
465 416 563 470 sed
603 417 762 470 variis
805 415 975 469 illudit
1012 416 1286 487 partibus3
1327 416 1429 470 hoe
1470 425 1518 469 te

238 519 410 573 Crede
452 519 612 572 modo
653 520 925 580 insanum,
968 517 1132 571 nihilo
1171 527 1228 571 ut
1268 519 1565 590 sapientior
1605 518 1716 581 ille,

236 622 339 685 Qui
379 629 428 674 te
469 621 704 683 deridet,
748 620 977 674 caudam
1016 620 1203 673 trahat.

1281 621 1372 674 Est
1410 638 1581 691 genus
1620 640 1785 675 unum

237 722 500 777 Stultitiae
544 723 768 776 nihilum
808 722 1098 778 metuenda
1138 723 1398 785 timentis,
1443 732 1498 775 nt
1538 723 1712 794 igneS,

237 825 299 879 Ut
338 843 503 896 rupes
544 825 848 897 fluviosque
888 826 939 877 in
979 843 1170 896 campo
1210 825 1426 878 obstare
1467 832 1754 896 queratur,

1921 827 1986 877 555

234 926 471 980 Alterum
511 936 562 980 et
601 927 725 981 huic
763 944 952 980 varum
992 936 1044 981 et
1081 927 1244 981 nihilo
1285 928 1580 999 sapientius
1624 928 1774 999 ignes

235 1030 337 1082 Per
375 1029 586 1082 medios
626 1029 931 1101 fluviosque
971 1030 1202 1083 ruentis:
1245 1029 1439 1084 clamet
1478 1030 1649 1084 amica

234 1132 423 1191 Mater,
467 1131 691 1185 honesta
733 1149 887 1184 soror
926 1148 1048 1185 cum
1087 1132 1355 1202 cognatis,
1398 1140 1574 1203 pater,
1615 1149 1785 1185 uxor:

239 1233 366 1286 «Hic
405 1233 548 1286 fossa
587 1242 670 1286 est
716 1233 925 1304 ingenS,
967 1233 1053 1286 hic
1091 1250 1257 1304 rupes
1298 1234 1552 1286 maxima!
1595 1234 1773 1288 serva!
1799 1258 1818 1282 »

233 1336 348 1388 Non
388 1335 557 1405 magis
597 1333 826 1388 audierit
863 1352 1026 1406 quam
1065 1334 1247 1388 Fufius
1287 1334 1470 1388 ebrius
1508 1334 1659 1397 olim,

1921 1339 1988 1389 60

269 1532 337 1571 52.
370 1531 473 1571 nihil
503 1543 542 1572 c.
594 1554 639 1559 —
685 1531 751 1572 54.
786 1532 894 1583 iqnis
923 1542 1148 1583 superscr.
1182 1543 1202 1571 e
1239 1543 1277 1572 c.
1330 1555 1374 1560 -
1423 1533 1490 1572 56.
1535 1534 1705 1573 varium
1738 1534 1931 1574 Pottierii

214 1591 441 1645 plerique,
490 1605 603 1633 corr.
639 1594 720 1643 bc,
768 1596 857 1634 LCt
887 1594 930 1633 et
959 1593 1200 1634 Bentleius.

1266 1595 1330 1646 (Ut
1367 1606 1472 1645 nos,
1519 1607 1584 1647 pr.
1618 1596 1696 1646 bc,
1741 1597 1933 1636 Pottierii

216 1657 445 1708 quinque.)
482 1679 526 1686 —-
561 1662 605 1697 at
634 1658 760 1697 nihilo
790 1658 941 1697 Axtius
972 1657 1029 1697 ad
1058 1659 1202 1698 Vestr.
1237 1659 1364 1710 Spur.
1398 1671 1440 1710 p.
1474 1659 1539 1699 88.
1569 1682 1613 1689 —
1637 1661 1704 1700 57.
1730 1661 1795 1701 58.
1822 1662 1933 1700 ami-

213 1730 287 1768 ca,
320 1721 459 1760 Mater
489 1719 763 1771 distinguunt
791 1718 998 1768 Aldinae,
1032 1721 1143 1761 FMJ.
1181 1742 1224 1748 —
1261 1721 1327 1760 60.
1362 1722 1509 1761 Fusius
1537 1721 1650 1774 bp‚t.

159 1893 303 1930 Acron
335 1892 379 1929 et
409 1892 516 1940 Fea;
551 1891 649 1931 sed:
701 1890 876 1931 «Solent
914 1892 1041 1943 pueri

158 1952 408 2004 petulantes
463 1954 766 1995 nescientibus
825 1955 1040 2005 (maxime

158 2016 412 2056 hominibus
450 2016 591 2067 fatuis)
624 2029 648 2056 a
688 2018 812 2068 tergo
850 2017 1041 2057 caudam

159 2079 459 2130 suspendere,
483 2082 531 2118 ut
550 2078 671 2119 velut
690 2090 829 2131 pecus
848 2079 1040 2120 caudam

159 2141 376 2181 trahant.»
423 2144 578 2181 Ponpn.
613 2143 738 2182 Conf.
763 2154 805 2182 v.
830 2143 926 2182 299.
959 2142 1039 2183 Alii

159 2203 395 2253 significari
433 2206 590 2255 putant
625 2203 816 2245 Platonis
847 2204 953 2244 illud
983 2205 1038 2244 de

159 2267 264 2316 Rep.
289 2266 328 2304 ⁶2..
352 2276 394 2316 p.
419 2265 513 2306 365.
539 2267 592 2306 C:
634 2263 722 2319 τὴν
752 2263 836 2307 τοῦ
870 2280 1039 2318 σοφω-

159 2324 305 2368 τάτου
350 2322 628 2384 Ἀρχιλόχου
673 2325 899 2370 ἀλώπεκα
934 2329 1039 2371 ἑλκ-

157 2392 267 2431 τέον
325 2387 581 2441 ἐξόπισθεν
640 2390 899 2448 κερδαλέαν
957 2393 1039 2432 καὶ

159 2451 395 2505 ποικίλην.
430 2453 517 2493 Sed
538 2454 580 2493 h.
600 2453 626 2493 l.
647 2455 827 2493 minime
851 2454 905 2494 de
923 2457 1040 2494 astu-

159 2518 218 2557 tia
249 2518 415 2568 agitur,
449 2529 607 2557 verum
638 2518 693 2557 de
725 2517 920 2557 stultitia.
960 2518 1040 2557 Mi-

160 2581 278 2620 nime
308 2591 415 2620 vero
454 2581 704 2631 comparari
747 2582 893 2631 potest
937 2579 1039 2619 illud

159 2641 310 2682 Velleii
352 2643 401 2691 2,
449 2642 529 2682 83:
579 2654 673 2681 eum
710 2643 971 2682 caeruleatus
1003 2646 1041 2682 et

157 2706 316 2755 nudus,
348 2709 555 2755 caputque
582 2705 798 2744 redimitus
835 2705 1041 2744 arundine

159 2771 195 2806 et
238 2767 420 2806 caudam
460 2767 631 2806 trahens
663 2767 834 2818 ⁸(Jem'bus
868 2768 1042 2806 innixus

160 2829 365 2869 Glaucum
411 2829 600 2869 saltasset
647 2830 691 2868 in
737 2830 938 2869 convivio.
991 2851 1034 2857 —

158 2891 345 2942 nihilum]
378 2892 604 2942 Frequens
636 2892 755 2942 apud
784 2892 1039 2931 Lucretium

160 2963 258 2992 voc.
292 2953 334 2992 in
376 2964 509 3004 prosa
539 2965 603 2993 or.
638 2954 948 2994 tantummodo
993 2955 1041 2993 ut

160 3025 325 3055 nomen
356 3014 682 3056 substantivum
713 3019 966 3068 usurpatur.
991 3040 1034 3044 —

159 3077 297 3129 ignes,
333 3098 357 3105 -
392 3088 516 3126 rupes
558 3079 811 3131 fluviosque]
858 3079 1038 3118 Locutio

159 3137 474 3191 proverbialis,
506 3141 555 3178 ut
575 3141 662 3180 Sat.
688 3142 704 3180 4
726 3173 734 3190 ,
759 3143 774 3181 4
795 3174 804 3192 ,
829 3141 894 3181 39.
927 3142 1036 3193 Epp.

161 3203 206 3250 4,
251 3202 298 3251 4,
340 3201 408 3242 46.
444 3223 491 3230 -
524 3202 631 3254 huie]
671 3202 829 3244 Solitus
860 3204 1039 3244 Horatio

161 3264 485 3316 discrepantiae
508 3263 700 3314 dativus,
734 3267 782 3304 ut
805 3266 893 3305 Sat.
919 3267 935 3305 4
956 3298 964 3316 ,
997 3266 1037 3316 4,

160 3325 227 3366 48.
279 3328 324 3376 4,
367 3327 412 3375 6,
452 3326 518 3366 92.
563 3327 752 3378 Epp.11,
800 3327 872 3375 48,
915 3327 954 3366 3.
992 3351 1036 3356 -

160 3388 324 3440 varum]
373 3389 692 3437 «contrarium,
740 3389 1038 3440 oppositum.»

164 3451 330 3491 «Pedes
361 3451 404 3491 in
434 3451 662 3492 diversum
692 3450 830 3491 flexos
868 3450 1042 3491 haben-

163 3515 229 3553 tes
257 3525 384 3553 varos
419 3513 606 3555 dicimus
644 3515 685 3553 et
724 3513 932 3554 distortas
961 3524 1042 3554 ve-

1105 1902 1185 1932 nas
1214 1893 1418 1932 varices.»
1462 1895 1565 1934 Aen.
1599 1895 1688 1934 Cur
1717 1892 1894 1946 volgare
1925 1896 1986 1935 si—

1105 1953 1287 2005 mulque
1337 1956 1483 1995 minus
1534 1958 1687 2007 aptum
1731 1968 1772 1996 V.
1817 1958 1986 1997 varium

1105 2018 1299 2057 servavit
1327 2017 1588 2058 Bentleius‘?

1158 2079 1305 2118 57-59.
1339 2081 1480 2119 amica
1498 2081 1651 2133 Mater]
1686 2081 1864 2123 «Melius
1884 2085 1986 2135 pot-

1105 2144 1172 2182 est
1202 2143 1265 2182 sic
1286 2143 1447 2194 accipi,
1481 2144 1528 2182 ut
1558 2144 1613 2182 sit
1635 2155 1687 2183 ex
1710 2145 1879 2185 Graeco
1901 2148 1987 2185 tra-

1104 2206 1226 2244 ctum
1256 2203 1374 2258 φίλη
1395 2202 1559 2263 μήτηρ
1582 2207 1722 2257 (Hom.
1745 2206 1792 2246 ll.
1818 2221 1863 2257 α,
1887 2208 1959 2248 354
1975 2240 1983 2247 .

1102 2268 1197 2307 572.
1231 2268 1342 2318 585.)
1375 2279 1509 2319 quam
1538 2279 1619 2320 per
1639 2280 1687 2309 se
1710 2270 1873 2318 amica,
1906 2281 1987 2321 per

1103 2340 1151 2369 se
1193 2329 1353 2369 deinde
1384 2335 1544 2379 mater,
1580 2331 1679 2382 quia
1712 2333 1985 2372 mentionem

1104 2393 1252 2431 uxoris
1275 2392 1376 2431 facit
1397 2394 1439 2432 in
1461 2393 1799 2443 sequentibus.»
1827 2396 1981 2433 Ponpn.

1102 2455 1241 2493 Mater
1285 2456 1329 2494 et
1372 2455 1530 2503 amica,
1587 2465 1699 2505 quae
1750 2455 1821 2495 hic
1866 2456 1985 2506 iungi

1104 2517 1364 2566 neutiquam
1407 2519 1634 2568 poterant,
1683 2519 1836 2556 contra
1882 2519 1983 2569 apte

1104 2580 1329 2620 sociantur
1360 2578 1579 2630 simulque
1621 2578 1704 2618 sibi
1748 2590 1985 2630 opponun-

1106 2642 1175 2679 tur
1205 2640 1323 2691 apud
1355 2641 1444 2680 Cic.
1479 2640 1662 2692 Philipp.
1696 2642 1746 2688 ⁶2,
1792 2641 1866 2690 24,
1900 2641 1979 2681 58:

1103 2705 1266 2744 Reieeta
1317 2709 1453 2744 mater
1488 2705 1670 2743 amicam
1711 2705 1868 2754 impuri
1907 2704 1986 2755 filii

1104 2771 1323 2816 tamquam
1349 2778 1505 2806 nurum
1534 2766 1794 2816 sequebatur.
1832 2790 1876 2795 —
1900 2777 1985 2806 ser-

1102 2829 1172 2881 va]
1204 2828 1283 2880 9ib
1312 2828 1447 2868 Aeht.
1505 2829 1574 2868 Sic
1604 2827 1743 2868 Plaut.
1777 2830 1897 2869 Pers.
1931 2829 1981 2877 5,

1103 2890 1151 2940 2,
1183 2891 1260 2930 29:
1293 2891 1382 2930 hem
1402 2902 1524 2930 serva
1542 2901 1727 2930 rursum.
1774 2891 1885 2929 Item
1907 2891 1986 2930 Te-

1102 2954 1216 2994 rent.
1267 2952 1455 3004 Adelph.
1478 2953 1523 3002 ⁶2,
1550 2954 1565 2992 4
1589 2984 1597 3002 ,
1633 2952 1704 2992 48;
1737 2952 1817 2991 Em
1845 2963 1979 2991 serva.

1159 3016 1306 3055 60-64.
1343 3016 1497 3067 Fufius]
1532 3015 1692 3055 Histrio
1724 3014 1814 3063 hie,
1849 3025 1985 3065 quem

1103 3077 1275 3117 Fufium
1296 3078 1551 3117 Phocaeum
1571 3078 1700 3116 vocat
1723 3076 1981 3127 Porphyrio,

1104 3150 1208 3180 cum
1236 3139 1420 3179 Ilionam
1441 3138 1497 3179 ab
1520 3138 1679 3178 umbra
1701 3137 1887 3189 Deiphili
1909 3137 1984 3177 filii

1105 3201 1546 3253 expergefaciendam
1568 3202 1721 3251 ageret
1743 3199 1908 3249 ebrius,
1933 3211 1983 3239 re

1102 3275 1209 3304 vera
1259 3274 1417 3303 somno
1467 3273 1708 3314 oppressus
1754 3260 1983 3313 crapulam

1106 3327 1360 3375 edormivit‚
1385 3326 1443 3365 ita
1464 3327 1512 3364 ut
1533 3325 1740 3365 Catienus
1758 3355 1766 3372 ,
1791 3323 1865 3373 qui
1884 3321 1983 3361 Dei-

1103 3387 1209 3440 phili
1237 3390 1386 3440 partes
1417 3387 1593 3438 agebat,
1628 3396 1732 3426 eum
1766 3393 1984 3435 experge-

1105 3450 1252 3491 facere
1281 3451 1499 3502 nequiret.
1537 3473 1581 3477 —
1615 3448 1725 3496 olim]
1759 3447 1808 3487 Ut
1836 3446 1880 3484 in
1916 3444 1982 3484 fa—

1104 3511 1252 3563 bellis,
1286 3513 1348 3552 sic
1375 3513 1416 3552 in
1449 3510 1640 3551 historiis
1662 3508 1820 3557 cuique
1841 3517 1981 3558 prope
