2231 3787
233 284 332 335 478

832 283 1045 322 HORATII
1076 282 1440 323 EPISTOLARUM

302 416 435 468 Cum
474 413 641 467 semel
680 413 886 484 accepit
924 411 1105 466 Solem
1146 411 1464 464 furibundus
1504 411 1760 464 acutum?

302 516 392 568 Est
427 515 519 568 ubi
559 513 777 567 divellat
815 531 1033 566 somnos
1071 513 1248 564 minus
1289 511 1465 564 invida
1506 512 1674 565 cura‘?

300 616 551 670 Deterius
590 615 807 688 Libycis
848 614 955 667 olet
994 623 1084 666 aut
1120 613 1251 666 nitet
1287 612 1458 666 herba
1495 611 1727 683 lapillis?

303 717 492 771 Purior
530 718 582 769 in
618 717 749 769 vicis
789 732 932 786 aqua
968 713 1137 767 tendit
1174 730 1426 785 rumpere
1465 712 1771 784 plumbum,

1981 714 2048 765 ί20

300 820 472 883 Quam
512 834 652 888 quae
681 834 778 887 per
804 833 1034 887 pronum
1061 814 1292 886 trepidat
1316 832 1438 868 cum
1464 831 1738 867 murmure
1766 814 1978 867 rivum?

340 992 402 1032 48.
437 991 613 1041 depellat
641 989 758 1030 bScd
792 989 887 1040 (sed
916 989 960 1028 in
991 989 1017 1028 S
1051 998 1276 1040 superscr.
1301 988 1499 1038 divellat),
1533 989 1642 1027 item
1672 999 1750 1028 sex
1779 988 1990 1036 Pottierii,

283 1055 397 1095 LCF.
432 1054 615 1104 (divellat
634 1054 696 1104 E.)
724 1076 768 1081 —
801 1052 866 1091 49.
891 1051 1057 1102 lapillis]
1091 1052 1241 1101 tapetis
1268 1050 1452 1091 Bentleii
1482 1052 1690 1103 suspicio.
1728 1073 1782 1083 —.
1806 1051 1874 1090 24.
1893 1051 1996 1100 pla-

283 1129 381 1157 num
412 1116 500 1157 duo
530 1116 763 1157 Torrentii.

228 1271 409 1307 mentum
438 1266 573 1305 utitur
601 1262 798 1304 Manilius
830 1264 877 1312 3,
920 1263 1015 1303 ⁶288.
1049 1262 1104 1302 de
1170 1261 1401 1302 Numidico
1431 1262 1583 1301 caesim
1613 1261 1841 1310 diminuto,
1891 1263 1940 1301 ut
1983 1264 2052 1302 est

228 1330 379 1370 astris:
425 1329 480 1366 ad
507 1328 647 1366 sidera
673 1326 825 1366 Librae
844 1347 867 1354 -
886 1347 910 1355 -
930 1324 1109 1375 paribus
1171 1323 1289 1376 apud
1325 1323 1559 1376 Apuleium
1595 1325 1774 1364 Metam.
1801 1325 1842 1364 5.
1875 1334 1919 1376 p.
1952 1323 2047 1364 308.

221 1403 301 1444 per
327 1395 516 1440 tempora-
535 1400 657 1428 versa
682 1388 899 1428 Momentis
916 1388 1103 1427 redeunt.
1170 1385 1464 1426 Hildebrand:
1502 1387 1749 1437 pavimenta
1784 1386 1878 1436 ipsa
1915 1386 2053 1436 lapide

228 1454 402 1495 Poetice
432 1463 531 1492 rem
553 1452 615 1492 sic
637 1451 862 1502 exprimit,
894 1452 944 1489 ut
971 1449 1109 1500 fingat
1163 1450 1348 1499 pretioso
1373 1449 1555 1489 caesim
1581 1449 1832 1488 diminuto
1859 1449 1905 1488 in
1925 1449 2052 1489 varia

227 1518 423 1556 Leonem
453 1514 510 1554 ad
545 1514 744 1554 furorem
780 1513 960 1553 excitari
998 1510 1107 1552 Solis
1164 1512 1359 1562 picturae
1377 1523 1534 1563 qenera
1549 1512 1907 1552 discriminantur.
1940 1510 2055 1563 (Mo-

226 1578 359 1618 radiis
379 1578 532 1623 acutis,
566 1577 728 1615 acriter
749 1586 851 1615 eum
871 1576 1109 1626 penetran-

226 1640 359 1680 tibus.
412 1639 490 1679 Od.
524 1639 573 1688 3,
614 1639 691 1686 ⁶29,
741 1638 806 1677 49,
855 1639 1017 1677 Lucan.
1059 1637 1103 1685 4,

227 1703 327 1743 650:
374 1702 421 1742 Si
458 1713 628 1741 saevum
665 1701 799 1740 radiis
832 1701 1105 1748 Nemeaeum,

226 1764 391 1813 Phoebe,
413 1765 587 1804 Leonem
605 1765 727 1802 Nunc
749 1774 984 1813 premeres,
1025 1766 1108 1801 toto

224 1830 400 1879 fluerent
430 1827 621 1866 incendia
648 1826 817 1864 mundo.
845 1847 891 1853 —-
921 1824 1105 1876 acutum]

228 1888 407 1929 Hesiod.
432 1888 478 1927 O.
505 1890 548 1927 et
577 1888 628 1926 D.
652 1886 755 1927 414:
787 1887 934 1939 μένος
968 1882 1107 1937 ὀξέος

229 1945 427 2002 ἠελίοιο.

285 2007 437 2053 48-Ξ4Ῑ
475 2012 549 2050 Est
589 2009 659 2049 ubi
702 2010 815 2061 cet]
863 2011 991 2049 «Ruri
1034 2020 1109 2049 so-

229 2085 384 2115 mnum
428 2076 696 2113 nocturnum
732 2083 820 2111 non
857 2071 1110 2113 disturbant

229 2148 385 2183 curae3
417 2135 609 2175 interdiu
630 2145 844 2175 amoenus
865 2134 1109 2174 herbarum

203 2201 491 2252 ,prospectus
549 2196 723 2239 oculos.
785 2208 916 2237 nares
975 2197 1107 2246 odor,

229 2273 344 2313 aqua
372 2259 611 2312 purissima
645 2257 842 2310 palatum
872 2258 1108 2298 oblectat.»

229 2323 409 2375 divellat]
449 2323 715 2373 Exquisitior
753 2332 860 2361 sane
900 2322 1013 2361 haec
1043 2321 1112 2360 est

227 2385 358 2426 lectIO
389 2395 525 2436 quam
555 2384 747 2434 depellat.
807 2382 918 2422 Illud
951 2382 1112 2434 signifi-

230 2450 318 2488 cat:
373 2457 606 2488 «somnum
642 2445 788 2486 subito
828 2446 1112 2496 interrumpit

229 2520 399 2560 nosque
441 2510 652 2556 excitat;»
696 2507 803 2547 hoc:
853 2518 959 2547 «nos
1004 2506 1111 2546 dor-

228 2574 340 2613 mire
370 2582 458 2611 non
488 2572 632 2612 sinit.»
686 2569 985 2610 Pseudanacr.
1019 2565 1106 2619 λα’,

230 2636 276 2675 9:
328 2631 453 2674 κατά
499 2645 589 2686 μευ
639 2633 826 2681 σχίσεις
874 2624 1107 2688 ὀνείρους.

227 2697 346 2748 virg.
372 2699 447 2736 Ge.
482 2696 528 2745 3,
568 2695 662 2735 530.
698 2696 742 2733 et
771 2692 895 2734 Ovid.
928 2696 1026 2733 Am.
1059 2695 1108 2743 2,

232 2759 302 2807 ⁴0,
339 2759 404 2798 49.
439 2758 645 2797 dixerunt
663 2756 912 2806 abrumpere
931 2767 1107 2796 somnos.

230 2822 347 2872 Virg.
370 2822 481 2861 Aen.
498 2821 542 2868 7,
567 2819 660 2860 458.
693 2830 887 2869 rumpere
906 2829 1108 2858 somnum.

231 2886 371 2924 Nemo
400 2895 507 2923 vero
538 2884 713 2934 depellat
746 2884 791 2922 in
821 2883 987 2922 divellat
1015 2893 1112 2922 mu-

233 2948 393 2991 tasset,
437 2946 523 2985 hoc
558 2956 688 2992 vero,
729 2947 778 2984 ut
819 2945 964 2984 minus
1006 2943 1111 2984 soli-

232 3011 342 3055 tum,
372 3005 496 3045 facile
519 3007 561 3045 in
592 3005 697 3045 illud
725 3006 886 3045 mutari
919 3007 1108 3057 poterat.

236 3092 282 3098 -
325 3069 468 3107 invida
506 3068 624 3119 cura]
675 3078 814 3119 «quae
857 3067 1110 3108 hominibus

233 3141 414 3171 omnem
436 3130 570 3169 animi
590 3127 951 3180 tranquillitatem
972 3130 1017 3168 et
1035 3128 1112 3169 ob-

233 3192 531 3240 lectationem,
559 3201 766 3230 somnum
786 3189 979 3240 denique
999 3188 1112 3229 libe-

234 3265 334 3294 rum
363 3265 416 3294 ac
440 3252 634 3294 solutum
662 3251 840 3291 videtur
868 3252 1107 3292 invidere.»

234 3317 365 3356 Lan.
413 3315 475 3356 Cf.
500 3314 579 3355 Od.
603 3315 619 3353 4
642 3346 651 3363 ,
683 3315 755 3362 44,
789 3314 834 3352 7:
867 3314 1011 3352 invida
1037 3324 1111 3353 ae-

235 3382 312 3417 tas.
353 3400 399 3406 —-
436 3377 597 3426 Libycis
615 3398 638 3405 -
658 3397 682 3405 —
700 3375 866 3426 lapillis]
902 3376 1113 3426 Loquitur

236 3439 291 3478 de
321 3439 584 3490 pavimentis
613 3433 988 3495 (λιθοστρώτοις)
1018 3439 1113 3478 tes-

239 3499 401 3541 sellatis
422 3503 465 3540 et
494 3498 794 3540 vermiculatis
815 3510 866 3538 ex
888 3509 1110 3539 marmore

1170 1571 1599 1627 saikfussboden.)
1630 1575 1800 1620 Seneca
1820 1574 1957 1626 Epist.
1980 1574 2049 1622 86,

1170 1638 1220 1676 5;
1264 1638 1429 1686 Pauper
1466 1636 1544 1675 sibi
1571 1637 1735 1677 videtur
1764 1647 1816 1676 ac
1844 1637 2050 1686 sordidus,

1170 1722 1194 1728 -
1209 1722 1233 1729 -
1252 1699 1333 1738 uisi
1350 1698 1644 1738 Alexandrina
1661 1709 1883 1738 marmora
1900 1699 2055 1739 Numi-

1171 1762 1273 1800 dicis
1301 1762 1451 1800 crustis
1479 1762 1673 1801 distincta
1700 1766 1817 1812 sunt,
1858 1762 1941 1802 nisi
1972 1762 2054 1801 illis

1169 1825 1353 1875 undique
1383 1835 1557 1874 operosa
1588 1828 1625 1864 et
1654 1825 1699 1863 in
1730 1825 1927 1875 picturae
1960 1835 2055 1864 mo-

1170 1887 1269 1925 dum
1295 1887 1469 1925 variata
1497 1886 1745 1926 circumlitio
1769 1887 2051 1937 praetexitur.

1173 1948 1236 1988 Cf.
1274 1949 1445 1988 Becker
1482 1948 1626 1988 Gallus
1664 1948 1748 1999 (ed.
1785 1947 1874 2000 alt.)
1912 1950 1963 1989 11.
2005 1960 2050 2000 p.

1172 2010 1267 2049 206.
1318 2011 1382 2049 De
1419 2021 1556 2061 opere
1594 2012 1744 2050 autem
1775 2011 1950 2051 musivo
1976 2021 2050 2049 νγ.

1171 2070 1454 2123 intelligenda
1486 2083 1584 2113 esse
1615 2072 1894 2113 demonstrat
1919 2083 1964 2112 v,
1987 2073 2054 2112 la-

1168 2134 1292 2185 pillis.
1347 2135 1489 2174 Minus
1519 2136 1642 2174 recte
1671 2135 1758 2174 Fea
1779 2134 1834 2174 de
1856 2145 2055 2175 marmo-

1173 2197 1233 2237 ris
1271 2196 1492 2236 Numidici
1532 2197 1774 2247 segmentis
1809 2196 2053 2236 maioribus

1172 2260 1505 2310 interpretatur.
1554 2259 1832 2309 Ingeniosam
1853 2258 2051 2310 quidem,

1174 2322 1252 2363 sed
1312 2332 1693 2374 supervacaneam
1752 2322 2055 2362 coniecturam

1175 2385 1323 2435 tapetis
1351 2384 1575 2424 Bentleius
1607 2384 1855 2436 desumpsit
1883 2395 1938 2424 ex
1958 2382 2056 2424 Cal·

1173 2447 1319 2499 purnii
1339 2445 1429 2486 Ecl.
1454 2447 1500 2492 6,
1533 2446 1611 2486 72:
1641 2446 1789 2486 melior
1804 2446 1912 2486 viret
1927 2446 2056 2486 herba

1173 2510 1345 2560 tapetis,
1377 2508 1456 2548 ubi
1485 2507 1555 2548 alii
1584 2507 1693 2550 falso
1723 2509 1890 2559 lapillis.
1940 2509 2055 2549 Her-

1174 2574 1353 2624 mippus
1382 2571 1501 2622 apud
1529 2571 1686 2611 Athen.
1721 2571 1766 2620 4,
1806 2570 1879 2612 49:
1924 2569 2056 2627 Καρ-

1174 2629 1336 2687 χηδὼν
1364 2630 1566 2683 δάπιδας
1595 2633 1677 2673 καὶ
1697 2631 1892 2673 ποικίλα
1911 2643 2056 2690 προσ-

1174 2693 1418 2746 κεφάλαια
1447 2694 1694 2752 (παρέχει).
1730 2717 1775 2724 --
1807 2694 1899 2746 olet]
1940 2705 2056 2745 qua-

1173 2760 1305 2798 tenus
1341 2757 1527 2797 floribus
1556 2756 1628 2796 vel
1666 2755 1913 2808 liquoribus
1942 2755 2056 2796 odo·

1173 2821 1279 2860 ratis
1309 2818 1635 2871 spargebantur
1664 2819 1798 2859 etiam
1826 2818 2057 2870 pavimen-

1173 2883 1232 2921 ta.
1285 2880 1348 2921 Cf.
1373 2881 1483 2932 Epp.
1506 2881 1556 2929 2,
1591 2881 1634 2927 4,
1669 2881 1735 2920 79.
1780 2903 1825 2908 -
1862 2881 1908 2920 in
1937 2879 2052 2932 vicis]

1175 2942 1322 2992 Urbis,
1372 2944 1417 2983 in
1465 2953 1576 2994 quos
1621 2953 1737 2994 aqua
1781 2954 1836 2983 ex
1882 2943 2054 2994 magnis

1174 3015 1315 3055 aquae
1347 3004 1554 3046 ductibus
1590 3016 1673 3057 per
1706 3003 1876 3046 fistulas
1904 3003 2055 3057 plum-

1174 3066 1284 3106 beas
1323 3078 1357 3107 s.
1382 3065 1558 3106 tubulos
1597 3065 1860 3107 ducebatur.
1899 3090 1946 3096 —
1974 3070 2055 3106 tro-

1166 3129 1303 3181 pidat]
1335 3130 1638 3169 «continenter
1658 3131 1703 3168 et
1723 3127 1927 3168 celeriter
1948 3138 2054 3168 cur-

1173 3192 1271 3230 rit.»
1323 3191 1410 3232 Csr.
1434 3191 1512 3230 Od.
1536 3191 1585 3238 2,
1624 3190 1670 3240 3,
1705 3191 1779 3230 ⁴⁴:
1810 3190 2054 3239 obliquola-

1174 3254 1297 3293 borat
1322 3253 1511 3303 Lympha
1537 3252 1676 3303 fuya-2:
1703 3252 1916 3302 trepidare
1941 3252 2048 3292 rivo.

1174 3317 1367 3366 Utroque
1397 3317 1547 3354 autem
1574 3313 1672 3354 loco
1700 3323 1915 3354 versuum
1941 3324 2052 3354 sono

1174 3387 1271 3416 rem
1302 3376 1573 3427 descriptam
1603 3376 1712 3416 scite
1743 3375 1938 3416 imitatus
1967 3375 2048 3416 est.

1231 3439 1298 3477 22.
1320 3437 1387 3477 23.
1420 3438 1588 3488 Nempe]
1623 3438 1966 3488 «Argumentum
1986 3435 2054 3477 af-

1175 3499 1260 3539 fert
1287 3500 1374 3548 rei,
1407 3509 1522 3549 quae
1550 3500 1651 3538 ante
1672 3496 1825 3538 oculos
1845 3496 2051 3538 omnibus
