<?xml version="1.0" encoding="UTF-8"?>
<!DOCTYPE html PUBLIC "-//W3C//DTD XHTML 1.0 Transitional//EN"
    "http://www.w3.org/TR/xhtml1/DTD/xhtml1-transitional.dtd">
<html xmlns="http://www.w3.org/1999/xhtml" xml:lang="en" lang="en">
 <head>
  <title>
</title>
<meta http-equiv="Content-Type" content="text/html;charset=utf-8" />
  <meta name='ocr-system' content='tesseract 3.04.00' />
  <meta name='ocr-capabilities' content='ocr_page ocr_carea ocr_par ocr_line ocrx_word'/>
</head>
<body>
  <div class='ocr_page' id='page_1' title='image "./qhoratiusflaccus02horauoft_0396.png"; bbox 0 0 2231 3787; ppageno 0'>
   <div class='ocr_carea' id='block_1_1' title="bbox 777 589 1509 678">
    <p class='ocr_par' dir='ltr' id='par_1_1' title="bbox 777 589 1509 678">
     <span class='ocr_line' id='line_1_1' title="bbox 777 589 1509 678; baseline -0.007 -10"><span class='ocrx_word' id='word_1_1' title='bbox 777 595 840 678; x_wconf 76' lang='lat' dir='ltr'>Q.</span> <span class='ocrx_word' id='word_1_2' title='bbox 891 592 1202 668; x_wconf 81' lang='lat' dir='ltr'>HORATH</span> <span class='ocrx_word' id='word_1_3' title='bbox 1247 589 1509 664; x_wconf 80' lang='lat' dir='ltr'>FLACCI</span> 
     </span>
    </p>
   </div>
   <div class='ocr_carea' id='block_1_2' title="bbox 435 772 1847 922">
    <p class='ocr_par' dir='ltr' id='par_1_2' title="bbox 435 772 1847 922">
     <span class='ocr_line' id='line_1_2' title="bbox 435 772 1847 922; baseline -0.004 0"><span class='ocrx_word' id='word_1_4' title='bbox 435 772 1847 922; x_wconf 79' lang='lat' dir='ltr'>EPISTOLARUM</span> 
     </span>
    </p>
   </div>
   <div class='ocr_carea' id='block_1_3' title="bbox 897 1022 1391 1077">
    <p class='ocr_par' dir='ltr' id='par_1_3' title="bbox 897 1022 1391 1077">
     <span class='ocr_line' id='line_1_3' title="bbox 897 1022 1391 1077; baseline -0.008 -1"><span class='ocrx_word' id='word_1_5' title='bbox 897 1023 1093 1077; x_wconf 90' lang='lat' dir='ltr'>LIBER</span> <span class='ocrx_word' id='word_1_6' title='bbox 1129 1022 1391 1076; x_wconf 86' lang='lat' dir='ltr'><strong>PRIMUS.</strong></span> 
     </span>
    </p>
   </div>
   <div class='ocr_carea' id='block_1_4' title="bbox 870 1284 1422 1335">
    <p class='ocr_par' dir='ltr' id='par_1_4' title="bbox 870 1284 1422 1335">
     <span class='ocr_line' id='line_1_4' title="bbox 870 1284 1422 1335; baseline -0.004 -1"><span class='ocrx_word' id='word_1_7' title='bbox 870 1284 1314 1335; x_wconf 67' lang='lat' dir='ltr'>EPISTOLA</span> <span class='ocrx_word' id='word_1_8' title='bbox 1363 1285 1422 1333; x_wconf 88' lang='lat'>1.</span> 
     </span>
    </p>
   </div>
   <div class='ocr_carea' id='block_1_5' title="bbox 307 1402 1668 1465">
    <p class='ocr_par' dir='ltr' id='par_1_5' title="bbox 307 1402 1668 1465">
     <span class='ocr_line' id='line_1_5' title="bbox 307 1402 1668 1465; baseline -0.006 -3"><span class='ocrx_word' id='word_1_9' title='bbox 307 1410 482 1463; x_wconf 85' lang='lat' dir='ltr'>Prima</span> <span class='ocrx_word' id='word_1_10' title='bbox 520 1407 660 1461; x_wconf 88' lang='lat' dir='ltr'>dicte</span> <span class='ocrx_word' id='word_1_11' title='bbox 699 1403 850 1465; x_wconf 87' lang='lat' dir='ltr'>mihi,</span> <span class='ocrx_word' id='word_1_12' title='bbox 892 1420 1102 1456; x_wconf 88' lang='lat' dir='ltr'>summa</span> <span class='ocrx_word' id='word_1_13' title='bbox 1141 1402 1369 1456; x_wconf 80' lang='lat' dir='ltr'>dicende</span> <span class='ocrx_word' id='word_1_14' title='bbox 1411 1403 1668 1461; x_wconf 84' lang='lat' dir='ltr'>Camena,</span> 
     </span>
    </p>
   </div>
   <div class='ocr_carea' id='block_1_6' title="bbox 364 1551 1999 1607">
    <p class='ocr_par' dir='ltr' id='par_1_6' title="bbox 364 1551 1999 1607">
     <span class='ocr_line' id='line_1_6' title="bbox 364 1551 1999 1607; baseline -0.004 -8"><span class='ocrx_word' id='word_1_15' title='bbox 364 1560 444 1599; x_wconf 86' lang='grc' dir='ltr'>ΕΡ,</span> <span class='ocrx_word' id='word_1_16' title='bbox 478 1560 508 1597; x_wconf 92' lang='grc' dir='ltr'>Ι.</span> <span class='ocrx_word' id='word_1_17' title='bbox 570 1559 617 1596; x_wconf 91' lang='lat' dir='ltr'>In</span> <span class='ocrx_word' id='word_1_18' title='bbox 653 1556 783 1607; x_wconf 91' lang='lat' dir='ltr'>primi</span> <span class='ocrx_word' id='word_1_19' title='bbox 822 1553 940 1593; x_wconf 88' lang='lat' dir='ltr'>Libri</span> <span class='ocrx_word' id='word_1_20' title='bbox 980 1551 1183 1604; x_wconf 86' lang='lat' dir='ltr'>Epistolis</span> <span class='ocrx_word' id='word_1_21' title='bbox 1222 1553 1355 1592; x_wconf 89' lang='lat' dir='ltr'>etiam</span> <span class='ocrx_word' id='word_1_22' title='bbox 1387 1551 1566 1592; x_wconf 87' lang='lat' dir='ltr'>Obbarii</span> <span class='ocrx_word' id='word_1_23' title='bbox 1594 1551 1806 1593; x_wconf 88' lang='lat' dir='ltr'>lectiones</span> <span class='ocrx_word' id='word_1_24' title='bbox 1846 1553 1922 1603; x_wconf 90' lang='lat' dir='ltr'>(O),</span> <span class='ocrx_word' id='word_1_25' title='bbox 1957 1554 1999 1593; x_wconf 91' lang='lat' dir='ltr'>in</span> 
     </span>
    </p>
   </div>
   <div class='ocr_carea' id='block_1_7' title="bbox 291 1615 1054 1673">
    <p class='ocr_par' dir='ltr' id='par_1_7' title="bbox 291 1615 1054 1673">
     <span class='ocr_line' id='line_1_7' title="bbox 291 1615 1054 1673; baseline -0.01 -11"><span class='ocrx_word' id='word_1_26' title='bbox 291 1621 469 1673; x_wconf 87' lang='lat' dir='ltr'>reliquis</span> <span class='ocrx_word' id='word_1_27' title='bbox 501 1621 577 1660; x_wconf 86' lang='lat' dir='ltr'>Th.</span> <span class='ocrx_word' id='word_1_28' title='bbox 612 1617 821 1659; x_wconf 85' lang='lat' dir='ltr'>Schmidii</span> <span class='ocrx_word' id='word_1_29' title='bbox 855 1617 900 1667; x_wconf 89' lang='lat' dir='ltr'>(s)</span> <span class='ocrx_word' id='word_1_30' title='bbox 937 1615 1054 1655; x_wconf 90' lang='lat' dir='ltr'>dedi.</span> 
     </span>
    </p>
   </div>
   <div class='ocr_carea' id='block_1_8' title="bbox 238 1741 1120 3537">
    <p class='ocr_par' dir='ltr' id='par_1_8' title="bbox 238 1741 1120 3537">
     <span class='ocr_line' id='line_1_8' title="bbox 290 1741 1109 1797; baseline -0.01 -10"><span class='ocrx_word' id='word_1_31' title='bbox 290 1749 319 1787; x_wconf 92' lang='lat' dir='ltr'>I.</span> <span class='ocrx_word' id='word_1_32' title='bbox 355 1747 595 1797; x_wconf 89' lang='lat' dir='ltr'>Compacto</span> <span class='ocrx_word' id='word_1_33' title='bbox 618 1755 723 1784; x_wconf 88' lang='lat' dir='ltr'>sane</span> <span class='ocrx_word' id='word_1_34' title='bbox 745 1744 859 1783; x_wconf 89' lang='lat' dir='ltr'>inter</span> <span class='ocrx_word' id='word_1_35' title='bbox 880 1741 1109 1782; x_wconf 81' lang='lat' dir='ltr'>Horatium</span> 
     </span>
     <span class='ocr_line' id='line_1_9' title="bbox 238 1803 1113 1856; baseline -0.009 -7"><span class='ocrx_word' id='word_1_36' title='bbox 238 1812 282 1849; x_wconf 91' lang='lat' dir='ltr'>et</span> <span class='ocrx_word' id='word_1_37' title='bbox 297 1810 600 1849; x_wconf 78' lang='lat' dir='ltr'>Maecenatem</span> <span class='ocrx_word' id='word_1_38' title='bbox 617 1807 729 1845; x_wconf 88' lang='lat' dir='ltr'>haec</span> <span class='ocrx_word' id='word_1_39' title='bbox 747 1803 929 1856; x_wconf 87' lang='lat' dir='ltr'>epistola</span> <span class='ocrx_word' id='word_1_40' title='bbox 952 1803 1113 1853; x_wconf 81' lang='lat' dir='ltr'>scripta</span> 
     </span>
     <span class='ocr_line' id='line_1_10' title="bbox 239 1867 1113 1921; baseline -0.009 -10"><span class='ocrx_word' id='word_1_41' title='bbox 239 1874 326 1920; x_wconf 88' lang='lat' dir='ltr'>est,</span> <span class='ocrx_word' id='word_1_42' title='bbox 371 1868 750 1921; x_wconf 88' lang='lat' dir='ltr'>quemadmodum</span> <span class='ocrx_word' id='word_1_43' title='bbox 781 1867 951 1915; x_wconf 77' lang='lat' dir='ltr'>omma,</span> <span class='ocrx_word' id='word_1_44' title='bbox 1000 1876 1113 1916; x_wconf 90' lang='lat' dir='ltr'>quae</span> 
     </span>
     <span class='ocr_line' id='line_1_11' title="bbox 239 1928 1116 1980; baseline -0.008 -7"><span class='ocrx_word' id='word_1_45' title='bbox 239 1934 294 1973; x_wconf 91' lang='lat' dir='ltr'>ad</span> <span class='ocrx_word' id='word_1_46' title='bbox 325 1944 481 1973; x_wconf 89' lang='lat' dir='ltr'>eorum</span> <span class='ocrx_word' id='word_1_47' title='bbox 512 1930 889 1971; x_wconf 84' lang='lat' dir='ltr'>necessitudinem</span> <span class='ocrx_word' id='word_1_48' title='bbox 918 1928 1116 1980; x_wconf 91' lang='lat' dir='ltr'>pertine-</span> 
     </span>
     <span class='ocr_line' id='line_1_12' title="bbox 239 1991 1116 2045; baseline -0.009 -10"><span class='ocrx_word' id='word_1_49' title='bbox 239 1996 370 2043; x_wconf 85' lang='lat' dir='ltr'>bant,</span> <span class='ocrx_word' id='word_1_50' title='bbox 417 1996 659 2045; x_wconf 86' lang='lat' dir='ltr'>antequam</span> <span class='ocrx_word' id='word_1_51' title='bbox 703 1991 964 2038; x_wconf 78' lang='lat' dir='ltr'>ederentur,</span> <span class='ocrx_word' id='word_1_52' title='bbox 1013 2000 1116 2028; x_wconf 92' lang='lat' dir='ltr'>cum</span> 
     </span>
     <span class='ocr_line' id='line_1_13' title="bbox 239 2055 1117 2099; baseline -0.009 -1"><span class='ocrx_word' id='word_1_53' title='bbox 239 2060 493 2099; x_wconf 80' lang='lat' dir='ltr'>Maecenate</span> <span class='ocrx_word' id='word_1_54' title='bbox 527 2055 850 2095; x_wconf 87' lang='lat' dir='ltr'>communicata</span> <span class='ocrx_word' id='word_1_55' title='bbox 884 2063 983 2093; x_wconf 90' lang='lat' dir='ltr'>esse</span> <span class='ocrx_word' id='word_1_56' title='bbox 1010 2063 1117 2091; x_wconf 90' lang='lat' dir='ltr'>con—</span> 
     </span>
     <span class='ocr_line' id='line_1_14' title="bbox 240 2115 1118 2161; baseline -0.01 0"><span class='ocrx_word' id='word_1_57' title='bbox 240 2123 503 2161; x_wconf 89' lang='lat' dir='ltr'>sentaneum</span> <span class='ocrx_word' id='word_1_58' title='bbox 545 2120 625 2158; x_wconf 92' lang='lat' dir='ltr'>est.</span> <span class='ocrx_word' id='word_1_59' title='bbox 696 2118 788 2156; x_wconf 88' lang='lat' dir='ltr'>lam</span> <span class='ocrx_word' id='word_1_60' title='bbox 827 2127 930 2156; x_wconf 89' lang='lat' dir='ltr'>cum</span> <span class='ocrx_word' id='word_1_61' title='bbox 969 2115 1118 2154; x_wconf 86' lang='lat' dir='ltr'>essent</span> 
     </span>
     <span class='ocr_line' id='line_1_15' title="bbox 241 2180 1116 2234; baseline -0.008 -11"><span class='ocrx_word' id='word_1_62' title='bbox 241 2194 329 2223; x_wconf 89' lang='lat' dir='ltr'>non</span> <span class='ocrx_word' id='word_1_63' title='bbox 366 2183 519 2234; x_wconf 89' lang='lat' dir='ltr'>pauci,</span> <span class='ocrx_word' id='word_1_64' title='bbox 567 2181 640 2232; x_wconf 93' lang='lat' dir='ltr'>qui</span> <span class='ocrx_word' id='word_1_65' title='bbox 677 2180 944 2219; x_wconf 82' lang='lat' dir='ltr'>mirarentur</span> <span class='ocrx_word' id='word_1_66' title='bbox 984 2180 1116 2228; x_wconf 91' lang='lat' dir='ltr'>atque</span> 
     </span>
     <span class='ocr_line' id='line_1_16' title="bbox 240 2239 1119 2295; baseline -0.009 -9"><span class='ocrx_word' id='word_1_67' title='bbox 240 2247 372 2286; x_wconf 89' lang='lat' dir='ltr'>etiam</span> <span class='ocrx_word' id='word_1_68' title='bbox 395 2244 778 2295; x_wconf 86' lang='lat' dir='ltr'>conquererentur</span> <span class='ocrx_word' id='word_1_69' title='bbox 798 2239 915 2281; x_wconf 90' lang='lat' dir='ltr'>nulla</span> <span class='ocrx_word' id='word_1_70' title='bbox 935 2241 1022 2280; x_wconf 90' lang='lat' dir='ltr'>iam</span> <span class='ocrx_word' id='word_1_71' title='bbox 1044 2240 1119 2278; x_wconf 92' lang='lat' dir='ltr'>aut</span> 
     </span>
     <span class='ocr_line' id='line_1_17' title="bbox 240 2302 1119 2360; baseline -0.009 -12"><span class='ocrx_word' id='word_1_72' title='bbox 240 2308 505 2360; x_wconf 88' lang='lat' dir='ltr'>paucissima</span> <span class='ocrx_word' id='word_1_73' title='bbox 538 2305 734 2345; x_wconf 88' lang='lat' dir='ltr'>carmina</span> <span class='ocrx_word' id='word_1_74' title='bbox 772 2302 909 2354; x_wconf 77' lang='lat' dir='ltr'>lyrica</span> <span class='ocrx_word' id='word_1_75' title='bbox 940 2302 995 2342; x_wconf 90' lang='lat' dir='ltr'>ab</span> <span class='ocrx_word' id='word_1_76' title='bbox 1027 2302 1119 2341; x_wconf 94' lang='lat' dir='ltr'>Ho-</span> 
     </span>
     <span class='ocr_line' id='line_1_18' title="bbox 241 2363 1119 2420; baseline -0.008 -10"><span class='ocrx_word' id='word_1_77' title='bbox 241 2371 350 2410; x_wconf 88' lang='lat' dir='ltr'>ratio</span> <span class='ocrx_word' id='word_1_78' title='bbox 388 2368 618 2420; x_wconf 90' lang='lat' dir='ltr'>componi,</span> <span class='ocrx_word' id='word_1_79' title='bbox 659 2367 750 2415; x_wconf 90' lang='lat' dir='ltr'>hic,</span> <span class='ocrx_word' id='word_1_80' title='bbox 784 2365 891 2405; x_wconf 89' lang='lat' dir='ltr'>dum</span> <span class='ocrx_word' id='word_1_81' title='bbox 919 2363 1119 2416; x_wconf 93' lang='lat' dir='ltr'>philoso-</span> 
     </span>
     <span class='ocr_line' id='line_1_19' title="bbox 239 2429 1117 2485; baseline -0.008 -12"><span class='ocrx_word' id='word_1_82' title='bbox 239 2433 370 2485; x_wconf 87' lang='lat' dir='ltr'>phiae</span> <span class='ocrx_word' id='word_1_83' title='bbox 388 2431 471 2472; x_wconf 91' lang='lat' dir='ltr'>sibi</span> <span class='ocrx_word' id='word_1_84' title='bbox 487 2430 673 2483; x_wconf 83' lang='lat' dir='ltr'>placitae</span> <span class='ocrx_word' id='word_1_85' title='bbox 691 2429 931 2481; x_wconf 91' lang='lat' dir='ltr'>praecipue</span> <span class='ocrx_word' id='word_1_86' title='bbox 953 2438 1117 2467; x_wconf 89' lang='lat' dir='ltr'>vacans</span> 
     </span>
     <span class='ocr_line' id='line_1_20' title="bbox 240 2491 1117 2547; baseline -0.007 -12"><span class='ocrx_word' id='word_1_87' title='bbox 240 2507 321 2547; x_wconf 90' lang='lat' dir='ltr'>per</span> <span class='ocrx_word' id='word_1_88' title='bbox 368 2496 449 2534; x_wconf 91' lang='lat' dir='ltr'>hos</span> <span class='ocrx_word' id='word_1_89' title='bbox 498 2493 763 2533; x_wconf 84' lang='lat' dir='ltr'>maturiores</span> <span class='ocrx_word' id='word_1_90' title='bbox 811 2491 928 2529; x_wconf 76' lang='lat' dir='ltr'>vitae</span> <span class='ocrx_word' id='word_1_91' title='bbox 978 2500 1117 2530; x_wconf 92' lang='lat' dir='ltr'>annos</span> 
     </span>
     <span class='ocr_line' id='line_1_21' title="bbox 244 2552 1119 2609; baseline -0.008 -11"><span class='ocrx_word' id='word_1_92' title='bbox 244 2560 359 2609; x_wconf 89' lang='lat' dir='ltr'>(post</span> <span class='ocrx_word' id='word_1_93' title='bbox 375 2569 413 2597; x_wconf 91' lang='lat' dir='ltr'>a.</span> <span class='ocrx_word' id='word_1_94' title='bbox 438 2568 481 2596; x_wconf 93' lang='lat' dir='ltr'>u.</span> <span class='ocrx_word' id='word_1_95' title='bbox 502 2567 539 2595; x_wconf 89' lang='lat' dir='ltr'>c.</span> <span class='ocrx_word' id='word_1_96' title='bbox 565 2555 675 2605; x_wconf 79' lang='grc'>730.)</span> <span class='ocrx_word' id='word_1_97' title='bbox 698 2552 992 2606; x_wconf 87' lang='lat' dir='ltr'>Epistolarum</span> <span class='ocrx_word' id='word_1_98' title='bbox 1013 2556 1119 2604; x_wconf 87' lang='lat' dir='ltr'>poe&#39;-</span> 
     </span>
     <span class='ocr_line' id='line_1_22' title="bbox 241 2615 1117 2669; baseline -0.008 -9"><span class='ocrx_word' id='word_1_99' title='bbox 241 2622 429 2660; x_wconf 86' lang='lat' dir='ltr'>ticarum</span> <span class='ocrx_word' id='word_1_100' title='bbox 445 2628 583 2669; x_wconf 79' lang='lat' dir='ltr'>genus</span> <span class='ocrx_word' id='word_1_101' title='bbox 610 2627 787 2665; x_wconf 88' lang='lat' dir='ltr'>novum,</span> <span class='ocrx_word' id='word_1_102' title='bbox 807 2626 830 2654; x_wconf 92' lang='lat' dir='ltr'>a</span> <span class='ocrx_word' id='word_1_103' title='bbox 848 2615 1117 2655; x_wconf 84' lang='lat' dir='ltr'>Mummiano</span> 
     </span>
     <span class='ocr_line' id='line_1_23' title="bbox 242 2676 1113 2732; baseline -0.008 -10"><span class='ocrx_word' id='word_1_104' title='bbox 242 2682 312 2722; x_wconf 92' lang='lat' dir='ltr'>illo</span> <span class='ocrx_word' id='word_1_105' title='bbox 345 2683 398 2732; x_wconf 90' lang='lat' dir='ltr'>(a.</span> <span class='ocrx_word' id='word_1_106' title='bbox 421 2693 464 2720; x_wconf 94' lang='lat' dir='ltr'>u.</span> <span class='ocrx_word' id='word_1_107' title='bbox 490 2692 527 2720; x_wconf 90' lang='lat' dir='ltr'>c.</span> <span class='ocrx_word' id='word_1_108' title='bbox 553 2680 646 2719; x_wconf 86' lang='lat'>608.</span> <span class='ocrx_word' id='word_1_109' title='bbox 681 2679 770 2719; x_wconf 87' lang='lat' dir='ltr'>Cic.</span> <span class='ocrx_word' id='word_1_110' title='bbox 796 2677 853 2717; x_wconf 86' lang='lat' dir='ltr'>ad</span> <span class='ocrx_word' id='word_1_111' title='bbox 872 2678 958 2717; x_wconf 85' lang='lat' dir='ltr'>Att.</span> <span class='ocrx_word' id='word_1_112' title='bbox 985 2676 1049 2725; x_wconf 75' lang='lat'>43,</span> <span class='ocrx_word' id='word_1_113' title='bbox 1075 2677 1113 2725; x_wconf 90' lang='grc'>6,</span> 
     </span>
     <span class='ocr_line' id='line_1_24' title="bbox 244 2738 1112 2794; baseline -0.008 -10"><span class='ocrx_word' id='word_1_114' title='bbox 244 2744 298 2794; x_wconf 65' lang='lat'>4.)</span> <span class='ocrx_word' id='word_1_115' title='bbox 330 2744 481 2794; x_wconf 91' lang='lat' dir='ltr'>utique</span> <span class='ocrx_word' id='word_1_116' title='bbox 513 2741 640 2792; x_wconf 79' lang='lat' dir='ltr'>longe</span> <span class='ocrx_word' id='word_1_117' title='bbox 680 2741 907 2780; x_wconf 72' lang='lat' dir='ltr'>diversum</span> <span class='ocrx_word' id='word_1_118' title='bbox 948 2738 1112 2786; x_wconf 87' lang='lat' dir='ltr'>condit,</span> 
     </span>
     <span class='ocr_line' id='line_1_25' title="bbox 243 2802 1115 2861; baseline -0.005 -17"><span class='ocrx_word' id='word_1_119' title='bbox 243 2807 402 2857; x_wconf 88' lang='lat' dir='ltr'>partim</span> <span class='ocrx_word' id='word_1_120' title='bbox 432 2806 533 2844; x_wconf 81' lang='grc' dir='ltr'>κατ’</span> <span class='ocrx_word' id='word_1_121' title='bbox 566 2804 829 2861; x_wconf 73' lang='grc' dir='ltr'><em>εἰρωνείαν,</em></span> <span class='ocrx_word' id='word_1_122' title='bbox 862 2802 1023 2853; x_wconf 89' lang='lat' dir='ltr'>partim</span> <span class='ocrx_word' id='word_1_123' title='bbox 1064 2812 1115 2840; x_wconf 85' lang='lat' dir='ltr'>ex</span> 
     </span>
     <span class='ocr_line' id='line_1_26' title="bbox 244 2863 1118 2914; baseline -0.006 -8"><span class='ocrx_word' id='word_1_124' title='bbox 244 2868 376 2907; x_wconf 89' lang='lat' dir='ltr'>animi</span> <span class='ocrx_word' id='word_1_125' title='bbox 398 2868 614 2906; x_wconf 89' lang='lat' dir='ltr'>sententia</span> <span class='ocrx_word' id='word_1_126' title='bbox 635 2865 888 2905; x_wconf 89' lang='lat' dir='ltr'>hominibus</span> <span class='ocrx_word' id='word_1_127' title='bbox 912 2863 990 2903; x_wconf 91' lang='lat' dir='ltr'>illis</span> <span class='ocrx_word' id='word_1_128' title='bbox 1009 2873 1118 2914; x_wconf 92' lang='lat' dir='ltr'>pro-</span> 
     </span>
     <span class='ocr_line' id='line_1_27' title="bbox 243 2926 1118 2981; baseline -0.007 -12"><span class='ocrx_word' id='word_1_129' title='bbox 243 2941 298 2981; x_wconf 87' lang='lat' dir='ltr'>pe</span> <span class='ocrx_word' id='word_1_130' title='bbox 330 2930 458 2968; x_wconf 88' lang='lat' dir='ltr'>nimis</span> <span class='ocrx_word' id='word_1_131' title='bbox 492 2928 719 2968; x_wconf 73' lang='lat' dir='ltr'>benevolis</span> <span class='ocrx_word' id='word_1_132' title='bbox 754 2926 1009 2978; x_wconf 87' lang='lat' dir='ltr'>respondet.</span> <span class='ocrx_word' id='word_1_133' title='bbox 1051 2926 1118 2964; x_wconf 88' lang='lat' dir='ltr'>Si-</span> 
     </span>
     <span class='ocr_line' id='line_1_28' title="bbox 244 2988 1117 3038; baseline -0.007 -7"><span class='ocrx_word' id='word_1_134' title='bbox 244 2990 381 3031; x_wconf 89' lang='lat' dir='ltr'>mulat</span> <span class='ocrx_word' id='word_1_135' title='bbox 402 2993 551 3029; x_wconf 87' lang='lat' dir='ltr'>autem</span> <span class='ocrx_word' id='word_1_136' title='bbox 573 3001 672 3030; x_wconf 89' lang='lat' dir='ltr'>sese</span> <span class='ocrx_word' id='word_1_137' title='bbox 695 2989 749 3029; x_wconf 89' lang='lat' dir='ltr'>de</span> <span class='ocrx_word' id='word_1_138' title='bbox 772 2988 931 3028; x_wconf 88' lang='lat' dir='ltr'>talibus</span> <span class='ocrx_word' id='word_1_139' title='bbox 954 2998 1117 3038; x_wconf 88' lang='lat' dir='ltr'>quere-</span> 
     </span>
     <span class='ocr_line' id='line_1_29' title="bbox 245 3050 1115 3103; baseline -0.006 -10"><span class='ocrx_word' id='word_1_140' title='bbox 245 3054 294 3094; x_wconf 86' lang='lat' dir='ltr'>lis</span> <span class='ocrx_word' id='word_1_141' title='bbox 330 3053 453 3103; x_wconf 87' lang='lat' dir='ltr'>quasi</span> <span class='ocrx_word' id='word_1_142' title='bbox 492 3050 769 3103; x_wconf 79' lang='lat' dir='ltr'>expostulare</span> <span class='ocrx_word' id='word_1_143' title='bbox 802 3062 904 3091; x_wconf 92' lang='lat' dir='ltr'>cum</span> <span class='ocrx_word' id='word_1_144' title='bbox 935 3051 1115 3101; x_wconf 90' lang='lat' dir='ltr'>potente</span> 
     </span>
     <span class='ocr_line' id='line_1_30' title="bbox 246 3111 1115 3164; baseline -0.007 -9"><span class='ocrx_word' id='word_1_145' title='bbox 246 3116 414 3163; x_wconf 85' lang='lat' dir='ltr'>amico,</span> <span class='ocrx_word' id='word_1_146' title='bbox 448 3124 641 3164; x_wconf 85' lang='lat' dir='ltr'>quocum</span> <span class='ocrx_word' id='word_1_147' title='bbox 673 3113 865 3163; x_wconf 88' lang='lat' dir='ltr'>primum</span> <span class='ocrx_word' id='word_1_148' title='bbox 899 3123 949 3151; x_wconf 92' lang='lat' dir='ltr'>ea</span> <span class='ocrx_word' id='word_1_149' title='bbox 981 3111 1036 3150; x_wconf 88' lang='lat' dir='ltr'>de</span> <span class='ocrx_word' id='word_1_150' title='bbox 1068 3121 1115 3149; x_wconf 86' lang='lat' dir='ltr'>re</span> 
     </span>
     <span class='ocr_line' id='line_1_31' title="bbox 246 3172 1118 3224; baseline -0.006 -8"><span class='ocrx_word' id='word_1_151' title='bbox 246 3176 509 3223; x_wconf 83' lang='lat' dir='ltr'>collocutus,</span> <span class='ocrx_word' id='word_1_152' title='bbox 544 3173 703 3213; x_wconf 87' lang='lat' dir='ltr'>deinde</span> <span class='ocrx_word' id='word_1_153' title='bbox 726 3172 907 3224; x_wconf 88' lang='lat' dir='ltr'>epistola</span> <span class='ocrx_word' id='word_1_154' title='bbox 931 3173 1022 3224; x_wconf 89' lang='lat' dir='ltr'>ipsa</span> <span class='ocrx_word' id='word_1_155' title='bbox 1045 3184 1118 3211; x_wconf 91' lang='lat' dir='ltr'>re-</span> 
     </span>
     <span class='ocr_line' id='line_1_32' title="bbox 246 3236 1118 3289; baseline -0.005 -11"><span class='ocrx_word' id='word_1_156' title='bbox 246 3240 374 3279; x_wconf 85' lang='lat' dir='ltr'>citata</span> <span class='ocrx_word' id='word_1_157' title='bbox 405 3248 485 3289; x_wconf 91' lang='lat' dir='ltr'>pro</span> <span class='ocrx_word' id='word_1_158' title='bbox 517 3247 645 3282; x_wconf 66' lang='lat' dir='ltr'>vera,</span> <span class='ocrx_word' id='word_1_159' title='bbox 680 3247 764 3286; x_wconf 88' lang='lat' dir='ltr'>qua</span> <span class='ocrx_word' id='word_1_160' title='bbox 796 3236 909 3274; x_wconf 86' lang='lat' dir='ltr'>inter</span> <span class='ocrx_word' id='word_1_161' title='bbox 940 3247 987 3275; x_wconf 89' lang='lat' dir='ltr'>se</span> <span class='ocrx_word' id='word_1_162' title='bbox 1018 3237 1118 3274; x_wconf 86' lang='lat' dir='ltr'>ute-</span> 
     </span>
     <span class='ocr_line' id='line_1_33' title="bbox 246 3297 1119 3348; baseline -0.006 -8"><span class='ocrx_word' id='word_1_163' title='bbox 246 3301 427 3348; x_wconf 87' lang='lat' dir='ltr'>bantur,</span> <span class='ocrx_word' id='word_1_164' title='bbox 469 3297 759 3339; x_wconf 84' lang='lat' dir='ltr'>familiaritate</span> <span class='ocrx_word' id='word_1_165' title='bbox 791 3298 966 3348; x_wconf 87' lang='lat' dir='ltr'>saepius</span> <span class='ocrx_word' id='word_1_166' title='bbox 1000 3298 1119 3336; x_wconf 84' lang='lat' dir='ltr'>ioca-</span> 
     </span>
     <span class='ocr_line' id='line_1_34' title="bbox 247 3358 1120 3412; baseline -0.005 -10"><span class='ocrx_word' id='word_1_167' title='bbox 247 3366 315 3402; x_wconf 86' lang='lat' dir='ltr'>tus</span> <span class='ocrx_word' id='word_1_168' title='bbox 347 3364 464 3411; x_wconf 87' lang='lat' dir='ltr'>erat,</span> <span class='ocrx_word' id='word_1_169' title='bbox 499 3362 714 3412; x_wconf 87' lang='lat' dir='ltr'>imprimis</span> <span class='ocrx_word' id='word_1_170' title='bbox 745 3359 800 3399; x_wconf 89' lang='lat' dir='ltr'>de</span> <span class='ocrx_word' id='word_1_171' title='bbox 820 3358 933 3399; x_wconf 88' lang='lat' dir='ltr'>salsa</span> <span class='ocrx_word' id='word_1_172' title='bbox 957 3361 1120 3399; x_wconf 84' lang='lat' dir='ltr'>Stoico-</span> 
     </span>
     <span class='ocr_line' id='line_1_35' title="bbox 246 3422 1118 3473; baseline -0.003 -10"><span class='ocrx_word' id='word_1_173' title='bbox 246 3435 345 3464; x_wconf 89' lang='lat' dir='ltr'>rum</span> <span class='ocrx_word' id='word_1_174' title='bbox 393 3424 616 3471; x_wconf 70' lang='lat' dir='ltr'>irrisione,</span> <span class='ocrx_word' id='word_1_175' title='bbox 668 3433 754 3473; x_wconf 90' lang='lat' dir='ltr'>qua</span> <span class='ocrx_word' id='word_1_176' title='bbox 802 3422 884 3461; x_wconf 86' lang='lat' dir='ltr'>hac</span> <span class='ocrx_word' id='word_1_177' title='bbox 934 3422 1025 3472; x_wconf 88' lang='lat' dir='ltr'>ipsa</span> <span class='ocrx_word' id='word_1_178' title='bbox 1076 3423 1118 3461; x_wconf 90' lang='lat' dir='ltr'>in</span> 
     </span>
     <span class='ocr_line' id='line_1_36' title="bbox 248 3484 1118 3537; baseline -0.003 -11"><span class='ocrx_word' id='word_1_179' title='bbox 248 3486 435 3537; x_wconf 82' lang='lat' dir='ltr'>Epistola</span> <span class='ocrx_word' id='word_1_180' title='bbox 478 3488 616 3525; x_wconf 83' lang='lat' dir='ltr'>totum</span> <span class='ocrx_word' id='word_1_181' title='bbox 668 3485 827 3524; x_wconf 87' lang='lat' dir='ltr'>borum</span> <span class='ocrx_word' id='word_1_182' title='bbox 868 3484 1118 3533; x_wconf 85' lang='lat' dir='ltr'>disputandi</span> 
     </span>
    </p>
   </div>
   <div class='ocr_carea' id='block_1_9' title="bbox 1177 1739 2058 3472">
    <p class='ocr_par' dir='ltr' id='par_1_9' title="bbox 1177 1739 2058 3347">
     <span class='ocr_line' id='line_1_37' title="bbox 1177 1739 2056 1790; baseline 0.001 -11"><span class='ocrx_word' id='word_1_183' title='bbox 1177 1751 1315 1790; x_wconf 82' lang='lat' dir='ltr'>genus</span> <span class='ocrx_word' id='word_1_184' title='bbox 1337 1740 1442 1780; x_wconf 90' lang='lat' dir='ltr'>dum</span> <span class='ocrx_word' id='word_1_185' title='bbox 1465 1740 1605 1779; x_wconf 86' lang='lat' dir='ltr'>facete</span> <span class='ocrx_word' id='word_1_186' title='bbox 1626 1740 1820 1779; x_wconf 91' lang='lat' dir='ltr'>imitatur</span> <span class='ocrx_word' id='word_1_187' title='bbox 1844 1739 1973 1780; x_wconf 86' lang='lat' dir='ltr'>simul</span> <span class='ocrx_word' id='word_1_188' title='bbox 1994 1739 2056 1780; x_wconf 94' lang='lat' dir='ltr'>lu-</span> 
     </span>
     <span class='ocr_line' id='line_1_38' title="bbox 1178 1802 2056 1854; baseline 0.001 -12"><span class='ocrx_word' id='word_1_189' title='bbox 1178 1803 1253 1843; x_wconf 90' lang='lat' dir='ltr'>dit.</span> <span class='ocrx_word' id='word_1_190' title='bbox 1315 1804 1452 1842; x_wconf 89' lang='lat' dir='ltr'>Nimis</span> <span class='ocrx_word' id='word_1_191' title='bbox 1493 1804 1608 1842; x_wconf 83' lang='lat' dir='ltr'>serio</span> <span class='ocrx_word' id='word_1_192' title='bbox 1652 1802 1852 1854; x_wconf 90' lang='lat' dir='ltr'>profecto</span> <span class='ocrx_word' id='word_1_193' title='bbox 1890 1802 2056 1854; x_wconf 84' lang='lat' dir='ltr'>aliquot</span> 
     </span>
     <span class='ocr_line' id='line_1_39' title="bbox 1179 1864 2057 1916; baseline 0.001 -12"><span class='ocrx_word' id='word_1_194' title='bbox 1179 1866 1307 1905; x_wconf 90' lang='lat' dir='ltr'>huius</span> <span class='ocrx_word' id='word_1_195' title='bbox 1330 1864 1541 1916; x_wconf 87' lang='lat' dir='ltr'>epistolae</span> <span class='ocrx_word' id='word_1_196' title='bbox 1562 1864 1792 1914; x_wconf 86' lang='lat' dir='ltr'>versiculi,</span> <span class='ocrx_word' id='word_1_197' title='bbox 1824 1864 1946 1905; x_wconf 89' lang='lat' dir='ltr'>velut</span> <span class='ocrx_word' id='word_1_198' title='bbox 1965 1867 2057 1905; x_wconf 87' lang='lat' dir='ltr'>sta-</span> 
     </span>
     <span class='ocr_line' id='line_1_40' title="bbox 1180 1926 2056 1979; baseline 0.002 -13"><span class='ocrx_word' id='word_1_199' title='bbox 1180 1928 1258 1966; x_wconf 92' lang='lat' dir='ltr'>tim</span> <span class='ocrx_word' id='word_1_200' title='bbox 1287 1928 1442 1978; x_wconf 89' lang='lat' dir='ltr'>primi,</span> <span class='ocrx_word' id='word_1_201' title='bbox 1486 1928 1581 1966; x_wconf 90' lang='lat' dir='ltr'>tum</span> <span class='ocrx_word' id='word_1_202' title='bbox 1612 1926 1663 1967; x_wconf 74' lang='lat'>94</span> <span class='ocrx_word' id='word_1_203' title='bbox 1694 1938 1847 1978; x_wconf 78' lang='lat' dir='ltr'>seqq,</span> <span class='ocrx_word' id='word_1_204' title='bbox 1895 1927 2056 1979; x_wconf 90' lang='lat' dir='ltr'>quibus</span> 
     </span>
     <span class='ocr_line' id='line_1_41' title="bbox 1181 1989 2056 2040; baseline 0.002 -12"><span class='ocrx_word' id='word_1_205' title='bbox 1181 1991 1359 2028; x_wconf 87' lang='lat' dir='ltr'>mutuae</span> <span class='ocrx_word' id='word_1_206' title='bbox 1382 1989 1512 2029; x_wconf 90' lang='lat' dir='ltr'>huius</span> <span class='ocrx_word' id='word_1_207' title='bbox 1533 1989 1752 2028; x_wconf 88' lang='lat' dir='ltr'>amicitiae</span> <span class='ocrx_word' id='word_1_208' title='bbox 1780 1990 1925 2029; x_wconf 89' lang='lat' dir='ltr'>minus</span> <span class='ocrx_word' id='word_1_209' title='bbox 1947 2001 2056 2040; x_wconf 81' lang='lat' dir='ltr'>gna-</span> 
     </span>
     <span class='ocr_line' id='line_1_42' title="bbox 1180 2050 2056 2103; baseline 0.002 -13"><span class='ocrx_word' id='word_1_210' title='bbox 1180 2063 1253 2091; x_wconf 92' lang='lat' dir='ltr'>ros</span> <span class='ocrx_word' id='word_1_211' title='bbox 1283 2050 1414 2091; x_wconf 91' lang='lat' dir='ltr'>illusit</span> <span class='ocrx_word' id='word_1_212' title='bbox 1432 2053 1586 2103; x_wconf 89' lang='lat' dir='ltr'>po&#39;eta,</span> <span class='ocrx_word' id='word_1_213' title='bbox 1621 2063 1644 2091; x_wconf 93' lang='lat' dir='ltr'>a</span> <span class='ocrx_word' id='word_1_214' title='bbox 1666 2051 1890 2103; x_wconf 89' lang='lat' dir='ltr'>plerisque</span> <span class='ocrx_word' id='word_1_215' title='bbox 1912 2053 2056 2092; x_wconf 87' lang='lat' dir='ltr'>Inter-</span> 
     </span>
     <span class='ocr_line' id='line_1_43' title="bbox 1180 2113 2053 2165; baseline 0.003 -12"><span class='ocrx_word' id='word_1_216' title='bbox 1180 2113 1381 2165; x_wconf 83' lang='lat' dir='ltr'>pretibus</span> <span class='ocrx_word' id='word_1_217' title='bbox 1399 2117 1442 2153; x_wconf 92' lang='lat' dir='ltr'>et</span> <span class='ocrx_word' id='word_1_218' title='bbox 1458 2115 1630 2165; x_wconf 90' lang='lat' dir='ltr'>accepti</span> <span class='ocrx_word' id='word_1_219' title='bbox 1651 2116 1695 2154; x_wconf 91' lang='lat' dir='ltr'>et</span> <span class='ocrx_word' id='word_1_220' title='bbox 1715 2113 1917 2165; x_wconf 81' lang='lat' dir='ltr'>explicati</span> <span class='ocrx_word' id='word_1_221' title='bbox 1938 2118 2053 2156; x_wconf 94' lang='lat' dir='ltr'>sunt.</span> 
     </span>
     <span class='ocr_line' id='line_1_44' title="bbox 1179 2176 2056 2224; baseline 0.003 -9"><span class='ocrx_word' id='word_1_222' title='bbox 1179 2176 1275 2215; x_wconf 89' lang='lat' dir='ltr'>Vid.</span> <span class='ocrx_word' id='word_1_223' title='bbox 1296 2177 1556 2216; x_wconf 81' lang='lat' dir='ltr'>Excursum.</span> <span class='ocrx_word' id='word_1_224' title='bbox 1591 2176 1718 2224; x_wconf 86' lang='lat' dir='ltr'>Quod</span> <span class='ocrx_word' id='word_1_225' title='bbox 1734 2176 1790 2216; x_wconf 92' lang='lat' dir='ltr'>ad</span> <span class='ocrx_word' id='word_1_226' title='bbox 1806 2177 2056 2218; x_wconf 89' lang='lat' dir='ltr'>definienda</span> 
     </span>
     <span class='ocr_line' id='line_1_45' title="bbox 1180 2237 2057 2290; baseline 0.002 -12"><span class='ocrx_word' id='word_1_227' title='bbox 1180 2240 1385 2290; x_wconf 89' lang='lat' dir='ltr'>tempora</span> <span class='ocrx_word' id='word_1_228' title='bbox 1413 2237 1710 2290; x_wconf 89' lang='lat' dir='ltr'>Epistolarum</span> <span class='ocrx_word' id='word_1_229' title='bbox 1743 2238 1861 2278; x_wconf 90' lang='lat' dir='ltr'>Libri</span> <span class='ocrx_word' id='word_1_230' title='bbox 1891 2241 1922 2279; x_wconf 93' lang='grc' dir='ltr'>Ι.</span> <span class='ocrx_word' id='word_1_231' title='bbox 1957 2242 2057 2280; x_wconf 87' lang='lat' dir='ltr'>atti-</span> 
     </span>
     <span class='ocr_line' id='line_1_46' title="bbox 1181 2300 2058 2354; baseline 0.002 -14"><span class='ocrx_word' id='word_1_232' title='bbox 1181 2302 1270 2349; x_wconf 87' lang='lat' dir='ltr'>net,</span> <span class='ocrx_word' id='word_1_233' title='bbox 1290 2301 1588 2341; x_wconf 90' lang='lat' dir='ltr'>certissimum</span> <span class='ocrx_word' id='word_1_234' title='bbox 1601 2300 1920 2342; x_wconf 87' lang='lat' dir='ltr'>documentum</span> <span class='ocrx_word' id='word_1_235' title='bbox 1930 2313 2058 2354; x_wconf 86' lang='lat' dir='ltr'>prae-</span> 
     </span>
     <span class='ocr_line' id='line_1_47' title="bbox 1180 2362 2056 2414; baseline 0.003 -12"><span class='ocrx_word' id='word_1_236' title='bbox 1180 2362 1259 2402; x_wconf 87' lang='lat' dir='ltr'>bet</span> <span class='ocrx_word' id='word_1_237' title='bbox 1278 2362 1470 2414; x_wconf 89' lang='lat' dir='ltr'>Epistola</span> <span class='ocrx_word' id='word_1_238' title='bbox 1485 2363 1593 2412; x_wconf 61' lang='lat' dir='ltr'>XX„</span> <span class='ocrx_word' id='word_1_239' title='bbox 1617 2374 1729 2414; x_wconf 90' lang='lat' dir='ltr'>quae</span> <span class='ocrx_word' id='word_1_240' title='bbox 1747 2363 1982 2404; x_wconf 87' lang='lat' dir='ltr'>manifesto</span> <span class='ocrx_word' id='word_1_241' title='bbox 2003 2376 2056 2405; x_wconf 94' lang='lat' dir='ltr'>eo</span> 
     </span>
     <span class='ocr_line' id='line_1_48' title="bbox 1182 2424 2056 2476; baseline 0.002 -12"><span class='ocrx_word' id='word_1_242' title='bbox 1182 2424 1362 2465; x_wconf 89' lang='lat' dir='ltr'>consilio</span> <span class='ocrx_word' id='word_1_243' title='bbox 1393 2427 1639 2476; x_wconf 88' lang='lat' dir='ltr'>composita</span> <span class='ocrx_word' id='word_1_244' title='bbox 1670 2427 1757 2475; x_wconf 82' lang='lat' dir='ltr'>est,</span> <span class='ocrx_word' id='word_1_245' title='bbox 1805 2427 1853 2465; x_wconf 89' lang='lat' dir='ltr'>ut</span> <span class='ocrx_word' id='word_1_246' title='bbox 1892 2427 2056 2466; x_wconf 88' lang='lat' dir='ltr'>totius</span> 
     </span>
     <span class='ocr_line' id='line_1_49' title="bbox 1180 2486 2053 2539; baseline 0.002 -12"><span class='ocrx_word' id='word_1_247' title='bbox 1180 2488 1337 2538; x_wconf 87' lang='lat' dir='ltr'>libri,</span> <span class='ocrx_word' id='word_1_248' title='bbox 1372 2486 1550 2539; x_wconf 89' lang='lat' dir='ltr'>qualem</span> <span class='ocrx_word' id='word_1_249' title='bbox 1572 2499 1689 2528; x_wconf 89' lang='lat' dir='ltr'>nunc</span> <span class='ocrx_word' id='word_1_250' title='bbox 1710 2499 1792 2528; x_wconf 91' lang='lat' dir='ltr'>nos</span> <span class='ocrx_word' id='word_1_251' title='bbox 1817 2488 2053 2539; x_wconf 87' lang='lat' dir='ltr'>habemus,</span> 
     </span>
     <span class='ocr_line' id='line_1_50' title="bbox 1182 2549 2055 2602; baseline 0.001 -13"><span class='ocrx_word' id='word_1_252' title='bbox 1182 2549 1402 2602; x_wconf 82' lang='lat' dir='ltr'>epilogum</span> <span class='ocrx_word' id='word_1_253' title='bbox 1452 2551 1754 2590; x_wconf 87' lang='lat' dir='ltr'>constitueret.</span> <span class='ocrx_word' id='word_1_254' title='bbox 1814 2551 1905 2591; x_wconf 88' lang='lat' dir='ltr'>Iam</span> <span class='ocrx_word' id='word_1_255' title='bbox 1953 2561 2055 2590; x_wconf 90' lang='lat' dir='ltr'>cum</span> 
     </span>
     <span class='ocr_line' id='line_1_51' title="bbox 1181 2611 2052 2664; baseline 0 -12"><span class='ocrx_word' id='word_1_256' title='bbox 1181 2614 1293 2652; x_wconf 89' lang='lat' dir='ltr'>haec</span> <span class='ocrx_word' id='word_1_257' title='bbox 1324 2624 1362 2652; x_wconf 91' lang='lat' dir='ltr'>a.</span> <span class='ocrx_word' id='word_1_258' title='bbox 1402 2624 1444 2652; x_wconf 94' lang='lat' dir='ltr'>u.</span> <span class='ocrx_word' id='word_1_259' title='bbox 1484 2624 1523 2652; x_wconf 87' lang='lat' dir='ltr'>c.</span> <span class='ocrx_word' id='word_1_260' title='bbox 1561 2611 1653 2653; x_wconf 72' lang='lat'>734.</span> <span class='ocrx_word' id='word_1_261' title='bbox 1695 2613 1940 2664; x_wconf 89' lang='lat' dir='ltr'>composita</span> <span class='ocrx_word' id='word_1_262' title='bbox 1975 2613 2052 2661; x_wconf 88' lang='lat' dir='ltr'>sit,</span> 
     </span>
     <span class='ocr_line' id='line_1_52' title="bbox 1183 2676 2055 2726; baseline 0 -11"><span class='ocrx_word' id='word_1_263' title='bbox 1183 2676 1534 2715; x_wconf 89' lang='lat' dir='ltr'>consentaneum</span> <span class='ocrx_word' id='word_1_264' title='bbox 1551 2677 1619 2715; x_wconf 93' lang='lat' dir='ltr'>est</span> <span class='ocrx_word' id='word_1_265' title='bbox 1633 2685 1707 2714; x_wconf 90' lang='lat' dir='ltr'>eas</span> <span class='ocrx_word' id='word_1_266' title='bbox 1721 2685 1914 2725; x_wconf 89' lang='lat' dir='ltr'>quoque,</span> <span class='ocrx_word' id='word_1_267' title='bbox 1941 2686 2055 2726; x_wconf 89' lang='lat' dir='ltr'>quae</span> 
     </span>
     <span class='ocr_line' id='line_1_53' title="bbox 1180 2735 2056 2788; baseline 0 -12"><span class='ocrx_word' id='word_1_268' title='bbox 1180 2736 1396 2777; x_wconf 90' lang='lat' dir='ltr'>nonnullis</span> <span class='ocrx_word' id='word_1_269' title='bbox 1435 2738 1535 2787; x_wconf 90' lang='lat' dir='ltr'>post</span> <span class='ocrx_word' id='word_1_270' title='bbox 1563 2748 1600 2776; x_wconf 89' lang='lat' dir='ltr'>a.</span> <span class='ocrx_word' id='word_1_271' title='bbox 1635 2735 1727 2776; x_wconf 77' lang='lat'>734.</span> <span class='ocrx_word' id='word_1_272' title='bbox 1761 2737 1951 2788; x_wconf 88' lang='lat' dir='ltr'>scriptae</span> <span class='ocrx_word' id='word_1_273' title='bbox 1989 2738 2056 2776; x_wconf 87' lang='lat' dir='ltr'>vi-</span> 
     </span>
     <span class='ocr_line' id='line_1_54' title="bbox 1182 2798 2056 2850; baseline 0.001 -12"><span class='ocrx_word' id='word_1_274' title='bbox 1182 2799 1362 2847; x_wconf 80' lang='lat' dir='ltr'>dentur,</span> <span class='ocrx_word' id='word_1_275' title='bbox 1405 2800 1452 2837; x_wconf 90' lang='lat' dir='ltr'>ut</span> <span class='ocrx_word' id='word_1_276' title='bbox 1482 2799 1593 2838; x_wconf 88' lang='lat' dir='ltr'>haec</span> <span class='ocrx_word' id='word_1_277' title='bbox 1623 2799 1715 2850; x_wconf 89' lang='lat' dir='ltr'>ipsa</span> <span class='ocrx_word' id='word_1_278' title='bbox 1745 2798 1937 2839; x_wconf 87' lang='lat' dir='ltr'>Obbario</span> <span class='ocrx_word' id='word_1_279' title='bbox 1968 2810 2056 2839; x_wconf 91' lang='lat' dir='ltr'>non</span> 
     </span>
     <span class='ocr_line' id='line_1_55' title="bbox 1180 2861 2057 2910; baseline 0.002 -10"><span class='ocrx_word' id='word_1_280' title='bbox 1180 2864 1280 2901; x_wconf 87' lang='lat' dir='ltr'>ante</span> <span class='ocrx_word' id='word_1_281' title='bbox 1312 2872 1350 2900; x_wconf 88' lang='lat' dir='ltr'>a.</span> <span class='ocrx_word' id='word_1_282' title='bbox 1389 2861 1508 2910; x_wconf 89' lang='grc'>736.,</span> <span class='ocrx_word' id='word_1_283' title='bbox 1540 2861 1797 2901; x_wconf 89' lang='lat' dir='ltr'>Weicherto</span> <span class='ocrx_word' id='word_1_284' title='bbox 1828 2864 1872 2902; x_wconf 89' lang='lat' dir='ltr'>et</span> <span class='ocrx_word' id='word_1_285' title='bbox 1901 2864 2057 2902; x_wconf 89' lang='lat' dir='ltr'>Grote-</span> 
     </span>
     <span class='ocr_line' id='line_1_56' title="bbox 1180 2922 2054 2973; baseline 0.001 -10"><span class='ocrx_word' id='word_1_286' title='bbox 1180 2923 1327 2963; x_wconf 81' lang='lat' dir='ltr'>fendio</span> <span class='ocrx_word' id='word_1_287' title='bbox 1346 2934 1384 2962; x_wconf 89' lang='lat' dir='ltr'>a.</span> <span class='ocrx_word' id='word_1_288' title='bbox 1398 2923 1508 2971; x_wconf 60' lang='lat'>737„</span> <span class='ocrx_word' id='word_1_289' title='bbox 1532 2922 1866 2963; x_wconf 84' lang='lat' dir='ltr'>Walckenaerio</span> <span class='ocrx_word' id='word_1_290' title='bbox 1887 2935 1926 2963; x_wconf 89' lang='lat' dir='ltr'>a.</span> <span class='ocrx_word' id='word_1_291' title='bbox 1942 2924 2054 2973; x_wconf 62' lang='lat'>738„</span> 
     </span>
     <span class='ocr_line' id='line_1_57' title="bbox 1180 2985 2056 3034; baseline 0.002 -10"><span class='ocrx_word' id='word_1_292' title='bbox 1180 2986 1422 3025; x_wconf 84' lang='lat' dir='ltr'>Kirchnero</span> <span class='ocrx_word' id='word_1_293' title='bbox 1453 2996 1492 3024; x_wconf 92' lang='lat' dir='ltr'>a.</span> <span class='ocrx_word' id='word_1_294' title='bbox 1516 2985 1628 3034; x_wconf 63' lang='lat'>739„</span> <span class='ocrx_word' id='word_1_295' title='bbox 1662 2985 1718 3025; x_wconf 87' lang='lat' dir='ltr'>ad</span> <span class='ocrx_word' id='word_1_296' title='bbox 1749 2996 1976 3026; x_wconf 89' lang='lat' dir='ltr'>summum</span> <span class='ocrx_word' id='word_1_297' title='bbox 2000 2986 2056 3026; x_wconf 88' lang='lat' dir='ltr'>ad</span> 
     </span>
     <span class='ocr_line' id='line_1_58' title="bbox 1181 3047 2056 3099; baseline 0.001 -12"><span class='ocrx_word' id='word_1_298' title='bbox 1181 3059 1219 3088; x_wconf 91' lang='lat' dir='ltr'>a.</span> <span class='ocrx_word' id='word_1_299' title='bbox 1244 3047 1336 3088; x_wconf 74' lang='lat'><strong>734.</strong></span> <span class='ocrx_word' id='word_1_300' title='bbox 1370 3047 1525 3087; x_wconf 88' lang='lat' dir='ltr'>referri</span> <span class='ocrx_word' id='word_1_301' title='bbox 1547 3047 1735 3096; x_wconf 78' lang='lat' dir='ltr'>debere3</span> <span class='ocrx_word' id='word_1_302' title='bbox 1769 3047 1890 3098; x_wconf 92' lang='lat' dir='ltr'>quod</span> <span class='ocrx_word' id='word_1_303' title='bbox 1908 3048 2056 3099; x_wconf 91' lang='lat' dir='ltr'>ipsum</span> 
     </span>
     <span class='ocr_line' id='line_1_59' title="bbox 1180 3111 2056 3161; baseline 0 -12"><span class='ocrx_word' id='word_1_304' title='bbox 1180 3113 1358 3161; x_wconf 88' lang='lat' dir='ltr'>tempus</span> <span class='ocrx_word' id='word_1_305' title='bbox 1395 3111 1497 3149; x_wconf 90' lang='lat' dir='ltr'>huic</span> <span class='ocrx_word' id='word_1_306' title='bbox 1537 3111 1708 3161; x_wconf 86' lang='lat' dir='ltr'>primae</span> <span class='ocrx_word' id='word_1_307' title='bbox 1740 3121 1843 3150; x_wconf 87' lang='lat' dir='ltr'>cum</span> <span class='ocrx_word' id='word_1_308' title='bbox 1872 3111 2056 3150; x_wconf 86' lang='lat' dir='ltr'>Frankio</span> 
     </span>
     <span class='ocr_line' id='line_1_60' title="bbox 1182 3171 2056 3223; baseline -0.001 -11"><span class='ocrx_word' id='word_1_309' title='bbox 1182 3172 1465 3213; x_wconf 88' lang='lat' dir='ltr'>statuendum</span> <span class='ocrx_word' id='word_1_310' title='bbox 1488 3184 1603 3212; x_wconf 89' lang='lat' dir='ltr'>reor.</span> <span class='ocrx_word' id='word_1_311' title='bbox 1644 3171 1692 3212; x_wconf 92' lang='lat' dir='ltr'>In</span> <span class='ocrx_word' id='word_1_312' title='bbox 1710 3171 1888 3223; x_wconf 90' lang='lat' dir='ltr'>reliquis</span> <span class='ocrx_word' id='word_1_313' title='bbox 1906 3174 2056 3212; x_wconf 89' lang='lat' dir='ltr'>autern</span> 
     </span>
     <span class='ocr_line' id='line_1_61' title="bbox 1183 3233 2049 3275; baseline -0.001 0"><span class='ocrx_word' id='word_1_314' title='bbox 1183 3234 1312 3275; x_wconf 86' lang='lat' dir='ltr'>salsas</span> <span class='ocrx_word' id='word_1_315' title='bbox 1327 3235 1590 3275; x_wconf 87' lang='lat' dir='ltr'>Criticorum</span> <span class='ocrx_word' id='word_1_316' title='bbox 1608 3235 1884 3274; x_wconf 89' lang='lat' dir='ltr'>coniecturas</span> <span class='ocrx_word' id='word_1_317' title='bbox 1902 3244 1941 3273; x_wconf 92' lang='lat' dir='ltr'>a.</span> <span class='ocrx_word' id='word_1_318' title='bbox 1957 3233 2049 3274; x_wconf 79' lang='lat'><strong>734.</strong></span> 
     </span>
     <span class='ocr_line' id='line_1_62' title="bbox 1184 3294 2052 3347; baseline -0.003 -10"><span class='ocrx_word' id='word_1_319' title='bbox 1184 3297 1451 3337; x_wconf 80' lang='lat' dir='ltr'>excedentes</span> <span class='ocrx_word' id='word_1_320' title='bbox 1491 3295 1660 3336; x_wconf 88' lang='lat' dir='ltr'>silentio</span> <span class='ocrx_word' id='word_1_321' title='bbox 1694 3294 2052 3347; x_wconf 88' lang='lat' dir='ltr'>praeteribimus.</span> 
     </span>
    </p>

    <p class='ocr_par' dir='ltr' id='par_1_10' title="bbox 1183 3355 2054 3472">
     <span class='ocr_line' id='line_1_63' title="bbox 1239 3355 2054 3407; baseline -0.002 -9"><span class='ocrx_word' id='word_1_322' title='bbox 1239 3359 1359 3398; x_wconf 77' lang='lat'><strong>4—3.</strong></span> <span class='ocrx_word' id='word_1_323' title='bbox 1404 3359 1545 3397; x_wconf 70' lang='lat' dir='ltr'>Prima</span> <span class='ocrx_word' id='word_1_324' title='bbox 1576 3359 1683 3407; x_wconf 88' lang='lat' dir='ltr'>cet.]</span> <span class='ocrx_word' id='word_1_325' title='bbox 1720 3357 1870 3396; x_wconf 90' lang='lat' dir='ltr'>«cuius</span> <span class='ocrx_word' id='word_1_326' title='bbox 1900 3355 2054 3396; x_wconf 87' lang='lat' dir='ltr'>laudes</span> 
     </span>
     <span class='ocr_line' id='line_1_64' title="bbox 1183 3418 2054 3472; baseline -0.005 -11"><span class='ocrx_word' id='word_1_327' title='bbox 1183 3424 1230 3461; x_wconf 91' lang='lat' dir='ltr'>ut</span> <span class='ocrx_word' id='word_1_328' title='bbox 1258 3420 1479 3472; x_wconf 87' lang='lat' dir='ltr'>prioribus</span> <span class='ocrx_word' id='word_1_329' title='bbox 1511 3422 1597 3459; x_wconf 89' lang='lat' dir='ltr'>iam</span> <span class='ocrx_word' id='word_1_330' title='bbox 1635 3420 1745 3459; x_wconf 87' lang='lat' dir='ltr'>meis</span> <span class='ocrx_word' id='word_1_331' title='bbox 1785 3418 2054 3458; x_wconf 88' lang='lat' dir='ltr'>carminibus</span> 
     </span>
    </p>
   </div>
   <div class='ocr_carea' id='block_1_10' title="bbox 1148 3482 2052 3538">
    <p class='ocr_par' dir='ltr' id='par_1_11' title="bbox 1148 3482 2052 3538">
     <span class='ocr_line' id='line_1_65' title="bbox 1148 3482 2052 3538; baseline -0.003 -15"><span class='ocrx_word' id='word_1_332' title='bbox 1148 3521 1154 3538; x_wconf 71' lang='grc'>,</span> <span class='ocrx_word' id='word_1_333' title='bbox 1182 3483 1330 3533; x_wconf 70' lang='lat' dir='ltr'>lyricis</span> <span class='ocrx_word' id='word_1_334' title='bbox 1350 3483 1627 3534; x_wconf 69' lang='lat' dir='ltr'>praedicavi,</span> <span class='ocrx_word' id='word_1_335' title='bbox 1668 3483 1722 3520; x_wconf 83' lang='lat' dir='ltr'>ita</span> <span class='ocrx_word' id='word_1_336' title='bbox 1745 3482 1784 3520; x_wconf 89' lang='lat' dir='ltr'>in</span> <span class='ocrx_word' id='word_1_337' title='bbox 1808 3483 2052 3532; x_wconf 81' lang='lat' dir='ltr'>posterum,</span> 
     </span>
    </p>
   </div>
   <div class='ocr_carea' id='block_1_11' title="bbox 2226 882 2231 1805">
    <p class='ocr_par' dir='ltr' id='par_1_12' title="bbox 2226 882 2231 1805">
     <span class='ocr_line' id='line_1_66' title="bbox 2226 882 2231 1805; baseline 0 0"><span class='ocrx_word' id='word_1_338' title='bbox 2226 882 2231 1805; x_wconf 95' lang='lat' dir='ltr'> </span> 
     </span>
    </p>
   </div>
  </div>
 </body>
</html>
