2231 3787
712 609 775 695 Q.
818 607 1133 683 HORATH
1180 606 1445 681 FLACCI.

255 801 471 942 DE
570 801 1019 943 ARTE
1128 801 1895 948 POETICA

938 1057 1219 1110 LIBER.

856 1342 1297 1388 PRAEFATIO.

272 1469 333 1509 De
367 1467 600 1509 Pisonibus
632 1468 744 1508 haec
775 1467 906 1507 tradit
934 1469 1181 1519 Porphyrio
1213 1471 1257 1508 et
1279 1469 1451 1508 Comm.
1477 1470 1611 1520 Cruq.
1635 1480 1679 1521 p.
1704 1469 1805 1509 695:
1841 1470 1993 1509 «Hunc

160 1539 345 1588 librum,
381 1540 455 1591 qui
476 1538 736 1579 inscribitur
756 1540 819 1578 De
849 1540 941 1577 arte
971 1539 1158 1589 poetica,
1183 1539 1241 1578 ad
1262 1540 1306 1579 L.
1331 1539 1559 1587 Pisonem,
1595 1541 1669 1591 qui
1690 1542 1844 1591 postea
1866 1540 1993 1582 Urbis

161 1612 310 1650 custos
357 1610 420 1660 (id
460 1613 547 1659 est,
596 1609 863 1661 praefectus)
907 1608 1006 1657 fuit,
1056 1609 1255 1660 (eiusque
1287 1608 1466 1660 liberos)
1499 1611 1629 1651 misit.
1683 1612 1793 1650 Nam
1826 1613 1870 1650 et
1898 1612 1993 1662 ipse

161 1681 258 1720 Piso
289 1683 421 1731 poeta
451 1680 529 1719 fuit
560 1683 602 1720 et
633 1679 885 1719 studiorum
915 1678 1167 1718 liberalium
1199 1681 1382 1720 antistes
1415 1681 1454 1730 (i.
1482 1693 1518 1720 e.
1546 1681 1746 1731 fautor).»
1793 1683 1914 1728 Quae
1937 1681 1992 1720 de

160 1751 246 1791 hoc
275 1752 370 1790 viro
402 1752 589 1799 scimus,
624 1751 736 1790 haec
766 1750 858 1789 fere
891 1752 1008 1789 sunt.
1056 1751 1191 1789 Tacit.
1215 1752 1327 1790 Ann.
1352 1751 1390 1799 6,
1416 1752 1479 1790 1¹0.
1507 1763 1545 1790 a.
1570 1763 1613 1790 u.
1640 1762 1677 1790 c.
1703 1751 1802 1790 785:
1837 1753 1882 1791 L.
1905 1753 1996 1791 Piso

155 1822 373 1872 pontifess,
405 1833 558 1861 rarum
588 1822 631 1860 in
661 1825 782 1860 tanta
811 1811 1084 1869 claritudine,
1131 1821 1221 1871 fato
1252 1821 1373 1869 obiit,
1405 1821 1560 1860 millias
1587 1822 1746 1860 seri-ilis
1773 1823 1996 1861 sententiae

96 1884 101 1887 ⁵
159 1896 301 1942 sponte
323 1897 473 1931 auctor
491 1896 549 1940 et)
574 1892 759 1941 quotiens
780 1892 1002 1930 necessitas
1021 1892 1249 1942 ingrueret,
1273 1892 1482 1941 sapienter
1501 1893 1737 1931 moderans.
1774 1894 1940 1932 Patrem
1960 1894 1995 1943 ei.

160 1963 393 2003 censorium
406 1963 533 2013 faisse
546 1963 777 2001 memoravi
793 1963 848 2012 (in
867 1973 918 2001 ea
931 1962 1080 2012 operis
1097 1964 1240 2012 parte,
1257 1973 1371 2012 quae
1388 1965 1489 2013 post
1504 1966 1616 2001 Ann.
1631 1964 1669 2011 5,
1683 1964 1722 2002 5.
1740 1963 1992 2013 intercidit).

160 2035 284 2072 Aetas
304 2034 359 2072 ad
381 2034 674 2084 octogesimmn
694 2044 853 2071 annum
880 2033 1104 2082 processit,
1138 2034 1258 2071 decas
1279 2034 1530 2082 trizmzplzale
1551 2034 1594 2072 in,
1619 2034 1819 2072 Thraecia
1840 2045 1999 2073 merae—

162 2108 244 2143 ναί.
278 2105 357 2143 Sed
372 2104 607 2153 praecipua
628 2114 682 2142 em·
702 2115 747 2142 eo
769 2103 930 2153 gloria,
965 2104 1075 2151 quod
1089 2104 1328 2154 praefectus
1352 2104 1449 2142 Urbi
1468 2115 1609 2142 recens
1628 2105 1869 2143 continuam
1884 2109 2000 2153 pote-

162 2178 308 2213 statem
328 2178 364 2213 et
395 2174 612 2213 insolentia
636 2171 817 2222 parendi
838 2173 1079 2223 gyraviorewn
1099 2173 1205 2212 mire
1225 2175 1484 2222 temperavit.
1528 2176 1716 2225 Propter
1736 2175 1851 2214 hanc
1870 2186 1999 2226 prae-

162 2245 360 2284 fecturae
390 2243 515 2283 urbis
548 2243 981 2282 administrationem
1011 2243 1270 2293 magnificas
1301 2242 1456 2283 laudes
1489 2245 1527 2283 ei
1559 2244 1712 2284 tribuit
1742 2244 1933 2284 Velleius
1955 2246 1994 2293 ⁶2,

164 2315 231 2355 98.
279 2314 444 2365 Lepida
475 2314 530 2354 de
563 2326 615 2353 eo
639 2316 706 2354 est
727 2312 1054 2353 narratiuncula
1077 2313 1195 2365 apud
1218 2315 1435 2354 Senecam
1458 2316 1591 2366 Epist.
1617 2315 1685 2363 83,
1711 2316 1785 2355 112:
1819 2316 1864 2354 L.
1889 2317 1994 2359 Piso,

167 2386 284 2424 Urbis
313 2389 469 2433 custos,
503 2385 640 2423 ebrias
668 2396 722 2423 ea:
752 2395 833 2432 quo
863 2384 985 2423 semel
1012 2384 1152 2435 factas
1181 2389 1238 2424 est
1265 2385 1369 2435 fait,·
1399 2386 1602 2425 maiorem
1619 2390 1781 2436 partem
1804 2387 1934 2425 noctis
1954 2387 1996 2425 in

163 2455 350 2495 convivio
380 2456 590 2507 eaei‘qebat.
655 2456 785 2504 Usque
826 2455 867 2494 in
907 2455 1056 2494 horam
1083 2454 1169 2505 fere
1198 2459 1362 2494 sextarii,
1392 2456 1646 2504 dormiebam·
1686 2457 1760 2495 hoc
1790 2458 1876 2496 eius
1906 2462 1996 2496 erat

163 2527 431 2565 matutmum.
486 2526 677 2576 Officium
707 2529 844 2564 tamen
874 2537 1018 2573 saum⁷
1054 2536 1134 2574 quo
1165 2526 1294 2565 tutela
1328 2526 1445 2565 Urbis
1473 2527 1786 2576 continebatur,
1821 2528 1998 2579 diligen-

163 2597 316 2635 tissime
345 2596 669 2635 administravit.
722 2597 827 2635 Huic
857 2601 893 2635 et
923 2597 1041 2635 divus
1069 2597 1280 2647 A'ayastus
1308 2598 1417 2636 dedit
1445 2602 1602 2636 secreta
1628 2599 1858 2647 mandata,
1904 2609 1997 2637 cam

165 2667 282 2706 'illum
318 2671 597 2716 praeponeret
645 2667 865 2715 Thraciae,
913 2677 1041 2715 qaam
1080 2667 1338 2716 perdomuit,
1387 2671 1425 2706 et
1456 2668 1638 2706 Tiberius
1663 2669 1927 2719 proficiscens
1956 2670 1994 2708 in

166 2738 469 2787 Campaniam,
516 2748 612 2776 cum
654 2737 789 2776 *multa
830 2737 872 2776 in
912 2737 1016 2776 Urbe
1045 2741 1082 2776 et
1111 2741 1300 2787 suspecta
1329 2737 1579 2786 relinqueret
1609 2742 1646 2776 ec
1673 2739 1822 2777 invisa.
1874 2738 1996 2778 Idem

167 2808 433 2848 confirmant
462 2807 624 2848 Plinius
657 2809 707 2847 H.
733 2809 781 2846 Ν.
809 2807 880 2855 ili,
905 2808 978 2854 2¹2,
1003 2807 1070 2846 ⁶28.
1096 2809 1139 2847 et
1159 2807 1396 2846 Suetonius
1417 2806 1510 2846 Tib.
1536 2807 1602 2847 12.
1653 2807 1815 2848 Consul
1848 2811 1994 2848 autem

166 2879 246 2918 fuit
282 2890 320 2917 a.
355 2889 397 2917 u.
434 2890 472 2918 0.
507 2878 601 2917 739.
663 2879 766 2918 Post
805 2876 1086 2917 consulatum
1126 2877 1315 2916 obtinuit
1351 2876 1657 2928 Pamphyliam
1697 2879 1995 2929 provinciam,

167 2948 286 2988 unde
319 2960 422 2988 cum
458 2960 496 2987 3.
530 2960 572 2987 u.
600 2960 638 2988 0.
669 2947 762 2988 743.
799 2949 950 2986 contra
983 2949 1146 2987 Bessos
1179 2949 1221 2986 et
1252 2946 1433 2987 Sialetas
1464 2946 1631 2987 bellum
1665 2959 1822 2999 gerere
1855 2950 1999 2990 iussus

169 3020 308 3067 esset,
343 3019 424 3058 hos
454 3021 555 3070 post
572 3019 691 3057 varia
725 3017 888 3068 proelia
922 3017 1183 3068 debellavit3
1217 3020 1400 3068 propter
1422 3029 1532 3069 quas
1553 3030 1627 3059 res
1649 3018 1833 3059 feliciter
1853 3021 1999 3070 gestas

169 3089 208 3127 ei
240 3087 504 3139 supplicatio
537 3090 581 3127 et
610 3088 804 3127 honores
835 3086 1127 3138 triumphales
1155 3087 1323 3126 decreti
1355 3091 1470 3127 sunt.
1521 3089 1599 3128 Dio
1630 3088 1696 3137 54,
1721 3089 1787 3129 34.
1822 3088 1932 3129 Flor.
1958 3089 1996 3134 4,

171 3158 236 3205 «12,
264 3158 332 3195 «17.’
377 3157 442 3196 Ad
474 3157 668 3196 eundem
701 3159 874 3196 exstant
905 3158 1117 3208 Antipatri
1148 3156 1556 3198 Thessalonicensis
1589 3160 1904 3210 epigrammata
1928 3161 1996 3198 lx.

169 3225 352 3266 laudum
385 3227 518 3277 atque
540 3226 804 3267 adulationis
825 3226 952 3278 plena
978 3227 1018 3266 in
1042 3227 1229 3267 Iacobsii
1250 3227 1423 3268 Ant-hol.
1449 3231 1520 3268 Gr.
1546 3229 1661 3280 Lips.
1682 3230 1732 3267 11.
1757 3240 1799 3279 p.
1820 3228 1995 3267 97—99.

112 3320 116 3331 ι
169 3298 262 3336 lam
293 3307 395 3336 cum
427 3298 578 3336 Artem
609 3297 829 3348 poeticam
862 3308 943 3336 nos
975 3308 1154 3348 quoque
1188 3301 1235 3338 ut
1264 3299 1534 3339 Kirchnerus
1566 3301 1615 3347 Q.
1651 3300 1700 3338 H.
1733 3310 1775 3349 p.
1802 3298 1868 3337 39.
1899 3297 1999 3337 ulti-

170 3377 295 3406 mum
325 3366 393 3407 vel
427 3368 548 3406 certe
580 3378 718 3406 unum
751 3378 803 3405 ex
834 3366 998 3407 ultimis
1030 3369 1368 3408 Horatianorum
1400 3380 1587 3420 operum
1620 3380 1718 3407 osse
1752 3368 1999 3407 iudicemus

171 3438 304 3487 atque
336 3438 448 3477 intra
480 3448 620 3477 annos
643 3436 873 3477 743—746.
899 3439 1191 3488 compositam
1220 3439 1504 3486 arbitremur,
1537 3439 1694 3490 aetatis
1727 3440 1769 3477 et
1798 3439 1936 3489 patris
1958 3442 1996 3477 ot

118 3497 123 3500 ’
171 3507 359 3547 filiorum
405 3508 621 3548 rationem
667 3508 866 3547 ineamus
905 3518 1088 3548 necesse
1127 3510 1207 3549 est.
1269 3510 1427 3549 Natum
1459 3509 1586 3559 igitur
1616 3510 1661 3548 L.
1695 3509 1909 3555 Pisonem,
1950 3520 1999 3548 ex
