2231 3787
196 271 299 324 486

805 268 1019 308 HORATll
1050 264 1414 306 EPISTULARUM

271 406 388 473 Sin)
406 419 500 453 rna
540 399 670 471 quid
710 409 761 453 et
802 397 1119 468 Colophon?
1162 395 1360 447 Maiora
1399 392 1673 444 minorave
1712 390 1871 452 sama,

276 507 547 558 Cunctane
587 518 717 572 prae
759 500 959 570 Campo
1000 507 1052 550 et
1090 495 1338 549 Tiberino
1378 492 1596 546 flumine
1637 492 1892 546 sordent?

273 608 351 658 An
389 604 533 657 venit
572 603 622 655 in
663 609 844 654 votum
882 597 1114 651 Attalicis
1154 614 1220 649 ex
1258 594 1485 648 urbibus
1523 612 1654 655 una,
1991 596 2022 645 5

273 711 351 759 An
390 704 665 759 Lebedum
703 701 891 754 laudas
931 698 1055 752 odio
1095 698 1259 750 maris
1297 705 1458 768 atque
1496 696 1741 750 viarum?

278 808 421 868 Seis,
463 804 714 860 Lebedus
755 801 886 874 quid
926 801 1018 865 sit3
1061 799 1243 853 Gabiis
1282 798 1550 853 desertior
1588 805 1749 869 atque

316 942 394 981 ΕΡ.
427 941 495 980 XI.
530 939 568 978 3.
600 939 784 986 Zmyrna
811 938 858 977 E.
899 957 942 964 -
969 935 1145 985 Colopho
1175 936 1205 974 t.
1234 957 1278 962 —-
1310 934 1527 973 minorave
1554 932 1755 983 bSchp,
1781 933 1858 973 Cs:
1891 934 1974 973 mi-

263 1014 419 1044 noi-ane
449 1003 536 1042 duo
568 1001 783 1050 Pottierii,
831 1000 991 1041 LtFMO
1033 1001 1077 1039 et
1111 996 1352 1038 Bentleius.
1395 1020 1439 1024 —
1480 995 1520 1036 4.
1565 995 1805 1045 Cunctaque
1834 995 1971 1036 Codd.

209 1127 317 1168 δῶν.
346 1151 389 1156 -
414 1125 611 1177 Smyrna]
644 1128 676 1166 A
703 1125 895 1164 Luciano
922 1125 1085 1174 Imagg.

208 1192 248 1231 ⁶2.
282 1192 465 1229 vocatur
495 1183 525 1241 ἦ
558 1185 789 1239 καλλίστη
825 1183 918 1225 τῶν
946 1180 1092 1224 Ἰωνι-

210 1250 309 1292 κῶν
341 1248 540 1291 πόλεων.
578 1274 622 1278 —
671 1248 892 1300 Colophon]
933 1247 1090 1287 Strabo

212 1315 277 1356 44.
324 1327 368 1367 p.
408 1314 513 1354 64⁴2:
571 1307 602 1366 ἦ
647 1308 908 1361 Κολοφών,
956 1308 1093 1360 πόλις

204 1373 411 1430 Ἰωνική,
444 1378 526 1417 καὶ
556 1373 610 1416 τὸ
642 1372 734 1433 ,τρὸ
764 1370 914 1427 αὐτῆς
943 1368 1093 1423 ἄλσος

212 1438 298 1481 τοῦ
336 1438 546 1497 Κλαρίου
591 1435 881 1487 Ἀπόλλωνος
910 1435 1008 1476 κτλ.
1046 1458 1090 1464 -

212 1503 385 1543 Maiora
413 1501 643 1552 minorave]
678 1502 957 1549 «Cunctane,
1001 1499 1093 1540 sive

213 1566 380 1605 maiora
432 1566 534 1604 sunt
583 1564 698 1603 fama
756 1564 850 1603 sive
898 1563 1091 1610 minora,

211 1628 444 1666 sordent-*M
490 1627 638 1666 Lectio
680 1626 900 1665 minoi-ane
938 1624 988 1664 iis
1021 1623 1097 1662 de-

214 1689 370 1738 betur,
417 1690 490 1739 qui
521 1688 659 1727 x‘erba
688 1688 859 1727 Maiora
887 1699 943 1726 m.
975 1686 1096 1737 fama

214 1763 296 1803 per
325 1762 372 1791 se
404 1751 796 1801 interrogationem
821 1749 999 1789 efficere
1018 1759 1099 1800 pu-

218 1813 385 1852 tabant.
435 1835 479 1839 —
520 1812 642 1863 prae]
691 1811 982 1862 «Plerumque
1026 1810 1093 1858 id,

219 1874 339 1925 quod
360 1875 570 1925 praestat,
595 1874 852 1923 designatur
873 1873 957 1911 hae
972 1883 1099 1923 prae-

216 1937 451 1988 positione,
476 1936 743 1986 praesertim
763 1935 974 1985 appositis
995 1945 1100 1973 ver-

218 1999 288 2039 bis
318 1997 591 2048 negligendi,
634 1995 972 2044 contemnendi,
1014 1995 1100 2034 mi-

220 2063 341 2102 nolis
373 2061 602 2101 faciendi.»
637 2061 772 2149 HxNDG’
786 2061 909 2100 Turs.
943 2060 1012 2098 IV.
1055 2069 1096 2110 p.

220 2125 315 2165 524.
350 2123 486 2164 Plaut.
523 2124 651 2163 Cure.
678 2124 724 2170 4,
789 2123 869 2170 ,5:
917 2121 1102 2160 omnium.

221 2189 477 2238 un9uenlz'1m
507 2186 609 2224 odor
632 2195 740 2234 piae
760 2188 830 2223 tao
851 2188 1007 2223 nautea
1027 2187 1097 2221 est.

227 2272 271 2278 —
297 2249 453 2298 Campo
475 2252 511 2286 et
528 2247 714 2286 Tiberino
734 2246 918 2298 flumine]
943 2244 1100 2284 Strabo

224 2314 272 2360 5,
297 2312 341 2360 3,
376 2311 448 2351 98:
495 2310 588 2350 Καὶ
618 2306 670 2349 τὸ
692 2309 898 2363 ιιέγεθος
920 2306 1003 2348 τοῦ
1026 2320 1104 2347 πε-

224 2372 328 2414 δίου
350 2373 445 2413 θαυ
454 2369 638 2412 ιιαστὸν
665 2368 769 2412 αἰια
798 2373 880 2411 καὶ
910 2384 993 2421 τας
1022 2383 1103 2427 αρ-

224 2434 556 2505 ματοόροιιίας
577 2435 659 2475 καὶ
680 2448 767 2487 την
784 2430 934 2487 αλλην
956 2435 1102 2473 ἱππα-

227 2500 338 2539 σίαν
382 2492 631 2538 ακώλυτον
676 2510 793 2554 παρε
799 2509 888 2545 χον
922 2494 985 2536 τῶ
1023 2508 1104 2535 το-

228 2557 386 2600 σούτω
431 2559 508 2599 ,τλι
507 2557 583 2613 θι
575 2573 602 2600 ι
652 2558 745 2600 τῶν
789 2560 975 2616 σᾳαίρα
1022 2559 1102 2598 καὶ

228 2624 374 2680 κρίκῳ
422 2623 501 2661 καὶ
552 2620 821 2678 παλαίστρα
867 2622 1105 2691 γυμναζο-

226 2696 412 2738 μενων·
458 2698 540 2725 και
569 2697 627 2724 τα
658 2697 712 2724 ,τι
694 2685 896 2741 ερικείμι
878 2696 961 2723 ενα
990 2678 1106 2740 ι’ργα

229 2749 312 2787 καὶ
354 2744 408 2787 τὸ
440 2741 621 2797 ι’ὁαφος
659 2744 768 2786 πόα
761 2755 840 2797 ςον
878 2740 978 2786 δι’
967 2740 1105 2795 ι’τους

230 2823 312 2848 και
331 2808 424 2849 τῶν
445 2806 610 2859 λόφων
626 2822 706 2849 στι
688 2806 864 2859 εφάναι
878 2806 972 2848 τῶν
989 2803 1073 2848 ὑπι
1056 2806 1105 2864 ιρ

230 2870 315 2910 τοῖ·
361 2870 580 2923 ποταμοῦ
616 2873 759 2929 μέχρι
793 2869 878 2911 τοῦ
911 2866 1104 2927 ρείθρου

233 2931 631 2989 σκηνογραφικῆν
673 2929 794 2986 ὄψιν
843 2930 1107 2973 ἐπιδεικνύ-

233 3009 371 3049 μεναι
412 2994 810 3036 δυσαπάλλακτον
841 2997 1108 3053 παρέχουσι

234 3055 322 3111 τὴν
351 3058 484 3098 θέαν.
515 3081 558 3087 —-
590 3059 766 3110 sordent]
802 3057 1102 3109 «displicent.›

237 3122 300 3162 Cf.
334 3119 479 3171 Virgil.
513 3120 600 3160 Ecl.
633 3122 679 3168 2,
714 3120 794 3161 44:
839 3121 1004 3160 sordent
1039 3119 1110 3159 tibi

236 3194 411 3222 munera
431 3186 586 3222 nostra.
622 3183 725 3221 Stat.
751 3181 850 3221 silv.
876 3182 915 3230 3,
939 3182 978 3228 5,
1004 3182 1074 3220 444
1098 3193 1104 3219 :

233 3247 320 3284 sine
347 3255 412 3283 me
441 3244 513 3283 tibi
540 3267 563 3273 -
583 3266 605 3272 -
635 3243 854 3282 sordebunt
882 3247 988 3282 tecta
1013 3244 1110 3293 Qui-

235 3307 331 3346 rini.
379 3306 675 3346 «Videnturne
708 3305 783 3344 tibi
824 3305 1108 3356 despicienda

236 3380 341 3420 prae
372 3370 514 3420 re9iae
536 3370 700 3408 Romae
730 3366 965 3418 splendore
982 3369 1034 3406 7»
1064 3391 1106 3396 -

236 3430 436 3481 Attalicis]
469 3434 559 3471 «An
579 3428 798 3470 domicilio
820 3429 895 3468 tibi
919 3429 1109 3480 deligere

238 3493 377 3532 mavis
408 3503 540 3533 unam
572 3503 625 3532 ex
654 3490 840 3532 urbibus
866 3492 987 3542 regni
1009 3490 1112 3532 olim

1151 1120 1426 1171 Attalorum,
1487 1122 1773 1171 Pergamum,
1835 1121 1999 1164 Tralles
2018 1156 2027 1171 ,

1153 1184 1430 1234 Thyatiram,
1478 1183 1754 1233 Mynduni‘?»
1807 1207 1851 1213 —
1904 1186 2031 1226 Lebe-

1155 1247 1266 1298 dum]
1326 1257 1461 1285 unam
1508 1247 1598 1285 XII.
1645 1247 1790 1286 Ioniae
1835 1247 2028 1289 urbium.

1155 1310 1284 1348 Teste
1315 1307 1531 1347 Strabone
1564 1307 1629 1348 44.
1662 1319 1706 1360 p.
1739 1308 1845 1349 643:
1896 1321 2033 1352 «sce-

1156 1372 1359 1411 nicorum
1409 1370 1657 1420 artificum,
1709 1372 1783 1422 qui
1826 1373 1870 1412 in
1913 1375 2034 1415 Ionia

1157 1435 1284 1474 erant
1313 1433 1369 1472 ad
1392 1431 1727 1484 Hellespontum
1748 1445 1906 1486 usque,
1931 1448 2036 1477 con-

1155 1498 1314 1536 ventus
1344 1495 1403 1534 ibi
1434 1498 1530 1535 erat
1559 1498 1603 1535 et
1627 1496 1924 1546 domicilium;
1957 1499 2037 1540 ibi-

1157 1570 1244 1610 que
1267 1555 1530 1615 πανήγυρις
1551 1560 1595 1598 et
1614 1560 1914 1600 anniversaria
1936 1572 2037 1601 eer-

1157 1622 1324 1661 tamina
1367 1622 1410 1661 in
1448 1621 1610 1661 Bacchi
1650 1622 1869 1663 honorem
1899 1625 2037 1675 agita—

1158 1684 1320 1723 bantur
1340 1697 1382 1732 3»
1413 1695 1571 1724 verum
1602 1683 1772 1736 reliquo
1804 1687 1906 1726 anni
1928 1689 2039 1728 tem-

1157 1759 1266 1800 pore
1297 1758 1436 1799 prope
1469 1747 1647 1788 deserta
1683 1749 1798 1796 erat,
1846 1750 1895 1788 ut
1929 1760 2038 1790 con-

1161 1812 1247 1851 stat
1277 1822 1330 1850 ex
1361 1810 1404 1849 h.
1437 1809 1463 1849 l.
1499 1811 1542 1849 et
1577 1821 1631 1849 ex
1661 1810 1878 1850 Pausania
1910 1812 1956 1861 4,
1989 1812 2036 1861 9,

1161 1875 1224 1923 7.,
1274 1884 1361 1924 quo
1402 1874 1516 1912 teste
1555 1871 1786 1912 Lebedum
1825 1874 1868 1913 et
1908 1873 2040 1914 Colo-

1160 1936 1358 1986 phonem
1386 1935 1679 1985 Lysimachus
1719 1936 1943 1975 everterat
1970 1936 2040 1976 in-

1164 1996 1374 2045 colasque
1432 1997 1659 2046 Ephesum
1714 1997 2038 2038 transduxerat.

1167 2083 1211 2088 —
1245 2060 1337 2098 odio
1376 2058 1510 2097 maris
1554 2060 1658 2107 cet.]
1703 2059 1782 2099 Od.
1818 2061 1872 2108 2,
1906 2060 1953 2110 6,
1992 2061 2039 2100 7:

1162 2121 1270 2162 lasso
1300 2121 1433 2160 maris
1461 2123 1500 2160 et
1525 2121 1711 2160 viarum.

1220 2183 1341 2224 7-40.
1375 2183 1478 2232 Scis,
1510 2182 1691 2222 Lebedus
1720 2183 1820 2232 qaid
1843 2183 1908 2235 sit]
1938 2182 2042 2224 Bul—

1164 2247 1291 2287 latius
1321 2246 1451 2295 igitur
1482 2247 1545 2293 et,
1592 2246 1640 2284 ut
1667 2244 1867 2295 videtur,
1902 2247 2043 2286 Hora-

1164 2310 1250 2349 tius
1295 2307 1378 2348 suh
1418 2307 1552 2346 Bruto
1583 2305 1820 2347 militantes
1851 2319 1889 2347 a.
1923 2319 1966 2347 u.
2001 2318 2039 2347 e.

1166 2373 1259 2411 7112.
1307 2370 1367 2410 ibi
1412 2370 1599 2409 fuerant.
1660 2371 1755 2409 Non
1795 2371 1864 2410 est
1892 2371 2044 2409 autem

1166 2434 1449 2483 interrogatio
1467 2444 1474 2479 ;
1499 2432 1646 2472 minus
1664 2431 1798 2472 etiam
1818 2443 1922 2472 cum
1939 2433 2046 2473 Cru—

1166 2498 1270 2548 quio
1300 2497 1412 2535 haee
1441 2494 1582 2534 verba
1611 2493 1814 2544 Bullatio,
1856 2505 1929 2534 vv.
1963 2495 2046 2534 Θαι-

1167 2560 1242 2599 biis
1261 2581 1280 2587 -
1298 2581 1316 2588 -
1333 2559 1448 2597 vicus
1469 2556 1663 2605 Horatio,
1686 2554 1869 2596 Bullatio
1889 2566 2045 2597 rursus

1166 2634 1238 2662 vv.
1285 2626 1424 2660 tamen
1453 2642 1477 2649 -
1502 2641 1526 2647 -
1556 2619 1782 2669 furentem,
1827 2616 1899 2658 vel
1942 2628 2045 2658 cum

1166 2682 1362 2725 Rodellio
1382 2683 1495 2722 haec
1515 2681 1662 2721 omnia
1682 2691 1725 2719 v,
1746 2680 1865 2719 7-40.
1898 2679 2048 2719 Scis--

1165 2747 1370 2797 furentem
1417 2742 1600 2783 Bullatio
1651 2741 1783 2781 tribui
1829 2742 2042 2792 possunt:

1168 2807 1422 2849 huiusmodi
1438 2806 1558 2845 enim
1572 2798 1885 2856 διαλογισμὸς
1896 2803 2046 2845 Satiris

1167 2872 1319 2921 utique
1359 2870 1488 2919 aptus
1522 2865 1593 2906 vel
1639 2866 1721 2918 ipsi
1751 2864 2046 2917 Epistolarum

1168 2931 1326 2972 rationi
1368 2940 1551 2981 prorsus
1589 2929 1819 2980 repugnat.
1891 2929 2044 2978 Neque

1167 3005 1275 3034 xero
1314 3003 1473 3032 verum
1512 2990 1821 3042 dialogismum
1850 2988 2047 3029 debebat

1169 3058 1363 3097 statuere
1394 3053 1632 3107 Rappoltus
1660 3064 1703 3105 p.
1727 3052 1822 3092 829.
1845 3052 1890 3091 in
1909 3051 2043 3103 Epist.

1172 3120 1219 3167 ¹,
1260 3118 1332 3166 49,
1365 3116 1432 3158 44.
1469 3138 1513 3145 -
1549 3115 1705 3165 Gabiis]
1739 3114 1802 3155 Cf
1835 3115 1920 3154 Fea
1947 3106 2086 3154 Dis-⁸

1170 3180 1353 3219 cassiane
1399 3179 1507 3219 della
1548 3177 1650 3218 oilla
1693 3177 1735 3216 di
1764 3175 1896 3217 Gabio
1924 3186 1945 3214 e
1973 3185 2047 3213 suo

1171 3243 1281 3294 la9o.
1328 3243 1465 3282 Roma
1497 3239 1616 3281 4824.
1650 3240 1688 3280 8.
1740 3236 1935 3278 Visconti
1959 3237 2049 3275 Mo-

1170 3304 1356 3344 numenti
1393 3302 1544 3344 Gabini
1588 3313 1630 3353 p.
1665 3302 1702 3340 4.
1735 3301 1917 3349 Dionys.
1951 3296 2044 3338 Hal.

1172 3370 1221 3407 A.
1257 3369 1302 3406 R.
1328 3365 1374 3414 4,
1407 3366 1488 3405 53;
1521 3361 1670 3413 Πόλις
1699 3355 1759 3415 ἧν
1787 3359 1872 3401 τοῦ
1903 3358 2047 3400 Λατί-

1173 3441 1267 3468 νων
1296 3428 1485 3482 γένους,
1513 3421 1748 3475 Ἀλβανῶν
1778 3419 2045 3473 ἀπόκτισις,

1174 3485 1427 3540 ἀπέχουσα
1470 3486 1556 3541 τῆς
1595 3483 1778 3539 Ῥώμης
1821 3482 2048 3534 σταδίους
