2231 3787
875 228 974 266 Ans
1007 227 1247 266 POliTlCA.

228 360 554 414 Commodus
597 368 648 412 et
687 357 918 428 patiens,
963 374 1065 409 non
1108 365 1162 408 ut
1200 355 1267 408 dc
1308 354 1438 407 sede
1480 354 1718 407 secunda

229 462 459 515 Cederet
501 470 590 513 aut
629 469 819 531 quarta
857 457 1141 512 socialiter.

1220 456 1315 510 llic
1355 464 1407 509 et
1447 457 1496 507 in
1537 457 1657 509 Acci

228 563 504 616 Nobilibus
544 561 793 615 trimetris
832 568 1056 631 apparet
1095 577 1247 612 rarus
1287 567 1338 612 et
1384 559 1512 611 Enni

228 666 282 716 ln
322 681 539 718 scenam
579 664 774 716 missos
813 680 935 716 cum
975 679 1167 732 magno
1208 660 1447 732 pondere
1485 677 1676 714 versus

1880 661 1980 712 2130

210 822 302 862 Vol.
328 821 394 862 47.
431 833 472 872 p.
497 821 590 862 474.
620 845 661 848 —
687 821 780 860 256.
816 820 1019 870 Sponclios
1051 820 1140 869 (sic)
1172 819 1329 858 stabilis
1358 820 1402 858 B.
1433 842 1475 846 —-
1504 818 1598 858 ⁶258.
1631 819 1726 858 Acci
1756 817 1922 866 hs'rcd‚

211 886 293 925 (jtb‘
316 886 359 923 et
380 883 623 924 Bentleius:
659 883 758 922 actii
790 882 884 922 «x'el
907 883 1020 921 acci»
1054 882 1100 930 Β,
1132 882 1215 921 Am
1238 883 1324 921 LM.
1354 904 1397 909 -—
1422 882 1515 920 259.
1540 885 1577 920 et
1595 882 1719 921 Enni.
1753 882 1800 920 In
1823 882 1922 921 LCt.

214 970 255 974 —-
277 946 371 986 0259.
395 947 485 986 260.
510 950 547 985 et
567 946 690 984 Enni.
724 946 769 984 In
789 955 955 984 scenam
976 945 1122 984 missus
1142 943 1333 984 Marcilio
1356 947 1536 984 auctore
1554 943 1791 985 Bentleius.
1819 945 1927 995 (mis-

209 1020 272 1048 sos
303 1008 420 1048 clare
453 1007 661 1048 exhibent
695 1006 911 1057 BbSTcd.)
948 1030 990 1034 —
1022 1008 1116 1046 ⁶259.
1148 1007 1366 1046 Mobilibus
1399 1006 1591 1046 malebat
1619 1007 1854 1047 Victorius,
1882 1029 1925 1034 —

214 1072 303 1111 260.
330 1083 481 1122 mayno
511 1082 604 1110 cum
627 1070 812 1120 pondere
845 1068 983 1109 Codd.
1010 1068 1109 1120 aliq.
1146 1070 1246 1119 (non
1278 1070 1364 1107 mei
1398 1080 1479 1108 nec
1511 1068 1789 1120 Bentleiani),
1825 1070 1924 1109 LCt.

156 1224 264 1264 την,
317 1206 342 1249 ὃ
393 1209 593 1262 ἐποίησε
641 1207 936 1267 Πραξιτέλης
986 1208 1035 1249 ἐν

155 1272 309 1327 Κνίδῳ
341 1268 408 1313 οὐ
441 1271 592 1313 πάνυ
626 1269 855 1312 πολλῶν
876 1270 1032 1321 ἐτῶν,

156 1338 199 1377 id
222 1340 311 1386 est,
346 1337 521 1376 circiter
542 1336 667 1375 DXX.
704 1336 792 1375 Cic.
822 1337 942 1375 Brut.
967 1336 1033 1384 40,

157 1400 228 1440 M:
281 1399 557 1439 Themistocles
595 1399 675 1450 fuit
710 1403 912 1450 reqnctnte
950 1399 1038 1438 iam

157 1462 361 1510 Graecia,
400 1467 545 1501 nostra
581 1465 721 1501 autem
759 1462 925 1501 civitate
954 1472 1038 1500 non

155 1527 216 1565 'ita
248 1526 415 1575 pridem
453 1526 670 1564 dominatu
699 1524 813 1576 re9io
843 1524 1034 1563 liberata.

155 1590 254 1639 lpse
285 1588 374 1626 Sat.
399 1588 445 1636 2,
471 1588 518 1635 2,
546 1586 612 1627 46.
646 1587 760 1625 haud
790 1587 849 1626 ita
872 1587 1038 1636 pridem

155 1652 341 1701 usurpat
384 1649 439 1689 de
481 1649 657 1689 circiter
697 1650 854 1688 LXXX.
893 1650 1034 1689 annis.

157 1711 451 1752 Doederleinii
493 1714 642 1751 autem
681 1714 723 1751 et
761 1712 904 1751 Jahnii
935 1712 977 1750 h.
1007 1710 1034 1750 l.

157 1775 548 1826 interpretationes
580 1773 786 1814 dabimus
807 1774 848 1813 in
870 1775 1038 1813 Excur-

156 1850 208 1879 su
229 1839 355 1877 Vllll.
379 1861 421 1866 ——
442 1839 652 1888 Spo-ndeos
680 1837 856 1888 stabiles]
891 1838 1038 1888 Oppo—

158 1904 322 1941 nuntur
351 1901 539 1952 spondei
571 1900 729 1940 iambis
750 1900 949 1939 motoriis
972 1901 1039 1938 at—

157 1975 244 2014 que
269 1963 506 2003 celeribus.
530 1986 572 1991 —
597 1965 697 2002 iura
710 1962 907 2012 paterna]
927 1962 1041 2010 ,sunt

158 2027 252 2064 iura
284 2025 557 2076 singulorum
585 2024 774 2064 filiorum
795 2025 838 2063 in
859 2025 1041 2063 univer-

158 2099 258 2128 sum
283 2089 368 2136 ius,
405 2088 523 2138 quod
547 2089 673 2138 pater
692 2087 780 2125 vita
803 2086 1040 2126 defunctus

159 2155 360 2202 tempore
404 2151 558 2189 mortis
604 2149 816 2189 hahebat.
865 2150 1041 2200 «Spon-

159 2213 268 2253 deos
306 2216 536 2254 consortes
567 2212 650 2253 sihi
687 2213 808 2261 fecit,
853 2211 1041 2263 quibus-

159 2287 263 2316 cum
306 2275 426 2316 velut
466 2275 763 2316 hereditatem
807 2278 1040 2327 paternam

160 2340 407 2378 cerneret.»
433 2360 479 2367 -
514 2338 772 2389 Commodus]
805 2336 968 2378 «facilis
990 2347 1041 2376 ac

158 2401 398 2452 benignus,
440 2412 528 2440 non
560 2403 709 2440 tamen
742 2401 824 2449 ita,
860 2403 904 2439 ut
935 2401 1042 2439 item

160 2462 218 2504 de
237 2463 420 2504 sedibus
442 2463 623 2515 paribus
646 2463 826 2503 cederet
841 2476 848 2511 3
865 2479 883 2498 »
908 2473 1041 2514 quam

159 2525 306 2577 legem
337 2537 565 2577 nunquam
596 2527 840 2577 migrarunt
870 2526 1038 2565 Graeci.

166 2612 210 2616 —
234 2589 454 2639 socialiter]
483 2590 628 2639 Pergit
653 2590 693 2628 in
717 2588 1044 2640 prosopopoeia

163 2650 317 2691 iambi:
363 2650 658 2698 «Commode,
703 2650 929 2701 quomodo
960 2649 1038 2689 bo-

164 2725 246 2755 nus
277 2714 423 2754 socius
455 2715 575 2754 socio
607 2713 831 2753 interdum
863 2713 918 2753 de
950 2714 1043 2752 iure

164 2788 244 2816 suo
275 2776 475 2824 decedit,
509 2775 670 2827 aliquid
702 2776 927 2815 remittit.»
964 2775 1048 2813 Vo—

165 2838 373 2879 cabulum
390 2849 506 2878 nunc
526 2842 594 2879 est
614 2833 744 2889 ἅπαξ
766 2835 1042 2891 λεγόμενον.

220 2902 450 2942 258—262.
499 2901 586 2953 Hic]
628 2901 831 2953 Plerique
873 2902 937 2940 liic
967 2912 1046 2952 pro

167 2964 380 3005 adverbio
410 2964 591 3014 habent,
623 2965 702 3004 sed
725 2964 958 3004 manifesto
981 2965 1049 3003 est

167 3027 419 3067 subiectum
461 3038 549 3066 non
580 3026 721 3066 solum
754 3026 877 3066 verbi
909 3037 1046 3075 appa-

167 3094 251 3138 ret,
281 3089 382 3129 ”sed
420 3090 553 3129 etiam
590 3088 714 3128 verbi
753 3089 924 3138 premit,
973 3087 1047 3126 ubi

168 3150 480 3192 molestissime
504 3149 772 3202 explicares:
803 3151 912 3190 «hoc
934 3149 1045 3197 loco,

168 3216 211 3254 in
243 3214 349 3255 sede
381 3213 579 3254 secunda
610 3215 654 3253 et
684 3215 861 3264 quarta,
898 3212 1050 3262 premit

167 3278 338 3317 crimine
376 3277 504 3316 Ennii
540 3287 730 3315 versus.»
782 3276 855 3315 Est
897 3275 1045 3325 igitur:

170 3340 276 3380 «Hic
305 3339 479 3380 iambus
513 3340 661 3389 (etiam
693 3340 733 3378 in
758 3338 864 3377 sede
887 3348 1049 3378 secun-

171 3401 224 3441 da
257 3403 301 3440 et
330 3401 500 3452 quarta)
542 3412 640 3440 raro
682 3400 901 3451 reperitur
931 3400 1048 3451 apud

170 3463 358 3503 Ennium
390 3466 432 3504 et
462 3463 705 3509 Accium»,
755 3473 857 3502 cum
897 3462 1046 3512 tragici

1102 1210 1239 1249 Latini
1268 1220 1487 1260 persaepe
1511 1209 1553 1247 id
1577 1220 1713 1249 unum
1735 1212 1981 1260 servarent,

1102 1276 1149 1313 ut
1170 1274 1211 1313 in
1234 1275 1357 1313 sexta
1375 1275 1580 1313 maneret
1595 1273 1785 1314 iambus.
1820 1275 1983 1315 Ennius

1101 1337 1215 1377 Med.
1241 1348 1284 1388 p.
1309 1337 1375 1376 52.
1401 1337 1472 1376 ss.:
1505 1336 1640 1388 Arqo,
1673 1347 1759 1385 qua
1786 1338 1890 1376 vecti
1908 1337 1986 1376 Ar-

1099 1399 1186 1450 qivi
1215 1399 1356 1439 deiecti
1385 1399 1481 1438 viri.
1535 1400 1647 1438 Nam
1683 1401 1732 1439 ut
1770 1398 1986 1438 choliam—

1101 1461 1183 1502 bos
1215 1463 1259 1502 et
1278 1462 1391 1501 miro
1415 1472 1521 1502 casu
1543 1460 1673 1502 simul
1700 1462 1986 1502 hexametros

1102 1525 1301 1565 facerent
1331 1525 1433 1564 huic
1464 1524 1661 1564 Enniano
1697 1523 1888 1566 similes:
1924 1525 1988 1564 Ci-

1098 1599 1167 1628 ves
1186 1588 1362 1628 Romani
1390 1591 1487 1627 tunc
1517 1587 1619 1638 facti
1637 1591 1732 1626 sunt
1752 1587 1982 1637 Campani:

1103 1662 1156 1690 eo
1201 1661 1345 1701 usque
1391 1648 1593 1689 licentiae
1633 1650 1857 1700 progressi
1900 1661 1986 1689 non

1102 1714 1216 1752 sunt.
1262 1712 1409 1751 Verba
1441 1712 1570 1762 igitur
1600 1723 1669 1750 w.
1694 1712 1788 1751 258.
1808 1712 1902 1751 259.
1929 1712 1983 1751 ita

1102 1776 1396 1826 interpretor:
1422 1773 1628 1814 «Iambus
1649 1775 1691 1813 in
1710 1774 1833 1813 Ennii
1851 1776 1985 1824 atque

1102 1838 1220 1877 Accii
1251 1837 1463 1876 trimetris
1495 1837 1683 1886 apparet
1703 1846 1830 1876 rarus
1852 1838 1986 1887 atque

1102 1901 1339 1951 propterea
1361 1898 1592 1948 utriusque
1620 1900 1778 1949 poetae
1801 1899 1988 1938 trimetri

1104 1961 1263 2002 merito
1310 1961 1351 1999 in
1396 1960 1797 2011 reprehensionem
1837 1961 1988 2000 incur-

1103 2025 1255 2063 runt.»
1305 2022 1555 2072 (Manifesto
1595 2024 1745 2062 autem
1783 2021 1890 2063 falsa
1921 2026 1989 2063 est

1103 2087 1172 2125 Du
1202 2084 1389 2125 Hamelii
1421 2087 1465 2124 et
1495 2085 1679 2125 Gonodii
1719 2087 1989 2136 interpreta—

1106 2148 1186 2187 tio:
1219 2148 1284 2186 hic
1314 2148 1538 2197 spondeas,
1573 2148 1647 2198 qui
1679 2159 1759 2199 pes
1781 2159 1889 2188 sane
1911 2149 1991 2188 mi-

1105 2212 1223 2250 nime
1256 2221 1384 2251 rarus
1414 2209 1661 2262 apparebat
1700 2211 1741 2250 in
1772 2211 1898 2251 Ennii
1929 2213 1991 2250 at-

1106 2284 1192 2324 que
1245 2273 1364 2313 Accii
1409 2272 1637 2320 versibus;
1696 2271 1801 2313 falsa
1856 2274 1991 2313 etiam

1106 2337 1314 2377 Diintzeri
1346 2335 1439 2375 Vol.
1464 2335 1534 2374 IV.
1567 2347 1608 2386 p.
1635 2334 1738 2376 488:
1775 2336 1880 2376 «Hic
1910 2336 1991 2375 tri-

1105 2403 1254 2447 meter,
1302 2399 1376 2450 qui
1412 2397 1604 2450 pedibus
1642 2398 1872 2438 dumtaxat
1905 2399 1990 2438 im—

1107 2461 1288 2514 paribus
1337 2461 1587 2512 spondeum
1644 2460 1828 2511 tolerat,
1889 2473 1989 2501 raro

1108 2526 1337 2576 comparet
1366 2524 1409 2563 in
1435 2524 1553 2564 Accii
1584 2524 1852 2572 trimetris;»
1885 2535 1991 2576 per—

1107 2599 1238 2628 versa
1277 2587 1479 2627 eiusdem
1520 2587 1562 2626 in
1604 2586 1830 2626 Editione:
1881 2588 1992 2627 «Hic

1108 2651 1329 2697 trimeter,
1378 2650 1454 2699 qui
1498 2649 1696 2689 secundo
1736 2650 1907 2689 tantum
1947 2651 1991 2689 et

1110 2714 1268 2764 quarto
1300 2712 1414 2763 pede
1437 2711 1689 2762 spondeum
1710 2711 1915 2761 admittit,
1948 2714 1990 2752 in

1110 2774 1337 2815 veteribus
1370 2775 1545 2825 tragicis
1577 2775 1738 2814 nostris
1759 2786 1885 2815 rarus
1906 2779 1989 2823 est,

1111 2837 1185 2887 qui
1206 2836 1372 2887 ubique
1395 2835 1647 2888 spondeum
1663 2837 1990 2888 receperunt»)

1116 2922 1157 2927 —
1193 2899 1333 2938 Acci-
1350 2922 1372 2928 -
1392 2899 1523 2950 Enni]
1558 2898 1620 2939 Cf.
1646 2900 1753 2951 Epp.
1776 2900 1826 2948 2,
1853 2901 1868 2939 4
1890 2932 1898 2948 ,
1922 2900 1988 2939 50.

1111 2962 1176 3001 ’36
1206 2982 1249 2988 -
1284 2961 1508 3013 Nobilibus]
1556 2973 1699 3013 «quos
1738 2963 1877 3002 nostri
1915 2973 1992 3002 ae-

1112 3023 1265 3075 quales
1296 3026 1525 3076 tantopere
1558 3024 1767 3064 admirari
1798 3023 1990 3072 solent;»

1112 3098 1199 3127 non
1230 3088 1324 3127 sine
1357 3087 1551 3138 quadam
1584 3088 1734 3126 ironia.
1764 3108 1807 3114 —
1836 3087 1992 3137 missos]

1115 3149 1246 3190 x'eluti
1277 3161 1300 3189 e
1334 3148 1502 3190 balista.
1551 3152 1842 3200 Nequaquam
1866 3159 1989 3196 vero,

1114 3215 1162 3253 ut
1192 3213 1396 3264 opinatur
1427 3214 1640 3259 Diintzer⁷
1690 3214 1756 3251 est
1791 3221 1993 3261 synony-

1114 3286 1236 3315 mum
1253 3287 1293 3315 Υ.
1318 3276 1392 3315 «125
1413 3287 1420 3313 ;
1446 3276 1489 3314 Si
1507 3275 1605 3324 quid
1619 3295 1631 3302 ·
1651 3284 1796 3313 scenae
1810 3273 1994 3312 commit-

1111 3338 1175 3377 tis.
1196 3339 1303 3377 Nota
1325 3338 1456 3377 huius
1478 3346 1635 3376 versus
1654 3336 1778 3385 (260.)
1797 3335 1992 3386 quinque

1114 3400 1359 3452 spondeos,
1402 3398 1563 3450 quibus
1596 3398 1768 3448 egregie
1800 3397 1994 3437 imitatur

1112 3463 1238 3503 Ennii
1269 3463 1467 3503 senarios
1495 3462 1677 3513 propter
1704 3460 1834 3500 huius
1856 3459 1993 3510 ipsius
