2231 3787
797 259 891 297 1111.
929 261 975 299 11,
1038 262 1200 302 Ems'r.
1237 266 1283 303 11.
1854 270 1945 322 6111

202 379 490 434 Caedimur
529 393 581 436 et
622 386 839 440 totidem
883 388 1051 460 plagis
1092 396 1460 449 consumimus
1501 397 1706 453 hostem

197 481 367 535 Lento
410 484 674 540 Samnites
715 488 781 541 ad
823 489 1022 545 lumina
1061 494 1232 563 prima
1273 496 1468 551 duello,

193 582 427 637 Discedo
468 585 694 641 Alcaeus
737 600 933 659 puncto
976 593 1141 659 illius3
1184 596 1270 650 ille
1313 616 1431 651 meo
1472 602 1633 671 quis?

194 684 325 747 Quis
368 686 466 738 nisi
511 688 906 745 Callimachus?
947 695 998 747 Si
1040 695 1159 766 plus
1200 697 1500 770 adposcere
1542 704 1713 758 visus
1847 707 1947 759 101)

172 849 336 897 attalem
375 851 402 890 d
441 855 483 891 61
523 854 733 895 Schmidii
773 860 1013 899 secundus
1055 886 1096 890 ᾖ
1132 864 1198 903 98
1231 867 1401 917 prima]
1440 879 1582 917 prona
1618 871 1704 909 duo
1737 871 1886 912 Bland.

171 912 365 964 Ciuquii.

112 1052 323 1102 tizc‘rnque
356 1058 521 1097 nomine
563 1061 877 1109 compellarunt.
928 1064 989 1103 Cs.

112 1114 200 1154 Cic.
225 1114 280 1156 de
303 1117 419 1159 Orat.
444 1120 483 1168 2,
508 1121 574 1170 78,
599 1122 693 1163 3·.16
729 1125 796 1174 80,
821 1125 914 1165 325.
949 1126 989 1176 3,

109 1176 176 1225 23,
201 1177 267 1218 86.
296 1203 340 1208 —
366 1182 422 1220 ad
441 1181 601 1223 lamma
618 1196 672 1234 pi
676 1186 827 1239 ema]
809 1159 989 1229 «Graeci

108 1240 213 1296 7302
242 1238 430 1289 λύχνων
459 1239 608 1296 ἁφάς.
662 1249 900 1298 lespeilina
921 1251 989 1290 lu-

104 1304 223 1342 mina
253 1304 357 1346 dicit
387 1309 647 1350 Ammianus
678 1313 810 1352 Marc.
837 1313 911 1361 16
945 1314 984 1361 8,

105 1365 167 1414 9.,
203 1377 317 1417 quae
348 1369 531 1411 sublatis
559 1374 727 1413 mensis
758 1375 912 1425 primis
945 1377 984 1416 in

103 1427 338 1470 triclinium
370 1432 519 1472 inferri
551 1434 774 1484 solebant3
809 1439 985 1490 tempus

101 1490 248 1541 ipsum
269 1493 430 1533 Iuntina
447 1497 615 1546 prima,
642 1499 832 1548 primam
849 1501 985 1550 facem

100 1564 142 1592 v,
180 1554 380 1595 Oudend.
420 1558 476 1598 ad
518 1559 644 1610 Apul.
683 1563 784 1601 Met.
824 1564 873 1609 2,
912 1563 977 1600 u27.

100 1619 373 1658 recentiores
422 1620 684 1659 lucernarem
732 1623 881 1661 horam
924 1618 979 1661 τὸ

98 1676 325 1725 λυχνικόν
355 1691 396 1719 v.
428 1681 540 1721 Voss
572 1682 627 1722 de
659 1683 740 1722 vit.
770 1685 910 1723 Serm.
936 1684 975 1732 3,

96 1741 164 1780 21.
183 1773 191 1790 ,
245 1742 365 1792 quod
414 1744 593 1795 tempus
643 1745 976 1796 quodammodo

96 1802 250 1843 definit
272 1803 462 1845 Galenus
479 1806 534 1845 de
553 1808 757 1846 Praenot.
779 1807 835 1846 ad
848 1808 972 1879 Epig.
989 1828 994 1832 ·

96 1876 133 1906 C.
160 1866 224 1905 11.
258 1878 301 1918 p.
338 1867 430 1907 638.
465 1869 510 1908 T.
534 1869 640 1908 XIV.
676 1861 854 1926 &pag-c
835 1867 975 1910 ἐννά-

93 1939 177 1981 της
207 1923 315 1986 &on
345 1926 532 1978 λύχνων
568 1925 840 1982 ἦιιιιένων.»
889 1934 973 1973 Lo-

92 2002 197 2031 BECK
226 1992 283 2031 ad
314 1993 444 2044 Soph.
478 1993 542 2031 Ai.
576 1993 656 2033 Ed.
691 1993 763 2034 alt.
796 2006 840 2046 p.
873 1996 970 2038 206.

93 2053 156 2093 Cf.
182 2055 268 2093 Sat.
293 2055 336 2103 2,
361 2055 405 2100 7,
431 2053 496 2093 33.
530 2055 607 2095 Est
630 2067 734 2107 ergo
757 2069 764 2095 :
803 2068 969 2109 «usque

91 2115 147 2155 ad
174 2117 341 2168 primas
371 2114 491 2155 faces
514 2119 773 2167 nocturnas,
808 2120 970 2170 quibus

90 2179 290 2218 accensis
336 2177 485 2218 finitur
526 2179 835 2230 gladiatorium
866 2181 969 2221 illud

87 2239 308 2281 ludicrum
329 2241 657 2282 incruentum.»
689 2241 768 2283 Alii
787 2245 968 2294 quidem

88 2304 338 2355 exponunt:
375 2315 567 2356 «coenae
600 2307 826 2358 tempore,
861 2308 968 2348 dum

85 2363 251 2405 lumina
290 2367 394 2406 sunt
422 2378 612 2408 accensa
634 2380 677 2415 3»
723 2369 802 2409 sed
834 2381 967 2422 prae-

85 2426 261 2468 tulerim
309 2429 506 2480 priorem
556 2431 773 2472 rationem
833 2434 966 2473 etiam

83 2492 268 2541 propter
295 2502 337 2530 v,
370 2491 499 2541 lento,
548 2494 616 2533 «in
647 2492 828 2545 longum
860 2507 966 2547 pro-

83 2550 218 2592 ducto
251 2563 302 2592 ac
324 2553 453 2594 nimis
473 2566 613 2607 prope
639 2555 766 2607 longo
788 2557 839 2597 iis
862 2569 966 2598 con-

82 2614 212 2664 vivis,
255 2616 329 2666 qui
360 2615 443 2656 alla
475 2619 518 2657 et
547 2617 733 2658 meliora
765 2618 964 2660 oblecta-

82 2678 231 2716 menta
276 2680 481 2718 norunt.»
530 2681 674 2732 Atque
725 2684 963 2722 consenta—

81 2749 216 2779 neum
244 2739 421 2780 videtur
448 2742 490 2781 in
514 2741 648 2782 domo
669 2743 749 2782 viri
770 2742 964 2795 locuple-

79 2801 156 2851 tis,
190 2801 271 2842 sed
302 2802 423 2854 politi
454 2806 498 2844 et
520 2804 721 2855 litterati,
755 2818 843 2847 non
865 2808 960 2847 Tri-

79 2862 339 2905 malchionis
370 2865 568 2917 alicuius,
609 2869 725 2918 tum,
760 2880 862 2909 cum
892 2868 961 2909 lu-

79 2926 272 2968 minibus
320 2930 521 2970 accensis
570 2930 807 2982 potabant,
859 2931 956 2972 talia

77 2987 244 3029 ludicra
275 2988 422 3031 locum
454 2993 645 3033 cessisse
675 2992 959 3036 liberioribus

78 3051 222 3090 omnis
243 3053 417 3101 generis
443 3054 749 3105 sermonibus,
784 3057 857 3107 qui
879 3068 959 3109 per

77 3111 145 3152 illa
186 3112 343 3152 haberi
373 3126 461 3154 non
489 3118 708 3167 poterant.
763 3117 857 3167 (Alii
901 3119 955 3159 de

74 3172 189 3214 ludis
205 3174 394 3226 publicis
412 3176 703 3229 intelligentes
721 3179 952 3231 explicant:

77 3235 399 3287 «Gladiatores,
447 3250 549 3280 cum
594 3244 866 3292 vesperascit
903 3254 953 3283 ac

74 3297 162 3337 iam
192 3296 402 3340 lucernae
429 3302 758 3352 accenduntur,
793 3303 952 3344 lentius

75 3358 286 3401 dimicant
312 3362 649 3415 incolumesque
672 3364 948 3405 discedunt«

74 3422 128 3460 At
157 3421 294 3463 multo
324 3426 490 3466 rectius
520 3427 872 3477 interpretabere
894 3428 948 3468 de

75 3481 390 3532 gladiatoribus
422 3488 699 3535 domesticis,
735 3491 807 3541 qui
834 3491 952 3530 rudi-

1058 1065 1144 1106 bus
1184 1067 1411 1109 dumtaxat
1447 1070 1693 1112 batuebant
1737 1074 1791 1112 ad
1834 1086 1942 1115 eon-

1057 1128 1179 1167 vivas
1211 1129 1535 1182 oblectandos.)

1112 1190 1285 1232 99-102.
1319 1195 1493 1233 Discedo
1515 1195 1616 1247 cet]
1642 1197 1813 1237 «Finitis
1837 1210 1938 1239 mu—

1056 1252 1139 1291 tuis
1190 1253 1312 1294 hisce
1363 1254 1570 1296 laudibus
1622 1269 1701 1308 ego
1751 1258 1935 1300 domum

1052 1313 1190 1353 redeo
1209 1314 1320 1355 alter
1337 1317 1523 1359 Alcaeus
1544 1319 1685 1359 factus
1708 1320 1934 1371 elegorum

1052 1377 1281 1426 scriptoris
1321 1380 1530 1431 suffragio
1569 1383 1612 1420 et
1646 1382 1850 1421 iudicio.»
1887 1406 1923 1411 —

1049 1437 1239 1488 Alcaeus]
1271 1440 1334 1479 Cf.
1360 1442 1469 1492 Epp.
1497 1443 1512 1481 1
1536 1474 1544 1490 ,
1571 1443 1635 1487 19,
1660 1443 1725 1480 29.
1755 1465 1799 1470 -
1827 1455 1935 1493 pun-

1048 1500 1126 1548 clo]
1174 1502 1252 1538 «In
1286 1504 1473 1541 comitiis
1505 1502 1804 1544 creandorum
1836 1517 1934 1546 ma-

1047 1560 1308 1607 gistratuum
1349 1561 1731 1604 distribuebantur
1769 1568 1931 1608 suffra-

1045 1620 1164 1669 gium
1210 1620 1360 1662 laturis
1392 1623 1580 1665 tabellae
1613 1629 1813 1677 ceratae,
1864 1631 1930 1670 in-

1044 1683 1205 1733 scripta
1251 1683 1472 1726 habentes
1504 1689 1682 1728 nomina
1715 1691 1928 1731 candida—

1043 1745 1189 1784 torum
1221 1757 1303 1797 per
1342 1747 1601 1798 singularias
1641 1750 1807 1793 litteras
1849 1766 1928 1794 ex-

1042 1817 1219 1857 pressa,
1250 1821 1317 1849 ex.
1343 1822 1407 1861 gr.
1433 1813 1487 1852 M.
1513 1814 1558 1851 T.
1586 1814 1652 1861 C.,
1682 1815 1726 1854 h.
1753 1827 1790 1855 e.
1814 1818 1927 1857 Mar-

1041 1880 1120 1909 cus
1141 1869 1303 1912 Tullius
1328 1873 1505 1923 Cicero,
1539 1877 1587 1915 ut
1612 1878 1733 1927 patet
1756 1889 1809 1918 ex
1832 1880 1920 1920 Cic.

1038 1932 1168 1971 Dom.
1193 1932 1260 1973 4-3.
1285 1935 1567 1986 Diribitores,
1603 1941 1711 1989 quot
1732 1942 1920 1992 quisque

1039 1994 1244 2046 suffragia
1277 1996 1475 2047 tulisset,
1522 2003 1687 2051 puncto
1718 2005 1922 2054 apposito

1038 2057 1272 2108 notabant,
1297 2061 1344 2099 ut
1365 2063 1540 2102 constat
1560 2064 1694 2104 etiam
1717 2076 1770 2104 ex
1792 2067 1920 2107 Festo

1037 2119 1077 2158 in
1100 2130 1142 2158 v.
1166 2120 1493 2173 Suffrayatores.
1536 2126 1645 2166 Hinc
1669 2133 1830 2177 puncta
1849 2141 1921 2170 ac-

1036 2181 1258 2232 cipiuntur
1293 2195 1374 2235 pro
1416 2186 1656 2238 suffragiis⁷
1705 2191 1806 2240 quia
1836 2190 1918 2232 illis

1033 2242 1145 2282 haec
1177 2243 1532 2287 indicabantur.»
1566 2250 1765 2289 FORCELL.
1821 2253 1911 2294 Cic.

1033 2304 1283 2356 proPlanc.
1306 2309 1372 2357 22,
1398 2308 1473 2349 53:
1507 2312 1729 2351 nonnullas
1749 2312 1914 2365 (tribas)

1025 2369 1193 2417 punctis
1216 2380 1353 2418 paene
1381 2371 1547 2412 totidem
1578 2372 1812 2426 (tulerunt).
1847 2377 1909 2416 Ct’.

1031 2431 1080 2469 A.
1107 2431 1150 2469 P.
1177 2430 1271 2471 343.
1305 2454 1351 2460 —
1385 2433 1451 2473 ille
1480 2445 1570 2474 meo
1601 2436 1744 2489 quis?]
1776 2439 1913 2478 Inter-

1029 2493 1197 2543 rogatio
1229 2504 1499 2546 suspensum
1528 2496 1664 2537 habet
1698 2497 1911 2540 lectorem

1029 2554 1144 2594 inter
1159 2554 1341 2596 dubiam
1361 2560 1755 2610 exspectationem,
1776 2572 1910 2612 quem

1029 2617 1211 2657 tandem
1231 2621 1412 2669 poetam
1434 2622 1742 2663 nominaturus
1763 2625 1831 2664 sit.
1860 2648 1905 2654 —

1028 2679 1320 2731 Callimachus]
1336 2683 1474 2722 Notus
1489 2686 1618 2734 poeta
1634 2686 1907 2735 Cyrenaeus,

1028 2751 1068 2780 3.
1093 2752 1131 2781 3.
1154 2742 1256 2782 Chr.
1275 2743 1369 2783 280.
1394 2745 1547 2795 Magna
1571 2747 1657 2785 iam
1679 2747 1790 2787 haec
1813 2751 1909 2788 erat

1025 2802 1135 2844 laus.
1189 2806 1451 2855 Crinagoras
1489 2807 1530 2846 in
1560 2807 1734 2847 Anthol.
1768 2808 1902 2850 Palat.

1024 2867 1074 2905 ΙΙ.
1108 2877 1149 2917 p
1177 2865 1628 2921 193;Καλλιιιάχου
1658 2866 1714 2910 τὸ
1739 2882 1904 2929 τορευ-

1024 2925 1108 2968 τὸν
1140 2922 1255 2980 ῗπος
1284 2927 1392 2970 τόδε
1462 2927 1515 2970 δι’
1494 2948 1519 2983 s
1552 2928 1642 2990 γὰρ
1672 2932 1742 2974 ἐπ’
1773 2930 1902 2990 αὐτῷ

1018 2987 1166 3049 ..Ωνὴρ
1185 2989 1299 3043 τοὺς
1319 2993 1553 3034 Μουσέων
1574 2993 1756 3047 πάντας
1774 2992 1901 3040 έσει-

1023 3069 1077 3096 σε
1107 3055 1277 3108 κάλως.
1326 3059 1500 3106 Quintil.
1526 3061 1596 3111 10,
1633 3063 1676 3110 1,
1708 3063 1784 3103 58:
1818 3065 1901 3104 ele—

1018 3120 1113 3170 9100
1150 3131 1207 3169 107
1210 3132 1347 3171 mceps
1387 3122 1561 3162 habetur
1605 3094 1896 3167 Callimachus.

1019 3184 1223 3223 Attamen
1253 3195 1359 3224 vere
1392 3186 1514 3226 Ovid.
1539 3188 1636 3227 Am.
1663 3188 1707 3235 1,
1733 3190 1798 3237 15,
1824 3190 1894 3229 13;

1016 3245 1231 3286 Battiades
1248 3258 1408 3297 semper
1427 3253 1509 3289 toto
1528 3250 1770 3289 cantabitur
1785 3251 1895 3301 orbe,

1019 3308 1217 3356 Quamvis
1246 3310 1410 3360 inqenio
1440 3323 1523 3351 non
1544 3312 1673 3360 valet,
1707 3317 1798 3352 arte
1816 3325 1897 3352 va-

1016 3369 1080 3408 let.
1130 3371 1254 3411 Haud
1277 3371 1431 3412 inscita
1452 3373 1530 3412 fuit
1551 3374 1763 3412 Torrentii
1785 3385 1895 3414 con-

1015 3431 1204 3480 iectura,
1248 3444 1382 3483 quam
1420 3435 1620 3485 sequitur
1658 3434 1892 3476 Paldamus

1013 3493 1182 3543 (Berlin.
1208 3496 1350 3534 Jahrb.
1383 3495 1494 3535 184-1.
1520 3508 1562 3547 p.
1589 3496 1698 3545 311.)
1723 3499 1766 3537 61
1788 3499 1891 3538 Gro-
