2231 3787
858 262 955 302 LIB.
989 263 1038 302 11.

1103 263 1214 302 SAT.
1249 262 1278 301 1.
1878 259 1980 311 203

235 393 289 446 Si
329 391 468 445 mala
506 391 807 446 condiderit
845 392 898 443 in
937 408 1098 462 quern
1138 392 1260 462 quis
1299 390 1560 450 carmina,
1604 391 1685 443 ius
1725 401 1805 444 est

236 493 625 565 Iudiciumque.

701 494 851 554 Est0‚
893 493 937 546 si
977 493 1098 564 quis
1136 492 1303 557 mala3
1345 491 1442 545 sed
1479 492 1621 546 bona
1660 493 1702 545 si
1743 494 1863 564 quis

234 595 417 649 Iudice
457 595 758 649 condiderit
792 594 1040 648 laudatus
1080 594 1353 649 Caesare?
1392 594 1436 647 si
1475 594 1596 666 quis

235 697 559 768 Opprobriis
600 697 819 768 dignum
858 696 1152 758 latraverit,
1195 697 1401 767 integer
1439 696 1594 767 ipse?
1914 698 1980 749 85

236 798 523 852 Solventur
560 798 671 851 risu
713 797 947 856 tabulae,
989 806 1043 851 tu
1082 798 1278 852 missus
1317 797 1506 852 abibis.

271 941 338 982 84.
372 942 574 981 laudatur
602 941 873 993 bScp,LCtF.
910 942 1143 992 (Cruquius
1165 943 1313 981 tamen
1335 939 1774 992 praetulitlaudatus,
1808 942 1925 992 quod

218 1016 271 1044 ex
302 1005 432 1045 huius
463 1003 740 1054 aliorumque
769 1004 907 1044 Codd.
942 1007 985 1044 et
1007 1015 1071 1055 pr.
1096 1018 1120 1042 ν
1150 1005 1320 1055 recepit
1350 1002 1570 1043 Bentleius
1601 1006 1643 1043 et
1676 1005 1759 1052 MJ3
1793 1006 1926 1054 atque

217 1067 280 1107 sic
310 1067 502 1106 Potticrii
534 1068 727 1116 novem.)
764 1089 808 1094 —
850 1067 917 1106 85.
953 1066 1183 1116 Opprobrio
1214 1066 1353 1106 Codd.
1387 1066 1566 1117 aliquot.
1603 1091 1648 1095 —
1681 1067 1930 1106 laceraverit

217 1141 240 1169 e
265 1130 404 1169 Codd.
428 1129 592 1180 aliquot
613 1129 810 1169 Lambini
832 1128 1075 1177 Bentleius,
1107 1127 1324 1178 probante
1347 1128 1699 1169 Mitsclierlicliio.
1740 1129 1929 1179 (liabent

215 1192 435 1232 latraverit
464 1191 581 1242 bScp
614 1194 658 1230 et
686 1191 881 1230 Pottierii
913 1201 1069 1230 omnes
1100 1192 1278 1241 praeter
1307 1202 1445 1230 unum
1476 1193 1524 1231 N.
1562 1192 1643 1241 40.)

161 1303 246 1341 cet.
297 1301 614 1350 Feminam-21..)
667 1322 710 1328 —
745 1303 990 1338 sanctarum
1019 1321 1041 1327 -
1106 1300 1308 1340 ctoritate
1340 1300 1556 1341 adversus
1592 1303 1767 1353 iniquos
1797 1313 1901 1342 suos
1933 1314 1980 1342 sc

159 1363 318 1415 lequm]
358 1361 451 1402 Noli
494 1361 714 1413 explicare
750 1372 852 1401 cum
883 1363 1041 1402 Unter-

161 1425 369 1465 holznero
391 1425 508 1476 apud
539 1424 860 1464 Heindorfium:
909 1435 1042 1475 «qua-

158 1500 258 1528 rum
307 1488 706 1538 transgressionem
761 1488 909 1527 statim
965 1497 1040 1527 se-

159 1551 308 1602 quitur
350 1561 517 1601 poena,
575 1551 646 1596 ut,
699 1551 773 1600 qui
818 1559 892 1589 eas
940 1550 1039 1589 vio-

158 1612 283 1660 larit,
340 1623 469 1652 sacer
519 1610 630 1652 illico
682 1612 758 1651 fiat
800 1613 874 1651 aut
923 1612 1038 1651 inte-

158 1674 377 1723 stabilis;»
423 1675 504 1715 sed
543 1677 610 1714 est
646 1686 821 1714 merum
852 1674 1037 1714 adiecti-

157 1749 284 1786 vum,
311 1748 398 1777 non
419 1737 722 1789 participium:
756 1748 896 1788 «quae
918 1748 1038 1778 sum-

156 1811 230 1840 ma
251 1800 499 1839 reverentia
521 1798 676 1850 dignae
699 1801 941 1850 sancteque
959 1798 1037 1838 ob-

158 1862 405 1902 servandae
451 1864 598 1902 sunt.»
642 1885 687 1891 —-
729 1864 909 1913 inscitia]
953 1873 1034 1914 pro

155 1925 396 1974 inscientia,
431 1924 551 1976 quod
580 1936 621 1964 v.
646 1926 790 1965 metro
821 1925 1036 1965 adversa—

156 1987 303 2027 batur.
358 1987 480 2027 Conf.
515 1988 659 2037 Reisig
688 1988 780 2027 Lat.
815 1988 1032 2038 Sprachw.

157 2061 200 2101 p.
234 2049 326 2090 448.
371 2072 419 2078 -
461 2050 507 2089 Si
545 2050 661 2089 mala
701 2049 804 2100 cet]
845 2050 940 2090 Vid.
979 2050 1037 2090 ad

156 2113 266 2165 Epp.
290 2113 338 2161 2,
373 2113 418 2161 4,
452 2113 554 2152 452:
589 2113 688 2162 quin
709 2113 834 2152 etiam
854 2113 923 2152 lea:
941 2114 1039 2153 Poe-

156 2186 295 2224 naque
323 2176 436 2224 lata,
481 2176 593 2214 malo
633 2187 742 2225 quae
777 2176 901 2215 nollet
937 2187 1038 2215 car-

156 2239 267 2277 mine
295 2248 543 2287 quemquam
563 2238 764 2277 Describi.
787 2261 831 2266 —
850 2241 1040 2279 condide-

158 2300 237 2351 rit]
270 2301 331 2340 De
364 2302 591 2350 postrema
623 2299 792 2350 syllaba
817 2301 1035 2352 producta

160 2361 274 2401 conf.
299 2362 386 2400 Sat.
412 2362 450 2409 Ξ,
475 2362 513 2409 2,
538 2360 604 2401 47.
633 2385 678 2389 ——
702 2362 767 2400 ius
793 2366 851 2401 est
882 2364 1039 2403 Iudici-

157 2425 333 2473 umque]
366 2422 460 2463 «lex
501 2422 730 2474 (Cornelia)
767 2422 853 2463 lata
888 2427 956 2465 est
996 2428 1040 2466 et

160 2488 274 2525 actio
304 2486 562 2525 iniuriarum
592 2486 634 2525 in
667 2497 771 2526 eum
793 2486 964 2526 datur.»

212 2547 359 2589 83-85.
392 2546 521 2598 mala]
553 2547 758 2587 Horatius
789 2548 944 2589 festive
968 2560 1041 2591 ac-

159 2609 263 2661 cipit
302 2608 358 2649 de
393 2609 561 2650 vitiosis
598 2611 731 2661 atque
770 2611 943 2663 ineptis.
990 2636 1036 2641 —

157 2672 296 2713 Iudice
336 2683 372 2711 c.
413 2672 610 2712 laudatus
653 2673 846 2725 Caesare]
890 2673 1036 2716 Verba

158 2735 222 2775 sic
245 2735 453 2774 construo
475 2746 482 2773 :
515 2735 561 2774 Si
591 2736 683 2784 quis
705 2736 840 2775 iudice
861 2736 1040 2777 Caesare

158 2796 268 2836 bona
297 2796 491 2836 carmina
511 2798 762 2846 condiderit,
795 2798 851 2837 ab
875 2809 927 2838 eo
949 2799 1040 2839 law

159 2859 293 2898 datus.
354 2857 557 2910 Plerique
589 2859 685 2899 coll.
717 2860 795 2900 Od.
828 2861 873 2910 4,
914 2861 961 2910 6,
994 2862 1034 2901 2.

160 2921 345 2971 iungunt
372 2921 569 2960 laudatus
598 2922 791 2962 Caesare.
841 2920 1037 2963 Alteram

160 2981 398 3021 lectionem
426 2993 610 3032 prorsus
630 2983 885 3034 ambiguam
915 2985 1041 3024 intri—

162 3046 397 3094 catamque
418 3043 619 3084 laudatur
638 3045 918 3097 explicabant
937 3046 1008 3087 vel
1027 3061 1035 3087 ε

163 3107 225 3147 «si
247 3107 346 3157 quis
367 3104 484 3145 bona
506 3107 751 3148 condiderit
770 3109 913 3148 iudice
932 3109 1042 3150 Cae-

162 3179 283 3217 sare,
328 3167 383 3206 ab
415 3167 621 3208 omnibus
651 3168 912 3218 laudatum»
943 3170 1035 3211 vel:

163 3232 231 3272 «si
275 3230 521 3270 condiderit
547 3252 569 3259 -
597 3256 620 3262 -
647 3230 850 3271 laudatur
893 3233 1038 3274 iudice

164 3294 409 3339 Caesare;»
454 3290 542 3338 vel,
578 3294 626 3331 ut
656 3294 758 3332 Fea:
808 3296 868 3334 «si
908 3296 1040 3336 iudex

164 3354 456 3405 pronuntiarit
499 3353 615 3394 bona
662 3365 761 3395 esse
806 3357 1039 3397 carmina?

163 3418 258 3456 tum
300 3416 506 3457 laudatur
547 3417 678 3469 poeta
728 3427 753 3456 a
802 3417 1037 3458 Caesare.»

166 3478 375 3520 Ceterum
405 3479 509 3520 satis
540 3476 694 3520 callide
726 3478 928 3521 Caesaris
958 3491 1040 3521 au·-

1105 1363 1248 1401 munit
1277 1374 1329 1401 ac
1359 1365 1538 1402 tutatur.
1566 1387 1611 1392 —
1635 1364 1867 1415 latraverit]
1900 1376 1981 1415 pro

1107 1423 1441 1464 «allatraveritm
1491 1426 1592 1475 (Liv.
1631 1425 1703 1474 38,
1751 1425 1824 1466 54:
1881 1427 1982 1466 Cato

1103 1486 1321 1526 allatravit
1366 1488 1572 1537 Scipionis
1617 1489 1982 1542 maqnitudinern.)

1104 1550 1226 1590 Conf.
1251 1550 1390 1602 Epod.
1413 1552 1459 1599 5,
1494 1551 1559 1590 58.
1612 1552 1721 1603 Epp.
1748 1553 1792 1601 4,
1825 1553 1873 1601 (2,
1910 1554 1978 1593 66.

1103 1613 1168 1652 «si
1219 1614 1261 1652 in
1309 1612 1441 1653 talem
1497 1614 1724 1654 hominem
1779 1616 1982 1656 invectus

1102 1675 1233 1723 erit,»
1267 1675 1311 1714 id
1341 1675 1461 1726 quod
1484 1677 1616 1715 etiam
1649 1677 1742 1716 iure
1765 1677 1860 1716 fieri
1879 1680 1981 1730 pot-

1100 1739 1182 1777 est.
1215 1738 1357 1778 Minus
1375 1739 1590 1778 concinna
1609 1741 1675 1778 est
1697 1738 1832 1778 altera
1851 1739 1981 1780 lectio

1098 1798 1370 1849 laceraverit,
1418 1801 1539 1851 quod
1580 1811 1762 1853 semper
1793 1804 1861 1841 est
1898 1802 1981 1842 ho-

1098 1862 1227 1902 minis
1254 1862 1391 1913 iniqui
1412 1873 1464 1902 ac
1495 1862 1722 1912 malitiosi,
1756 1875 1903 1915 neque
1935 1865 1978 1904 h.

1097 1923 1126 1964 l.
1151 1923 1269 1964 aliud
1301 1927 1368 1966 est
1397 1926 1479 1965 nisi
1509 1924 1732 1976 glossema
1763 1927 1819 1965 ad
1850 1938 1890 1966 v.
1914 1927 1982 1966 la-

1098 1987 1287 2026 traverit.
1350 1988 1523 2028 Acron:
1573 1988 1842 2037 «latraverit,
1875 1988 1983 2029 alla-

1100 2050 1303 2097 traverit,
1336 2048 1642 2090 laceraverit.»

1156 2111 1224 2151 86.
1258 2111 1481 2151 Solventur
1499 2113 1590 2151 risu
1609 2112 1788 2165 tabulae]
1816 2114 1982 2154 Locum

1101 2173 1326 2214 difficilem
1361 2175 1528 2226 optime
1565 2175 1672 2215 mihi
1710 2176 1886 2216 videtur
1915 2178 1984 2217 in-

1101 2239 1372 2288 terpretatus
1411 2248 1510 2277 esse
1550 2239 1756 2278 Matthiae
1797 2239 1852 2279 ad
1890 2241 1980 2280 Cic.

1101 2311 1182 2351 pro
1214 2300 1341 2340 Rosc.
1365 2300 1462 2339 Am.
1487 2298 1526 2350 g.
1560 2301 1627 2340 82.
1683 2302 1798 2341 «Cic.
1825 2302 1880 2342 de
1909 2303 1980 2342 Or.

1102 2363 1152 2409 2,
1186 2361 1259 2409 58,
1293 2360 1393 2400 236:
1428 2362 1593 2400 odiosas
1620 2373 1687 2402 res
1705 2374 1845 2413 saepe,
1879 2375 1985 2413 quas

1103 2423 1361 2474 argumentis
1389 2423 1492 2462 dilui
1520 2434 1603 2462 non
1629 2424 1753 2474 facile
1782 2429 1861 2475 est,
1894 2427 1983 2466 ioco

1100 2485 1272 2534 risuque
1299 2484 1502 2534 dissolvit,
1545 2485 1601 2525 ad
1638 2485 1819 2526 nihilum
1861 2487 1983 2528 redi-

1105 2548 1184 2597 git,
1218 2547 1390 2586 evertit.
1451 2548 1501 2588 Ut
1531 2547 1601 2586 hic
1633 2548 1788 2588 Cicero
1808 2560 1875 2589 res
1893 2551 1984 2590 risu

1103 2610 1321 2651 dissolvere
1368 2609 1493 2658 dixit,
1540 2610 1603 2650 sic
1648 2611 1851 2652 Horatius
1898 2614 1983 2653 sol—

1100 2676 1250 2713 ventur
1266 2672 1358 2711 risu
1384 2671 1577 2720 tabulae,
1610 2672 1654 2712 id
1685 2675 1771 2722 est,
1806 2676 1983 2715 senten-

1102 2737 1188 2776 tiae
1210 2734 1407 2775 iudicum
1428 2734 1641 2784 mitiores,
1663 2734 1856 2777 leniores
1876 2737 1983 2777 fient

1102 2799 1214 2847 risu,
1248 2797 1330 2838 sed
1358 2798 1603 2848 respiciens
1634 2797 1763 2838 simul
1794 2799 1850 2838 ad
1876 2811 1982 2851 pro-

1101 2861 1244 2912 priam
1309 2858 1675 2910 significationem
1735 2860 1981 2902 verborum

1101 2922 1204 2962 solvi
1252 2923 1297 2961 et
1343 2921 1551 2961 tabulae.»
1632 2922 1810 2962 Tabulae
1855 2924 1985 2974 igitur

1103 2985 1224 3024 idem
1262 2983 1383 3035 quod
1422 2984 1465 3023 in
1504 2994 1636 3035 prosa
1678 2985 1876 3024 oratione
1916 2987 1984 3024 ta—

1102 3045 1246 3086 bellae
1268 3045 1545 3093 iudiciariae;
1574 3046 1706 3087 totius
1727 3048 1878 3086 autem
1898 3046 1982 3086 loci

1103 3109 1322 3149 sententia
1351 3109 1483 3148 haec:
1521 3109 1587 3148 «Si
1619 3109 1716 3159 quis
1738 3108 1851 3148 adeo
1873 3108 1982 3149 stul-

1103 3173 1174 3211 tus
1196 3172 1296 3220 erit,
1328 3172 1377 3210 ut
1405 3173 1555 3210 tecum
1586 3170 1845 3210 iniuriarum
1865 3173 1979 3221 agat,

1103 3234 1149 3272 tu
1178 3244 1260 3284 pro
1293 3234 1416 3272 certo
1438 3231 1718 3272 absolvere.»
1777 3231 1982 3272 Similiter

1104 3293 1338 3346 explicavit
1384 3293 1680 3335 Mitscherlich
1728 3295 1771 3333 in
1824 3292 1980 3332 Prolu-

1104 3357 1227 3397 sione
1267 3357 1368 3396 anni
1409 3357 1554 3406 4826„
1594 3357 1677 3396 nisi
1713 3354 1833 3406 quod
1878 3366 1981 3395 cum

1103 3418 1320 3459 Lambino
1359 3418 1524 3458 tabulas
1558 3418 1873 3468 interpretatus
1914 3419 1982 3457 est

1102 3479 1238 3532 leges.
1299 3482 1487 3531 «Leges,
1532 3479 1693 3530 inquit,
1737 3476 1980 3520 labefacta·
