2231 3787
849 318 945 356 LlB.
980 318 1010 356 l.

265 450 440 505 Debes
482 450 580 504 hoc
625 450 783 503 eiiam
829 450 1155 504 rescribere.
1207 451 1247 502 si
1290 449 1380 503 tibi
1423 467 1584 503 curae

1074 319 1234 357 lirisT.
1274 319 1338 357 ΙΙΙ.

1915 317 2015 369 4-17

1950 452 2017 501 30

263 556 504 619 Quantae
545 553 826 607 conveniat
865 553 1156 617 Munatius3
1199 570 1264 604 an
1306 552 1443 606 male
1484 562 1626 605 sarta

263 656 441 709 Gratia
480 656 809 727 nequiquam
849 656 955 709 coit
993 664 1045 709 et
1083 654 1443 708 rescinditur?
1482 658 1545 708 At
1584 674 1678 708 vos

264 760 370 813 Seu
411 757 618 812 calidus
657 760 874 828 sanguis
916 775 1012 811 seu
1053 774 1234 811 rerum
1274 757 1480 811 inscitia
1518 768 1675 811 vexat

266 861 526 914 Indomita
566 861 778 913 cervice
819 860 985 918 seros,
1029 860 1341 931 ubicunque
1382 860 1622 914 locorum

251 1042 284 1068 s.
312 1029 593 1078 nequidquam
625 1027 764 1078 volgo.
796 1051 838 1055 --
870 1029 934 1078 Al]
967 1039 1017 1067 ac
1046 1027 1184 1076 bScE,
1207 1026 1360 1079 ,0³32ch
1392 1029 1435 1066 et
1467 1027 1687 1067 Bentleius
1721 1029 1805 1079 (liic
1837 1030 1968 1070 inter-

253 1092 436 1143 rogandi
476 1093 599 1142 signo
637 1092 779 1142 posito
811 1093 911 1142 post
940 1102 982 1129 v.
1011 1090 1152 1141 feros).
1189 1114 1231 1118 »-
1268 1090 1331 1130 33,
1366 1092 1444 1130 Seu
1472 1112 1494 1118 -
1521 1114 1541 1119 -
1572 1091 1655 1142 seu]
1688 1092 1774 1131 Ileu
1800 1114 1821 1119 -
1846 1116 1867 1121 —
1892 1093 1969 1132 lien

251 1165 412 1197 omnes
453 1155 589 1194 nostri
631 1156 673 1194 et
711 1154 925 1201 Pottierii,
967 1154 1074 1192 item
1107 1154 1153 1192 C.
1200 1154 1262 1203 (Ut
1298 1164 1399 1199 nos,
1436 1153 1523 1192 iam
1556 1154 1719 1192 Veneta
1756 1154 1892 1203 4481.)
1922 1179 1963 1183 —-

251 1218 407 1270 reruni]
438 1219 526 1257 reri
558 1216 739 1257 Bentleii
770 1217 1038 1257 coniectura.

251 1378 396 1417 30-32.
431 1379 464 1417 si
496 1378 566 1416 tibi
596 1377 737 1428 curae]
770 1378 854 1416 Pro
885 1374 1075 1415 lectione

196 1442 247 1480 sit
283 1442 384 1481 facit
421 1439 754 1492 quodammodo
793 1438 998 1490 repetitio
1033 1450 1073 1478 v.

194 1504 230 1543 si
258 1506 359 1556 post
387 1504 421 1543 si
450 1502 617 1554 volgari
637 1513 771 1543 sensu
792 1501 861 1542 his
884 1501 1077 1553 positum

196 1578 236 1605 v.
279 1566 370 1614 29„
424 1567 736 1605 verumtamen
783 1563 1077 1604 difficiliorem

197 1628 434 1669 lectionem
485 1639 587 1669 cum
642 1626 840 1667 Bentleio
889 1625 1078 1679 praetuli

198 1691 322 1732 alteri
352 1693 417 1731 sit.
469 1692 578 1743 Epp.
606 1692 654 1739 4,
690 1691 735 1739 6,
769 1689 845 1744 44]
894 1691 939 1729 Si
973 1702 1077 1740 pos-

197 1759 534 1805 set--royatus,
581 1755 689 1805 Epp.
726 1754 768 1801 4,
803 1754 850 1802 7,
884 1753 958 1792 39;
1006 1754 1078 1792 In-

197 1819 328 1868 spice,
361 1818 394 1856 si
428 1828 611 1867 possum.
665 1815 922 1857 Pseudotib.
947 1816 993 1865 3,
1029 1817 1074 1864 4,

205 1881 272 1920 19;
304 1880 382 1920 Illa
402 1881 503 1920 inihi
524 1880 694 1931 referet,
726 1880 759 1919 si
779 1880 911 1918 nostri
930 1883 1078 1918 mutua

198 1955 303 1983 cura
333 1947 409 1991 est,
441 1943 504 1982 An
533 1943 694 1991 minor,
728 1954 783 1981 an
805 1946 887 1981 toto
913 1946 1079 1992 pectore

198 2006 435 2046 deciderim.
495 2028 538 2032 —
594 2006 785 2054 Quantae
837 2005 1077 2057 conveniat]

200 2071 394 2115 «tantae,
443 2070 634 2119 quantae
676 2078 782 2107 eum
826 2067 904 2107 tibi
943 2079 1077 2107 curae

200 2142 300 2172 esse
333 2131 609 2171 conveniat.»
637 2153 680 2157 —-
714 2131 942 2180 Munatius]
966 2129 1080 2171 filius

200 2194 386 2233 tortasse
417 2195 462 2232 L.
486 2193 663 2232 Munatii
692 2191 838 2233 Planci
860 2204 950 2233 cos.
971 2204 1010 2232 a.
1034 2205 1078 2233 u.

201 2268 239 2295 c.
273 2256 366 2294 7012.
422 2254 513 2305 (Od.
547 2255 590 2303 4,
633 2254 689 2303 7.)
725 2278 769 2282 —
801 2255 912 2294 finale
947 2254 1080 2306 sarta]

202 2322 350 2370 Imago
381 2317 618 2368 desumpta
641 2328 664 2356 a
684 2316 865 2357 volnere
892 2318 992 2357 ideo
1014 2329 1084 2357 re-

202 2383 366 2430 scisso,
401 2380 503 2431 quia
526 2380 620 2420 eius
652 2380 876 2430 margines
905 2390 993 2419 non
1015 2390 1084 2419 re-

203 2446 271 2484 cte
304 2443 479 2483 consuti
517 2443 620 2482 sunt
659 2453 680 2480 a
714 2443 934 2492 chirurgo.
989 2440 1085 2481 Cel-

204 2517 279 2547 sus
310 2508 359 2554 5,
393 2505 440 2544 6:
476 2515 644 2544 assuere
673 2516 754 2543 acu
781 2505 969 2544 volnera.
1016 2504 1079 2544 Id.

203 2569 250 2615 7,
284 2568 329 2608 8:
381 2567 561 2606 Tertium
597 2570 676 2615 est,
718 2567 751 2606 si
792 2567 891 2616 quid
929 2566 985 2606 ibi
1026 2567 1083 2617 (in

204 2642 310 2670 aure
343 2631 541 2678 externa,
574 2630 616 2668 in
646 2628 781 2669 labris
814 2631 857 2669 et
887 2628 1081 2681 naribus)

203 2694 314 2734 curti
356 2697 434 2742 est,
490 2693 662 2732 sarcire.
718 2715 762 2721 —-
804 2691 1082 2743 nequiquam]

206 2757 288 2795 «ita
318 2757 367 2795 ut
396 2755 587 2803 curatio,
622 2765 756 2806 quam
787 2754 1085 2806 exspectaba—

205 2829 327 2867 mus,
362 2818 525 2857 effectu
556 2819 748 2857 careat.»
799 2816 908 2858 Male
941 2819 985 2857 et
1013 2817 1085 2857 hic

207 2882 251 2919 et
279 2880 397 2930 Virg.
429 2881 603 2928 Aen.2,
636 2879 731 2920 546.
767 2880 840 2929 42,
875 2879 968 2920 634.
1017 2878 1086 2931 (Et

206 2951 316 2979 nunc
344 2941 597 2990 nequiquam
634 2942 746 2992 fallis
785 2941 897 2993 dea.)
952 2942 1087 2982 Scho-

209 3002 360 3042 liastae
384 3005 628 3053 exponunt:
665 3015 822 3044 «non»
870 3004 933 3045 Cf.
959 3005 1086 3045 Hand

209 3066 333 3104 Turs.
365 3065 434 3103 IV.
467 3075 509 3115 p.
545 3065 614 3104 474
659 3076 726 3117 sq.
773 3068 837 3106 De
869 3068 1086 3119 scriptura

209 3126 297 3166 vid.
323 3127 409 3165 Sat.
433 3127 481 3174 Ξ,
515 3127 561 3174 7,
595 3127 663 3166 27.
700 3151 742 3155 —
778 3129 871 3180 coit]
905 3129 1021 3169 Cels.
1045 3130 1083 3176 8,

211 3190 287 3229 4οῑ
330 3192 462 3239 potest
499 3199 549 3228 ea
579 3189 741 3229 ratione
768 3195 806 3229 et
839 3202 882 3229 os
912 3192 1021 3231 coire
1052 3195 1089 3231 et

210 3252 354 3291 volnus
382 3261 607 3290 sanescere.
661 3251 782 3291 Ovid.
808 3253 934 3292 Trist.
959 3253 1004 3302 4,
1039 3253 1084 3303 4,

212 3313 255 3354 44
278 3326 286 3353 :
318 3315 428 3353 Neve
449 3314 717 3353 retractando
737 3315 921 3354 nondum
940 3317 1091 3354 coeun-

213 3377 272 3416 tia
299 3387 497 3426 rumpam
530 3376 719 3416 Volnera.
752 3398 797 3404 —
830 3377 1022 3428 Recepta
1043 3389 1085 3417 v.

214 3439 278 3478 30.
317 3439 506 3479 lectione
549 3439 601 3477 sit
643 3437 880 3478 Obbarius:
929 3439 1089 3487 «Quod

215 3501 417 3542 Horatius
457 3512 510 3541 ex
548 3501 744 3541 oratione
783 3501 996 3540 indirecta
1034 3502 1090 3541 ad

215 3564 383 3602 rectam
413 3562 559 3603 subito
590 3564 764 3612 transit,
798 3574 885 3603 non
908 3564 1090 3604 estsine

357 3639 508 3675 HonAT.
537 3649 626 3677 vot..
656 3640 700 3675 ll.
752 3649 817 3675 El).
848 3649 931 3676 am.
959 3639 1019 3675 ΙΙΙ.

1143 1372 1339 1425 quadam
1360 1375 1423 1414 rei
1455 1376 1499 1414 et
1527 1376 1723 1426 ingratae
1749 1379 1791 1415 et
1822 1375 2025 1429 inexspe-

1143 1438 1284 1476 ctatae
1327 1437 1666 1488 significatione,
1715 1449 1849 1489 quam
1887 1441 2026 1491 parti—

1143 1499 1240 1539 cula
1282 1512 1339 1540 an
1369 1502 1547 1541 auctam
1579 1502 1809 1542 sentimus.
1863 1503 2025 1543 Exem-

1141 1562 1212 1615 pla
1234 1563 1490 1615 suppeditat
1510 1564 1635 1603 Hand
1657 1566 1780 1605 Turs.
1806 1567 1836 1605 l.
1861 1577 1902 1617 p.
1925 1566 2020 1605 353.

1146 1649 1190 1655 -
1224 1627 1495 1678 rescinditur]
1539 1628 1713 1667 Petron.
1754 1628 1854 1668 443;
1901 1630 2024 1669 credo

1139 1691 1316 1740 veritus,
1350 1702 1401 1731 ne
1428 1691 1536 1730 inter
1564 1690 1688 1730 initia
1715 1692 1901 1731 coeuntis
1917 1704 2026 1743 {sra-

1141 1755 1224 1794 tiae
1253 1754 1491 1793 cicalricem
1520 1754 1783 1794 rescinderet.
1815 1778 1858 1783 —
1885 1755 1938 1794 At
1955 1768 2027 1795 *vos

1143 1815 1246 1867 cet]
1276 1817 1387 1856 Cum
1420 1816 1559 1866 magis
1580 1817 1753 1865 timeat,
1788 1828 1843 1856 ne
1866 1818 2025 1857 etiam-

1143 1891 1260 1919 nunc
1292 1880 1405 1918 inter
1435 1890 1482 1918 se
1515 1878 1746 1920 discordes
1777 1880 1884 1929 Sint,
1923 1892 2025 1931 gra-

1142 1943 1255 1982 viter
1286 1952 1362 1981 eos
1395 1942 1578 1992 castigat
1609 1943 1653 1981 et
1683 1942 1945 1983 adhortatur
1970 1944 2025 1983 ad

1110 2028 1113 2045 ,
1143 2004 1553 2045 reconciliationem
1593 2005 1757 2055 gratiae
1799 2006 1883 2046 hac
1915 2005 2025 2046 allo-

1145 2069 1320 2108 cutione
1365 2067 1416 2107 At.
1460 2068 1563 2115 cet,
1612 2079 1718 2119 prae
1765 2080 1851 2120 qua
1894 2070 2024 2110 nimis

1144 2130 1322 2181 languet
1353 2129 1491 2170 altera
1521 2129 1653 2170 lectio
1685 2143 1749 2171 ac.

1202 2194 1348 2244 33-3-6.
1391 2193 1485 2244 Seu]
1520 2193 1653 2234 Mirus
1685 2205 1810 2233 error
1841 2195 1909 2234 est
1940 2195 2027 2235 Co-

1147 2255 1297 2295 dicum
1328 2256 1462 2295 etiam
1493 2256 1903 2306 antiquissimorum
1939 2258 2029 2298 Heu

1146 2341 1168 2346 -
1189 2319 1340 2366 -Heu;
1385 2318 1524 2368 magis
1556 2319 1690 2358 etiam
1722 2320 1885 2358 mirum
1917 2332 2029 2360 eun-

1147 2380 1252 2420 dem
1282 2379 1502 2431 placuisse
1535 2382 1578 2419 et
1613 2381 1808 2431 Cruquio
1839 2383 1881 2420 et
1918 2383 2029 2422 Ges—

1147 2453 1270 2483 nero,
1341 2443 1573 2494 Sapienter
1629 2444 1810 2483 Bothius
1868 2442 2032 2484 delevit

1147 2505 1276 2545 huius
1316 2505 1672 2544 annotationem:
1726 2506 2027 2547 «patheticum

1146 2567 1274 2608 valde
1321 2569 1365 2607 et
1409 2568 1680 2607 miserationi
1725 2570 1878 2619 aptum
1922 2568 2029 2609 illud

1145 2632 1235 2671 Heu
1250 2653 1299 2660 --
1314 2631 1434 2670 heu.»
1456 2652 1501 2658 —
1522 2641 1665 2670 rerum
1686 2631 1864 2683 inscitia]
1889 2632 2028 2672 «Cum

1149 2705 1264 2746 quae
1303 2684 1515 2734 alteruter
1555 2695 1676 2734 recte
1708 2695 1841 2745 atque
1873 2694 2030 2735 ordine

1151 2757 1317 2797 fecerat
1346 2758 1421 2796 aut
1450 2756 1643 2805 dixerat,
1685 2755 1797 2796 alter
1826 2756 1933 2797 falso
1964 2758 2032 2797 in-

1149 2821 1419 2871 terpretatur
1449 2821 1582 2871 atque
1613 2820 1657 2860 in
1686 2831 1815 2860 suam
1835 2819 1906 2860 vel
1927 2832 2031 2860 con-

1153 2881 1383 2922 tumeliam
1421 2881 1491 2922 vel
1535 2882 1740 2922 iniuriam
1784 2882 1898 2923 sacta
1943 2884 2034 2935 opi-

1149 2946 1291 2984 natur.
1317 2943 1871 2997 (Missverstandnisse.)
1889 2939 2034 2985 Ἀπει-

1150 3008 1257 3064 ρὶαν
1305 3003 1400 3046 τῶν
1448 3001 1764 3064 ἀνθρωπίνων
1807 3004 2032 3064 πραγμά-

1151 3082 1244 3109 των
1275 3067 1344 3108 alii
1376 3068 1615 3120 explicant3
1653 3069 1733 3109 sed
1755 3070 1839 3109 hoc
1861 3071 1904 3109 in
1927 3069 2034 3109 duo-

1151 3142 1251 3171 rum
1281 3129 1529 3182 proborum
1560 3129 1912 3171 adolescentium
1944 3131 2034 3171 for-

1152 3194 1260 3233 tuito
1291 3192 1471 3232 dissidio
1504 3193 1689 3232 nimium
1721 3195 1800 3233 est.
1839 3217 1882 3221 —
1915 3194 2035 3232 Indo-

1150 3255 1256 3294 mita
1291 3255 1450 3294 cervice
1483 3255 1605 3306 feros]
1647 3256 1929 3306 Comparatio
1960 3266 2034 3294 re—

1153 3318 1287 3369 petita
1309 3316 1364 3356 ab
1388 3318 1513 3368 equis
1537 3317 1659 3368 (Epp.
1685 3318 1700 3356 4
1722 3350 1729 3366 ,
1754 3318 1800 3366 2,
1826 3316 1899 3356 64:
1934 3317 2035 3355 Fin-

1152 3380 1213 3430 ¹qit
1242 3390 1394 3429 equum
1415 3383 1558 3418 tenera
1579 3378 1750 3417 docilem
1770 3378 1927 3417 cervice
1944 3388 2036 3416 ma-

1152 3440 1315 3491 9ister.)
1366 3442 1409 3479 et
1451 3451 1476 3479 a
1520 3440 1682 3487 tauris,
1729 3449 1840 3489 quos
1879 3440 2032 3478 Graeci

1154 3499 1518 3558 σκληραύχενας
1549 3502 1590 3540 et
1621 3496 1929 3553 ζυγομάχους
1955 3512 2034 3540 vo-

1156 3566 1268 3604 cant.
1293 3587 1337 3592 —
1356 3564 1588 3612 ubicunque
1608 3563 1808 3612 locorum]
1831 3563 1899 3603 Sic
1920 3562 2035 3602 redit

1711 3637 1752 3673 27
