2231 3787
833 286 930 324 Lm.
968 287 993 323 l.

1059 287 1219 326 ICPIST.
1256 289 1340 327 xv.
1892 293 1993 346 5315

762 675 1205 726 nrlsoeom
1245 679 1398 727 XV·

241 793 392 856 Quae
431 792 497 844 sit
534 791 704 845 hiems
746 792 948 851 Veliae,
993 795 1140 864 quod
1179 795 1414 859 caelum,
1459 797 1605 859 Vala,
1649 801 1879 863 Salerni,

240 894 481 957 Quorum
522 893 796 946 hominum
837 895 985 965 regio
1015 904 1067 949 et
1093 897 1266 967 qualis
1296 898 1399 958 via,
1430 932 1498 937 —
1529 919 1650 954 nam
1678 903 1803 956 mihi
1831 906 1987 959 Baias

240 995 388 1048 Musa
427 1012 792 1066 supervacuas
832 997 1111 1058 Antonius,
1154 1008 1206 1051 ct
1244 1008 1420 1054 tamen
1462 1001 1561 1055 illis

278 1146 358 1185 ΕΡ.
390 1145 480 1185 XV.
514 1146 648 1185 Inscr.
676 1144 850 1186 Codicis
881 1147 938 1187 E:
970 1147 1032 1186 Ad
1060 1147 1316 1188 Numonium
1352 1151 1508 1189 I'alam.
1539 1175 1582 1182 —
1619 1155 1656 1192 4.
1690 1157 1805 1196 Ιάἱὶα
1834 1160 1873 1196 S

219 1270 307 1310 XV.
356 1270 403 1310 C.
421 1271 638 1310 anoxivs
650 1271 794 1310 VAALA
816 1273 882 1311 est
904 1272 946 1310 in
970 1271 1047 1311 de-

166 1333 301 1372 nariis
325 1333 442 1384 apud
468 1332 630 1372 Eckhel
658 1334 708 1373 D.
735 1335 781 1373 N.
807 1335 845 1373 5.
880 1346 922 1385 p.
947 1335 1041 1374 ⁶263.

165 1396 384 1436 Akerman
418 1397 446 1435 I.
481 1406 523 1447 p.
549 1396 614 1435 68.
650 1397 813 1436 Arneth
836 1398 883 1436 II.
910 1397 976 1436 20.
1003 1399 1046 1436 et

170 1459 303 1496 Vaala
320 1458 479 1497 dicitur
494 1459 626 1497 etiam
645 1469 666 1497 a
682 1460 1043 1507 Commentatore

165 1520 358 1570 Cruquii.
395 1521 454 1570 (In
487 1521 775 1572 inscriptione
810 1521 941 1560 Philis
971 1532 1045 1560 re-

163 1586 285 1635 perta
301 1586 343 1623 et
357 1594 378 1622 a
391 1584 627 1623 Letronnio
643 1583 856 1635 explicata
874 1585 915 1624 in
931 1586 1048 1624 Iour-

162 1646 236 1685 nal
265 1647 333 1686 des
361 1647 528 1686 Sat-ans
550 1647 669 1688 4843.
696 1660 738 1699 p.
763 1648 843 1688 406
865 1659 964 1700 sqq.
999 1650 1041 1689 C.

160 1709 393 1748 Numenius
412 1710 514 1749 Γαῖα
529 1721 632 1750 cum
650 1712 694 1750 L.
714 1710 934 1750 Trebonio
948 1712 1045 1751 Ori-

162 1771 256 1811 cula
270 1772 324 1812 ad
342 1772 559 1824 templum
571 1774 747 1814 venisse
761 1773 1039 1814 diciturlMP.

162 1835 418 1874 CAESARE.
453 1836 560 1874 XIII.
611 1836 724 1874 COS.
762 1837 811 1875 A.
845 1837 896 1875 D.
932 1837 1039 1875 VIII.

159 1897 206 1936 Κ.
241 1897 478 1936 APRILES.
518 1908 556 1936 a.
590 1909 633 1936 u.
667 1898 778 1946 752.)
838 1899 1041 1939 Fortasse

160 1959 278 2000 idem
310 1961 379 1998 est
408 1970 509 1999 cum
541 1961 586 1999 P.
612 1959 829 2008 Quinctilii
852 1962 952 2000 Vari
984 1960 1044 2001 le-

159 2024 284 2073 gato,
318 2022 373 2061 de
405 2033 492 2072 qno
523 2021 674 2062 Vellei.
709 2024 758 2072 Ξ,
794 2024 900 2063 Μθῑ
939 2024 1043 2063 Γαῖα

159 2085 412 2133 Ναιηοηίιιε,
443 2085 603 2135 leyatus
630 2085 748 2134 Vari,
773 2091 910 2125 cetera
930 2088 1042 2136 quie-

159 2151 224 2186 tus
253 2158 304 2185 ac
330 2146 509 2196 probus,
553 2147 635 2185 diri
667 2152 816 2186 auctor
843 2150 1038 2199 exempli,

157 2209 379 2259 spoliatum
422 2209 556 2257 equile
595 2209 773 2257 peditem
806 2211 1042 2260 relinquens

155 2273 260 2323 fuya
288 2283 383 2310 cum
413 2271 493 2309 alis
513 2271 695 2310 Rhenum
719 2276 858 2320 petere
886 2274 1041 2322 inmas-

156 2345 225 2375 sus
265 2338 336 2374 est.
406 2335 522 2382 Quod
558 2334 718 2383 factum
747 2334 835 2372 eius
865 2334 1040 2383 fortuna

155 2398 246 2437 ulta
276 2401 332 2437 est
350 2408 361 2443 ‚·
392 2408 476 2436 non
497 2397 605 2436 enim
632 2397 801 2436 desertis
819 2397 1036 2447 superfuit,

156 2461 225 2500 sed
245 2461 428 2499 desertor
447 2459 607 2498 occidit.
652 2459 930 2509 Quamquam
954 2459 1037 2498 lioc

101 2544 104 2546 -
157 2522 338 2562 demum
370 2533 408 2561 a.
441 2533 483 2561 u.
519 2532 556 2561 c.
589 2521 683 2560 762.
719 2522 888 2568 eventt,
924 2521 1036 2561 adeo

155 2586 204 2623 ut
246 2583 398 2624 Velleii
441 2583 546 2623 Vala
601 2584 734 2622 etiam
774 2581 886 2622 filius
936 2594 1035 2623 esse

154 2647 347 2698 potuerit
370 2646 605 2686 Horatiani.
641 2646 718 2685 Hic
740 2644 916 2684 videtur
935 2646 1035 2685 sun-

155 2709 236 2749 dos
268 2709 336 2759 (cs.
370 2720 412 2748 v.
444 2708 495 2749 45
527 2708 610 2759 sq.)
652 2707 862 2747 habuisse
893 2719 1032 2760 prope

153 2770 323 2811 Veliam
367 2774 411 2811 et
450 2770 705 2817 Salernum,
754 2770 809 2810 de
841 2781 1031 2821 quorum

155 2833 420 2884 oppidorum
465 2831 587 2872 caelo
624 2843 676 2871 ac
706 2831 799 2872 solo
831 2844 931 2872 eum
964 2835 1032 2873 in-

155 2897 370 2945 terrogat,
419 2905 521 2934 cum
564 2895 605 2933 in
650 2893 790 2934 altero
821 2898 920 2935 utro
951 2908 1031 2948 per

154 2957 348 2995 hiemem
379 2967 419 2995 a.
450 2967 494 2995 u.
528 2968 566 2995 c.
599 2957 830 2997 7311—732.
866 2958 1029 3009 degere

154 3016 296 3057 vellet.
334 3018 411 3067 (Ad
442 3028 480 3056 a.
513 3017 607 3058 734.
640 3019 777 3059 refert
805 3021 1029 3071 Diintzer.)

154 3080 205 3120 Ut
232 3078 487 3129 aliquoties,
532 3080 604 3119 hic
643 3091 823 3132 quoque
872 3083 1028 3123 festive

153 3139 369 3191 significat
399 3151 447 3180 se
477 3142 575 3180 tutis
591 3145 629 3180 et
652 3144 844 3191 parvulis
864 3145 917 3195 (v.
942 3144 1027 3196 42.)

152 3213 336 3254 prorsus
366 3204 624 3242 contentum
655 3214 780 3254 esse,
822 3207 902 3245 etsi
933 3205 1023 3246 lau-

153 3264 274 3304 tioris
294 3265 410 3304 vitae
442 3264 637 3304 fructum
662 3276 750 3305 non
779 3268 1026 3318 praefracte

151 3326 340 3373 reiiciat,
373 3329 421 3366 ut
452 3327 583 3366 Stoici
613 3327 807 3367 nonnulli
831 3339 931 3369 sese
962 3330 1028 3370 fa-

153 3399 256 3428 cere
286 3389 443 3430 saltem
473 3388 754 3429 simulabant.
801 3391 1027 3433 Sermonis

152 3449 432 3502 negligentia,
480 3462 587 3491 vere
646 3450 894 3500 Luciliana,
945 3453 1027 3494 sed

153 3511 353 3554 consulto
397 3514 622 3565 quaesita,
667 3515 807 3554 maior
849 3514 920 3554 hic
959 3517 1028 3554 est

1112 1284 1246 1323 quam
1289 1274 1331 1313 in
1374 1277 1738 1325 praecedentium
1775 1282 1991 1334 Epistola-

1112 1346 1211 1374 rum
1243 1335 1342 1376 ulla.
1395 1338 1566 1379 Etenim
1588 1345 1857 1385 constructio
1879 1347 1991 1388 haec

1113 1400 1205 1437 cst:
1243 1414 1261 1434 α
1278 1401 1361 1438 Par
1391 1403 1458 1440 cst
1488 1404 1529 1441 te
1553 1403 1774 1453 scribere,
1810 1419 1890 1449 nos
1912 1410 1987 1450 tihi

1112 1461 1355 1501 accredere
1389 1463 1443 1512 (v,
1468 1465 1574 1514 ι25),
1615 1476 1729 1517 quae
1752 1470 1807 1508 sit
1828 1471 1986 1522 hiems,

1112 1523 1253 1575 qualis
1283 1525 1351 1563 via
1387 1525 1468 1575 (VV.
1496 1528 1636 1579 4,2.),
1670 1533 1811 1571 maior
1841 1536 1989 1575 utrum

1111 1585 1324 1637 populum
1340 1609 1389 1615 ——
1406 1589 1519 1638 tugis
1537 1600 1678 1640 aquae
1707 1593 1789 1642 (γν.
1807 1594 1986 1647 tlt-la),

1112 1651 1278 1689 tractus
1315 1652 1657 1692 uter--rcvcrti
1682 1654 1765 1704 (vv.
1785 1657 1988 1709 wem.»

1111 1711 1188 1749 Vv.
1214 1712 1251 1750 2.
1276 1724 1375 1751 nam
1404 1714 1503 1751 mihi
1536 1717 1619 1753 cet.
1649 1738 1693 1742 —
1720 1717 1783 1756 43.
1819 1730 1992 1760 rursus-

1112 1784 1197 1823 que
1231 1775 1295 1813 46.
1319 1786 1421 1814 rnam
1448 1777 1549 1815 vina
1570 1779 1655 1817 cet.
1684 1801 1728 1806 -
1748 1780 1815 1819 ⁶24.
1840 1782 1881 1820 in
1905 1795 1990 1821 πα·

1110 1835 1357 1890 ρενθέσεσι
1392 1840 1508 1878 sunt.
1557 1839 1739 1888 Confer,
1773 1842 1808 1880 si
1844 1847 1986 1894 vacat,

1108 1897 1279 1949 lonqum
1305 1899 1581 1949 hyperbaton,
1615 1903 1662 1939 ut
1686 1902 1780 1953 ipse
1813 1905 1889 1953 ait,
1924 1906 1990 1946 sa-

1110 1961 1231 1999 ctum
1261 1972 1343 2012 pcr
1373 1963 1518 2001 iocum
1541 1974 1563 2001 a
1588 1962 1722 2003 Plinio
1745 1965 1852 2017 Epp.
1877 1967 1923 2016 8,
1948 1969 1986 2008 7.

1165 2022 1254 2063 4-4.
1294 2024 1441 2076 Veliae]
1467 2024 1627 2074 Hyele,
1662 2025 1805 2075 Helia,
1835 2025 1986 2079 Ἐλέα,

1107 2086 1326 2124 Lucaniae
1359 2086 1572 2137 oppidum
1603 2099 1626 2127 a
1650 2089 1863 2130 Phocaeis
1886 2103 1990 2132 con-

1108 2147 1247 2186 ditum
1294 2149 1539 2199 notumque
1579 2152 1764 2200 propter
1792 2151 1991 2203 philoso-

1105 2210 1217 2260 phos
1240 2208 1470 2256 Eleaticos,
1501 2212 1632 2249 hodie
1652 2213 1796 2252 Alento
1820 2215 1987 2264 (contra

1105 2269 1402 2309 Walckenaer
1444 2272 1604 2311 Castell'
1650 2285 1678 2312 a
1719 2286 1839 2316 mare
1881 2279 1990 2319 della

1103 2332 1304 2383 Brucca).
1328 2354 1372 2361 —
1398 2334 1620 2374 Salernum
1643 2337 1684 2374 in
1707 2348 1811 2388 agro
1834 2341 1988 2381 Picen-

1105 2395 1216 2441 tino,
1250 2395 1474 2446 hodieque
1507 2397 1696 2438 Salerno.
1726 2422 1770 2427 ——
1798 2402 1984 2450 Quorum

1102 2457 1327 2509 hominum]
1371 2459 1477 2509 «qui
1520 2470 1669 2499 mores
1700 2462 1788 2501 sint
1817 2464 1986 2504 incola-

1103 2530 1224 2566 rum,
1259 2531 1372 2570 quae
1403 2522 1519 2560 vltae
1551 2523 1727 2561 ratio‘?»
1763 2547 1805 2552 —
1839 2526 1983 2577 Baias]

1104 2582 1166 2621 CI.
1193 2582 1300 2633 Epp.
1328 2583 1365 2631 4,
1392 2584 1429 2632 l,
1455 2584 1522 2624 83.
1551 2608 1594 2612 —
1618 2586 1983 2642 Musa—Antonius]

1102 2646 1342 2685 «Antonius
1364 2647 1484 2686 Musa
1508 2648 1783 2697 aegritudine
1800 2653 1983 2703 Augusti

1099 2709 1242 2746 artem
1274 2718 1400 2747 suam
1432 2707 1689 2756 illustravit;
1735 2723 1836 2752 nam
1878 2725 1982 2755 cum

1099 2768 1250 2809 dolore
1296 2770 1520 2809 arthritico
1570 2770 1793 2813 laboraret
1839 2777 1884 2816 et
1925 2777 1982 2818 ad

1100 2843 1323 2872 summam
1354 2835 1541 2872 maciem
1574 2835 1817 2885 perductus
1845 2841 1979 2891 esset,

1102 2899 1284 2934 curantc
1329 2895 1484 2935 Amilio
1524 2896 1615 2947 (sic)
1659 2899 1856 2948 medico,
1906 2903 1981 2953 qui

1100 2969 1203 2997 eum
1220 2958 1333 2997 adeo
1356 2957 1507 2998 calidis
1525 2959 1722 3009 curabat,
1749 2964 1795 3000 ut
1811 2965 1977 3005 tectum

1098 3019 1289 3061 cubiculi
1308 3022 1402 3061 eius
1419 3020 1659 3062 velleMbus
1678 3026 1884 3073 muniret,
1903 3026 1975 3067 hic

1095 3086 1250 3135 postea
1280 3084 1324 3123 in
1363 3085 1634 3124 contrarium
1663 3087 1804 3126 versis
1835 3089 1977 3127 omni-

1093 3145 1179 3186 bus
1211 3157 1299 3186 non
1330 3145 1474 3186 solum
1504 3147 1833 3198 perfusionibus
1855 3149 1975 3199 frigi-

1095 3208 1182 3257 dis,
1224 3207 1305 3249 sed
1346 3209 1478 3248 etiam
1509 3211 1789 3260 gargarismis
1821 3211 1972 3250 Cicer-

1094 3271 1224 3310 ninae
1255 3282 1423 3322 aquae,
1472 3282 1586 3322 quae
1627 3275 1694 3312 est
1728 3271 1895 3312 Atellae
1925 3273 1970 3312 in

1093 3333 1227 3372 domo
1259 3333 1489 3381 Caesaris,
1525 3336 1568 3373 et
1586 3333 1839 3385 potionibus
1860 3344 1968 3374 usus

1093 3397 1181 3443 est,
1214 3396 1273 3434 ita
1301 3397 1350 3434 ut
1370 3396 1483 3435 intra
1503 3395 1642 3434 breve
1665 3398 1842 3446 tempus
1863 3405 1968 3436 eum

1092 3459 1293 3504 curaret;
1327 3456 1383 3496 ob
1415 3467 1550 3508 quam
1581 3467 1762 3496 causam
1792 3455 1848 3495 ab
1874 3458 1966 3496 Au-

1091 3520 1217 3567 gusto
1247 3528 1389 3568 usque
1421 3517 1476 3557 ad
1507 3518 1556 3556 H.
1591 3518 1631 3556 S.
1670 3517 1966 3569 quadringen-
