2231 3787
234 226 263 274 8
272 225 299 276 4,
865 223 1078 263 HORATll
1127 223 1426 265 SATIRARUM

302 354 460 408 Multa
498 361 776 426 poetarum
815 355 993 410 veniet
1031 371 1243 410 manus,
1285 352 1479 406 auxilio
1519 368 1659 423 quae

301 457 377 511 Sit.
415 456 566 520 1ni11i;
609 474 730 510 uam
768 456 932 510 inulto
972 455 1154 527 plures
1195 471 1380 507 sumus
1419 470 1481 506 ac
1520 451 1681 506 veluti
1721 460 1771 505 te

301 558 483 613 ludaei
525 576 778 629 cogemus
819 558 870 610 in
910 557 1044 610 hanc
1084 555 1385 610 concedere
1424 553 1649 607 turbam.

342 724 428 764 141.
464 725 600 763 veniat
630 723 686 763 bc
718 725 758 762 et
801 733 956 762 omnes
998 721 1212 769 Pottierii‚
1267 722 1372 760 item
1411 720 1580 758 Veneta
1626 717 1770 767 448⁴.,
1811 719 1900 760 LCt
1943 721 1987 759 et

278 787 504 827 Kirchner.
540 786 686 837 (reniet
718 786 850 825 eliam
879 782 904 823 ὁ
937 787 979 824 et
1010 795 1123 824 unus
1154 781 1443 831 Bersmanni.)
1481 801 1523 807 —
1560 781 1804 830 amc-ilioque
1832 782 1878 821 L.

224 923 297 952 rus
330 915 417 952 cst:
452 912 534 950 lioc
557 920 661 960 ergo
683 909 910 948 urbanius.
939 931 983 935 ——
1007 918 1097 946 ma-
1161 908 1294 956 toque
1326 903 1516 944 tumultu
1547 905 1696 944 contra
1737 906 1780 945 te
1816 904 1966 957 plures
1996 906 2041 945 iu

223 975 309 1025 nus]
346 974 512 1013 Festive
545 972 665 1022 fingit
694 980 906 1021 magnum
931 970 1095 1009 Romae

223 1047 320 1076 esse
352 1038 583 1086 poctarum
615 1033 740 1083 quasi
771 1030 1029 1072 sodalicium
1054 1033 1097 1070 et

221 1097 592 1143 coniurationem,
641 1105 754 1145 quae
793 1092 864 1133 vel
907 1103 1095 1132 numero

219 1171 298 1199 suo
330 1169 542 1209 superare
574 1156 897 1196 obtrectatores
930 1155 1093 1206 possit;

219 1231 304 1271 qua
337 1220 390 1259 de
423 1220 588 1258 Satirae
612 1217 804 1258 clausula
835 1227 968 1257 veros
990 1216 1097 1255 ami-

219 1295 313 1324 cos.
347 1283 551 1328 Varium,
584 1280 831 1332 Virgilium,
865 1280 1090 1327 Aristium

219 1348 392 1385 ceteros
423 1356 477 1384 ex
507 1344 639 1383 animi
670 1343 889 1383 sententia
928 1342 1095 1381 risuros

219 1417 317 1447 csse
362 1406 502 1457 probe
548 1405 730 1446 sciebat.
797 1402 933 1444 Simul
977 1403 1095 1442 enim

216 1467 416 1520 sugillare
460 1468 638 1508 videtur
682 1466 876 1508 studium
920 1464 1096 1505 versifi-

216 1531 358 1578 candi,
376 1542 463 1581 quo
485 1533 590 1570 tunc
605 1540 741 1581 quam
761 1527 939 1580 plurimi
961 1528 1094 1567 etiam

215 1595 346 1633 invita
383 1594 579 1633 Minerva
620 1591 892 1631 ferebantur.
938 1612 984 1618 —
1020 1591 1092 1628 Iu—

215 1657 321 1705 daei]
355 1654 473 1694 Multi
505 1657 620 1702 tum,
655 1665 708 1693 ex
737 1664 824 1704 quo
857 1652 1093 1703 Pompeius

215 1716 525 1767 Hierosolyma
579 1717 784 1767 ceperat,
844 1714 996 1754 Iudaei
1050 1714 1094 1753 in

214 1779 329 1822 L’rbe
353 1781 496 1827 erant,
521 1777 749 1817 turbidum
770 1777 1003 1817 hominum
1023 1786 1096 1826 ge-

215 1853 312 1881 nus.
374 1842 464 1881 Cic.
489 1852 570 1892 pro
602 1840 756 1880 Flacco
788 1839 861 1887 ⁶28,
895 1838 971 1878 66:
1005 1838 1095 1877 Scis

216 1908 375 1954 quanta
414 1904 465 1943 sit
503 1914 652 1942 manus
690 1901 970 1953 (Iudaeorum
1006 1901 1094 1940 Ro-

218 1967 350 2017 mae),
398 1969 557 2016 quanta
598 1964 844 2012 concordia,
893 1966 1096 2012 quantum

214 2030 353 2069 valeat
382 2030 425 2068 in
454 2027 721 2068 contionibus.
782 2025 984 2076 Plerique
1016 2036 1094 2064 ex—

216 2091 406 2144 plicant:
472 2088 896 2139 «Quemadmodum
944 2086 1095 2126 Iudaei

217 2153 380 2193 multos
440 2152 495 2192 ad
553 2163 680 2192 suam
733 2150 1094 2202 superstitionem

216 2215 478 2267 pertrahere
524 2213 865 2265 proselytosque
903 2210 974 2251 vel
1018 2222 1096 2250 co-

218 2276 363 2327 gendo
404 2276 551 2315 facere
583 2274 779 2322 solent3»
826 2274 946 2325 quod
990 2283 1095 2313 sane

219 2339 361 2389 aptius
404 2337 575 2377 videtur
612 2339 792 2389 propter
826 2337 922 2387 ipsa
958 2334 1097 2374 verba

220 2403 261 2441 in
304 2401 410 2440 hanc
448 2400 667 2439 concedere
707 2399 888 2438 turbam.
962 2396 1097 2437 Aliter

221 2462 446 2503 Schulzius
466 2463 509 2501 in
530 2462 781 2502 Exercitatt.
801 2459 949 2512 philol.
971 2460 1092 2500 Fasc.

225 2536 353 2564 novo.
424 2525 570 2575 Hagae
620 2525 744 2564 Com.
797 2521 915 2563 4774.
959 2533 1002 2574 p.
1046 2521 1094 2561 3:

225 2585 376 2627 «Velut
407 2587 555 2627 ludaei
586 2585 723 2627 multo
755 2585 950 2627 clamore
981 2583 1098 2624 mul-

1161 966 1371 1007 auxilium
1410 965 1728 1008 advocabimus
1766 969 1809 1008 et
1849 969 1917 1018 te,
1958 968 2041 1008 nisi

1160 1030 1334 1069 nostras
1375 1039 1535 1069 manus
1566 1029 1729 1069 sentire
1759 1028 1894 1078 velis,
1937 1029 2041 1070 huic

1161 1094 1312 1131 nostro
1353 1092 1456 1131 vitio
1497 1092 1773 1140 concedere,
1819 1092 1957 1131 immo
1997 1093 2042 1132 in

1159 1155 1357 1194 nostram
1410 1153 1587 1193 turbam
1636 1154 1852 1194 secedere
1902 1164 2040 1205 coge-

1160 1225 1302 1256 mus.»
1341 1238 1385 1243 —
1418 1216 1622 1267 coyemus]
1657 1216 1827 1256 Festiva
1859 1216 2043 1256 commi-

1160 1279 1301 1327 natio,
1347 1280 1396 1317 ut
1425 1277 1592 1319 similes
1622 1278 1704 1317 ioci
1735 1277 1855 1329 apud
1895 1276 2042 1318 Plato-

1160 1351 1264 1380 nem
1293 1339 1460 1380 Phileb.
1491 1352 1534 1392 p
1555 1340 1620 1380 46.
1643 1341 1702 1380 A:
1731 1332 1836 1397 Ἆρ’,
1869 1331 1908 1378 ὦ
1936 1335 2042 1378 Σώ-

1160 1414 1351 1459 κοατες,
1385 1397 1477 1449 οὐχ
1509 1397 1626 1459 ὁρᾶς
1656 1396 1795 1454 ἡμῶν
1823 1398 1880 1442 τὸ
1914 1399 2038 1455 πλῆ-

1158 1465 1268 1515 θος,
1303 1460 1377 1504 ὅτι
1406 1477 1455 1504 νε
1450 1465 1507 1504 ὀι
1537 1462 1710 1514 πάντες
1739 1464 1911 1518 ἐσμέν,·
1954 1464 2038 1505 καὶ

1159 1522 1215 1567 οὐ
1248 1525 1397 1577 φοΒεῐ
1423 1525 1493 1580 μή
1528 1539 1608 1567 σοι
1656 1523 1778 1579 μετὰ
1822 1523 2036 1579 Φιλήβου

1160 1587 1461 1641 ξυνεπιθώαε
1467 1589 1555 1639 θα,
1598 1582 1684 1629 ἑαν
1715 1583 1845 1642 ηιιᾶς
1880 1586 2042 1629 λοιδο-

1161 1665 1214 1709 <²31
1214 1665 1273 1702 ς;
1308 1652 1497 1691 Phaedr.
1520 1663 1565 1703 p.
1588 1652 1684 1691 236.
1710 1652 1764 1692 C:
1798 1646 1921 1692 ἀλλὰ
1939 1649 2041 1692 δια-

1157 1711 1364 1767 νοηθητι
1408 1707 1483 1753 ὅτι
1526 1711 1746 1754 ἐντεῦθεν
1789 1709 1881 1755 οὐκ
1924 1708 2039 1755 dnb-

1156 1792 1214 1829 με
1197 1789 1269 1827 ε,ν
1303 1777 1411 1834 :mlv
1437 1771 1501 1815 ἀν
1528 1772 1587 1817 σὺ
1622 1772 1757 1834 εἴτῃς
1782 1773 1814 1816 ἃ
1841 1771 2043 1830 ἔφησθα

1158 1838 1207 1880 ἐν
1237 1836 1300 1893 τῷ
1333 1835 1484 1891 στήθε
1487 1852 1542 1878 cc
1524 1832 1602 1886 6'70
1590 1850 1674 1878 w·
1707 1837 1853 1891 εσιιὲν
1873 1837 1924 1880 δὲ
1942 1852 2038 1893 μο-

1156 1915 1222 1941 veo
1271 1914 1321 1942 εν
1370 1900 1575 1958 comnia,
1629 1897 1850 1957 ioxvpdzc
1838 1913 1940 1959 ρος
1988 1900 2041 1943 δὲ

1157 1961 1247 2018 ἐγω
1292 1964 1374 2003 καὶ
1421 1959 1665 2021 νεώτερος.
1746 1963 1867 2004 Polit.
1914 1966 1947 2004 I.
1992 1976 2037 2017 p.

1158 2027 1251 2066 327.
1286 2026 1333 2066 C.
1371 2048 1415 2054 -—
1460 2026 1504 2064 in
1541 2026 1648 2065 hanc
1687 2027 1906 2066 concedere
1943 2030 2039 2066 tur-

1158 2088 1267 2140 bam]
1312 2090 1380 2128 «te
1412 2088 1539 2128 nobis
1582 2098 1822 2139 aggregare
1854 2088 2041 2129 eadem-

1160 2163 1245 2202 que
1297 2150 1532 2190 nobiscum
1577 2151 1739 2190 sentire
1789 2152 1831 2190 in
1880 2151 2040 2192 iudicio

1159 2215 1424 2265 praesertim
1475 2213 1530 2252 de
1580 2214 1724 2254 satiris
1784 2214 2039 2255 faciendo.»

1160 2275 1414 2315 Turnebus:
1463 2276 1604 2316 Unum
1639 2278 1682 2315 te
1715 2286 1738 2316 e
1770 2276 1899 2316 turba
1929 2280 2042 2328 po'e-

1161 2338 1307 2376 tarum
1338 2337 1546 2387 quamvis
1573 2338 1759 2377 invitum
1778 2338 2038 2388 reddemus,

1160 2401 1208 2438 ut
1236 2397 1340 2438 illud
1371 2398 1590 2449 studium,
1636 2400 1754 2451 quod
1795 2400 2038 2453 improbas,

1159 2462 1315 2512 postea
1344 2461 1437 2512 ipse
1469 2460 1775 2503 celebraturus
1795 2463 1855 2504 sis
1877 2465 1922 2504 et
1941 2474 2041 2503 car-

1160 2523 1279 2562 mina
1296 2523 1584 2574 scripturus.»
1618 2525 1710 2566 Hoc
1731 2527 1879 2567 tamen
1898 2537 2039 2578 prope

1161 2585 1348 2626 nimium
1378 2584 1566 2626 videtur.
