2231 3787
883 291 979 330 ΗΒ,
1016 291 1062 329 Il.
1125 290 1235 329 SAT.
1270 290 1337 328 lll.
1925 289 2023 341 257

283 421 525 475 Gaudeat
565 429 619 474 ut
660 419 889 492 populus
932 419 1122 472 Priami
1163 420 1516 489 Priamusque
1559 419 1853 481 inhumato,
1932 420 2024 471 195

285 526 385 578 Per
423 541 585 595 quem
627 531 698 575 tot
739 523 959 575 iuvenes
1000 521 1170 591 patrio
1211 537 1437 574 caruere
1476 520 1768 591 sepulcro?

282 624 420 678 Mille
460 625 639 677 ovium
682 625 897 676 insanus
937 623 1089 675 morti
1135 621 1305 683 dedit,
1356 621 1589 674 inclitum
1632 621 1813 675 Ulixen

252 727 346 780 'Et
384 726 687 779 Menelaum
728 743 831 776 una
872 741 1083 778 mecum
1124 741 1182 776 se
1222 709 1474 777 occidere
1515 722 1766 776 clamans.

283 820 359 881 Tu
398 844 519 881 cum
559 844 656 897 pro
697 826 858 879 vitula
897 826 1083 878 statuis
1121 823 1332 878 dulcem
1373 823 1560 877 Aulide
1601 833 1776 876 natam

285 930 416 982 Ante
456 945 577 981 aras
617 928 936 999 spargisque
976 926 1116 979 mola
1149 935 1332 996 caput,
1378 925 1644 996 improbe,
1687 925 1851 987 salsa,
1928 926 2031 978 ‘200

285 1032 506 1083 Rectum
532 1029 691 1082 animi
719 1029 943 1082 servas?
984 1027 1296 1092 Quorsum?
1336 1028 1559 1080 Insanus
1581 1027 1711 1098 quid
1741 1027 1880 1080 enim
1904 1027 2031 1080 Aiax

287 1131 457 1190 Fecit,
501 1149 622 1185 cum
663 1130 848 1183 stravit
886 1130 1026 1182 ferro
1066 1130 1273 1200 pecus?
1312 1128 1574 1181 Abstinuit
1611 1129 1715 1180 vim

266 1345 467 1384 Pulrescit
497 1344 687 1384 Pottierii
721 1342 946 1393 plerique.
982 1353 1095 1380 corr.
1131 1341 1183 1388 b,
1220 1342 1267 1379 Lt
1298 1344 1341 1380 et
1373 1339 1607 1379 Bentleius.

269 1418 334 1459 pr.
369 1406 396 1446 b
429 1408 472 1446 et
503 1407 602 1445 octo
633 1405 857 1454 Pottierii.)
907 1424 949 1431 —
1000 1404 1091 1442 197.
1127 1404 1324 1452 inclytum
1359 1403 1536 1451 L'lyssem
1568 1404 1697 1441 Leti-¹.

1093 1466 1186 1505 201.
1221 1477 1418 1514 quorsum
1449 1466 1620 1504 insanus
1635 1465 1655 1503 ἱ)
1694 1466 1793 1513 quid
1824 1465 1981 1503 distin-

269 1470 534 1520 scripturam
565 1467 774 1508 exhibent
802 1466 950 1518 bS(·p.)
1001 1489 1044 1493 —

1672 1342 1734 1390 -ngt
1767 1352 1844 1379 nos
1875 1342 1974 1391 Sep,

1761 1404 1979 1452 (Nostram

268 1533 406 1582 guunt
436 1530 544 1579 bSe,
578 1540 773 1579 quorsum
805 1530 999 1577 insanus,
1034 1529 1133 1577 quid
1163 1527 1400 1574 Bentleius,

214 1712 349 1760 mice,
384 1712 509 1762 quasi
541 1722 616 1750 rex
639 1712 759 1751 esset
787 1710 929 1750 ICtus.
993 1709 1095 1748 For-

214 1773 379 1813 mulam
419 1774 615 1814 servavit
653 1774 809 1812 Cicero
854 1783 935 1823 pro
980 1772 1089 1811 Mur.

215 1836 286 1884 13,
320 1837 397 1876 ⁶28:
437 1837 577 1875 Etiam
608 1835 722 1883 illud,
757 1836 866 1884 quod
895 1834 1093 1882 aliquan-

213 1899 285 1937 diu
311 1898 414 1948 fuit,
447 1898 568 1938 LICE
575 1898 604 1936 T
632 1897 973 1945 CONSULERE,
1007 1896 1094 1934 iam

207 1961 460 2010 perdidistis.
505 1981 548 1986 —
591 1959 643 1998 ab
683 1959 837 1998 Achille
877 1958 1094 2007 secundus]

213 2023 282 2062 Sic
312 2023 428 2073 Virg.
455 2020 542 2062 Ecl.
566 2022 612 2069 5,
647 2020 725 2061 49:
774 2025 817 2060 tu
862 2031 971 2059 nunc
1015 2020 1095 2059 eris

213 2085 321 2125 alter
349 2085 400 2124 ab
436 2085 519 2123 illo.
587 2053 706 2123 Iliad.
743 2081 801 2133 β,
844 2082 947 2122 768:
995 2078 1093 2120 {viz-

212 2144 335 2204 δρῶν
364 2138 426 2186 αὖ
462 2146 565 2198 ιιέγ
597 2139 796 2200 ἄριστος
827 2138 913 2196 ῗην
944 2144 1003 2183 Tc
995 2149 1093 2182 λα-

213 2206 394 2261 μώνιος
422 2207 563 2258 Αἴας,
598 2203 734 2265 'Ocp9’
762 2202 969 2256 Ἀχιὶεὺς
997 2202 1094 2258 μί-

215 2282 327 2310 ιιεν·
361 2266 389 2309 ὁ
426 2266 516 2325 γὰρ
555 2265 675 2309 πολὺ
715 2280 951 2326 φέρτατος
993 2267 1090 2319 ἦεν.

216 2332 430 2374 Pindarus
452 2334 577 2372 Nem.
601 2333 649 2379 7,
672 2332 739 2371 27.
764 2331 1096 2370 Aiacemvocat

214 2392 471 2453 κράτιστον
515 2389 720 2442 Ἀχιλέος
768 2386 881 2447 ἄτερ
939 2403 1090 2444 ιιαχα.

212 2461 294 2510 Ap.
333 2458 464 2509 Soph.
501 2457 566 2495 Ai.
591 2466 632 2493 v,
673 2453 793 2493 1339.
829 2453 1006 2493 lesses
1037 2453 1092 2491 de

214 2522 372 2560 Aiace:
434 2512 532 2558 Οὐκ
584 2511 960 2567 άντατιιιάσαιιι
1005 2509 1066 2551 ἀι

216 2575 339 2621 ὥστε
373 2576 443 2633 ιιὴ
484 2578 657 2632 λέγειν,
688 2571 780 2617 ‘'Ev'
816 2571 941 2632 αἰδ()’
981 2573 1094 2614 ἰδεῖν

214 2639 413 2702 ἄριστον
456 2637 695 2698 Ἀργείων,
757 2633 869 2680 ὅσοι
918 2639 1094 2695 Τροίαν

215 2682 556 2757 ἀφικόμεσθα,
635 2698 759 2755 πλὴν
829 2696 1009 2748 Ἁχιὶλέ
1012 2713 1089 2750 ως.

215 2765 419 2808 Σκόλιον
463 2768 505 2806 in
554 2767 675 2805 Po'et.
723 2764 805 2815 ly.r
853 2763 995 2813 Bergk
1048 2773 1089 2813 p.

216 2831 318 2871 875:
365 2828 468 2868 Παῐ
504 2822 813 2879 Τελαιιῶνος,
859 2821 978 2864 Αἶαν
1017 2825 1093 2862 αἰ-

216 2888 396 2943 χιιητά,
419 2889 484 2929 λε”ο
459 2890 615 2943 γουσι
635 2901 690 2928 σε
705 2882 782 2938 Ες
804 2885 980 2944 Τροΐαν
995 2880 1094 2942 ἀρι-

217 2964 333 2992 στον
374 2950 531 2992 ἐλθεῖν
573 2947 774 2989 Δαναῶν
816 2949 916 3001 μετ
944 2942 1092 2995 Am).-

217 3012 316 3053 λεα.
352 3035 398 3041 -
429 3012 616 3063 Putescit]
662 3009 934 3062 <insepultus
979 3011 1090 3049 est.»

217 3074 376 3125 Odyss.
418 3086 471 3121 α,
518 3073 624 3112 1·61
671 3062 988 3129 'Aisepos-,01⁷2
1032 3067 1090 3123 δή

216 3148 309 3176 που
340 3132 465 3175 >isin
494 3128 642 3173 ὀστέα
671 3131 873 3174 πύθεται
903 3128 1088 3190 όμβρω.

216 3198 382 3249 Scripsi
418 3196 596 3247 putescit
632 3205 734 3234 cum
774 3194 913 3235 Codd.
953 3197 1089 3241 meis;

216 3260 302 3300 hoc
346 3268 570 3309 nusquam
612 3256 797 3308 reperiri
842 3267 945 3296 cum
988 3256 1094 3295 dicit

1156 1708 1254 1756 scit,
1290 1708 1370 1747 nisi
1402 1707 1522 1758 quod
1553 1705 1725 1747 mollior
1745 1709 1812 1746 est
1843 1717 2038 1757 pronun-

1159 1771 1303 1818 tiatio,
1353 1772 1399 1808 ut
1439 1769 1637 1809 increbuit
1668 1780 1748 1820 pro
1781 1769 2005 1808 increbruit
2021 1801 2033 1817 ⁷,

1156 1832 1345 1879 rubesco,
1379 1832 1556 1882 proprie
1589 1831 1806 1878 rubresco,
1842 1830 1961 1881 quod
1994 1832 2035 1869 in

1157 1904 1241 1933 usu
1271 1905 1357 1933 non
1382 1896 1462 1932 est.
1490 1916 1535 1920 —
1558 1894 1675 1932 toties
1693 1893 1868 1932 servatis
1884 1914 1901 1919 -
1920 1892 2039 1930 Achi-

1154 1955 1229 2007 vis]
1264 1955 1386 1995 Conf.
1411 1956 1543 2006 Soph.
1568 1956 1632 1994 Ai.
1659 1965 1697 1994 v.
1723 1954 1828 1993 4273
1859 1964 1959 2004 sqq.
1990 1977 2032 1981 —

1158 2018 1349 2057 Gaudeat
1379 2017 1481 2066 cet.]
1516 2018 1642 2056 Hom.
1679 2015 1799 2055 Iliad.
1832 2028 1885 2064 α,
1928 2016 2031 2054 255:

1150 2073 1210 2119 ’H
1242 2091 1322 2118 κεν
1362 2075 1579 2132 γηθήσαι
1621 2077 1843 2133 Πρίαμος
1885 2074 2039 2133 Πριά-

1156 2139 1273 2194 μοιό
1305 2153 1353 2180 τε
1384 2139 1569 2191 παῖδες,
1604 2135 1761 2179 Ἄλλοι
1791 2151 1838 2179 τε
1881 2134 2036 2196 Τρῶες

1156 2205 1282 2258 ιιι-’γα
1310 2216 1392 2243 κεν
1421 2204 1712 2260 κεχαροίατο
1741 2199 1897 2256 θυμῷ.

1215 2328 1416 2367 196-207.
1460 2327 1573 2367 Mille
1601 2327 1754 2379 ovium]
1802 2326 1888 2366 Cfr.
1928 2325 2033 2365 Gell.

1159 2390 1202 2436 Ι,
1238 2390 1303 2428 16.
1335 2389 1450 2428 dille
1480 2389 1520 2427 in
1553 2389 1636 2427 hac
1667 2389 1831 2427 constr.
1866 2389 1934 2426 est
1964 2398 2039 2426 no-

1159 2460 1284 2498 men,
1327 2446 1499 2497 χιλιάς.
1538 2472 1581 2476 —-
1616 2448 1812 2499 improbe]
1848 2444 2037 2500 λιτότης

1157 2521 1237 2561 pro
1284 2511 1468 2560 «impio,
1517 2510 1591 2560 qui
1637 2510 1703 2549 ius
1743 2511 1786 2548 et
1818 2509 1880 2549 sas
1903 2520 2036 2549 omne

1157 2581 1323 2621 susque
1368 2571 1513 2622 deque
1559 2570 1738 2610 habet.»
1784 2594 1826 2599 —
1870 2573 2038 2611 Rectum

1157 2633 1303 2682 animi]
1325 2628 1381 2671 τὸ
1403 2627 1573 2689 ὀρθόν,
1607 2634 1799 2672 «rectam
1822 2634 2034 2682 mentem,

1156 2698 1331 2734 rectum
1372 2696 1504 2735 animi
1545 2697 1754 2735 statum.»
1804 2717 1848 2723 ——
1898 2697 2037 2745 Quor—

1155 2757 1275 2797 sum?
1310 2759 1486 2798 Insanus
1515 2758 1627 2807 quid]
1660 2757 1729 2796 Sic
1759 2756 2036 2808 distinguen-

1157 2820 1264 2860 dum
1295 2822 1377 2860 est.
1439 2822 1735 2870 Agamemno:
1784 2820 2033 2866 «Quorsum

1156 2883 1292 2931 haec,
1326 2892 1439 2932 quae
1472 2881 1603 2926 dicis,
1644 2882 1910 2931 spectante„
1962 2879 2036 2920 Al-

1156 2946 1246 2982 ter:
1283 2943 1422 2991 «Quid
1452 2942 1635 2982 tandem
1665 2943 1795 2981 nimis
1833 2944 2034 2993 perversi

1154 3003 1258 3045 fecit
1286 3006 1416 3054 Aiax,
1451 3005 1584 3044 etiam
1607 3014 1709 3043 cum
1731 3005 1941 3043 insaniret
1959 3015 2037 3055 pe-

1155 3077 1348 3118 coraque
1386 3065 1661 3105 trucidaret?
1703 3064 1924 3105 Abstinuit
1963 3068 2034 3104 ta-

1154 3140 1258 3169 men
1298 3130 1416 3168 cet.»
1480 3125 1720 3166 Heindorfii
1764 3126 1898 3174 ratio,
1947 3137 2034 3177 qua

1154 3203 1223 3231 vv.
1247 3192 1310 3232 sic
1331 3191 1593 3240 iunguntur:
1627 3190 1834 3238 Quorsum
1861 3188 2035 3226 insanus

1155 3254 1254 3303 quid
1281 3253 1390 3292 enim
1417 3252 1530 3291 Aiax
1567 3250 1694 3301 fecit?
1742 3251 1844 3290 Cum
1885 3251 2034 3289 strat-ic

215 3320 463 3369 Bentleius‚
497 3318 678 3365 fallitur3
711 3319 774 3358 sic
805 3318 922 3357 enim
950 3317 1089 3357 Codd.
1151 3316 1266 3366 ferro
1288 3325 1438 3365 Ρεοιιε,
1481 3313 1679 3352 abstinuit
1708 3313 1812 3359 cet,
1856 3311 2031 3350 Latinae

217 3383 409 3422 Lucretii
438 3382 483 3431 3,
524 3380 618 3422 884.
677 3379 767 3420 Cic,
800 3379 855 3418 de
886 3380 935 3418 N.
965 3380 1017 3418 D.
1041 3380 1088 3427 2,

218 3442 294 3492 64,
328 3444 421 3483 160.
483 3441 597 3483 Cels.
635 3442 684 3490 2,
724 3440 790 3479 30.
843 3438 1006 3479 Arnob.
1043 3440 1088 3489 7,

221 3504 286 3543 17.
320 3505 478 3545 eadem
509 3502 828 3555 significatione
858 3511 910 3540 ac
943 3504 1093 3551 putre-

361 3580 512 3616 nonu.
541 3589 630 3616 vot..
659 3587 700 3615 11.
752 3587 817 3614 ει).
847 3585 971 3613 usion
995 3575 1056 3611 111.

1155 3376 1463 3416 consuetudini
1491 3375 1668 3418 videtur
1704 3372 1945 3412 adversari.
1984 3394 2027 3398 —

1153 3438 1357 3478 Abstinuit
1383 3438 1468 3476 vim
1496 3436 1599 3484 cet.]
1632 3433 1836 3474 Similiter
1866 3433 1954 3471 Liv.
1990 3433 2027 3480 1,

1157 3501 1171 3539 1
1194 3511 1201 3537 ;
1221 3499 1555 3539 duobus--omne
1572 3498 1634 3536 ius
1649 3495 1738 3533 belli
1753 3494 1925 3534 Achivos
1939 3493 2031 3533 abs-

1707 3570 1751 3606 117
