<?xml version="1.0" encoding="UTF-8"?>
<!DOCTYPE html PUBLIC "-//W3C//DTD XHTML 1.0 Transitional//EN"
    "http://www.w3.org/TR/xhtml1/DTD/xhtml1-transitional.dtd">
<html xmlns="http://www.w3.org/1999/xhtml" xml:lang="en" lang="en">
 <head>
  <title>
</title>
<meta http-equiv="Content-Type" content="text/html;charset=utf-8" />
  <meta name='ocr-system' content='tesseract 3.04.00' />
  <meta name='ocr-capabilities' content='ocr_page ocr_carea ocr_par ocr_line ocrx_word'/>
</head>
<body>
  <div class='ocr_page' id='page_1' title='image "./qhoratiusflaccus02horauoft_0207.png"; bbox 0 0 2231 3787; ppageno 0'>
   <div class='ocr_carea' id='block_1_1' title="bbox 789 296 968 335">
    <p class='ocr_par' dir='ltr' id='par_1_1' title="bbox 789 296 968 335">
     <span class='ocr_line' id='line_1_1' title="bbox 789 296 968 335; baseline -0.006 0"><span class='ocrx_word' id='word_1_1' title='bbox 789 296 884 335; x_wconf 88' lang='lat' dir='ltr'><strong>LlB.</strong></span> <span class='ocrx_word' id='word_1_2' title='bbox 920 296 968 335; x_wconf 90' lang='lat' dir='ltr'><strong>ll.</strong></span> 
     </span>
    </p>
   </div>
   <div class='ocr_carea' id='block_1_2' title="bbox 1030 294 1902 346">
    <p class='ocr_par' dir='ltr' id='par_1_2' title="bbox 1030 294 1902 346">
     <span class='ocr_line' id='line_1_2' title="bbox 1030 294 1902 346; baseline -0.003 -11"><span class='ocrx_word' id='word_1_3' title='bbox 1030 295 1143 335; x_wconf 62' lang='lat' dir='ltr'><strong>sn.</strong></span> <span class='ocrx_word' id='word_1_4' title='bbox 1178 297 1207 334; x_wconf 88' lang='lat'><strong>1.</strong></span> <span class='ocrx_word' id='word_1_5' title='bbox 1812 294 1902 346; x_wconf 68' lang='lat'><strong>191</strong></span> 
     </span>
    </p>
   </div>
   <div class='ocr_carea' id='block_1_3' title="bbox 171 423 1540 497">
    <p class='ocr_par' dir='ltr' id='par_1_3' title="bbox 171 423 1540 497">
     <span class='ocr_line' id='line_1_3' title="bbox 171 423 1540 497; baseline -0.003 -17"><span class='ocrx_word' id='word_1_6' title='bbox 171 426 389 497; x_wconf 69' lang='lat' dir='ltr'><strong>Agmina</strong></span> <span class='ocrx_word' id='word_1_7' title='bbox 430 443 527 479; x_wconf 87' lang='lat' dir='ltr'><strong>nec</strong></span> <span class='ocrx_word' id='word_1_8' title='bbox 567 425 727 479; x_wconf 84' lang='lat' dir='ltr'><strong>fracta</strong></span> <span class='ocrx_word' id='word_1_9' title='bbox 768 433 1058 496; x_wconf 74' lang='lat' dir='ltr'><strong>pereuntes</strong></span> <span class='ocrx_word' id='word_1_10' title='bbox 1097 424 1322 495; x_wconf 80' lang='lat' dir='ltr'><strong>cuspide</strong></span> <span class='ocrx_word' id='word_1_11' title='bbox 1362 423 1540 477; x_wconf 80' lang='lat' dir='ltr'><strong>Gallos</strong></span> 
     </span>
    </p>
   </div>
   <div class='ocr_carea' id='block_1_4' title="bbox 170 525 1508 598">
    <p class='ocr_par' dir='ltr' id='par_1_4' title="bbox 170 525 1508 598">
     <span class='ocr_line' id='line_1_4' title="bbox 170 525 1508 598; baseline -0.003 -17"><span class='ocrx_word' id='word_1_12' title='bbox 170 531 270 581; x_wconf 89' lang='lat' dir='ltr'><strong>Aut</strong></span> <span class='ocrx_word' id='word_1_13' title='bbox 307 527 532 581; x_wconf 85' lang='lat' dir='ltr'><strong>labentis</strong></span> <span class='ocrx_word' id='word_1_14' title='bbox 571 544 712 598; x_wconf 86' lang='lat' dir='ltr'><strong>equo</strong></span> <span class='ocrx_word' id='word_1_15' title='bbox 751 526 1022 580; x_wconf 79' lang='lat' dir='ltr'><strong>describat</strong></span> <span class='ocrx_word' id='word_1_16' title='bbox 1058 525 1277 578; x_wconf 81' lang='lat' dir='ltr'><strong>volnera</strong></span> <span class='ocrx_word' id='word_1_17' title='bbox 1321 525 1508 578; x_wconf 81' lang='lat' dir='ltr'>Parthi.</span> 
     </span>
    </p>
   </div>
   <div class='ocr_carea' id='block_1_5' title="bbox 1847 526 1911 578">
    <p class='ocr_par' dir='ltr' id='par_1_5' title="bbox 1847 526 1911 578">
     <span class='ocr_line' id='line_1_5' title="bbox 1847 526 1911 578; baseline -0.016 0"><span class='ocrx_word' id='word_1_18' title='bbox 1847 526 1866 578; x_wconf 55' lang='lat' dir='ltr'><strong>»l</strong></span> <span class='ocrx_word' id='word_1_19' title='bbox 1881 528 1911 577; x_wconf 62' lang='grc' dir='ltr'><strong>ἶ)</strong></span> 
     </span>
    </p>
   </div>
   <div class='ocr_carea' id='block_1_6' title="bbox 168 627 1607 699">
    <p class='ocr_par' dir='ltr' id='par_1_6' title="bbox 168 627 1607 699">
     <span class='ocr_line' id='line_1_6' title="bbox 168 627 1607 699; baseline -0.002 -17"><span class='ocrx_word' id='word_1_20' title='bbox 168 631 408 683; x_wconf 81' lang='lat' dir='ltr'><strong>Attamen</strong></span> <span class='ocrx_word' id='word_1_21' title='bbox 449 639 500 682; x_wconf 87' lang='lat' dir='ltr'><strong>ct</strong></span> <span class='ocrx_word' id='word_1_22' title='bbox 541 630 736 682; x_wconf 89' lang='lat' dir='ltr'><strong>iustum</strong></span> <span class='ocrx_word' id='word_1_23' title='bbox 776 637 991 699; x_wconf 88' lang='lat' dir='ltr'><strong>poteras</strong></span> <span class='ocrx_word' id='word_1_24' title='bbox 1031 637 1082 682; x_wconf 85' lang='lat' dir='ltr'><strong>et</strong></span> <span class='ocrx_word' id='word_1_25' title='bbox 1120 627 1360 682; x_wconf 87' lang='lat' dir='ltr'><strong>scribere</strong></span> <span class='ocrx_word' id='word_1_26' title='bbox 1400 628 1607 687; x_wconf 87' lang='lat' dir='ltr'><strong>sortem,</strong></span> 
     </span>
    </p>
   </div>
   <div class='ocr_carea' id='block_1_7' title="bbox 169 730 1113 802">
    <p class='ocr_par' dir='ltr' id='par_1_7' title="bbox 169 730 1113 802">
     <span class='ocr_line' id='line_1_7' title="bbox 169 730 1113 802; baseline -0.002 -18"><span class='ocrx_word' id='word_1_27' title='bbox 169 730 471 802; x_wconf 84' lang='lat' dir='ltr'><strong>Scipiadam</strong></span> <span class='ocrx_word' id='word_1_28' title='bbox 511 740 566 784; x_wconf 89' lang='lat' dir='ltr'><strong>ut</strong></span> <span class='ocrx_word' id='word_1_29' title='bbox 604 731 820 802; x_wconf 89' lang='lat' dir='ltr'><strong>sapiens</strong></span> <span class='ocrx_word' id='word_1_30' title='bbox 865 730 1113 784; x_wconf 86' lang='lat' dir='ltr'>Lucilius.</span> 
     </span>
    </p>
   </div>
   <div class='ocr_carea' id='block_1_8' title="bbox 1188 729 1740 787">
    <p class='ocr_par' dir='ltr' id='par_1_8' title="bbox 1188 729 1740 787">
     <span class='ocr_line' id='line_1_8' title="bbox 1188 729 1740 787; baseline -0.007 -4"><span class='ocrx_word' id='word_1_31' title='bbox 1188 729 1342 783; x_wconf 83' lang='lat' dir='ltr'>Haud</span> <span class='ocrx_word' id='word_1_32' title='bbox 1385 729 1510 782; x_wconf 83' lang='lat' dir='ltr'><strong>mihi</strong></span> <span class='ocrx_word' id='word_1_33' title='bbox 1549 729 1740 787; x_wconf 81' lang='lat' dir='ltr'><strong>deero,</strong></span> 
     </span>
    </p>
   </div>
   <div class='ocr_carea' id='block_1_9' title="bbox 153 887 1853 1004">
    <p class='ocr_par' dir='ltr' id='par_1_9' title="bbox 153 887 1853 1004">
     <span class='ocr_line' id='line_1_9' title="bbox 208 887 1853 939; baseline -0.002 -11"><span class='ocrx_word' id='word_1_34' title='bbox 208 889 272 928; x_wconf 77' lang='grc'><strong>45.</strong></span> <span class='ocrx_word' id='word_1_35' title='bbox 320 888 521 927; x_wconf 70' lang='lat' dir='ltr'><strong>describat</strong></span> <span class='ocrx_word' id='word_1_36' title='bbox 552 890 742 928; x_wconf 89' lang='lat' dir='ltr'><strong>Potticrii</strong></span> <span class='ocrx_word' id='word_1_37' title='bbox 773 899 951 930; x_wconf 76' lang='lat' dir='ltr'><strong>omncs,</strong></span> <span class='ocrx_word' id='word_1_38' title='bbox 999 889 1053 928; x_wconf 91' lang='lat' dir='ltr'><strong>Sc</strong></span> <span class='ocrx_word' id='word_1_39' title='bbox 1094 889 1137 928; x_wconf 86' lang='lat' dir='ltr'><strong>ct</strong></span> <span class='ocrx_word' id='word_1_40' title='bbox 1177 899 1291 927; x_wconf 91' lang='lat' dir='ltr'><strong>corr.</strong></span> <span class='ocrx_word' id='word_1_41' title='bbox 1334 887 1379 937; x_wconf 89' lang='lat' dir='ltr'><strong>b,</strong></span> <span class='ocrx_word' id='word_1_42' title='bbox 1425 888 1546 927; x_wconf 74' lang='lat' dir='ltr'>LCF:</span> <span class='ocrx_word' id='word_1_43' title='bbox 1594 887 1781 927; x_wconf 84' lang='lat' dir='ltr'><strong>describit</strong></span> <span class='ocrx_word' id='word_1_44' title='bbox 1813 900 1853 939; x_wconf 77' lang='lat' dir='ltr'><strong>p,</strong></span> 
     </span>
     <span class='ocr_line' id='line_1_10' title="bbox 153 949 1853 1004; baseline 0.001 -15"><span class='ocrx_word' id='word_1_45' title='bbox 153 961 216 1001; x_wconf 90' lang='lat' dir='ltr'><strong>pr.</strong></span> <span class='ocrx_word' id='word_1_46' title='bbox 251 949 278 988; x_wconf 90' lang='lat' dir='ltr'><strong>b</strong></span> <span class='ocrx_word' id='word_1_47' title='bbox 311 953 353 989; x_wconf 88' lang='lat' dir='ltr'><strong>et</strong></span> <span class='ocrx_word' id='word_1_48' title='bbox 384 962 436 989; x_wconf 78' lang='lat' dir='ltr'><strong>cx</strong></span> <span class='ocrx_word' id='word_1_49' title='bbox 467 949 628 1004; x_wconf 79' lang='grc' dir='ltr'><em>κλμνω</em></span> <span class='ocrx_word' id='word_1_50' title='bbox 661 950 902 993; x_wconf 85' lang='lat' dir='ltr'><strong>Bentlcius.</strong></span> <span class='ocrx_word' id='word_1_51' title='bbox 937 951 1132 991; x_wconf 79' lang='lat' dir='ltr'><strong>describet</strong></span> <span class='ocrx_word' id='word_1_52' title='bbox 1164 952 1235 991; x_wconf 79' lang='lat' dir='ltr'><strong>tM.</strong></span> <span class='ocrx_word' id='word_1_53' title='bbox 1280 973 1323 979; x_wconf 90' lang='lat'>—</span> <span class='ocrx_word' id='word_1_54' title='bbox 1373 951 1439 991; x_wconf 86' lang='grc'><strong>46.</strong></span> <span class='ocrx_word' id='word_1_55' title='bbox 1469 962 1603 1001; x_wconf 85' lang='lat' dir='ltr'><strong>posses</strong></span> <span class='ocrx_word' id='word_1_56' title='bbox 1632 962 1853 1003; x_wconf 85' lang='lat' dir='ltr'><strong>superscr.</strong></span> 
     </span>
    </p>
   </div>
   <div class='ocr_carea' id='block_1_10' title="bbox 148 1013 386 1062">
    <p class='ocr_par' dir='ltr' id='par_1_10' title="bbox 148 1013 386 1062">
     <span class='ocr_line' id='line_1_11' title="bbox 148 1013 386 1062; baseline 0.008 -13"><span class='ocrx_word' id='word_1_57' title='bbox 148 1015 318 1062; x_wconf 79' lang='lat' dir='ltr'><strong>poteras</strong></span> <span class='ocrx_word' id='word_1_58' title='bbox 346 1013 386 1051; x_wconf 89' lang='lat' dir='ltr'><strong>S.</strong></span> 
     </span>
    </p>
   </div>
   <div class='ocr_carea' id='block_1_11' title="bbox 99 1151 1910 1206">
    <p class='ocr_par' dir='ltr' id='par_1_11' title="bbox 99 1151 1910 1206">
     <span class='ocr_line' id='line_1_12' title="bbox 99 1151 1910 1206; baseline 0.001 -16"><span class='ocrx_word' id='word_1_59' title='bbox 99 1152 183 1192; x_wconf 82' lang='lat' dir='ltr'><strong>reis</strong></span> <span class='ocrx_word' id='word_1_60' title='bbox 227 1151 559 1191; x_wconf 77' lang='lat' dir='ltr'><strong>continebatur:</strong></span> <span class='ocrx_word' id='word_1_61' title='bbox 612 1152 774 1192; x_wconf 85' lang='lat' dir='ltr'><strong>Marius</strong></span> <span class='ocrx_word' id='word_1_62' title='bbox 819 1153 969 1190; x_wconf 88' lang='lat' dir='ltr'><strong>autem</strong></span> <span class='ocrx_word' id='word_1_63' title='bbox 1001 1156 1005 1191; x_wconf 78' lang='lat' dir='ltr'><strong>l</strong></span> <span class='ocrx_word' id='word_1_64' title='bbox 1034 1153 1198 1203; x_wconf 82' lang='lat' dir='ltr'><strong>quippe</strong></span> <span class='ocrx_word' id='word_1_65' title='bbox 1230 1163 1317 1203; x_wconf 91' lang='lat' dir='ltr'><strong>quo</strong></span> <span class='ocrx_word' id='word_1_66' title='bbox 1340 1154 1601 1194; x_wconf 69' lang='lat' dir='ltr'><strong>Octavianus</strong></span> <span class='ocrx_word' id='word_1_67' title='bbox 1633 1154 1688 1193; x_wconf 88' lang='lat' dir='ltr'><strong>ab</strong></span> <span class='ocrx_word' id='word_1_68' title='bbox 1710 1156 1910 1206; x_wconf 70' lang='lat' dir='ltr'><strong>Aegypto</strong></span> 
     </span>
    </p>
   </div>
   <div class='ocr_carea' id='block_1_12' title="bbox 93 1212 971 2138">
    <p class='ocr_par' dir='ltr' id='par_1_12' title="bbox 93 1212 971 2138">
     <span class='ocr_line' id='line_1_13' title="bbox 97 1212 970 1264; baseline -0.001 -12"><span class='ocrx_word' id='word_1_69' title='bbox 97 1212 278 1253; x_wconf 82' lang='lat' dir='ltr'><strong>alteram</strong></span> <span class='ocrx_word' id='word_1_70' title='bbox 328 1214 530 1264; x_wconf 84' lang='lat' dir='ltr'><strong>quidem,</strong></span> <span class='ocrx_word' id='word_1_71' title='bbox 589 1212 970 1264; x_wconf 87' lang='lat' dir='ltr'><strong>quemadmodum</strong></span> 
     </span>
     <span class='ocr_line' id='line_1_14' title="bbox 97 1275 967 1326; baseline -0.001 -11"><span class='ocrx_word' id='word_1_72' title='bbox 97 1279 206 1323; x_wconf 88' lang='lat' dir='ltr'><strong>erat,</strong></span> <span class='ocrx_word' id='word_1_73' title='bbox 240 1275 436 1326; x_wconf 82' lang='lat' dir='ltr'><strong>reliquit:</strong></span> <span class='ocrx_word' id='word_1_74' title='bbox 471 1275 608 1314; x_wconf 86' lang='lat' dir='ltr'><strong>altera</strong></span> <span class='ocrx_word' id='word_1_75' title='bbox 631 1286 738 1314; x_wconf 66' lang='lat' dir='ltr'><strong>vero</strong></span> <span class='ocrx_word' id='word_1_76' title='bbox 762 1276 967 1325; x_wconf 70' lang='lat' dir='ltr'><strong>exempta</strong></span> 
     </span>
     <span class='ocr_line' id='line_1_15' title="bbox 96 1336 969 1388; baseline -0.003 -10"><span class='ocrx_word' id='word_1_77' title='bbox 96 1337 270 1378; x_wconf 73' lang='lat' dir='ltr'><strong>clavum</strong></span> <span class='ocrx_word' id='word_1_78' title='bbox 314 1337 507 1388; x_wconf 83' lang='lat' dir='ltr'><strong>ligneum</strong></span> <span class='ocrx_word' id='word_1_79' title='bbox 551 1336 750 1387; x_wconf 78' lang='lat' dir='ltr'><strong>fragilem</strong></span> <span class='ocrx_word' id='word_1_80' title='bbox 795 1337 836 1375; x_wconf 92' lang='lat' dir='ltr'><strong>in</strong></span> <span class='ocrx_word' id='word_1_81' title='bbox 874 1338 969 1375; x_wconf 89' lang='lat' dir='ltr'><strong>eius</strong></span> 
     </span>
     <span class='ocr_line' id='line_1_16' title="bbox 94 1398 970 1449; baseline -0.003 -9"><span class='ocrx_word' id='word_1_82' title='bbox 94 1400 240 1441; x_wconf 91' lang='lat' dir='ltr'><strong>locum</strong></span> <span class='ocrx_word' id='word_1_83' title='bbox 272 1401 473 1447; x_wconf 81' lang='lat' dir='ltr'><strong>immisit,</strong></span> <span class='ocrx_word' id='word_1_84' title='bbox 509 1411 561 1439; x_wconf 88' lang='lat' dir='ltr'><strong>eo</strong></span> <span class='ocrx_word' id='word_1_85' title='bbox 594 1398 797 1447; x_wconf 92' lang='lat' dir='ltr'><strong>consilio,</strong></span> <span class='ocrx_word' id='word_1_86' title='bbox 831 1400 879 1437; x_wconf 92' lang='lat' dir='ltr'><strong>ut</strong></span> <span class='ocrx_word' id='word_1_87' title='bbox 908 1399 970 1449; x_wconf 92' lang='lat' dir='ltr'><strong>pi-</strong></span> 
     </span>
     <span class='ocr_line' id='line_1_17' title="bbox 96 1462 970 1514; baseline -0.002 -12"><span class='ocrx_word' id='word_1_88' title='bbox 96 1462 186 1502; x_wconf 91' lang='lat' dir='ltr'><strong>lum</strong></span> <span class='ocrx_word' id='word_1_89' title='bbox 226 1462 281 1502; x_wconf 90' lang='lat' dir='ltr'><strong>ad</strong></span> <span class='ocrx_word' id='word_1_90' title='bbox 321 1462 510 1514; x_wconf 91' lang='lat' dir='ltr'><strong>clipeum</strong></span> <span class='ocrx_word' id='word_1_91' title='bbox 546 1463 686 1502; x_wconf 90' lang='lat' dir='ltr'><strong>hostis</strong></span> <span class='ocrx_word' id='word_1_92' title='bbox 718 1462 970 1501; x_wconf 89' lang='lat' dir='ltr'><strong>coniectum</strong></span> 
     </span>
     <span class='ocr_line' id='line_1_18' title="bbox 95 1522 968 1573; baseline -0.002 -9"><span class='ocrx_word' id='word_1_93' title='bbox 95 1536 181 1564; x_wconf 91' lang='lat' dir='ltr'><strong>non</strong></span> <span class='ocrx_word' id='word_1_94' title='bbox 226 1527 430 1565; x_wconf 91' lang='lat' dir='ltr'><strong>maneret</strong></span> <span class='ocrx_word' id='word_1_95' title='bbox 473 1527 670 1573; x_wconf 82' lang='lat' dir='ltr'><strong>rectum,</strong></span> <span class='ocrx_word' id='word_1_96' title='bbox 718 1524 799 1565; x_wconf 89' lang='lat' dir='ltr'><strong>sed</strong></span> <span class='ocrx_word' id='word_1_97' title='bbox 845 1522 968 1563; x_wconf 90' lang='lat' dir='ltr'><strong>clavo</strong></span> 
     </span>
     <span class='ocr_line' id='line_1_19' title="bbox 95 1586 970 1638; baseline -0.001 -12"><span class='ocrx_word' id='word_1_98' title='bbox 95 1586 237 1638; x_wconf 84' lang='lat' dir='ltr'><strong>ligneo</strong></span> <span class='ocrx_word' id='word_1_99' title='bbox 267 1588 404 1627; x_wconf 86' lang='lat' dir='ltr'><strong>fracto</strong></span> <span class='ocrx_word' id='word_1_100' title='bbox 435 1589 698 1627; x_wconf 79' lang='lat' dir='ltr'><strong>curvaretur</strong></span> <span class='ocrx_word' id='word_1_101' title='bbox 727 1586 893 1626; x_wconf 80' lang='lat' dir='ltr'><strong>serrum</strong></span> <span class='ocrx_word' id='word_1_102' title='bbox 926 1587 970 1625; x_wconf 87' lang='lat' dir='ltr'><strong>et</strong></span> 
     </span>
     <span class='ocr_line' id='line_1_20' title="bbox 94 1648 969 1700; baseline -0.001 -11"><span class='ocrx_word' id='word_1_103' title='bbox 94 1648 259 1700; x_wconf 84' lang='lat' dir='ltr'><strong>lignum</strong></span> <span class='ocrx_word' id='word_1_104' title='bbox 290 1652 543 1690; x_wconf 88' lang='lat' dir='ltr'><strong>transversa</strong></span> <span class='ocrx_word' id='word_1_105' title='bbox 564 1648 746 1700; x_wconf 85' lang='lat' dir='ltr'><strong>cuspide</strong></span> <span class='ocrx_word' id='word_1_106' title='bbox 778 1651 969 1690; x_wconf 89' lang='lat' dir='ltr'><strong>haerens</strong></span> 
     </span>
     <span class='ocr_line' id='line_1_21' title="bbox 94 1711 969 1764; baseline 0 -14"><span class='ocrx_word' id='word_1_107' title='bbox 94 1711 304 1752; x_wconf 89' lang='lat' dir='ltr'><strong>deorsum</strong></span> <span class='ocrx_word' id='word_1_108' title='bbox 321 1713 584 1764; x_wconf 77' lang='lat' dir='ltr'><strong>penderet.»</strong></span> <span class='ocrx_word' id='word_1_109' title='bbox 611 1711 707 1751; x_wconf 85' lang='lat' dir='ltr'><strong>Vid.</strong></span> <span class='ocrx_word' id='word_1_110' title='bbox 723 1712 969 1751; x_wconf 85' lang='lat' dir='ltr'><strong>Excursum</strong></span> 
     </span>
     <span class='ocr_line' id='line_1_22' title="bbox 93 1773 971 1827; baseline -0.001 -14"><span class='ocrx_word' id='word_1_111' title='bbox 93 1775 124 1814; x_wconf 90' lang='grc' dir='ltr'><strong>Ι.</strong></span> <span class='ocrx_word' id='word_1_112' title='bbox 155 1795 202 1802; x_wconf 90' lang='grc'><strong>-</strong></span> <span class='ocrx_word' id='word_1_113' title='bbox 237 1774 392 1827; x_wconf 85' lang='lat' dir='ltr'><strong>Gallos]</strong></span> <span class='ocrx_word' id='word_1_114' title='bbox 434 1776 734 1825; x_wconf 81' lang='lat' dir='ltr'><strong>Quaecunque</strong></span> <span class='ocrx_word' id='word_1_115' title='bbox 771 1773 826 1813; x_wconf 92' lang='lat' dir='ltr'><strong>de</strong></span> <span class='ocrx_word' id='word_1_116' title='bbox 863 1774 971 1813; x_wconf 93' lang='lat' dir='ltr'><strong>Cae-</strong></span> 
     </span>
     <span class='ocr_line' id='line_1_23' title="bbox 93 1835 970 1887; baseline -0.001 -11"><span class='ocrx_word' id='word_1_117' title='bbox 93 1837 206 1876; x_wconf 84' lang='lat' dir='ltr'><strong>saris</strong></span> <span class='ocrx_word' id='word_1_118' title='bbox 226 1837 446 1876; x_wconf 84' lang='lat' dir='ltr'><strong>Octaviani</strong></span> <span class='ocrx_word' id='word_1_119' title='bbox 478 1838 519 1876; x_wconf 91' lang='lat' dir='ltr'><strong>in</strong></span> <span class='ocrx_word' id='word_1_120' title='bbox 547 1835 701 1876; x_wconf 91' lang='lat' dir='ltr'><strong>Gallias</strong></span> <span class='ocrx_word' id='word_1_121' title='bbox 724 1835 970 1887; x_wconf 83' lang='lat' dir='ltr'><strong>expeditio-</strong></span> 
     </span>
     <span class='ocr_line' id='line_1_24' title="bbox 93 1898 966 1949; baseline -0.001 -11"><span class='ocrx_word' id='word_1_122' title='bbox 93 1898 221 1939; x_wconf 87' lang='lat' dir='ltr'><strong>nibus</strong></span> <span class='ocrx_word' id='word_1_123' title='bbox 251 1909 369 1940; x_wconf 88' lang='lat' dir='ltr'><strong>nunc</strong></span> <span class='ocrx_word' id='word_1_124' title='bbox 399 1901 503 1938; x_wconf 89' lang='lat' dir='ltr'><strong>nota</strong></span> <span class='ocrx_word' id='word_1_125' title='bbox 539 1901 663 1947; x_wconf 90' lang='lat' dir='ltr'><strong>sunt,</strong></span> <span class='ocrx_word' id='word_1_126' title='bbox 706 1899 822 1949; x_wconf 90' lang='lat' dir='ltr'><strong>(cum</strong></span> <span class='ocrx_word' id='word_1_127' title='bbox 852 1909 890 1937; x_wconf 90' lang='lat' dir='ltr'><strong>a.</strong></span> <span class='ocrx_word' id='word_1_128' title='bbox 922 1909 966 1937; x_wconf 94' lang='lat' dir='ltr'><strong>u.</strong></span> 
     </span>
     <span class='ocr_line' id='line_1_25' title="bbox 93 1959 969 2012; baseline -0.001 -11"><span class='ocrx_word' id='word_1_129' title='bbox 93 1971 132 2000; x_wconf 87' lang='lat' dir='ltr'><strong>e.</strong></span> <span class='ocrx_word' id='word_1_130' title='bbox 156 1961 250 2001; x_wconf 87' lang='grc'><strong>745.</strong></span> <span class='ocrx_word' id='word_1_131' title='bbox 282 1962 376 2001; x_wconf 92' lang='grc'><strong>747.</strong></span> <span class='ocrx_word' id='word_1_132' title='bbox 416 1961 510 2001; x_wconf 89' lang='grc'><strong>749.</strong></span> <span class='ocrx_word' id='word_1_133' title='bbox 567 1961 771 2012; x_wconf 84' lang='lat' dir='ltr'><strong>gentibus</strong></span> <span class='ocrx_word' id='word_1_134' title='bbox 804 1959 969 2012; x_wconf 88' lang='lat' dir='ltr'><strong>Alpinis</strong></span> 
     </span>
     <span class='ocr_line' id='line_1_26' title="bbox 93 2022 967 2072; baseline -0.001 -9"><span class='ocrx_word' id='word_1_135' title='bbox 93 2022 259 2063; x_wconf 91' lang='lat' dir='ltr'><strong>bellum</strong></span> <span class='ocrx_word' id='word_1_136' title='bbox 290 2022 454 2072; x_wconf 87' lang='lat' dir='ltr'><strong>intulit,</strong></span> <span class='ocrx_word' id='word_1_137' title='bbox 488 2023 681 2064; x_wconf 89' lang='lat' dir='ltr'><strong>colonias</strong></span> <span class='ocrx_word' id='word_1_138' title='bbox 712 2024 756 2063; x_wconf 93' lang='lat' dir='ltr'><strong>in</strong></span> <span class='ocrx_word' id='word_1_139' title='bbox 787 2022 967 2063; x_wconf 85' lang='lat' dir='ltr'><strong>Galliam</strong></span> 
     </span>
     <span class='ocr_line' id='line_1_27' title="bbox 93 2085 965 2138; baseline 0 -13"><span class='ocrx_word' id='word_1_140' title='bbox 93 2085 275 2125; x_wconf 87' lang='lat' dir='ltr'><strong>deduxit</strong></span> <span class='ocrx_word' id='word_1_141' title='bbox 304 2088 348 2125; x_wconf 89' lang='lat' dir='ltr'><strong>et</strong></span> <span class='ocrx_word' id='word_1_142' title='bbox 376 2087 597 2126; x_wconf 90' lang='lat' dir='ltr'><strong>Pannonia</strong></span> <span class='ocrx_word' id='word_1_143' title='bbox 628 2087 785 2138; x_wconf 88' lang='lat' dir='ltr'><strong>pacata</strong></span> <span class='ocrx_word' id='word_1_144' title='bbox 807 2097 845 2125; x_wconf 89' lang='lat' dir='ltr'><strong>a.</strong></span> <span class='ocrx_word' id='word_1_145' title='bbox 870 2086 965 2125; x_wconf 76' lang='lat'><strong>720.</strong></span> 
     </span>
    </p>
   </div>
   <div class='ocr_carea' id='block_1_13' title="bbox 5 2147 965 2202">
    <p class='ocr_par' dir='ltr' id='par_1_13' title="bbox 5 2147 965 2202">
     <span class='ocr_line' id='line_1_28' title="bbox 5 2147 965 2202; baseline 0 -14"><span class='ocrx_word' id='word_1_146' title='bbox 5 2193 15 2202; x_wconf 33' lang='grc' dir='ltr'>ι</span> <span class='ocrx_word' id='word_1_147' title='bbox 93 2159 247 2189; x_wconf 90' lang='lat' dir='ltr'><strong>rursus</strong></span> <span class='ocrx_word' id='word_1_148' title='bbox 285 2149 328 2188; x_wconf 90' lang='lat' dir='ltr'><strong>in</strong></span> <span class='ocrx_word' id='word_1_149' title='bbox 367 2147 547 2188; x_wconf 86' lang='lat' dir='ltr'><strong>Galliam</strong></span> <span class='ocrx_word' id='word_1_150' title='bbox 580 2158 844 2200; x_wconf 85' lang='lat' dir='ltr'><strong>progressus</strong></span> <span class='ocrx_word' id='word_1_151' title='bbox 875 2150 965 2197; x_wconf 86' lang='lat' dir='ltr'><strong>est,</strong></span> 
     </span>
    </p>
   </div>
   <div class='ocr_carea' id='block_1_14' title="bbox 92 2209 971 3564">
    <p class='ocr_par' dir='ltr' id='par_1_14' title="bbox 92 2209 971 3564">
     <span class='ocr_line' id='line_1_29' title="bbox 93 2209 963 2262; baseline 0.001 -14"><span class='ocrx_word' id='word_1_152' title='bbox 93 2212 224 2260; x_wconf 86' lang='lat' dir='ltr'><strong>atque</strong></span> <span class='ocrx_word' id='word_1_153' title='bbox 246 2211 388 2261; x_wconf 91' lang='lat' dir='ltr'><strong>primo</strong></span> <span class='ocrx_word' id='word_1_154' title='bbox 411 2211 621 2262; x_wconf 90' lang='lat' dir='ltr'><strong>triumphi</strong></span> <span class='ocrx_word' id='word_1_155' title='bbox 643 2210 712 2249; x_wconf 91' lang='lat' dir='ltr'><strong>die</strong></span> <span class='ocrx_word' id='word_1_156' title='bbox 734 2221 773 2249; x_wconf 93' lang='lat' dir='ltr'><strong>a.</strong></span> <span class='ocrx_word' id='word_1_157' title='bbox 794 2209 837 2250; x_wconf 92' lang='lat' dir='ltr'><strong>d.</strong></span> <span class='ocrx_word' id='word_1_158' title='bbox 856 2210 963 2249; x_wconf 90' lang='lat' dir='ltr'><strong>V111.</strong></span> 
     </span>
     <span class='ocr_line' id='line_1_30' title="bbox 94 2271 969 2312; baseline 0.001 -1"><span class='ocrx_word' id='word_1_159' title='bbox 94 2272 156 2311; x_wconf 86' lang='lat' dir='ltr'><strong>ld.</strong></span> <span class='ocrx_word' id='word_1_160' title='bbox 181 2272 297 2311; x_wconf 87' lang='lat' dir='ltr'><strong>Sext.</strong></span> <span class='ocrx_word' id='word_1_161' title='bbox 331 2282 371 2311; x_wconf 92' lang='lat' dir='ltr'><strong>a.</strong></span> <span class='ocrx_word' id='word_1_162' title='bbox 404 2272 498 2312; x_wconf 72' lang='lat'><strong>725.</strong></span> <span class='ocrx_word' id='word_1_163' title='bbox 533 2273 666 2312; x_wconf 92' lang='lat' dir='ltr'><strong>etiam</strong></span> <span class='ocrx_word' id='word_1_164' title='bbox 696 2272 752 2312; x_wconf 93' lang='lat' dir='ltr'><strong>de</strong></span> <span class='ocrx_word' id='word_1_165' title='bbox 783 2271 969 2312; x_wconf 92' lang='lat' dir='ltr'><strong>nonnul-</strong></span> 
     </span>
     <span class='ocr_line' id='line_1_31' title="bbox 93 2333 967 2385; baseline 0 -11"><span class='ocrx_word' id='word_1_166' title='bbox 93 2333 144 2374; x_wconf 89' lang='lat' dir='ltr'><strong>lis</strong></span> <span class='ocrx_word' id='word_1_167' title='bbox 189 2335 451 2374; x_wconf 84' lang='lat' dir='ltr'><strong>Germaniae</strong></span> <span class='ocrx_word' id='word_1_168' title='bbox 495 2337 539 2374; x_wconf 92' lang='lat' dir='ltr'><strong>et</strong></span> <span class='ocrx_word' id='word_1_169' title='bbox 587 2333 746 2374; x_wconf 87' lang='lat' dir='ltr'><strong>Galliae</strong></span> <span class='ocrx_word' id='word_1_170' title='bbox 793 2333 967 2385; x_wconf 93' lang='lat' dir='ltr'><strong>populis</strong></span> 
     </span>
     <span class='ocr_line' id='line_1_32' title="bbox 95 2395 968 2447; baseline -0.001 -11"><span class='ocrx_word' id='word_1_171' title='bbox 95 2396 423 2447; x_wconf 83' lang='lat' dir='ltr'><strong>triumphavit‚)</strong></span> <span class='ocrx_word' id='word_1_172' title='bbox 466 2407 518 2436; x_wconf 78' lang='lat' dir='ltr'><strong>ex</strong></span> <span class='ocrx_word' id='word_1_173' title='bbox 557 2396 695 2436; x_wconf 91' lang='lat' dir='ltr'><strong>Dione</strong></span> <span class='ocrx_word' id='word_1_174' title='bbox 736 2395 968 2446; x_wconf 82' lang='lat' dir='ltr'><strong>diligenter</strong></span> 
     </span>
     <span class='ocr_line' id='line_1_33' title="bbox 94 2458 961 2510; baseline -0.002 -11"><span class='ocrx_word' id='word_1_175' title='bbox 94 2458 268 2510; x_wconf 84' lang='lat' dir='ltr'><strong>collegit</strong></span> <span class='ocrx_word' id='word_1_176' title='bbox 298 2458 464 2498; x_wconf 84' lang='lat' dir='ltr'><strong>Franke</strong></span> <span class='ocrx_word' id='word_1_177' title='bbox 495 2460 538 2498; x_wconf 89' lang='lat' dir='ltr'><strong>F.</strong></span> <span class='ocrx_word' id='word_1_178' title='bbox 571 2459 619 2498; x_wconf 85' lang='lat' dir='ltr'><strong>H.</strong></span> <span class='ocrx_word' id='word_1_179' title='bbox 652 2468 694 2509; x_wconf 91' lang='lat' dir='ltr'><strong>p.</strong></span> <span class='ocrx_word' id='word_1_180' title='bbox 721 2459 798 2497; x_wconf 92' lang='grc'><strong>440</strong></span> <span class='ocrx_word' id='word_1_181' title='bbox 820 2469 886 2509; x_wconf 83' lang='lat' dir='ltr'><strong>sq.</strong></span> <span class='ocrx_word' id='word_1_182' title='bbox 915 2481 961 2489; x_wconf 92' lang='lat'><em>-</em></span> 
     </span>
     <span class='ocr_line' id='line_1_34' title="bbox 94 2520 962 2572; baseline 0 -11"><span class='ocrx_word' id='word_1_183' title='bbox 94 2521 267 2561; x_wconf 80' lang='lat' dir='ltr'><strong>labentis</strong></span> <span class='ocrx_word' id='word_1_184' title='bbox 285 2521 402 2572; x_wconf 81' lang='lat' dir='ltr'><strong>equo]</strong></span> <span class='ocrx_word' id='word_1_185' title='bbox 423 2521 518 2561; x_wconf 91' lang='lat' dir='ltr'><strong>Vid.</strong></span> <span class='ocrx_word' id='word_1_186' title='bbox 543 2520 599 2560; x_wconf 90' lang='lat' dir='ltr'><strong>ad</strong></span> <span class='ocrx_word' id='word_1_187' title='bbox 620 2520 698 2560; x_wconf 93' lang='lat' dir='ltr'><strong>Od.</strong></span> <span class='ocrx_word' id='word_1_188' title='bbox 724 2522 739 2560; x_wconf 92' lang='grc'><strong>4</strong></span> <span class='ocrx_word' id='word_1_189' title='bbox 764 2552 772 2569; x_wconf 89' lang='grc'>,</span> <span class='ocrx_word' id='word_1_190' title='bbox 798 2521 869 2569; x_wconf 78' lang='grc'><strong>49,</strong></span> <span class='ocrx_word' id='word_1_191' title='bbox 898 2522 962 2561; x_wconf 86' lang='grc'><strong>44.</strong></span> 
     </span>
     <span class='ocr_line' id='line_1_35' title="bbox 92 2582 964 2632; baseline 0 -9"><span class='ocrx_word' id='word_1_192' title='bbox 92 2585 140 2632; x_wconf 70' lang='grc'><strong>2,</strong></span> <span class='ocrx_word' id='word_1_193' title='bbox 175 2584 247 2631; x_wconf 84' lang='grc'><strong>43,</strong></span> <span class='ocrx_word' id='word_1_194' title='bbox 281 2584 346 2623; x_wconf 96' lang='grc'><strong>47.</strong></span> <span class='ocrx_word' id='word_1_195' title='bbox 376 2605 420 2611; x_wconf 88' lang='grc'>-</span> <span class='ocrx_word' id='word_1_196' title='bbox 440 2582 656 2632; x_wconf 79' lang='lat' dir='ltr'><strong>describat]</strong></span> <span class='ocrx_word' id='word_1_197' title='bbox 681 2582 964 2623; x_wconf 87' lang='lat' dir='ltr'><strong>«describere</strong></span> 
     </span>
     <span class='ocr_line' id='line_1_36' title="bbox 93 2644 966 2698; baseline -0.001 -12"><span class='ocrx_word' id='word_1_198' title='bbox 93 2647 276 2698; x_wconf 88' lang='lat' dir='ltr'><strong>possit.»</strong></span> <span class='ocrx_word' id='word_1_199' title='bbox 349 2646 426 2685; x_wconf 89' lang='lat' dir='ltr'><strong>Hic</strong></span> <span class='ocrx_word' id='word_1_200' title='bbox 465 2646 584 2685; x_wconf 91' lang='lat' dir='ltr'><strong>enim</strong></span> <span class='ocrx_word' id='word_1_201' title='bbox 623 2644 783 2685; x_wconf 89' lang='lat' dir='ltr'><strong>modus</strong></span> <span class='ocrx_word' id='word_1_202' title='bbox 824 2646 966 2697; x_wconf 89' lang='lat' dir='ltr'><strong>aptior</strong></span> 
     </span>
     <span class='ocr_line' id='line_1_37' title="bbox 93 2707 967 2760; baseline -0.001 -12"><span class='ocrx_word' id='word_1_203' title='bbox 93 2708 269 2748; x_wconf 87' lang='lat' dir='ltr'><strong>videtur</strong></span> <span class='ocrx_word' id='word_1_204' title='bbox 297 2718 432 2760; x_wconf 89' lang='lat' dir='ltr'><strong>quam</strong></span> <span class='ocrx_word' id='word_1_205' title='bbox 468 2707 690 2748; x_wconf 81' lang='lat' dir='ltr'><strong>indicativi</strong></span> <span class='ocrx_word' id='word_1_206' title='bbox 726 2707 796 2748; x_wconf 86' lang='lat' dir='ltr'><strong>vel</strong></span> <span class='ocrx_word' id='word_1_207' title='bbox 832 2718 967 2759; x_wconf 91' lang='lat' dir='ltr'><strong>prae-</strong></span> 
     </span>
     <span class='ocr_line' id='line_1_38' title="bbox 95 2769 966 2823; baseline 0 -12"><span class='ocrx_word' id='word_1_208' title='bbox 95 2781 198 2811; x_wconf 89' lang='lat' dir='ltr'><strong>sens</strong></span> <span class='ocrx_word' id='word_1_209' title='bbox 226 2769 297 2810; x_wconf 83' lang='lat' dir='ltr'><strong>vel</strong></span> <span class='ocrx_word' id='word_1_210' title='bbox 327 2770 546 2820; x_wconf 86' lang='lat' dir='ltr'><strong>futurum,</strong></span> <span class='ocrx_word' id='word_1_211' title='bbox 579 2771 622 2811; x_wconf 92' lang='lat' dir='ltr'><strong>in</strong></span> <span class='ocrx_word' id='word_1_212' title='bbox 653 2782 767 2823; x_wconf 86' lang='lat' dir='ltr'><strong>quae</strong></span> <span class='ocrx_word' id='word_1_213' title='bbox 799 2770 966 2811; x_wconf 87' lang='lat' dir='ltr'><strong>facilius</strong></span> 
     </span>
     <span class='ocr_line' id='line_1_39' title="bbox 94 2831 968 2874; baseline 0 -1"><span class='ocrx_word' id='word_1_214' title='bbox 94 2834 227 2873; x_wconf 89' lang='lat' dir='ltr'><strong>etiam</strong></span> <span class='ocrx_word' id='word_1_215' title='bbox 266 2843 290 2871; x_wconf 92' lang='lat' dir='ltr'><strong>a</strong></span> <span class='ocrx_word' id='word_1_216' title='bbox 328 2831 517 2873; x_wconf 89' lang='lat' dir='ltr'><strong>librariis</strong></span> <span class='ocrx_word' id='word_1_217' title='bbox 558 2832 670 2874; x_wconf 89' lang='lat' dir='ltr'><strong>illius</strong></span> <span class='ocrx_word' id='word_1_218' title='bbox 715 2834 803 2873; x_wconf 90' lang='lat' dir='ltr'><strong>vim</strong></span> <span class='ocrx_word' id='word_1_219' title='bbox 847 2833 968 2873; x_wconf 90' lang='lat' dir='ltr'><strong>haud</strong></span> 
     </span>
     <span class='ocr_line' id='line_1_40' title="bbox 94 2894 967 2947; baseline 0.002 -14"><span class='ocrx_word' id='word_1_220' title='bbox 94 2894 439 2947; x_wconf 77' lang='lat' dir='ltr'><strong>percipientibus</strong></span> <span class='ocrx_word' id='word_1_221' title='bbox 458 2895 618 2935; x_wconf 89' lang='lat' dir='ltr'><strong>mutari</strong></span> <span class='ocrx_word' id='word_1_222' title='bbox 638 2896 813 2946; x_wconf 87' lang='lat' dir='ltr'><strong>poterat</strong></span> <span class='ocrx_word' id='word_1_223' title='bbox 832 2906 967 2947; x_wconf 90' lang='lat' dir='ltr'><strong>quam</strong></span> 
     </span>
     <span class='ocr_line' id='line_1_41' title="bbox 95 2957 965 3009; baseline -0.001 -13"><span class='ocrx_word' id='word_1_224' title='bbox 95 2959 263 2996; x_wconf 87' lang='lat' dir='ltr'><strong>contra.</strong></span> <span class='ocrx_word' id='word_1_225' title='bbox 319 2957 382 2995; x_wconf 93' lang='lat' dir='ltr'><strong>De</strong></span> <span class='ocrx_word' id='word_1_226' title='bbox 417 2957 507 2996; x_wconf 92' lang='lat' dir='ltr'><strong>suis</strong></span> <span class='ocrx_word' id='word_1_227' title='bbox 543 2957 681 2997; x_wconf 91' lang='lat' dir='ltr'><strong>Codd.</strong></span> <span class='ocrx_word' id='word_1_228' title='bbox 720 2958 965 3009; x_wconf 88' lang='lat' dir='ltr'><strong>Cruquius:</strong></span> 
     </span>
     <span class='ocr_line' id='line_1_42' title="bbox 98 3017 971 3069; baseline 0.006 -14"><span class='ocrx_word' id='word_1_229' title='bbox 98 3018 340 3059; x_wconf 76' lang='lat' dir='ltr'><strong>«describat.</strong></span> <span class='ocrx_word' id='word_1_230' title='bbox 360 3019 423 3058; x_wconf 89' lang='lat' dir='ltr'><strong>sic</strong></span> <span class='ocrx_word' id='word_1_231' title='bbox 444 3017 581 3058; x_wconf 87' lang='lat' dir='ltr'><strong>habet</strong></span> <span class='ocrx_word' id='word_1_232' title='bbox 599 3019 707 3060; x_wconf 91' lang='lat' dir='ltr'><strong>Cod.</strong></span> <span class='ocrx_word' id='word_1_233' title='bbox 728 3021 870 3069; x_wconf 87' lang='lat' dir='ltr'><strong>Mart.,</strong></span> <span class='ocrx_word' id='word_1_234' title='bbox 898 3031 971 3060; x_wconf 93' lang='lat' dir='ltr'><strong>ce-</strong></span> 
     </span>
     <span class='ocr_line' id='line_1_43' title="bbox 97 3079 968 3121; baseline 0 0"><span class='ocrx_word' id='word_1_235' title='bbox 97 3081 179 3121; x_wconf 90' lang='lat' dir='ltr'><strong>teri</strong></span> <span class='ocrx_word' id='word_1_236' title='bbox 209 3082 284 3119; x_wconf 91' lang='lat' dir='ltr'><strong>aut</strong></span> <span class='ocrx_word' id='word_1_237' title='bbox 303 3079 493 3119; x_wconf 77' lang='lat' dir='ltr'><strong>describit</strong></span> <span class='ocrx_word' id='word_1_238' title='bbox 512 3081 587 3119; x_wconf 88' lang='lat' dir='ltr'><strong>aut</strong></span> <span class='ocrx_word' id='word_1_239' title='bbox 607 3081 844 3121; x_wconf 80' lang='lat' dir='ltr'><strong>describet.»</strong></span> <span class='ocrx_word' id='word_1_240' title='bbox 884 3083 968 3121; x_wconf 92' lang='lat' dir='ltr'><strong>Pro</strong></span> 
     </span>
     <span class='ocr_line' id='line_1_44' title="bbox 96 3143 969 3192; baseline 0.002 -10"><span class='ocrx_word' id='word_1_241' title='bbox 96 3143 330 3183; x_wconf 89' lang='lat' dir='ltr'><strong>indicativo</strong></span> <span class='ocrx_word' id='word_1_242' title='bbox 374 3143 597 3192; x_wconf 88' lang='lat' dir='ltr'><strong>praesenti</strong></span> <span class='ocrx_word' id='word_1_243' title='bbox 639 3143 863 3184; x_wconf 91' lang='lat' dir='ltr'><strong>Bentleius</strong></span> <span class='ocrx_word' id='word_1_244' title='bbox 902 3143 969 3184; x_wconf 81' lang='lat' dir='ltr'><strong>af-</strong></span> 
     </span>
     <span class='ocr_line' id='line_1_45' title="bbox 97 3203 970 3254; baseline 0.001 -10"><span class='ocrx_word' id='word_1_245' title='bbox 97 3204 180 3244; x_wconf 79' lang='lat' dir='ltr'><strong>fert</strong></span> <span class='ocrx_word' id='word_1_246' title='bbox 198 3206 248 3245; x_wconf 82' lang='lat' dir='ltr'><strong>A.</strong></span> <span class='ocrx_word' id='word_1_247' title='bbox 273 3206 318 3244; x_wconf 91' lang='grc' dir='ltr'><strong>Ρ.</strong></span> <span class='ocrx_word' id='word_1_248' title='bbox 342 3203 445 3243; x_wconf 71' lang='lat'><strong>263:</strong></span> <span class='ocrx_word' id='word_1_249' title='bbox 478 3204 576 3243; x_wconf 84' lang='lat' dir='ltr'><strong>Non</strong></span> <span class='ocrx_word' id='word_1_250' title='bbox 605 3205 739 3254; x_wconf 78' lang='lat' dir='ltr'><strong>quivis</strong></span> <span class='ocrx_word' id='word_1_251' title='bbox 755 3207 865 3246; x_wconf 80' lang='lat' dir='ltr'><strong>videt</strong></span> <span class='ocrx_word' id='word_1_252' title='bbox 894 3206 970 3245; x_wconf 82' lang='lat' dir='ltr'><strong>im-</strong></span> 
     </span>
     <span class='ocr_line' id='line_1_46' title="bbox 95 3267 967 3320; baseline 0.003 -13"><span class='ocrx_word' id='word_1_253' title='bbox 95 3268 310 3307; x_wconf 79' lang='lat' dir='ltr'><strong>modulata</strong></span> <span class='ocrx_word' id='word_1_254' title='bbox 320 3269 523 3318; x_wconf 76' lang='lat' dir='ltr'><strong>poemata</strong></span> <span class='ocrx_word' id='word_1_255' title='bbox 535 3267 677 3314; x_wconf 63' lang='lat' dir='ltr'><strong>iudam</strong></span> <span class='ocrx_word' id='word_1_256' title='bbox 697 3268 817 3319; x_wconf 85' lang='lat' dir='ltr'><strong>quod</strong></span> <span class='ocrx_word' id='word_1_257' title='bbox 832 3279 967 3320; x_wconf 89' lang='lat' dir='ltr'><strong>quam</strong></span> 
     </span>
     <span class='ocr_line' id='line_1_47' title="bbox 97 3327 968 3377; baseline 0 -8"><span class='ocrx_word' id='word_1_258' title='bbox 97 3328 322 3370; x_wconf 85' lang='lat' dir='ltr'><strong>diversum</strong></span> <span class='ocrx_word' id='word_1_259' title='bbox 351 3330 428 3377; x_wconf 89' lang='lat' dir='ltr'><strong>sit,</strong></span> <span class='ocrx_word' id='word_1_260' title='bbox 471 3329 699 3369; x_wconf 92' lang='lat' dir='ltr'><strong>neminem</strong></span> <span class='ocrx_word' id='word_1_261' title='bbox 727 3327 864 3369; x_wconf 87' lang='lat' dir='ltr'><strong>latere</strong></span> <span class='ocrx_word' id='word_1_262' title='bbox 895 3341 968 3369; x_wconf 87' lang='lat' dir='ltr'><strong>ar-</strong></span> 
     </span>
     <span class='ocr_line' id='line_1_48' title="bbox 96 3389 969 3442; baseline 0.002 -12"><span class='ocrx_word' id='word_1_263' title='bbox 96 3389 249 3431; x_wconf 84' lang='lat' dir='ltr'><strong>bitror.</strong></span> <span class='ocrx_word' id='word_1_264' title='bbox 278 3414 322 3419; x_wconf 97' lang='lat'>—</span> <span class='ocrx_word' id='word_1_265' title='bbox 343 3391 515 3431; x_wconf 82' lang='lat' dir='ltr'><strong>volnera</strong></span> <span class='ocrx_word' id='word_1_266' title='bbox 533 3391 688 3442; x_wconf 80' lang='lat' dir='ltr'><strong>Parthi]</strong></span> <span class='ocrx_word' id='word_1_267' title='bbox 720 3391 843 3431; x_wconf 90' lang='lat' dir='ltr'><strong>Hanc</strong></span> <span class='ocrx_word' id='word_1_268' title='bbox 861 3402 969 3442; x_wconf 86' lang='lat' dir='ltr'><strong>quo-</strong></span> 
     </span>
     <span class='ocr_line' id='line_1_49' title="bbox 99 3453 967 3502; baseline 0.003 -11"><span class='ocrx_word' id='word_1_269' title='bbox 99 3461 185 3502; x_wconf 91' lang='lat' dir='ltr'><strong>que</strong></span> <span class='ocrx_word' id='word_1_270' title='bbox 199 3463 351 3493; x_wconf 88' lang='lat' dir='ltr'><strong>rerum</strong></span> <span class='ocrx_word' id='word_1_271' title='bbox 370 3453 675 3493; x_wconf 88' lang='lat' dir='ltr'><strong>Parthicarum</strong></span> <span class='ocrx_word' id='word_1_272' title='bbox 696 3453 967 3494; x_wconf 88' lang='lat' dir='ltr'><strong>mentionem</strong></span> 
     </span>
     <span class='ocr_line' id='line_1_50' title="bbox 98 3513 963 3564; baseline 0.006 -13"><span class='ocrx_word' id='word_1_273' title='bbox 98 3515 218 3554; x_wconf 86' lang='lat' dir='ltr'><strong>recte</strong></span> <span class='ocrx_word' id='word_1_274' title='bbox 239 3515 406 3556; x_wconf 88' lang='lat' dir='ltr'><strong>Franke</strong></span> <span class='ocrx_word' id='word_1_275' title='bbox 421 3513 569 3555; x_wconf 86' lang='lat' dir='ltr'><strong>retulit</strong></span> <span class='ocrx_word' id='word_1_276' title='bbox 590 3514 645 3554; x_wconf 86' lang='lat' dir='ltr'><strong>ad</strong></span> <span class='ocrx_word' id='word_1_277' title='bbox 667 3524 705 3553; x_wconf 88' lang='lat' dir='ltr'><strong>a.</strong></span> <span class='ocrx_word' id='word_1_278' title='bbox 726 3525 768 3554; x_wconf 89' lang='lat' dir='ltr'><strong>u.</strong></span> <span class='ocrx_word' id='word_1_279' title='bbox 789 3525 826 3554; x_wconf 88' lang='lat' dir='ltr'><strong>c.</strong></span> <span class='ocrx_word' id='word_1_280' title='bbox 850 3513 963 3564; x_wconf 65' lang='lat'><strong>724„</strong></span> 
     </span>
    </p>
   </div>
   <div class='ocr_carea' id='block_1_15' title="bbox 1034 1215 1911 1511">
    <p class='ocr_par' dir='ltr' id='par_1_15' title="bbox 1034 1215 1911 1511">
     <span class='ocr_line' id='line_1_51' title="bbox 1035 1215 1911 1268; baseline 0.005 -16"><span class='ocrx_word' id='word_1_281' title='bbox 1035 1225 1116 1265; x_wconf 88' lang='lat' dir='ltr'><strong>per</strong></span> <span class='ocrx_word' id='word_1_282' title='bbox 1136 1215 1308 1264; x_wconf 71' lang='lat' dir='ltr'><strong>Syriam</strong></span> <span class='ocrx_word' id='word_1_283' title='bbox 1332 1217 1375 1254; x_wconf 89' lang='lat' dir='ltr'><strong>et</strong></span> <span class='ocrx_word' id='word_1_284' title='bbox 1396 1217 1542 1254; x_wconf 74' lang='lat' dir='ltr'><strong>Asiam</strong></span> <span class='ocrx_word' id='word_1_285' title='bbox 1566 1216 1783 1256; x_wconf 88' lang='lat' dir='ltr'><strong>minorem</strong></span> <span class='ocrx_word' id='word_1_286' title='bbox 1806 1228 1911 1268; x_wconf 88' lang='lat' dir='ltr'><strong>pro-</strong></span> 
     </span>
     <span class='ocr_line' id='line_1_52' title="bbox 1035 1275 1910 1329; baseline 0.006 -15"><span class='ocrx_word' id='word_1_287' title='bbox 1035 1275 1174 1315; x_wconf 85' lang='lat' dir='ltr'><strong>fectus</strong></span> <span class='ocrx_word' id='word_1_288' title='bbox 1206 1278 1251 1316; x_wconf 87' lang='lat' dir='ltr'><strong>et</strong></span> <span class='ocrx_word' id='word_1_289' title='bbox 1280 1276 1562 1317; x_wconf 88' lang='lat' dir='ltr'><strong>subditorum</strong></span> <span class='ocrx_word' id='word_1_290' title='bbox 1594 1280 1739 1318; x_wconf 85' lang='lat' dir='ltr'><strong>omnia</strong></span> <span class='ocrx_word' id='word_1_291' title='bbox 1773 1292 1910 1329; x_wconf 78' lang='lat' dir='ltr'><strong>nego—</strong></span> 
     </span>
     <span class='ocr_line' id='line_1_53' title="bbox 1035 1338 1911 1388; baseline 0.003 -12"><span class='ocrx_word' id='word_1_292' title='bbox 1035 1338 1090 1376; x_wconf 87' lang='lat' dir='ltr'><strong>tia</strong></span> <span class='ocrx_word' id='word_1_293' title='bbox 1113 1339 1153 1376; x_wconf 90' lang='lat' dir='ltr'><strong>et</strong></span> <span class='ocrx_word' id='word_1_294' title='bbox 1172 1339 1365 1388; x_wconf 89' lang='lat' dir='ltr'><strong>primum</strong></span> <span class='ocrx_word' id='word_1_295' title='bbox 1389 1339 1587 1379; x_wconf 87' lang='lat' dir='ltr'><strong>Parthica</strong></span> <span class='ocrx_word' id='word_1_296' title='bbox 1612 1341 1724 1380; x_wconf 85' lang='lat' dir='ltr'><strong>inter</strong></span> <span class='ocrx_word' id='word_1_297' title='bbox 1746 1342 1911 1381; x_wconf 85' lang='lat' dir='ltr'><strong>Phraa—</strong></span> 
     </span>
     <span class='ocr_line' id='line_1_54' title="bbox 1034 1400 1909 1454; baseline 0.005 -16"><span class='ocrx_word' id='word_1_298' title='bbox 1034 1400 1125 1439; x_wconf 88' lang='lat' dir='ltr'><strong>tem</strong></span> <span class='ocrx_word' id='word_1_299' title='bbox 1157 1402 1201 1439; x_wconf 90' lang='lat' dir='ltr'><strong>et</strong></span> <span class='ocrx_word' id='word_1_300' title='bbox 1230 1400 1479 1440; x_wconf 88' lang='lat' dir='ltr'><strong>Teridatem</strong></span> <span class='ocrx_word' id='word_1_301' title='bbox 1508 1404 1768 1454; x_wconf 89' lang='lat' dir='ltr'><strong>composuit.</strong></span> <span class='ocrx_word' id='word_1_302' title='bbox 1830 1404 1909 1443; x_wconf 87' lang='lat' dir='ltr'><strong>Dio</strong></span> 
     </span>
     <span class='ocr_line' id='line_1_55' title="bbox 1035 1461 1360 1511; baseline 0.003 -10"><span class='ocrx_word' id='word_1_303' title='bbox 1035 1461 1158 1501; x_wconf 89' lang='lat' dir='ltr'><strong>Cass.</strong></span> <span class='ocrx_word' id='word_1_304' title='bbox 1184 1462 1258 1511; x_wconf 82' lang='grc'><strong>54,</strong></span> <span class='ocrx_word' id='word_1_305' title='bbox 1294 1461 1360 1502; x_wconf 88' lang='grc'><strong>48.</strong></span> 
     </span>
    </p>
   </div>
   <div class='ocr_carea' id='block_1_16' title="bbox 1028 1586 1910 3566">
    <p class='ocr_par' dir='ltr' id='par_1_16' title="bbox 1028 1586 1910 3566">
     <span class='ocr_line' id='line_1_56' title="bbox 1091 1586 1909 1639; baseline 0.005 -14"><span class='ocrx_word' id='word_1_306' title='bbox 1091 1586 1236 1627; x_wconf 90' lang='grc'><strong>46-48.</strong></span> <span class='ocrx_word' id='word_1_307' title='bbox 1271 1587 1454 1639; x_wconf 84' lang='lat' dir='ltr'><strong>poteras]</strong></span> <span class='ocrx_word' id='word_1_308' title='bbox 1487 1589 1534 1627; x_wconf 90' lang='lat' dir='ltr'><strong>ut</strong></span> <span class='ocrx_word' id='word_1_309' title='bbox 1563 1586 1654 1627; x_wconf 90' lang='lat' dir='ltr'><strong>Itali</strong></span> <span class='ocrx_word' id='word_1_310' title='bbox 1680 1590 1819 1637; x_wconf 75' lang='lat' dir='ltr'><strong>potavi</strong></span> <span class='ocrx_word' id='word_1_311' title='bbox 1853 1589 1909 1630; x_wconf 89' lang='lat' dir='ltr'><strong>de</strong></span> 
     </span>
     <span class='ocr_line' id='line_1_57' title="bbox 1034 1649 1908 1701; baseline 0.003 -13"><span class='ocrx_word' id='word_1_312' title='bbox 1034 1650 1206 1689; x_wconf 90' lang='lat' dir='ltr'><strong>actione</strong></span> <span class='ocrx_word' id='word_1_313' title='bbox 1255 1649 1543 1701; x_wconf 82' lang='lat' dir='ltr'><strong>hypothetica</strong></span> <span class='ocrx_word' id='word_1_314' title='bbox 1604 1650 1791 1701; x_wconf 84' lang='lat' dir='ltr'><strong>(posses)</strong></span> <span class='ocrx_word' id='word_1_315' title='bbox 1851 1652 1908 1691; x_wconf 89' lang='lat' dir='ltr'><strong>ita</strong></span> 
     </span>
     <span class='ocr_line' id='line_1_58' title="bbox 1035 1712 1910 1761; baseline 0.001 -9"><span class='ocrx_word' id='word_1_316' title='bbox 1035 1713 1281 1761; x_wconf 81' lang='lat' dir='ltr'><strong>enuntiata⁷</strong></span> <span class='ocrx_word' id='word_1_317' title='bbox 1315 1723 1366 1752; x_wconf 92' lang='lat' dir='ltr'><strong>ac</strong></span> <span class='ocrx_word' id='word_1_318' title='bbox 1388 1713 1422 1752; x_wconf 88' lang='lat' dir='ltr'><strong>si</strong></span> <span class='ocrx_word' id='word_1_319' title='bbox 1446 1714 1532 1752; x_wconf 88' lang='lat' dir='ltr'><strong>iam</strong></span> <span class='ocrx_word' id='word_1_320' title='bbox 1562 1712 1710 1753; x_wconf 90' lang='lat' dir='ltr'><strong>locum</strong></span> <span class='ocrx_word' id='word_1_321' title='bbox 1732 1713 1910 1754; x_wconf 89' lang='lat' dir='ltr'><strong>habuis—</strong></span> 
     </span>
     <span class='ocr_line' id='line_1_59' title="bbox 1033 1773 1908 1827; baseline 0.002 -13"><span class='ocrx_word' id='word_1_322' title='bbox 1033 1776 1121 1821; x_wconf 83' lang='lat' dir='ltr'><strong>set,</strong></span> <span class='ocrx_word' id='word_1_323' title='bbox 1163 1775 1316 1825; x_wconf 86' lang='lat' dir='ltr'><strong>utpote</strong></span> <span class='ocrx_word' id='word_1_324' title='bbox 1347 1785 1461 1825; x_wconf 90' lang='lat' dir='ltr'><strong>quae</strong></span> <span class='ocrx_word' id='word_1_325' title='bbox 1492 1773 1650 1815; x_wconf 89' lang='lat' dir='ltr'><strong>saltem</strong></span> <span class='ocrx_word' id='word_1_326' title='bbox 1690 1786 1908 1827; x_wconf 83' lang='lat' dir='ltr'><strong>perquam</strong></span> 
     </span>
     <span class='ocr_line' id='line_1_60' title="bbox 1033 1835 1906 1889; baseline 0.002 -14"><span class='ocrx_word' id='word_1_327' title='bbox 1033 1835 1236 1888; x_wconf 87' lang='lat' dir='ltr'><strong>optabilis</strong></span> <span class='ocrx_word' id='word_1_328' title='bbox 1267 1838 1335 1876; x_wconf 90' lang='lat' dir='ltr'><strong>sit.</strong></span> <span class='ocrx_word' id='word_1_329' title='bbox 1371 1837 1493 1877; x_wconf 84' lang='lat' dir='ltr'><strong>Conf.</strong></span> <span class='ocrx_word' id='word_1_330' title='bbox 1518 1848 1558 1876; x_wconf 80' lang='lat' dir='ltr'><strong>v,</strong></span> <span class='ocrx_word' id='word_1_331' title='bbox 1585 1838 1623 1877; x_wconf 90' lang='lat'><strong>7.</strong></span> <span class='ocrx_word' id='word_1_332' title='bbox 1661 1859 1706 1866; x_wconf 86' lang='lat'><strong>—-</strong></span> <span class='ocrx_word' id='word_1_333' title='bbox 1743 1837 1906 1889; x_wconf 82' lang='lat' dir='ltr'><strong>sortem]</strong></span> 
     </span>
     <span class='ocr_line' id='line_1_61' title="bbox 1034 1897 1905 1950; baseline 0.001 -12"><span class='ocrx_word' id='word_1_334' title='bbox 1034 1909 1136 1938; x_wconf 90' lang='lat' dir='ltr'><strong>cum</strong></span> <span class='ocrx_word' id='word_1_335' title='bbox 1165 1897 1351 1939; x_wconf 90' lang='lat' dir='ltr'><strong>bellicae</strong></span> <span class='ocrx_word' id='word_1_336' title='bbox 1382 1899 1530 1938; x_wconf 80' lang='lat' dir='ltr'><strong>virtuti</strong></span> <span class='ocrx_word' id='word_1_337' title='bbox 1558 1902 1828 1950; x_wconf 89' lang='lat' dir='ltr'><strong>opponatur,</strong></span> <span class='ocrx_word' id='word_1_338' title='bbox 1862 1900 1905 1939; x_wconf 90' lang='lat' dir='ltr'><strong>h.</strong></span> 
     </span>
     <span class='ocr_line' id='line_1_62' title="bbox 1033 1960 1906 2012; baseline -0.003 -12"><span class='ocrx_word' id='word_1_339' title='bbox 1033 1960 1059 2000; x_wconf 93' lang='lat' dir='ltr'><strong>l.</strong></span> <span class='ocrx_word' id='word_1_340' title='bbox 1097 1963 1400 2001; x_wconf 88' lang='lat' dir='ltr'><strong>«constantem</strong></span> <span class='ocrx_word' id='word_1_341' title='bbox 1430 1972 1482 2001; x_wconf 91' lang='lat' dir='ltr'><strong>ac</strong></span> <span class='ocrx_word' id='word_1_342' title='bbox 1519 1963 1906 2012; x_wconf 82' lang='lat' dir='ltr'><strong>magnanimum,»</strong></span> 
     </span>
     <span class='ocr_line' id='line_1_63' title="bbox 1032 2024 1908 2075; baseline -0.001 -12"><span class='ocrx_word' id='word_1_343' title='bbox 1032 2025 1081 2063; x_wconf 87' lang='lat' dir='ltr'><strong>ut</strong></span> <span class='ocrx_word' id='word_1_344' title='bbox 1109 2025 1218 2075; x_wconf 87' lang='lat' dir='ltr'><strong>Epp.</strong></span> <span class='ocrx_word' id='word_1_345' title='bbox 1252 2025 1297 2073; x_wconf 91' lang='grc'><strong>4,</strong></span> <span class='ocrx_word' id='word_1_346' title='bbox 1329 2025 1377 2073; x_wconf 91' lang='grc'><strong>7,</strong></span> <span class='ocrx_word' id='word_1_347' title='bbox 1410 2024 1485 2064; x_wconf 74' lang='lat'><strong>46:</strong></span> <span class='ocrx_word' id='word_1_348' title='bbox 1518 2025 1720 2064; x_wconf 80' lang='lat' dir='ltr'><strong>Strenuus</strong></span> <span class='ocrx_word' id='word_1_349' title='bbox 1750 2029 1788 2064; x_wconf 79' lang='lat' dir='ltr'><strong>et</strong></span> <span class='ocrx_word' id='word_1_350' title='bbox 1815 2025 1908 2074; x_wconf 82' lang='lat' dir='ltr'><strong>for-</strong></span> 
     </span>
     <span class='ocr_line' id='line_1_64' title="bbox 1031 2086 1909 2138; baseline 0 -13"><span class='ocrx_word' id='word_1_351' title='bbox 1031 2087 1083 2125; x_wconf 84' lang='lat' dir='ltr'><strong>tis</strong></span> <span class='ocrx_word' id='word_1_352' title='bbox 1102 2087 1361 2136; x_wconf 67' lang='lat' dir='ltr'><strong>-Pliilippus</strong></span> <span class='ocrx_word' id='word_1_353' title='bbox 1389 2110 1434 2115; x_wconf 92' lang='lat'><strong>—</strong></span> <span class='ocrx_word' id='word_1_354' title='bbox 1457 2086 1715 2138; x_wconf 80' lang='lat' dir='ltr'><strong>Scipiadam]</strong></span> <span class='ocrx_word' id='word_1_355' title='bbox 1747 2086 1909 2126; x_wconf 84' lang='lat' dir='ltr'><strong>Africa-</strong></span> 
     </span>
     <span class='ocr_line' id='line_1_65' title="bbox 1031 2148 1903 2199; baseline 0 -12"><span class='ocrx_word' id='word_1_356' title='bbox 1031 2159 1138 2188; x_wconf 91' lang='lat' dir='ltr'><strong>num</strong></span> <span class='ocrx_word' id='word_1_357' title='bbox 1169 2149 1404 2188; x_wconf 87' lang='lat' dir='ltr'><strong>minorem.</strong></span> <span class='ocrx_word' id='word_1_358' title='bbox 1456 2149 1663 2189; x_wconf 87' lang='lat' dir='ltr'><strong>Priscian.</strong></span> <span class='ocrx_word' id='word_1_359' title='bbox 1696 2149 1736 2187; x_wconf 69' lang='lat'><strong>2.</strong></span> <span class='ocrx_word' id='word_1_360' title='bbox 1766 2159 1809 2199; x_wconf 93' lang='lat' dir='ltr'><strong>p.</strong></span> <span class='ocrx_word' id='word_1_361' title='bbox 1833 2148 1903 2188; x_wconf 87' lang='lat'><strong>78.</strong></span> 
     </span>
     <span class='ocr_line' id='line_1_66' title="bbox 1031 2211 1908 2262; baseline 0 -13"><span class='ocrx_word' id='word_1_362' title='bbox 1031 2211 1120 2250; x_wconf 86' lang='lat' dir='ltr'><strong>Kr.:</strong></span> <span class='ocrx_word' id='word_1_363' title='bbox 1158 2211 1354 2262; x_wconf 61' lang='lat' dir='ltr'><strong>Virgilius</strong></span> <span class='ocrx_word' id='word_1_364' title='bbox 1385 2211 1534 2262; x_wconf 87' lang='lat' dir='ltr'><strong>(immo</strong></span> <span class='ocrx_word' id='word_1_365' title='bbox 1565 2212 1654 2251; x_wconf 91' lang='lat' dir='ltr'><strong>iam</strong></span> <span class='ocrx_word' id='word_1_366' title='bbox 1684 2212 1785 2250; x_wconf 89' lang='lat' dir='ltr'><strong>ante</strong></span> <span class='ocrx_word' id='word_1_367' title='bbox 1821 2211 1908 2250; x_wconf 91' lang='lat' dir='ltr'><strong>Lu-</strong></span> 
     </span>
     <span class='ocr_line' id='line_1_67' title="bbox 1032 2271 1905 2324; baseline 0 -12"><span class='ocrx_word' id='word_1_368' title='bbox 1032 2271 1156 2313; x_wconf 91' lang='lat' dir='ltr'><strong>cilius</strong></span> <span class='ocrx_word' id='word_1_369' title='bbox 1187 2273 1280 2324; x_wconf 90' lang='lat' dir='ltr'><strong>ipse</strong></span> <span class='ocrx_word' id='word_1_370' title='bbox 1312 2273 1430 2324; x_wconf 89' lang='lat' dir='ltr'><strong>apud</strong></span> <span class='ocrx_word' id='word_1_371' title='bbox 1461 2273 1566 2314; x_wconf 91' lang='lat' dir='ltr'><strong>Gell.</strong></span> <span class='ocrx_word' id='word_1_372' title='bbox 1600 2273 1645 2322; x_wconf 78' lang='lat'><strong>4,</strong></span> <span class='ocrx_word' id='word_1_373' title='bbox 1682 2274 1746 2312; x_wconf 93' lang='grc'><strong>47.</strong></span> <span class='ocrx_word' id='word_1_374' title='bbox 1790 2271 1905 2312; x_wconf 90' lang='lat' dir='ltr'><strong>Gerl.</strong></span> 
     </span>
     <span class='ocr_line' id='line_1_68' title="bbox 1031 2334 1907 2385; baseline -0.002 -11"><span class='ocrx_word' id='word_1_375' title='bbox 1031 2346 1073 2385; x_wconf 90' lang='lat' dir='ltr'><strong>p.</strong></span> <span class='ocrx_word' id='word_1_376' title='bbox 1098 2335 1164 2374; x_wconf 79' lang='lat'><strong>35.</strong></span> <span class='ocrx_word' id='word_1_377' title='bbox 1199 2337 1242 2374; x_wconf 89' lang='lat' dir='ltr'><strong>et</strong></span> <span class='ocrx_word' id='word_1_378' title='bbox 1265 2336 1495 2375; x_wconf 89' lang='lat' dir='ltr'><strong>Lucretius</strong></span> <span class='ocrx_word' id='word_1_379' title='bbox 1515 2336 1560 2384; x_wconf 89' lang='grc'><strong>3,</strong></span> <span class='ocrx_word' id='word_1_380' title='bbox 1596 2334 1733 2383; x_wconf 72' lang='grc'><strong>4047.)</strong></span> <span class='ocrx_word' id='word_1_381' title='bbox 1756 2345 1907 2374; x_wconf 78' lang='lat' dir='ltr'><strong>secun-</strong></span> 
     </span>
     <span class='ocr_line' id='line_1_69' title="bbox 1031 2395 1907 2447; baseline -0.001 -12"><span class='ocrx_word' id='word_1_382' title='bbox 1031 2397 1128 2435; x_wconf 86' lang='lat' dir='ltr'><strong>dum</strong></span> <span class='ocrx_word' id='word_1_383' title='bbox 1159 2397 1368 2436; x_wconf 84' lang='lat' dir='ltr'><strong>Graecam</strong></span> <span class='ocrx_word' id='word_1_384' title='bbox 1389 2397 1572 2447; x_wconf 84' lang='lat' dir='ltr'><strong>formam</strong></span> <span class='ocrx_word' id='word_1_385' title='bbox 1593 2395 1818 2447; x_wconf 87' lang='lat' dir='ltr'><strong>Scipiadas</strong></span> <span class='ocrx_word' id='word_1_386' title='bbox 1841 2396 1907 2434; x_wconf 77' lang='lat' dir='ltr'><strong>di—</strong></span> 
     </span>
     <span class='ocr_line' id='line_1_70' title="bbox 1028 2451 1902 2508; baseline -0.002 -11"><span class='ocrx_word' id='word_1_387' title='bbox 1028 2459 1094 2497; x_wconf 62' lang='grc' dir='ltr'><strong>ιιηί</strong></span> <span class='ocrx_word' id='word_1_388' title='bbox 1126 2459 1215 2508; x_wconf 88' lang='lat' dir='ltr'><strong>(Ge.</strong></span> <span class='ocrx_word' id='word_1_389' title='bbox 1240 2459 1285 2506; x_wconf 74' lang='lat'><strong>⁶2,</strong></span> <span class='ocrx_word' id='word_1_390' title='bbox 1318 2458 1412 2497; x_wconf 91' lang='grc'><strong>470.</strong></span> <span class='ocrx_word' id='word_1_391' title='bbox 1445 2460 1553 2498; x_wconf 85' lang='lat' dir='ltr'><strong>Aen.</strong></span> <span class='ocrx_word' id='word_1_392' title='bbox 1579 2458 1626 2506; x_wconf 87' lang='lat'><strong>6,</strong></span> <span class='ocrx_word' id='word_1_393' title='bbox 1659 2457 1770 2507; x_wconf 69' lang='lat'><strong>844.)</strong></span> <span class='ocrx_word' id='word_1_394' title='bbox 1803 2451 1902 2496; x_wconf 79' lang='grc' dir='ltr'><strong>ἀπὸ</strong></span> 
     </span>
     <span class='ocr_line' id='line_1_71' title="bbox 1030 2515 1902 2570; baseline -0.001 -11"><span class='ocrx_word' id='word_1_395' title='bbox 1030 2515 1114 2560; x_wconf 84' lang='grc' dir='ltr'><strong>τοῦ</strong></span> <span class='ocrx_word' id='word_1_396' title='bbox 1146 2520 1358 2570; x_wconf 73' lang='grc' dir='ltr'><strong>Σκίπιος.</strong></span> <span class='ocrx_word' id='word_1_397' title='bbox 1418 2521 1487 2560; x_wconf 91' lang='lat' dir='ltr'><strong>Sic</strong></span> <span class='ocrx_word' id='word_1_398' title='bbox 1509 2521 1669 2560; x_wconf 88' lang='lat' dir='ltr'><strong>Statius</strong></span> <span class='ocrx_word' id='word_1_399' title='bbox 1690 2518 1828 2559; x_wconf 87' lang='lat' dir='ltr'><strong>Theb.</strong></span> <span class='ocrx_word' id='word_1_400' title='bbox 1855 2520 1871 2558; x_wconf 93' lang='grc'><strong>4</strong></span> <span class='ocrx_word' id='word_1_401' title='bbox 1893 2551 1902 2567; x_wconf 90' lang='grc'>,</span> 
     </span>
     <span class='ocr_line' id='line_1_72' title="bbox 1029 2581 1906 2634; baseline -0.002 -12"><span class='ocrx_word' id='word_1_402' title='bbox 1029 2582 1096 2623; x_wconf 78' lang='lat'><strong>48.</strong></span> <span class='ocrx_word' id='word_1_403' title='bbox 1145 2583 1368 2632; x_wconf 80' lang='lat' dir='ltr'><strong>Oedipodes</strong></span> <span class='ocrx_word' id='word_1_404' title='bbox 1411 2593 1491 2634; x_wconf 92' lang='lat' dir='ltr'><strong>pro</strong></span> <span class='ocrx_word' id='word_1_405' title='bbox 1536 2583 1713 2632; x_wconf 81' lang='lat' dir='ltr'><strong>Oedipus</strong></span> <span class='ocrx_word' id='word_1_406' title='bbox 1757 2581 1906 2621; x_wconf 86' lang='lat' dir='ltr'><strong>dicere</strong></span> 
     </span>
     <span class='ocr_line' id='line_1_73' title="bbox 1030 2643 1906 2684; baseline -0.002 0"><span class='ocrx_word' id='word_1_407' title='bbox 1030 2646 1209 2684; x_wconf 89' lang='lat' dir='ltr'><strong>coactus</strong></span> <span class='ocrx_word' id='word_1_408' title='bbox 1231 2646 1339 2684; x_wconf 92' lang='lat' dir='ltr'><strong>erat.</strong></span> <span class='ocrx_word' id='word_1_409' title='bbox 1382 2643 1503 2684; x_wconf 80' lang='lat' dir='ltr'><strong>Cons.</strong></span> <span class='ocrx_word' id='word_1_410' title='bbox 1527 2656 1568 2683; x_wconf 90' lang='lat' dir='ltr'><strong>v.</strong></span> <span class='ocrx_word' id='word_1_411' title='bbox 1592 2644 1659 2683; x_wconf 72' lang='lat'><strong>72.</strong></span> <span class='ocrx_word' id='word_1_412' title='bbox 1704 2644 1735 2683; x_wconf 89' lang='lat' dir='ltr'>E</span> <span class='ocrx_word' id='word_1_413' title='bbox 1765 2643 1906 2683; x_wconf 88' lang='lat' dir='ltr'><strong>verbo</strong></span> 
     </span>
     <span class='ocr_line' id='line_1_74' title="bbox 1029 2706 1907 2747; baseline -0.002 0"><span class='ocrx_word' id='word_1_414' title='bbox 1029 2709 1180 2747; x_wconf 89' lang='lat' dir='ltr'><strong>autem</strong></span> <span class='ocrx_word' id='word_1_415' title='bbox 1216 2706 1394 2746; x_wconf 81' lang='lat' dir='ltr'><strong>scribere</strong></span> <span class='ocrx_word' id='word_1_416' title='bbox 1430 2707 1612 2746; x_wconf 91' lang='lat' dir='ltr'><strong>minime</strong></span> <span class='ocrx_word' id='word_1_417' title='bbox 1654 2717 1756 2746; x_wconf 91' lang='lat' dir='ltr'><strong>cum</strong></span> <span class='ocrx_word' id='word_1_418' title='bbox 1793 2716 1907 2745; x_wconf 91' lang='lat' dir='ltr'><strong>non-</strong></span> 
     </span>
     <span class='ocr_line' id='line_1_75' title="bbox 1029 2767 1906 2820; baseline -0.001 -12"><span class='ocrx_word' id='word_1_419' title='bbox 1029 2768 1157 2809; x_wconf 91' lang='lat' dir='ltr'><strong>nullis</strong></span> <span class='ocrx_word' id='word_1_420' title='bbox 1188 2767 1483 2820; x_wconf 82' lang='lat' dir='ltr'><strong>colligendum</strong></span> <span class='ocrx_word' id='word_1_421' title='bbox 1513 2770 1601 2817; x_wconf 91' lang='lat' dir='ltr'><strong>est,</strong></span> <span class='ocrx_word' id='word_1_422' title='bbox 1635 2769 1795 2809; x_wconf 90' lang='lat' dir='ltr'><strong>iustam</strong></span> <span class='ocrx_word' id='word_1_423' title='bbox 1816 2767 1906 2807; x_wconf 92' lang='lat' dir='ltr'><strong>Sci-</strong></span> 
     </span>
     <span class='ocr_line' id='line_1_76' title="bbox 1029 2828 1905 2884; baseline -0.002 -13"><span class='ocrx_word' id='word_1_424' title='bbox 1029 2832 1171 2884; x_wconf 88' lang='lat' dir='ltr'><strong>pionis</strong></span> <span class='ocrx_word' id='word_1_425' title='bbox 1219 2831 1358 2870; x_wconf 78' lang='lat' dir='ltr'><strong>vitam</strong></span> <span class='ocrx_word' id='word_1_426' title='bbox 1410 2830 1617 2871; x_wconf 83' lang='lat' dir='ltr'><strong>versibus</strong></span> <span class='ocrx_word' id='word_1_427' title='bbox 1665 2841 1689 2870; x_wconf 89' lang='lat' dir='ltr'><strong>a</strong></span> <span class='ocrx_word' id='word_1_428' title='bbox 1744 2828 1905 2870; x_wconf 92' lang='lat' dir='ltr'><strong>Lucilio</strong></span> 
     </span>
     <span class='ocr_line' id='line_1_77' title="bbox 1031 2892 1907 2945; baseline -0.003 -11"><span class='ocrx_word' id='word_1_429' title='bbox 1031 2893 1327 2945; x_wconf 84' lang='lat' dir='ltr'><strong>compositam</strong></span> <span class='ocrx_word' id='word_1_430' title='bbox 1358 2903 1479 2941; x_wconf 89' lang='lat' dir='ltr'><strong>esse;</strong></span> <span class='ocrx_word' id='word_1_431' title='bbox 1521 2895 1590 2933; x_wconf 88' lang='lat' dir='ltr'><strong>est</strong></span> <span class='ocrx_word' id='word_1_432' title='bbox 1619 2892 1704 2933; x_wconf 91' lang='lat' dir='ltr'><strong>hoc</strong></span> <span class='ocrx_word' id='word_1_433' title='bbox 1735 2892 1907 2932; x_wconf 86' lang='lat' dir='ltr'><strong>dumta-</strong></span> 
     </span>
     <span class='ocr_line' id='line_1_78' title="bbox 1029 2953 1906 3007; baseline -0.001 -12"><span class='ocrx_word' id='word_1_434' title='bbox 1029 2958 1123 2995; x_wconf 80' lang='lat' dir='ltr'><strong>xat:</strong></span> <span class='ocrx_word' id='word_1_435' title='bbox 1170 2956 1338 3007; x_wconf 82' lang='lat' dir='ltr'><strong>«Saepe</strong></span> <span class='ocrx_word' id='word_1_436' title='bbox 1375 2953 1486 2995; x_wconf 91' lang='lat' dir='ltr'><strong>illius</strong></span> <span class='ocrx_word' id='word_1_437' title='bbox 1516 2955 1665 2994; x_wconf 90' lang='lat' dir='ltr'><strong>herois</strong></span> <span class='ocrx_word' id='word_1_438' title='bbox 1696 2954 1906 2994; x_wconf 90' lang='lat' dir='ltr'><strong>iustitiam</strong></span> 
     </span>
     <span class='ocr_line' id='line_1_79' title="bbox 1032 3014 1906 3069; baseline -0.005 -11"><span class='ocrx_word' id='word_1_439' title='bbox 1032 3019 1165 3069; x_wconf 90' lang='lat' dir='ltr'><strong>atque</strong></span> <span class='ocrx_word' id='word_1_440' title='bbox 1195 3017 1498 3058; x_wconf 85' lang='lat' dir='ltr'><strong>fortitudinem</strong></span> <span class='ocrx_word' id='word_1_441' title='bbox 1528 3015 1731 3056; x_wconf 89' lang='lat' dir='ltr'><strong>laudibus</strong></span> <span class='ocrx_word' id='word_1_442' title='bbox 1755 3014 1906 3055; x_wconf 84' lang='lat' dir='ltr'><strong>extulit</strong></span> 
     </span>
     <span class='ocr_line' id='line_1_80' title="bbox 1032 3077 1905 3132; baseline -0.005 -12"><span class='ocrx_word' id='word_1_443' title='bbox 1032 3082 1206 3132; x_wconf 80' lang='lat' dir='ltr'><strong>poeta.»</strong></span> <span class='ocrx_word' id='word_1_444' title='bbox 1266 3081 1419 3130; x_wconf 90' lang='lat' dir='ltr'><strong>Neque</strong></span> <span class='ocrx_word' id='word_1_445' title='bbox 1457 3089 1564 3118; x_wconf 73' lang='lat' dir='ltr'><strong>vero</strong></span> <span class='ocrx_word' id='word_1_446' title='bbox 1609 3077 1905 3129; x_wconf 85' lang='lat' dir='ltr'><strong>argutandum</strong></span> 
     </span>
     <span class='ocr_line' id='line_1_81' title="bbox 1032 3139 1901 3192; baseline -0.005 -10"><span class='ocrx_word' id='word_1_447' title='bbox 1032 3144 1075 3183; x_wconf 93' lang='lat' dir='ltr'><strong>in</strong></span> <span class='ocrx_word' id='word_1_448' title='bbox 1104 3153 1145 3182; x_wconf 89' lang='lat' dir='ltr'><strong>v.</strong></span> <span class='ocrx_word' id='word_1_449' title='bbox 1177 3142 1361 3192; x_wconf 77' lang='lat' dir='ltr'><strong>sapiens,</strong></span> <span class='ocrx_word' id='word_1_450' title='bbox 1395 3140 1515 3192; x_wconf 91' lang='lat' dir='ltr'><strong>quod</strong></span> <span class='ocrx_word' id='word_1_451' title='bbox 1544 3141 1586 3180; x_wconf 92' lang='lat' dir='ltr'><strong>h.</strong></span> <span class='ocrx_word' id='word_1_452' title='bbox 1611 3139 1638 3180; x_wconf 92' lang='lat' dir='ltr'><strong>l.</strong></span> <span class='ocrx_word' id='word_1_453' title='bbox 1662 3139 1901 3190; x_wconf 82' lang='lat' dir='ltr'><strong>significat:</strong></span> 
     </span>
     <span class='ocr_line' id='line_1_82' title="bbox 1032 3201 1905 3257; baseline -0.006 -12"><span class='ocrx_word' id='word_1_454' title='bbox 1032 3205 1133 3257; x_wconf 91' lang='lat' dir='ltr'><strong>«qui</strong></span> <span class='ocrx_word' id='word_1_455' title='bbox 1162 3206 1253 3245; x_wconf 88' lang='lat' dir='ltr'><strong>tam</strong></span> <span class='ocrx_word' id='word_1_456' title='bbox 1283 3203 1418 3245; x_wconf 90' lang='lat' dir='ltr'><strong>multa</strong></span> <span class='ocrx_word' id='word_1_457' title='bbox 1450 3206 1630 3254; x_wconf 89' lang='lat' dir='ltr'><strong>tamque</strong></span> <span class='ocrx_word' id='word_1_458' title='bbox 1659 3201 1777 3241; x_wconf 90' lang='lat' dir='ltr'><strong>utilia</strong></span> <span class='ocrx_word' id='word_1_459' title='bbox 1809 3202 1905 3252; x_wconf 90' lang='lat' dir='ltr'><strong>(po-</strong></span> 
     </span>
     <span class='ocr_line' id='line_1_83' title="bbox 1032 3265 1902 3319; baseline -0.007 -12"><span class='ocrx_word' id='word_1_460' title='bbox 1032 3265 1207 3319; x_wconf 87' lang='lat' dir='ltr'><strong>pularis)</strong></span> <span class='ocrx_word' id='word_1_461' title='bbox 1239 3266 1479 3319; x_wconf 87' lang='lat' dir='ltr'><strong>sapientiae</strong></span> <span class='ocrx_word' id='word_1_462' title='bbox 1508 3266 1747 3317; x_wconf 91' lang='lat' dir='ltr'><strong>praecepta</strong></span> <span class='ocrx_word' id='word_1_463' title='bbox 1770 3265 1902 3313; x_wconf 86' lang='lat' dir='ltr'><strong>atque</strong></span> 
     </span>
     <span class='ocr_line' id='line_1_84' title="bbox 1032 3323 1899 3378; baseline -0.008 -9"><span class='ocrx_word' id='word_1_464' title='bbox 1032 3327 1235 3378; x_wconf 86' lang='lat' dir='ltr'><strong>exempla</strong></span> <span class='ocrx_word' id='word_1_465' title='bbox 1283 3328 1413 3368; x_wconf 90' lang='lat' dir='ltr'><strong>nobis</strong></span> <span class='ocrx_word' id='word_1_466' title='bbox 1462 3327 1636 3367; x_wconf 84' lang='lat' dir='ltr'><strong>tradit.»</strong></span> <span class='ocrx_word' id='word_1_467' title='bbox 1686 3346 1730 3353; x_wconf 92' lang='lat'>—</span> <span class='ocrx_word' id='word_1_468' title='bbox 1775 3323 1899 3364; x_wconf 76' lang='lat' dir='ltr'><strong>Haud</strong></span> 
     </span>
     <span class='ocr_line' id='line_1_85' title="bbox 1030 3385 1902 3440; baseline -0.009 -9"><span class='ocrx_word' id='word_1_469' title='bbox 1030 3392 1130 3430; x_wconf 79' lang='lat' dir='ltr'><strong>mihi</strong></span> <span class='ocrx_word' id='word_1_470' title='bbox 1159 3391 1292 3440; x_wconf 88' lang='lat' dir='ltr'><strong>deero]</strong></span> <span class='ocrx_word' id='word_1_471' title='bbox 1328 3391 1446 3430; x_wconf 81' lang='lat' dir='ltr'><strong>«Non</strong></span> <span class='ocrx_word' id='word_1_472' title='bbox 1468 3388 1552 3429; x_wconf 91' lang='lat' dir='ltr'><strong>sibi</strong></span> <span class='ocrx_word' id='word_1_473' title='bbox 1581 3389 1708 3428; x_wconf 88' lang='lat' dir='ltr'><strong>deest</strong></span> <span class='ocrx_word' id='word_1_474' title='bbox 1736 3387 1792 3433; x_wconf 86' lang='lat' dir='ltr'><strong>is,</strong></span> <span class='ocrx_word' id='word_1_475' title='bbox 1827 3385 1902 3435; x_wconf 88' lang='lat' dir='ltr'><strong>qui</strong></span> 
     </span>
     <span class='ocr_line' id='line_1_86' title="bbox 1031 3446 1902 3504; baseline -0.009 -11"><span class='ocrx_word' id='word_1_476' title='bbox 1031 3452 1133 3493; x_wconf 84' lang='lat' dir='ltr'><strong>facit</strong></span> <span class='ocrx_word' id='word_1_477' title='bbox 1162 3455 1206 3493; x_wconf 89' lang='lat' dir='ltr'><strong>et</strong></span> <span class='ocrx_word' id='word_1_478' title='bbox 1236 3452 1354 3504; x_wconf 90' lang='lat' dir='ltr'><strong>quod</strong></span> <span class='ocrx_word' id='word_1_479' title='bbox 1376 3451 1459 3492; x_wconf 91' lang='lat' dir='ltr'><strong>sibi</strong></span> <span class='ocrx_word' id='word_1_480' title='bbox 1490 3461 1601 3502; x_wconf 90' lang='lat' dir='ltr'><strong>opus</strong></span> <span class='ocrx_word' id='word_1_481' title='bbox 1623 3450 1689 3489; x_wconf 92' lang='lat' dir='ltr'><strong>est</strong></span> <span class='ocrx_word' id='word_1_482' title='bbox 1718 3449 1762 3488; x_wconf 84' lang='lat' dir='ltr'><strong>et</strong></span> <span class='ocrx_word' id='word_1_483' title='bbox 1781 3446 1902 3498; x_wconf 90' lang='lat' dir='ltr'><strong>quod</strong></span> 
     </span>
     <span class='ocr_line' id='line_1_87' title="bbox 1031 3509 1896 3566; baseline -0.006 -13"><span class='ocrx_word' id='word_1_484' title='bbox 1031 3515 1249 3566; x_wconf 88' lang='lat' dir='ltr'><strong>oportet.»</strong></span> <span class='ocrx_word' id='word_1_485' title='bbox 1288 3516 1390 3555; x_wconf 73' lang='lat' dir='ltr'><strong>Aen.</strong></span> <span class='ocrx_word' id='word_1_486' title='bbox 1425 3511 1546 3554; x_wconf 79' lang='lat' dir='ltr'><strong>Coni.</strong></span> <span class='ocrx_word' id='word_1_487' title='bbox 1570 3512 1657 3550; x_wconf 90' lang='lat' dir='ltr'><strong>Sat.</strong></span> <span class='ocrx_word' id='word_1_488' title='bbox 1684 3511 1727 3558; x_wconf 88' lang='grc'><strong>4,</strong></span> <span class='ocrx_word' id='word_1_489' title='bbox 1752 3510 1800 3558; x_wconf 87' lang='lat'><strong>9,</strong></span> <span class='ocrx_word' id='word_1_490' title='bbox 1830 3509 1896 3549; x_wconf 85' lang='lat'><strong>56.</strong></span> 
     </span>
    </p>
   </div>
  </div>
 </body>
</html>
