2231 3787
181 367 259 419 Nil
300 366 540 421 medium
579 374 673 420 est.

182 472 425 534 Quarum
465 469 690 523 subsuta
728 467 863 521 talos
903 476 1047 539 tegat
1086 468 1264 521 instita
1302 476 1480 522 veste:

888 235 986 274 LIB.
1022 235 1051 273 Ι.
1116 234 1227 274 SAT.
1263 235 1311 274 11.
1952 234 2019 285 ⁴29

755 366 887 419 Sunt
927 366 1019 437 qui
1060 364 1228 418 nolint
1266 365 1505 436 tetigisse
1545 366 1646 419 nisi
1688 366 1829 429 illas,

183 573 378 626 Contra
418 571 553 625 alius
593 571 796 624 nullam
835 571 937 624 nisi
979 569 1143 624 olenti
1186 571 1239 623 in
1279 570 1482 625 fornice
1522 579 1766 625 stantem.
1951 574 2021 624 30

293 755 360 795 30.
394 755 524 795 olente
551 753 778 794 Bentleius
812 753 894 793 «ad
924 764 1100 794 morem
1131 754 1465 794 Horatianum.»

1136 921 1249 951 neca
1280 911 1435 951 rhetor
1471 912 1597 953 Suas.
1632 913 1671 954 8.
1707 915 1818 953 extr.
1858 937 1901 943 —
1934 916 2025 955 hir-

184 913 339 953 medios
347 913 528 963 poplites
540 923 671 962 usque
680 911 945 962 perveniant.
960 912 1073 950 Nam

186 976 301 1027 infra
330 976 554 1016 mulierum
584 979 665 1025 est,
698 986 831 1026 suipra
860 975 1073 1014 centurio—

184 1051 297 1078 num.
333 1063 377 1067 —-
400 1038 572 1091 facetus]
607 1039 719 1078 «hoc
740 1039 835 1089 ipso
858 1037 1071 1077 indecoro

184 1101 337 1141 habitu
367 1103 528 1153 putans
550 1112 597 1142 se
621 1100 848 1151 eleganter
869 1111 968 1140 esse
991 1111 1074 1139 ve-

185 1166 380 1205 stitum.»
441 1165 617 1203 Facetus
660 1168 697 1204 et
741 1165 908 1215 elegans
951 1162 1073 1202 haud

184 1238 286 1267 raro
333 1229 676 1279 componuntur.
739 1229 787 1267 ln
828 1225 1072 1266 Forcellino

185 1291 449 1330 Germanico
482 1291 635 1331 nescio
668 1301 805 1342 quam
844 1289 961 1329 bene
995 1301 1074 1329 ex-

185 1353 348 1406 plicant
368 1354 633 1405 Sonde›·linq;
659 1353 753 1394 alii:
780 1365 896 1406 «quo
918 1352 1074 1393 habitu

186 1416 280 1458 aliis
310 1418 450 1458 risum
482 1418 678 1457 movet.»
730 1417 819 1457 Sed
848 1416 934 1457 adi.
957 1418 1075 1469 face-

186 1485 251 1520 tus
281 1480 651 1532 significationem
681 1491 724 1520 v.
757 1481 927 1520 ridiculi
958 1493 1075 1521 nun-

187 1554 323 1595 quam
353 1544 553 1584 assumit.
588 1545 651 1583 De
673 1544 728 1584 M.
750 1546 902 1584 autem
923 1544 1077 1596 Agrip-

185 1618 243 1658 pa
273 1608 316 1647 in
346 1607 432 1647 hoc
454 1619 496 1647 v.
523 1607 748 1659 descripto
770 1607 858 1648 noli
881 1610 1074 1660 cogitare

189 1681 291 1711 cum
308 1670 567 1711 &Veicherto
584 1673 704 1711 Poet.
722 1673 813 1711 Lat.
832 1682 875 1723 p.
891 1671 986 1712 456.
1009 1672 1072 1713 Cf.

188 1734 414 1775 Frandsen
443 1735 574 1775 Leben
606 1737 674 1776 des
693 1736 883 1788 Agrippa
911 1748 955 1789 p.
981 1738 1073 1778 481.

243 1862 310 1902 ⁶27.
344 1862 471 1902 Hunc
501 1873 688 1903 versum
719 1864 897 1915 repetiit
934 1864 1078 1903 Hora—

191 1924 276 1965 tius
322 1925 410 1964 Sat.
456 1925 472 1964 11
498 1957 505 1974 ,
553 1925 603 1974 4⁷
652 1926 718 1966 92.
771 1949 816 1954 —
863 1928 1077 1978 Pastillos]

194 1987 655 2028 ll‹⁷iirzmorselle›z.
716 1988 899 2030 Martial.
926 1990 941 2028 ’1
966 2022 974 2039 ,
1008 1991 1075 2041 87,

192 2051 237 2090 4ι
282 2051 344 2090 Ne
372 2052 519 2103 gravis
548 2053 735 2092 hesterno
763 2053 955 2105 fragres,
998 2057 1080 2095 Fe-

191 2114 377 2163 scennia,
409 2114 528 2164 vino,
561 2115 752 2155 Pastillos
782 2116 917 2157 Cosmi
947 2119 1079 2158 liacu—

189 2176 306 2216 riosa
323 2188 465 2217 voras.
499 2179 634 2217 Poeta
657 2179 776 2230 apud
799 2179 938 2221 Clem.
953 2181 1076 2222 Alex.

192 2239 328 2279 Paed.
354 2240 401 2289 3,
436 2240 475 2280 3.
508 2251 552 2291 p.
577 2241 674 2282 σ288.
700 2242 755 2282 de
785 2243 891 2284 viriS
922 2257 1083 2298 γυναι-

194 2303 402 2353 κίζουσι·
434 2302 486 2342 X
487 2301 646 2344 λανὶσι
675 2302 936 2356 διαφανέσι
957 2321 1084 2366 περι-

196 2363 513 2418 πεπλεγμένοι
550 2366 644 2406 Καὶ
681 2370 929 2421 μαστίχην
958 2368 1081 2427 τρώ-

194 2438 389 2480 γοντες,
442 2422 632 2479 ὅζοντες
674 2426 850 2487 μύρου.
912 2433 1078 2472 Seneca

194 2492 274 2542 Ep.
310 2491 384 2531 86:
418 2492 719 2542 Descripturus
737 2494 939 2544 infamem
959 2495 1085 2536 etni—

194 2554 290 2593 miis
317 2553 541 2593 notabilem
564 2555 720 2594 deliciis
744 2557 945 2596 Horatius
966 2558 1087 2596 Flac-

197 2627 269 2655 cus
288 2617 389 2664 quid
408 2615 500 2655 aits>
517 2617 707 2657 Pastillos
726 2619 899 2670 Rufillus
921 2620 1013 2659 olet.
1036 2643 1081 2648 —

195 2679 644 2730 Rufillus-Gamomus]
666 2681 879 2722 Homines
906 2682 1087 2722 fuerunt

197 2753 288 2781 non
317 2741 497 2781 infimae
519 2741 686 2794 plebis,
721 2746 933 2795 quoniam
954 2748 1087 2797 poeta

197 2805 384 2855 propter
412 2804 544 2845 istam
575 2817 732 2846 eorum
762 2807 1016 2848 irrisionem
1044 2809 1088 2848 in

199 2865 389 2906 aliorum
403 2868 805 2919 reprehensionem
823 2872 957 2922 atque
980 2873 1090 2912 invi-

201 2929 322 2968 diam
342 2929 598 2971 incucurrit.
635 2933 737 2983 (Sat.
763 2934 803 2983 4,
828 2933 867 2983 4,
893 2934 937 2974 94
967 2936 1086 2987 sqq.)

203 2992 443 3044 Gargonius
472 3005 576 3034 cum
607 2996 747 3036 Codd.
774 2997 918 3048 edidi,
965 3001 1013 3038 ut
1044 3000 1088 3039 in

205 3054 295 3094 Cic.
320 3055 454 3095 Bruto
476 3055 550 3106 48,
586 3058 678 3098 480.
709 3062 754 3099 et
772 3060 820 3099 A.
847 3061 1088 3103 GARGONIVS

206 3118 274 3157 est
301 3117 346 3156 in
382 3117 581 3170 inscript.
616 3132 654 3160 a.
688 3133 734 3161 u.
768 3134 806 3162 c.
842 3123 936 3164 648.
969 3125 1090 3176 apud

204 3178 444 3220 Furlanetti
492 3182 635 3222 Iscriz.
685 3184 822 3224 d’Este
871 3196 971 3237 pag.
1021 3188 1085 3227 46.

205 3242 335 3294 Apud
364 3244 585 3283 Senecam
614 3244 640 3284 l.
673 3245 700 3286 l.
737 3248 805 3287 est
836 3248 1088 3300 Goryonius,

208 3305 341 3345 etiam
371 3305 414 3344 in
444 3305 591 3344 XVIII.
617 3307 758 3348 Codd.
781 3309 941 3360 Vatic.⁷
977 3312 1090 3351 teste

208 3368 316 3417 Fea,
342 3368 423 3408 sed
444 3369 486 3407 in
510 3368 580 3408 ed.
606 3369 720 3409 Fick.
746 3371 954 3411 scribitur
985 3374 1094 3414 Gar-

209 3430 371 3480 9o‘nius.
414 3430 620 3471 Eundem
650 3433 827 3482 putant,
862 3435 986 3475 cuius
1018 3447 1095 3476 ca-

213 3492 407 3534 cozelian
439 3496 483 3535 et
513 3492 644 3534 stulte
676 3494 793 3535 dicta
830 3495 983 3536 irridet
1015 3499 1096 3537 Se—

1136 973 1243 1018 cum]
1277 974 1458 1015 foedum
1490 974 1661 1016 alarum
1694 976 1896 1018 odorem.

1192 1100 1339 1140 28-36.
1372 1101 1444 1140 Nil
1471 1102 1654 1141 medium
1673 1102 1744 1154 est]
1779 1105 1945 1144 «Nemo
1966 1102 2023 1144 τὸ

1135 1163 1290 1215 μέσον
1326 1164 1441 1203 inter
1479 1164 1567 1204 (luo
1605 1166 1709 1204 vitia
1747 1169 1939 1206 servat.»
1976 1192 2020 1197 ——

1137 1225 1326 1277 tetiqisse]
1364 1228 1413 1266 A.
1454 1229 1498 1267 Ρ.
1532 1227 1637 1268 455:
1690 1229 1895 1269 Vesanum
1933 1232 2027 1271 leti—

1137 1289 1242 1340 9issc
1272 1289 1415 1329 tineent
1442 1291 1692 1342 fugyiuntque
1719 1295 1907 1342 poetam.
1960 1295 2025 1334 De

1139 1352 1224 1391 hoc
1253 1351 1442 1403 perfecti
1473 1364 1557 1393 usu
1589 1356 1857 1406 praesertim
1887 1358 1930 1396 in
1951 1369 2024 1398 vv.

1137 1416 1334 1466 tetiyisse,
1368 1417 1552 1467 attigisse
1583 1417 1765 1458 consule
1797 1419 1940 1460 Haase
1971 1421 2028 1461 ad

1139 1479 1316 1529 Reisigii
1347 1481 1439 1519 Lat.
1475 1480 1697 1531 Sprachw.
1730 1493 1830 1533 pag.
1856 1484 1951 1523 500.
1982 1508 2026 1513 —

1139 1541 1322 1594 subsuta]
1357 1543 1452 1581 Non
1472 1543 1652 1583 videtur
1671 1545 1922 1597 hypallage,
1947 1547 2029 1588 sed

1139 1606 1319 1657 proprie
1350 1604 1526 1646 locutus
1551 1609 1638 1655 est3
1674 1619 1778 1648 nam
1801 1612 2029 1651 extremus

1142 1668 1280 1709 stolae
1313 1680 1468 1720 margo
1501 1669 1731 1710 subsuitur
1760 1673 1953 1714 institae.
1981 1697 2026 1702 ——

1144 1732 1305 1784 instita]
1357 1731 1540 1773 fasciola
1587 1733 1809 1775 fimbriata
1854 1737 1897 1776 in
1941 1737 2030 1777 ima

1142 1794 1254 1835 stola
1284 1797 1616 1846 matronarum,
1662 1808 1766 1837 cum
1796 1797 2029 1840 libertinae

1143 1859 1286 1898 tunica
1316 1860 1562 1899 uterentur.
1645 1861 1768 1900 Ovid.
1801 1863 1851 1902 A.
1890 1864 1940 1903 A.
1980 1864 2027 1912 4,

1144 1923 1188 1962 34
1209 1935 1218 1962 z
1250 1923 1346 1962 Este
1362 1923 1515 1972 procul
1533 1923 1662 1963 vittae
1683 1927 1847 1974 tenues,
1871 1926 2033 1977 lusique

1136 1986 1330 2036 pudoris,
1355 1997 1543 2036 quaeque
1563 1987 1665 2038 tegis
1687 1988 1855 2038 medios,
1889 1989 2033 2028 instita

1143 2050 1295 2100 lonqa‚
1322 2049 1462 2098 pectes.
1509 2049 1642 2097 «Quia
1664 2052 1894 2090 matronae
1918 2050 2031 2091 stola

1143 2114 1330 2152 utuntur
1360 2112 1415 2151 ad
1452 2113 1566 2152 imos
1598 2124 1741 2164 usque
1778 2114 1919 2165 pedes
1951 2115 2034 2154 de-

1146 2177 1304 2225 missa,
1354 2176 1479 2215 cuius
1519 2176 1656 2216 imam
1685 2179 1861 2228 partem
1894 2177 2034 2218 ambit

1145 2240 1290 2278 instita
1319 2238 1512 2288 subsuta,
1546 2238 1590 2278 id
1623 2241 1713 2289 est,
1749 2241 2032 2281 coniuncta.»

1146 2302 1290 2354 (umen
1327 2302 1496 2352 besetzt,
1536 2302 1766 2343 verbramt.
1827 2304 2029 2354 FREUND.)

1149 2366 1328 2405 «Instita
1369 2367 1520 2404 autem
1552 2367 1718 2404 Graece
1759 2366 1920 2405 dicitur
1950 2377 2035 2405 πε-

1148 2425 1413 2486 ριπέὸιλον,
1458 2428 1581 2478 quod
1611 2426 1748 2467 stolae
1781 2428 2036 2469 subsueba-

1148 2494 1233 2542 tur,
1269 2503 1357 2543 qua
1387 2492 1618 2531 matronae
1642 2490 1904 2541 utebantur;
1940 2495 2037 2533 erat

1150 2556 1269 2597 enim
1328 2554 1591 2594 tenuissima
1649 2553 1827 2594 fasciola
1848 2586 1857 2604 ,
1919 2567 2035 2607 quae

1149 2619 1432 2671 praetextae»
1471 2616 1631 2668 (potius
1676 2617 1852 2658 tunicae
1899 2629 2037 2670 supe-

1150 2681 1268 2732 riori)
1311 2679 1674 2720 «adiiciebatur.»
1726 2680 1866 2721 Coun.
1902 2682 2033 2728 CRUQ.

1153 2745 1216 2786 Cf.
1250 2744 1421 2784 Becker
1461 2742 1606 2782 Gallus
1647 2742 1732 2793 (ed.
1768 2741 1857 2793 alt.)
1888 2744 1959 2783 ΙΙΙ.
1990 2755 2034 2795 p.

1152 2807 1245 2848 443.
1266 2829 1311 2834 -
1326 2805 1449 2845 olenti
1466 2806 1508 2844 in
1522 2805 1683 2856 fornice
1696 2805 1886 2857 stantem]
1907 2817 2039 2858 «pro-

1152 2872 1346 2911 stantem
1376 2869 1737 2919 adventoresque
1771 2871 2039 2920 exspectan-

1152 2934 1245 2972 tem
1275 2933 1318 2971 in
1348 2931 1485 2970 calido
1515 2931 1731 2980 lupanari.
1785 2931 1951 2982 (Iuven.
1987 2933 2035 2981 6,

1155 2994 1265 3045 4211.)
1297 2994 1506 3035 Manetho
1549 2994 1594 3042 6,
1631 2993 1735 3033 443ε
1780 2988 1859 3045 Ἐξ
1898 2988 2040 3052 ἕδρης

1154 3059 1379 3114 πιναροΐο
1408 3057 1578 3109 τέγους
1607 3052 1754 3108 ξυνῆς
1775 3057 1812 3095 τ’
1835 3051 1934 3095 ἀπὸ
1960 3054 2041 3109 δή-

1152 3132 1250 3172 μου
1282 3114 1444 3170 Εῧνῆς
1464 3114 1793 3170 ἀνστήσαντες
1813 3113 1970 3173 ἄγοντ’
1991 3118 2041 3170 ἐς

1153 3179 1357 3234 δώματα
1403 3180 1616 3234 νύμφας.
1702 3181 1855 3222 Vibius
1903 3180 2040 3222 Rufus

1156 3247 1256 3285 Sen.
1283 3246 1433 3285 Contr.
1460 3245 1503 3294 4,
1538 3246 1585 3284 2:
1618 3244 1787 3285 Redoles
1816 3244 1951 3284 adhuc
1968 3244 2039 3294 fu-

1156 3310 1325 3360 liginem
1365 3308 1551 3359 fornicis.
1620 3309 1772 3347 Iuven.
1808 3307 1881 3355 Μ,
1929 3306 2037 3345 470·.

1156 3373 1316 3411 nudum
1360 3371 1468 3410 olido
1511 3373 1625 3409 stans
1666 3370 1841 3409 Forfntce
1876 3369 2042 3408 manci-

1153 3437 1288 3485 pium.
1360 3433 1515 3473 Graeci
1563 3433 1723 3472 eadem
1766 3431 1821 3471 de
1862 3442 1910 3471 re
1953 3444 2042 3470 κα-

1160 3495 1347 3550 θῆσθαι
1374 3496 1443 3537 ἐπ“
1468 3492 1751 3547 οἰκήματος.
1799 3494 1878 3533 Dio
1901 3494 2043 3544 Chry-
