2231 3787
3 3462 7 3558 l

3 3577 8 3620 ε

2 3621 8 3696 l

4 3697 9 3787 l

827 299 922 337 LlB.
958 302 987 338 1.
1049 301 1160 340 SAT.
1195 303 1260 341 IX.

1870 308 1889 359 sl
1905 310 1969 360 63

212 426 463 479 Inclamat
505 446 666 492 vot-c,
709 438 785 481 ct:
828 429 976 483 Licet
1014 433 1307 484 antestari?
1348 434 1457 504 Ego
1498 453 1626 488 vero

211 529 442 598 Oppono
483 529 792 583 auriculam.

212 629 458 701 Undique
509 649 820 686 concursus.

248 780 313 818 76.
355 781 583 821 Eaeclamat
623 781 650 821 1›
697 786 739 822 et
769 785 958 823 Pottierii
990 784 1208 836 plerique,
1254 788 1353 826 LCt.

192 853 284 881 var.
332 841 432 883 lect.
479 857 507 883 κ
553 846 594 884 et
640 848 813 896 septem
872 848 1095 897 Pottierii.)
1148 872 1190 875 —
1240 851 1305 889 71.

870 532 1022 602 Rapit
1061 533 1112 584 in
1153 533 1260 597 ius,
1303 534 1505 588 clamor
1542 538 1823 608 utrinque.

902 634 989 686 Sic
1030 652 1114 686 me
1156 637 1388 689 servavit
1424 638 1627 708 Apollo.

1416 788 1489 837 (Ut
1522 800 1620 837 nos,
1668 787 1908 842 Scp,).gccp,

1355 853 1524 900 Oppono
1564 852 1672 900 bSc,
1717 855 1909 894 Pottierii

1268 851 1288 859 ›—

193 916 373 955 omnes,
407 907 513 955 LCt,
547 907 795 947 Bentleius:
827 911 998 959 Appono
1030 922 1052 950 e
1077 911 1251 951 duobus
1285 914 1423 953 Codd.
1463 916 1549 954 ΡΜ.

138 1020 191 1061 al.
226 1024 437 1063 acclamat
476 1027 698 1077 reperitur
729 1029 861 1067 ctiam
899 1029 1014 1079 apud

139 1084 429 1133 Ciceronem,
484 1088 679 1137 Livium,
737 1089 858 1130 alios.
949 1092 1017 1130 Sic

138 1146 292 1186 Graeci
336 1146 524 1203 ἐμβοᾷν
566 1152 671 1190 τινί.
719 1173 761 1178 -
799 1155 1015 1205 antestari]

140 1211 276 1249 «teste
308 1212 349 1249 te
381 1211 452 1251 hic
479 1212 559 1258 uti,
594 1213 714 1263 quod
745 1214 846 1253 huic
869 1216 1015 1255 iudicii

138 1282 271 1312 causa
292 1271 392 1312 volo
415 1284 597 1314 manum
618 1275 841 1316 iniicere.»
879 1279 1015 1318 «Nam

135 1334 247 1373 haec
279 1337 372 1374 erat
404 1338 704 1377 cousuetudo:
744 1340 785 1378 Si
817 1342 915 1391 quis
940 1353 1018 1381 ‘va-

138 1395 239 1436 dato
269 1409 356 1437 non
391 1400 637 1449 paruisset,
679 1402 773 1442 eius
804 1403 1018 1443 adversa—

136 1460 226 1500 rius
248 1459 441 1512 aliquem
473 1461 528 1501 de
558 1465 874 1514 praesentibus
896 1469 1019 1507 ante-

136 1522 355 1567 stabatur,
389 1524 432 1563 id
464 1527 554 1574 est,
589 1527 799 1577 tangebat
821 1530 914 1569 eius
935 1542 1017 1569 au-

135 1596 232 1625 rem
263 1588 304 1624 et
343 1586 541 1627 dicebat:
588 1589 821 1629 LICETNE
848 1592 1017 1630 ANTE-

135 1648 315 1689 STARI‘?
337 1650 377 1688 Si
401 1651 708 1701 respondisset
728 1652 820 1692 ille:
845 1655 1012 1703 LICET,

134 1714 239 1752 tunc
275 1712 500 1752 iniiciebat
528 1714 714 1755 vadatus
748 1727 930 1757 manum
972 1719 1012 1757 in

139 1785 267 1824 eum,
301 1776 376 1826 qui
408 1787 493 1815 non
522 1778 766 1827 paruisset,
802 1781 846 1819 et
877 1780 1015 1820 duce-

134 1836 209 1876 bat
238 1838 282 1876 in
313 1837 546 1885 iudicium3
581 1838 707 1878 aliter
727 1841 763 1880 si
793 1841 1016 1882 iniecisset

134 1910 339 1948 manum,
381 1901 641 1941 iniuriarum
672 1904 847 1953 poterat
878 1916 1015 1944 accu-

135 1962 264 2000 sari.»
316 1963 416 2001 Aen.
473 1961 609 2002 Plaut.
637 1966 769 2004 Persa
801 1965 848 2014 4,
884 1967 930 2016 9,
964 1968 1010 2007 8:

136 2025 179 2063 S.
218 2024 326 2076 Age,
375 2025 544 2064 ambula
586 2027 629 2065 in
673 2028 760 2077 ias,
806 2030 911 2070 leno.
958 2031 1008 2069 D.

136 2086 243 2134 Quid
270 2099 335 2126 ‘me
367 2087 411 2126 in
440 2088 504 2126 ius
523 2089 677 2128 vocas?
707 2091 747 2129 S.
771 2091 879 2130 Illim
900 2094 1013 2142 apud

41 2189 51 2198 ,
130 2153 371 2199 praetorem
413 2151 578 2199 (licam,
628 2153 697 2191 sed
739 2164 812 2203 eqo
863 2154 906 2192 in
948 2155 1013 2193 izos

132 2223 246 2251 voco.
289 2213 339 2251 D.
362 2213 508 2251 Nonne
529 2214 781 2253 antestaris?
827 2216 868 2255 S.
897 2217 927 2255 T
929 2228 1012 2255 ztan

134 2285 208 2324 eqo
228 2284 372 2322 causa,
396 2275 619 2325 carnxufeoe,
645 2277 882 2326 Quotquam
903 2290 1014 2317 mor-

134 2337 209 2376 tali
238 2336 364 2375 libero
394 2348 516 2375 aures
545 2338 760 2377 atteram?
797 2340 928 2380 Curc.
961 2342 1008 2388 ὃ,

134 2398 181 2448 ⁶2,
216 2398 290 2437 23:
326 2399 400 2437 ΡΗ.
432 2398 608 2438 Ambula
637 2400 679 2439 in
699 2401 775 2439 ias.
819 2402 1012 2441 T11.Non

134 2471 193 2500 eo.
246 2462 320 2500 Pu.
366 2461 477 2500 Licet
515 2463 746 2501 antestari‘.>
794 2464 870 2503 ΤΗ.
919 2465 1012 2503 Non

134 2523 239 2562 licet.
308 2522 636 2564 «Adversarius
680 2523 854 2565 molesti
902 2525 1011 2567 illius

134 2584 363 2625 Horatium
395 2584 602 2635 consulit,
637 2598 692 2626 an
712 2589 942 2639 permittat
962 2599 1010 2628 se

135 2647 344 2686 antestari
365 2647 523 2687 iniecta
544 2659 699 2699 manu,
733 2651 1012 2690 extracturus

135 2709 191 2749 ad
228 2712 504 2762 praetorem,
552 2711 672 2762 quod
709 2713 1012 2753 vadimonium

134 2783 222 2812 non
260 2771 432 2812 obierit.
493 2774 557 2813 De
596 2774 683 2814 hoc
722 2777 871 2815 autem
914 2775 1011 2826 lege

134 2835 220 2874 XII.
254 2833 506 2874 tabularum
544 2836 611 2876 his
648 2837 798 2878 verbis
830 2841 1012 2878 cautum

136 2899 231 2936 est:
264 2897 316 2935 SI
331 2898 393 2936 IN
409 2898 496 2937 IVS
520 2899 707 2948 VOCAT,
738 2901 802 2939 NI
816 2901 889 2950 IT,
920 2902 1014 2940 AN-

137 2958 416 2998 TESTATOR.
465 2960 642 3001 IGITUR
672 2962 758 3002 EM
786 2963 1010 3003 CAPITO.»

135 3021 341 3060 Ponpnm.
390 3021 459 3060 Sic
481 3023 600 3062 enim
622 3034 645 3062 e
669 3023 832 3064 Codice
855 3035 1013 3065 emen-

136 3081 255 3122 davit
298 3083 650 3133 porphyrionem
687 3085 816 3137 volgo
857 3098 1013 3127 corru-

134 3144 387 3196 ptissimum
425 3146 575 3185 Carrio
611 3147 828 3189 Emendd.
862 3151 909 3199 2,
944 3151 1009 3190 42.

137 3205 223 3246 Cfr.
264 3207 450 3247 Dirksen
487 3207 576 3246 XII.
617 3208 722 3248 Tab.
754 3221 799 3261 p.
833 3212 926 3251 429.
964 3235 1009 3239 —

134 3267 224 3318 qu
264 3269 388 3320 vero]
440 3270 508 3309 est
556 3267 764 3310 lubentis.
834 3273 1008 3313 Terent.

135 3329 245 3370 Eun.
279 3330 326 3380 3,
360 3332 402 3380 5,
436 3330 513 3371 43:
547 3342 620 3382 e90
649 3342 747 3371 vero
775 3333 878 3372 illud
904 3335 1013 3384 fece-

135 3392 218 3431 rim
238 3403 289 3431 ac
314 3392 466 3433 lubens.
494 3416 539 3421 -
565 3393 748 3446 Oppono]
774 3394 1010 3446 «Obverto,

138 3463 225 3503 quo
246 3453 414 3494 facilius
435 3457 598 3507 petitor
619 3456 861 3496 auriculam
881 3456 1015 3508 (Ohr-

140 3516 260 3565 lapp
273 3517 420 3568 chen)
475 3517 756 3568 prehendere
809 3520 949 3570 possit
967 3532 975 3557 :
993 3535 1010 3555 »

1084 1030 1202 1080 quod
1234 1029 1361 1081 longe
1393 1032 1710 1081 significantius
1742 1036 1809 1074 est
1830 1046 1966 1086 quam

1083 1090 1135 1130 al.
1171 1104 1357 1142 appono,
1400 1096 1442 1133 et
1480 1105 1502 1132 a
1535 1096 1646 1135 meis
1687 1097 1825 1136 Codd.
1860 1100 1966 1138 satis

1083 1153 1297 1193 firmatur.
1363 1155 1596 1196 «Solehant
1627 1159 1806 1198 testium
1832 1170 1964 1199 aures

1082 1217 1235 1255 tenere
1268 1219 1311 1255 et
1352 1218 1408 1256 ita
1440 1218 1612 1258 dicere:
1662 1222 1960 1270 MEMENTO,

1083 1279 1226 1325 Ql'Ol)
1276 1280 1343 1318 TV
1380 1281 1505 1318 MIHI
1543 1282 1605 1319 IN
1638 1283 1758 1322 ILLA
1800 1283 1966 1323 CAVSA

1084 1339 1264 1379 TESTIS
1292 1341 1441 1380 ERIS:
1476 1342 1595 1393 quod
1619 1346 1685 1382 est
1706 1346 1962 1384 antestari.»

1081 1403 1182 1440 Aen.
1235 1402 1371 1453 (Idem
1402 1415 1499 1444 mos
1530 1406 1665 1444 testes
1696 1418 1778 1457 per
1808 1418 1966 1447 aurem

1082 1465 1283 1503 trahendi
1317 1467 1449 1504 etiam
1481 1467 1600 1517 apud
1629 1469 1854 1509 Baioarios
1885 1481 1966 1509 va-

1081 1525 1170 1565 luit.
1234 1527 1330 1566 vid.
1366 1529 1534 1567 Grimm
1566 1530 1766 1569 Demsche
1800 1532 1965 1571 Rechts-

1079 1589 1242 1628 alterth.
1277 1591 1305 1628 l.
1346 1601 1397 1640 p.
1433 1591 1511 1631 444-
1542 1594 1657 1643 sqq.)
1709 1592 1815 1633 Plin.
1839 1595 1888 1633 H.
1914 1596 1964 1633 N.

1083 1653 1124 1690 ll
1149 1683 1156 1699 ,
1192 1652 1289 1692 1103:
1326 1654 1399 1692 Est
1427 1654 1470 1692 in
1497 1665 1603 1693 aare
1630 1656 1718 1694 ima
1737 1657 1966 1696 *memoriae

1080 1715 1211 1761 loc-us,
1246 1725 1367 1762 quem
1388 1720 1601 1767 muglentes
1621 1722 1894 1758 antestamztr.
1915 1740 1960 1747 -

1079 1777 1204 1826 Rapit
1244 1778 1286 1816 in
1323 1778 1400 1827 ias]
1434 1778 1490 1816 ad
1520 1782 1864 1830 recuperatores
1896 1781 1964 1822 vel

1079 1839 1135 1878 ad
1181 1839 1499 1880 centumvirale
1546 1842 1771 1881 iudicium.
1823 1842 1960 1883 Plaut.

1082 1903 1212 1940 Poen.
1249 1901 1293 1950 3,
1328 1903 1376 1951 5,
1410 1901 1485 1942 45:
1519 1904 1772 1953 Priusquam
1802 1905 1961 1945 obtorto

1077 1963 1180 2001 collo
1211 1965 1266 2002 ad
1282 1969 1524 2013 praetorem
1544 1967 1707 2006 trahar.
1737 1991 1781 1995 -
1806 1969 1966 2008 clamor

1081 2025 1287 2075 atriaque]
1334 2026 1525 2067 hominis
1565 2027 1740 2069 molesti
1782 2031 1826 2069 et
1865 2031 1960 2071 eius

1078 2087 1344 2137 adversarii,
1388 2099 1476 2139 quo
1517 2091 1732 2130 excitatur
1768 2092 1963 2132 circum-

1078 2150 1363 2190 foraneorum
1410 2162 1677 2200 concursus,
1729 2155 1777 2193 ut
1821 2154 1959 2195 Plaut.

1078 2213 1207 2251 Curc.
1242 2211 1268 2251 l.
1302 2211 1329 2251 l.
1364 2224 1403 2252 v.
1440 2214 1515 2252 27:
1561 2215 1636 2254 Cr.
1673 2215 1704 2253 Ο
1735 2216 1862 2265 cives,
1895 2217 1958 2255 ci-

1075 2277 1167 2313 ves!
1199 2276 1273 2313 Tu.
1301 2276 1409 2324 Quid
1428 2276 1620 2315 clamas?
1649 2279 1724 2317 ΡΗ.
1752 2279 1861 2328 Quid
1889 2278 1961 2317 tibi

1077 2337 1199 2375 istum
1240 2337 1364 2376 tactio
1407 2338 1498 2376 est?
1546 2360 1589 2365 —-
1641 2339 1808 2391 Apollo]
1854 2335 1964 2379 ἀλε-

1077 2394 1305 2448 ξίκακος,
1360 2392 1690 2455 ἅποτρόπαιος
1747 2400 1957 2453 (Φοῖβος

1075 2458 1292 2517 ἀκέστωρ
1322 2461 1469 2512 Eurip.
1502 2461 1716 2502 Androm.
1751 2464 1878 2515 900.),
1912 2468 1961 2505 ut

1077 2523 1294 2574 benignus
1333 2526 1567 2575 poetarum
1609 2527 1760 2565 custos
1800 2528 1842 2566 et
1878 2527 1960 2567 de·-

1077 2587 1240 2626 fensor.
1289 2587 1408 2625 «Hoc
1446 2586 1500 2626 de
1543 2598 1678 2628 sensu
1722 2589 1958 2629 Homerico

1077 2648 1285 2700 sumpsit,
1321 2659 1457 2699 quem
1479 2652 1522 2689 et
1551 2642 1740 2691 Lu‘cilius
1763 2651 1806 2691 in
1828 2654 1952 2692 sexto

1078 2713 1320 2751 Satirarum
1348 2712 1431 2761 (sic
1454 2712 1531 2751 Ed.
1555 2714 1694 2764 princ.
1720 2713 1840 2755 4484.
1862 2714 1958 2755 vol—

1078 2785 1153 2825 go:
1188 2775 1232 2813 in
1250 2774 1317 2812 IX.
1336 2774 1500 2825 Satira)
1521 2778 1876 2827 repraesentavit
1896 2778 1959 2818 sic

1078 2836 1254 2885 dicens,
1286 2840 1332 2875 ut
1361 2837 1568 2887 discrepat
1596 2839 1675 2878 hac
1698 2870 1954 2880 ........

1077 2897 1284 2949 (spatium
1325 2909 1518 2938 vacuum
1566 2901 1610 2939 in
1658 2900 1736 2941 Ed.
1783 2903 1957 2953 princ.,

1076 2961 1204 3012 volgo
1255 2960 1596 3013 oblitteratum),
1648 2975 1768 3013 quem
1814 2965 1961 3014 rapuit

1075 3024 1247 3074 Apollo;
1286 3025 1365 3075 fiat
1395 3035 1537 3074 erqo.»
1586 3027 1793 3065 PonPnYR.
1833 3025 1954 3066 Iliad.

1078 3099 1126 3135 v,
1160 3085 1261 3126 443:
1309 3082 1395 3126 τὸν
1433 3085 1471 3125 δ’
1503 3083 1767 3143 ἐξήρπαξεν
1793 3083 1959 3128 Ἀπόλ-

1076 3147 1170 3188 λων
1195 3144 1320 3188 ‘Pata
1347 3146 1478 3201 μάλ’,
1511 3144 1576 3200 ὥς
1605 3162 1654 3190 τε
1675 3147 1810 3201 θεός,
1843 3148 1959 3191 ἑκά-

1076 3210 1205 3262 λυψε
1233 3209 1272 3250 δ’
1303 3205 1378 3268 ἄρ’
1411 3206 1516 3269 ἠέρι
1553 3210 1721 3269 πολλῇ.
1783 3214 1960 3263 Cogita-

1076 3274 1182 3313 runt
1217 3272 1412 3313 nonnulli
1451 3273 1505 3314 de
1536 3273 1746 3326 Apollinis
1778 3274 1961 3314 simula—

1079 3346 1153 3375 cro
1186 3334 1385 3375 eburneo
1401 3336 1445 3375 in
1461 3336 1570 3376 Foro
1587 3347 1728 3388 prope
1746 3334 1957 3386 tribunal,

1078 3397 1186 3438 Plin.
1211 3399 1261 3438 H.
1280 3400 1330 3437 N.
1354 3399 1393 3447 7,
1427 3397 1512 3447 54„
1531 3399 1650 3438 unde
1667 3397 1786 3449 apud
1805 3399 1957 3437 iuven.
2031 3442 2033 3444 ¹

1080 3460 1095 3499 4
1119 3491 1127 3508 ,
1161 3460 1255 3500 428.
1272 3460 1413 3510 forum
1428 3461 1613 3510 iurisque
1622 3460 1785 3509 peritus
1796 3459 1956 3509 Apollo.

1078 3521 1165 3561 Sed
1194 3522 1280 3561 hoc
1312 3522 1458 3562 minus
1489 3520 1718 3573 probabile
1739 3521 1929 3562 videtur.
