2231 3787
858 242 953 280 LlB.
989 243 1016 280 1.

1085 243 1195 281 sAT.
1231 243 1277 280 V.

1904 240 1922 292 ἰ1
1938 239 1993 290 01

250 369 370 422 Bari
411 371 624 423 moenia
664 370 887 441 piscosi3
929 369 1053 424 dein
1095 370 1281 424 Gnatia
1320 371 1577 444 Lymphis

250 472 401 524 lratis
442 480 711 525 exstructa
750 471 899 525 dedit
940 472 1196 543 risusque
1236 472 1518 544 iocosque,

251 574 389 625 Dum
429 572 643 626 flamma
684 573 799 627 sine
838 572 993 626 thura
1032 573 1336 645 liquescere
1377 574 1556 627 limine
1597 592 1750 628 sacro

250 675 589 728 Persuadere
630 674 790 745 cupit..

869 674 1064 728 Credat
1102 675 1335 729 Iudaeus
1374 676 1581 747 Apella,

1907 677 2000 729 100

247 778 361 829 Non
401 793 528 846 ego:
569 794 802 848 namque
842 776 976 830 deos
1015 776 1175 831 didici
1215 794 1468 832 securum
1508 796 1670 850 agere
1709 797 1927 838 aevum,

246 878 381 939 Nec,
425 878 468 931 si
511 878 641 949 quid
683 879 800 931 miri
842 878 997 932 saciat
1034 888 1244 942 natura,
1288 880 1420 934 deos
1461 880 1514 933 id

288 1046 353 1084 97.
389 1046 531 1085 dehinc
563 1047 694 1086 LCtF.
732 1046 838 1097 (dein
872 1046 1010 1086 Bentl.
1046 1059 1099 1086 ex
1132 1061 1157 1087 υ
1190 1051 1234 1088 ct
1263 1047 1403 1088 tribus
1434 1047 1693 1096 Pulmauni.)
1725 1072 1767 1075 —
1801 1048 1947 1099 qratia

232 1121 273 1159 p.
312 1130 357 1137 -
392 1109 458 1148 99.
495 1110 649 1149 lumine
679 1109 720 1148 d.
760 1132 803 1137 —-
838 1110 931 1149 1¹00.
965 1111 1103 1159 apella
1133 1111 1175 1149 F.

177 1232 377 1273 bendum
394 1244 494 1273 esse
515 1234 709 1273 Gnathia.
758 1234 924 1274 Mansio
947 1234 1059 1274 haec
1121 1236 1189 1274 des
1218 1234 1394 1274 Steim'ils
1422 1234 1624 1285 anzeigjle.
1655 1234 1758 1273 Plin.
1795 1235 1842 1274 11.
1877 1236 1924 1274 N.
1956 1236 1996 1281 ²2,

175 1297 288 1336 inter
328 1307 486 1336 omnes
523 1307 605 1347 per
645 1296 730 1335 hoc
771 1296 853 1335 iter
882 1307 1059 1336 niemo-
1123 1297 1137 1336 ιἸ
1152 1298 1165 1336 ἸΙ
1178 1298 1215 1336 1l.
1266 1297 1446 1336 Salmas.
1468 1297 1672 1336 Eaeercill.
1696 1297 1825 1336 Solia.
1852 1308 1894 1348 p.
1920 1297 1998 1336 489

174 1361 290 1398 ratas
330 1370 352 1398 a
394 1358 677 1410 profectionis
722 1357 820 1398 loco
864 1360 1056 1399 maxime
1122 1360 1163 1399 ff.
1218 1360 1352 1399 Ohne
1387 1361 1626 1409 Flamma,
1672 1360 1751 1399 wie
1780 1371 1880 1399 man
1910 1361 2003 1398 dors.

174 1421 325 1465 distat;
377 1420 433 1460 ad
475 1432 576 1460 eam
614 1424 765 1461 tamen
796 1421 1056 1461 acceleratis

174 1483 394 1534 aliquanto
433 1484 548 1523 cisiis
585 1495 672 1523 uno
711 1484 781 1524 die
818 1486 1053 1537 pervenire

171 1548 399 1598 poterant:
432 1547 514 1586 nisi
544 1545 654 1586 forte
677 1545 808 1586 aliam
840 1548 954 1587 inter
973 1549 1055 1587 Ba-

172 1610 287 1649 rium
318 1612 361 1648 et
391 1609 618 1659 Egnatiam
651 1608 822 1649 silentio
856 1611 1055 1660 praeter-

172 1673 289 1713 misit
319 1673 470 1723 po'e'ta,
502 1674 654 1723 utpote
676 1683 791 1722 quae
824 1671 928 1712 nihil
960 1684 1055 1712 me-

172 1736 346 1775 moratu
369 1733 486 1785 digni
507 1733 751 1773 habuisset.
805 1734 884 1785 (Ab
907 1735 1053 1786 Egna-

171 1799 230 1838 tia
264 1799 413 1837 autem
456 1796 696 1847 incipiebat
737 1797 809 1836 via
855 1798 1048 1848 Egnatia.

171 1859 355 1910 Walck.)
394 1881 436 1887 -—
475 1860 687 1909 Lymphis]
730 1860 871 1899 forma
902 1861 1053 1900 Latina

170 1933 251 1973 pro
294 1922 531 1973 Nymphis:
580 1922 663 1960 hae
709 1921 895 1961 fontium
939 1922 1051 1961 deae

171 1987 477 2025 memorantur
508 1985 642 2024 etiam
673 1985 712 2024 in
746 1985 964 2036 Inscriptt.
989 1996 1048 2025 m.

171 2049 263 2087 Lat.
315 2048 364 2087 N.
419 2046 551 2086 4637:
604 2048 859 2086 ΝΙἽΙΡΗΙΞ.
909 2048 1053 2087 -LYM-

170 2111 338 2160 PHISQ.
385 2110 606 2149 AVGVST.
656 2110 735 2149 OB.
788 2110 1049 2148 REDITUM.

170 2172 445 2222 AQVARUM.
481 2174 564 2211 cet.
601 2172 730 2212 4639:
762 2172 1049 2211 LYMPHEIS.

171 2235 392 2275 DIANAE.
425 2234 670 2274 REDI'CIS.
703 2235 848 2274 SACR.
883 2236 966 2274 cet.
1003 2256 1047 2262 —-

171 2299 361 2347 risusque
388 2297 592 2348 iocosque]
626 2297 712 2336 Cfr.
737 2296 886 2337 Lucilii
918 2298 984 2336 Fr.
1008 2297 1051 2335 in

173 2362 397 2400 Excursu:
439 2360 551 2398 luda'
583 2359 789 2408 locusque.
850 2361 977 2398 Iocus
1009 2359 1052 2397 in

174 2434 227 2462 eo
268 2421 548 2469 vertebatur,
597 2421 741 2471 quod,
789 2431 893 2460 cum
924 2420 1053 2471 oppi-

173 2485 282 2525 dum
312 2482 572 2524 detestabile
596 2494 710 2533 aqua
743 2483 827 2533 iugi
859 2483 1049 2530 careret,

171 2557 285 2587 vano
312 2548 461 2586 tamen
482 2544 694 2585 miraculo
715 2543 938 2595 gaudebat
959 2542 1054 2593 glo—

172 2609 475 2660 riabaturque.
514 2630 558 2636 —-
593 2609 770 2659 flamma
805 2607 903 2658 sine]
943 2605 1049 2645 Plin.

172 2673 224 2712 H.
257 2673 307 2712 N.
339 2672 387 2720 2,
428 2671 526 2710 4421:
572 2671 620 2709 In
660 2670 873 2710 Salentino
903 2669 1053 2719 oppido

171 2734 359 2786 Egnatia
408 2733 599 2782 imposito
647 2733 759 2783 ligno
808 2733 852 2771 in
898 2742 1054 2770 saoeum

174 2797 382 2847 quoddam
411 2795 467 2834 ibi
495 2806 664 2834 sacrum
694 2795 890 2844 protinus
926 2795 1055 2845 flam-

172 2871 289 2898 mam
317 2859 512 2898 asistere
548 2857 782 2909 (reperitur
821 2856 940 2908 apud
973 2867 1055 2895 au-

175 2921 351 2971 ctores).
395 2918 581 2959 Oriolius
609 2920 756 2970 putat,
802 2919 889 2957 hoc
918 2918 1055 2957 mira-

176 2981 326 3023 culum
363 2981 476 3021 effici
515 2981 712 3032 potuisse
747 2979 944 3020 umbone
976 2978 1056 3018 ali-

176 3054 264 3095 quo
294 3043 440 3083 ferreo
471 3053 603 3093 supra
636 3053 794 3082 saxum
815 3052 1052 3093 suspenSO,

176 3106 251 3157 qui
291 3108 413 3145 certa
456 3104 565 3143 hora
603 3103 706 3144 solis
740 3104 874 3145 radiis
912 3106 1056 3144 tactus

176 3167 343 3221 speculi
393 3167 574 3207 caustici
623 3167 719 3207 vice
766 3167 941 3208 functus
984 3168 1052 3207 sit.

176 3229 316 3270 Aliam
334 3228 674 3281 explicationem
693 3228 940 3269 naturalem
954 3229 1054 3268 vide

178 3293 296 3344 apud
331 3291 628 3331 wielandum.
691 3291 904 3331 Ceterum
933 3292 1058 3331 simi-

177 3353 266 3395 lem
297 3353 493 3394 fabulam
523 3354 673 3392 narrat
699 3354 885 3391 Pausan.
912 3353 955 3400 4,
989 3353 1054 3401 46,

181 3417 218 3455 sl.
271 3415 372 3468 (Aus
407 3417 498 3456 dem
534 3415 672 3455 Steine
707 3414 934 3453 entwickelt
975 3414 1060 3453 sich

180 3479 270 3519 eine
298 3478 503 3527 FIamme,
535 3477 614 3517 wie
642 3477 766 3516 sehon*
795 3476 868 3516 det·
898 3476 1060 3516 Geruch

1118 1423 1278 1471 umllte,
1336 1422 1559 1462 verbrennl
1616 1423 1690 1461 cler
1752 1421 2002 1462 Wezhrauch

1117 1486 1250 1535 nicht,
1296 1486 1473 1524 sondern
1503 1495 1543 1523 es
1572 1485 1763 1523 entscand
1792 1485 1899 1524 diese
1928 1485 2010 1534 auf

1115 1548 1349 1587 natarllche
1368 1547 1500 1586 Weise
1518 1557 1596 1586 aus
1616 1547 1706 1585 clem
1723 1546 1872 1585 Steine.
1911 1547 1998 1598 Val.

1116 1612 1404 1660 Moryenslern
1446 1609 1586 1657 symb.
1623 1609 1716 1648 crit.
1760 1610 1810 1648 11.
1849 1620 1891 1660 p.
1930 1608 1954 1649 4

1116 1672 1343 1721 DiiNTznn.)
1388 1673 1451 1711 De
1481 1671 1810 1722 praepositione
1834 1671 2001 1710 nomini

1117 1745 1197 1774 suo
1230 1735 1473 1785 postposita
1506 1733 1617 1773 conf.
1653 1734 1740 1772 sat..
1776 1734 1819 1781 l,
1853 1732 1896 1781 3,
1931 1733 1995 1773 68.

1174 1795 1376 1836 loo-404..
1409 1796 1588 1834 Iudaeus
1622 1795 1781 1846 Apella]
1814 1806 1902 1834 non
1935 1797 2003 1835 est

1118 1869 1308 1898 «nomen
1345 1858 1499 1898 fictum
1531 1869 1555 1897 a
1587 1857 1765 1897 defectu
1804 1867 2001 1909 praepu-

1116 1922 1204 1970 tii,»
1246 1923 1292 1960 ut
1331 1919 1484 1960 volunt
1515 1919 1800 1960 scholiastae.
1862 1921 1998 1959 Recte

1116 1982 1341 2022 Bentleius
1385 1983 1428 2022 in
1479 1984 1556 2034 Ep.
1604 1982 1660 2021 ad
1701 1981 1800 2022 Mill.
1840 1993 1883 2033 p.
1919 1981 1999 2020 520

1119 2045 1210 2096 (Ed.
1227 2045 1377 2096 Lips.):
1398 2045 1572 2084 «Iudaei
1595 2043 1855 2083 habitabant
1876 2046 2000 2083 trans

1115 2108 1332 2156 Tiberim,
1373 2110 1417 2147 et
1452 2106 1590 2146 multo
1623 2109 1865 2146 maximam
1895 2117 2000 2157 par-

1116 2172 1208 2210 tem
1239 2171 1366 2209 erant
1394 2169 1599 2216 libertini,
1629 2171 1674 2208 ut
1698 2169 1858 2208 fatetur
1879 2167 1999 2207 Philo

1115 2234 1158 2272 in
1188 2232 1406 2283 legatione
1437 2232 1493 2271 ad
1525 2232 1695 2272 Caium.
1754 2231 1899 2281 Apella
1920 2242 2001 2269 au-

1115 2297 1207 2334 tem
1237 2293 1548 2333 libertinorum
1581 2296 1649 2333 est
1680 2304 1858 2341 nomen,
1893 2293 1999 2332 satis

1116 2357 1327 2407 frequens
1354 2358 1398 2395 in
1419 2357 1639 2407 Inscripti.
1662 2356 1866 2395 vetustis.
1907 2355 1997 2394 Cic.

1117 2418 1174 2458 ad
1204 2420 1323 2458 Fam.
1349 2419 1395 2466 7,
1429 2419 1502 2457 025:
1550 2419 1612 2456 Xe
1639 2417 1805 2467 Apellae
1836 2417 2002 2466 quidem

1115 2479 1259 2518 liberto
1303 2483 1372 2518 tao
1417 2479 1588 2518 (limeris.
1650 2481 1804 2529 ltaque
1851 2479 2003 2518 Credat

1114 2543 1292 2581 Iudaeas
1340 2541 1513 2591 Apella,
1570 2541 1697 2591 quasi
1747 2542 1793 2579 tu
1844 2539 1995 2579 dicas:

1118 2603 1272 2644 credat
1319 2603 1652 2654 superstitiosus
1713 2601 1869 2653 aliquis
1928 2603 2002 2641 Iu-

1118 2667 1256 2706 daeus
1277 2665 1675 2706 Transtiberinus.»
1719 2664 1912 2704 Philonis
1934 2663 2001 2703 lo-

1118 2739 1216 2777 cus,
1252 2739 1388 2779 quem
1409 2727 1625 2778 significat
1652 2726 1898 2774 Bentleius,
1934 2728 2002 2766 est

1118 2793 1163 2831 L.
1183 2790 1303 2830 adC.
1320 2790 1386 2830 ⁶23.
1401 2802 1444 2841 p.
1460 2790 1539 2829 568
1556 2790 1629 2835 x1.,·
1656 2788 1710 2828 de
1727 2787 2002 2839 ᾹυξζυεῐοΙο-

1118 2854 1286 2904 quitur:
1332 2850 1443 2901 Πῶς
1487 2843 1574 2892 οὖν
1608 2846 1696 2890 ἀπ
1684 2849 1752 2890 -ε-’ὄ
1742 2862 1868 2898 Aeto
1911 2845 2001 2902 τὴν

1119 2916 1266 2972 πέοαν
1295 2912 1380 2954 τοῦ
1414 2912 1650 2984 Τιβέρεως
1671 2910 1893 2965 ποταμοῦ
1914 2924 2001 2964 με·

1118 2975 1270 3032 γάλην
1298 2975 1382 3029 τῆς
1408 2972 1593 3029 ‘Mam-
1621 2971 1905 3028 ἀποτομήν,
1939 2969 2000 3026 ἢν

1121 3035 1211 3080 οὐκ
1229 3034 1372 3093 ἧγνόε
1353 3051 1516 3079 εικατε
1504 3051 1643 3090 χοιιε-
1624 3051 1737 3091 νην
1753 3037 2004 3077 καὶοίκου-

1119 3116 1178 3155 aa
1184 3115 1270 3155 νην
1312 3097 1430 3159 πρὸς
1465 3097 1732 3147 Ἰουόαἱων;
1775 3095 2004 3151 Ρωιιαϊοι

1120 3164 1170 3205 δὲ
1200 3178 1327 3217 ησαν
1367 3164 1416 3203 οἱ
1443 3162 1502 3203 π).
1507 3165 1635 3213 είους
1671 3176 1760 3202 cette
1748 3161 1812 3202 -.‹:)
1801 3163 2002 3218 υθεοω-

1119 3227 1298 3277 θέντες.
1335 3222 1645 3279 Αἰχιιάλωτοι
1664 3221 1753 3282 γὰο
1774 3220 1898 3272 ἆχ9εἴ
1887 3235 2003 3273 ντες

1122 3291 1188 3340 εἰς
1204 3285 1430 3338 Ιταλίαν,
1454 3283 1549 3328 ὑπὸ
1571 3283 1664 3327 τῶν
1687 3299 1902 3340 κτησαιιε
1883 3286 2001 3325 ένων

1122 3347 1204 3405 ἦλα
1191 3352 1293 3392 Α,ευθ
1280 3347 1549 3409 οωθησαν,
1598 3345 1739 3390 οὐδὲν
1778 3345 1873 3387 τῶν
1910 3358 2003 3386 τα-

1122 3415 1263 3471 τρίων
1312 3408 1651 3470 ταραχαοάξαι
1702 3408 1878 3458 βιασθέ
1881 3420 1998 3459 ντες.

1127 3498 1171 3505 -
1205 3475 1342 3527 didici]
1375 3474 1430 3515 ab
1463 3475 1667 3525 Epicuio.
1692 3471 1884 3523 Respicit
1914 3471 2002 3511 Lu-
