2231 3787
780 306 876 345 LlB.
913 307 941 344 l.
1004 305 1165 345 Ei‘isT.
1198 306 1305 345 XIV.

1853 305 1954 354 509

200 436 649 507 Quandocumque
691 436 903 489 trahunt
943 436 1111 488 invisa
1152 435 1365 505 negotia
1406 436 1642 487 Romam.

197 540 310 591 Non
356 538 548 591 eadem
589 539 867 602 mii-amun,
911 555 976 590 eo
1016 535 1353 590 disconvenit
1393 536 1529 589 inter

199 641 393 711 Meque
434 650 485 692 et
524 649 599 693 te:
644 658 791 699 nam,
834 657 975 711 quae
1016 638 1230 692 deserta
1272 646 1323 691 et
1362 637 1627 709 inhospita
1664 646 1812 692 tesca

199 741 410 798 Credis,
455 758 683 794 amoena
723 751 903 799 vocat.
949 757 1161 794 mecum
1201 740 1292 810 qui
1334 739 1517 802 sentit,
1561 747 1613 793 et
1650 739 1776 802 odit,

187 835 348 906 ¹Quae
387 852 442 895 tu
481 841 705 912 pulchra
742 850 915 913 putas.

1885 741 1953 793 20

992 842 1187 895 Fornix
1228 840 1318 894 tibi
1360 850 1412 894 et
1449 850 1608 894 uncta
1648 841 1849 912 popina

236 1024 302 1062 47.
325 1034 480 1063 vesana
501 1023 529 1063 d
551 1025 596 1062 et
616 1033 729 1062 unus
750 1024 878 1062 Feae.
900 1045 945 1051 —
966 1022 1030 1062 49.
1051 1023 1172 1075 quae]
1195 1034 1282 1072 qua
1303 1034 1405 1063 cum
1427 1021 1559 1073 gloss.
1577 1023 1648 1062 ubi
1667 1024 1699 1063 E
1723 1025 1767 1063 et
1789 1024 1896 1064 Cod.

180 1083 378 1125 Blandin.
413 1086 641 1136 antiquiss.
685 1107 728 1112 —
769 1089 914 1135 tesqua
945 1083 1051 1124 Cod.
1096 1087 1217 1125 certe
1259 1084 1572 1125 Einsiedlensis
1615 1087 1658 1125 et
1687 1084 1797 1125 Edd.
1833 1086 1896 1126 Cf.

179 1158 271 1187 var.
304 1146 405 1188 lect.
440 1149 527 1187 Sat.
561 1149 600 1195 2,
635 1149 658 1187 5
690 1147 757 1186 36.
795 1170 841 1176 —
872 1148 940 1187 24.
967 1148 1108 1200 putas]
1138 1159 1263 1187 vocas
1298 1146 1436 1187 Codd.
1462 1146 1579 1198 apud
1615 1147 1894 1188 Lambinum.

183 1211 247 1260 (Ut
268 1221 363 1259 nos,
397 1210 537 1250 nostri
559 1211 603 1249 et
622 1210 815 1249 Pottierii
846 1210 1035 1260 onmes.)

125 1359 464 1410 praeposuisse;
499 1369 612 1409 quae
644 1358 826 1409 quidem
858 1358 1005 1410 opinio

127 1420 228 1460 inde
261 1421 478 1460 maiorem
509 1419 869 1472 probabilitatem
894 1432 1007 1460 nan-

126 1483 229 1522 cisci
260 1482 459 1531 videtur,
494 1483 613 1532 quod
644 1493 732 1522 non
764 1483 857 1522 sine
899 1494 1006 1522 con-

125 1543 219 1583 silio
253 1544 453 1584 Horatius
483 1555 525 1583 v.
552 1545 617 1584 115.
643 1546 823 1596 praeter
844 1544 1007 1584 urbem

126 1608 169 1646 et
199 1605 327 1646 ludos
358 1606 507 1645 balnea
536 1618 714 1658 quoque
749 1607 1004 1646 nominavit.

126 1668 301 1709 Scilicet
332 1667 400 1708 ille
431 1670 475 1708 in
505 1668 617 1709 urbe
640 1669 743 1708 olim
772 1671 816 1709 et
837 1668 1006 1709 balneis

126 1733 220 1771 erat
250 1733 363 1771 cet.»
410 1732 577 1770 Verum
609 1732 720 1771 baec
746 1733 894 1771 omnia
925 1743 1008 1783 pa-

125 1804 224 1833 rum
256 1795 357 1833 sunt
387 1793 648 1845 probabilia.
682 1797 713 1833 A
731 1805 773 1833 Υ.
792 1794 1008 1833 mediasti-

123 1866 202 1894 nus
220 1855 442 1895 ducuntur
462 1867 532 1895 vv.
553 1856 778 1904 meschino,
802 1857 1005 1906 mesquin,

123 1918 338 1968 mezquin,
373 1917 535 1968 quibus
566 1929 684 1958 nunc
707 1920 835 1958 exuta
858 1919 1008 1969 primi-

124 1981 209 2019 tiva
241 1980 557 2031 significatione
578 1981 809 2020 hominum
832 1982 1008 2020 tenuio-

126 2053 225 2082 rum
273 2043 484 2082 miseram
534 2045 700 2082 sortem
747 2043 1002 2093 designant3

127 2104 196 2144 illa
229 2107 381 2144 contra
413 2105 611 2144 cernitur
648 2105 688 2144 in
731 2106 882 2145 Dantis
922 2106 1008 2145 Fu-

124 2168 289 2206 riarum
315 2167 740 2217 circumscriptione,
772 2167 937 2217 Inferno
964 2167 1004 2215 9,

126 2227 198 2268 45:
242 2228 278 2267 le
311 2228 512 2267 meschine
541 2227 858 2279 (mediastinae)
886 2228 1010 2267 Delta

124 2291 274 2341 reyina
309 2291 397 2329 dell’
428 2294 566 2329 eterno
590 2291 756 2339 pianto.
792 2312 838 2318 —
872 2294 900 2329 t.
935 2302 1004 2340 pr.

124 2364 162 2392 r.
181 2352 363 2404 petebas]
400 2354 471 2391 «ut
493 2362 568 2391 rus
600 2353 853 2401 mitterem,
888 2355 1010 2404 opta-

129 2415 230 2464 bas,
265 2417 309 2454 et
340 2414 523 2466 quidem
552 2415 704 2464 tacite,
737 2416 917 2463 timens,
953 2426 1007 2455 ne

127 2478 262 2517 herus
297 2477 338 2516 id
373 2477 451 2516 tihi
487 2480 688 2527 negarem
737 2488 817 2528 ego
859 2479 1008 2517 tamen

128 2541 274 2590 optata
295 2541 366 2578 tua
387 2540 663 2591 perspiciens
682 2539 747 2579 his
769 2539 1005 2579 satisfeci.»

132 2625 175 2629 —
237 2601 410 2652 balnea]
472 2601 688 2641 Videlicet
745 2602 786 2641 in
846 2601 1008 2641 Sabino

127 2663 329 2703 thermae
378 2663 607 2714 publicae,
671 2663 834 2714 quibus
879 2664 1009 2703 otiosi

130 2725 263 2765 etiam
295 2726 409 2765 inter
443 2737 490 2766 se
527 2725 842 2766 confabulandi
873 2736 1007 2765 causa

130 2785 482 2837 delectabantur,
502 2799 590 2828 non
609 2790 748 2827 erant.
773 2811 818 2816 —
837 2787 1006 2839 tristem]

131 2849 305 2899 «iniqua
350 2852 524 2898 mente,
570 2850 923 2901 ubellauniq.»
960 2871 1004 2876 -

130 2909 251 2960 tesca]
283 2910 603 2961 Ber-qheiden
624 2911 875 2962 (Steppen,
909 2913 1011 2951 Pas-

130 2970 250 3019 sow),
281 2970 550 3012 vocabulum
581 2973 807 3013 Sabinum.
870 2975 1006 3013 Acro:

133 3031 256 3071 «loca
286 3031 464 3072 deserta
504 3035 547 3073 et
588 3034 792 3074 difficilia.
846 3035 1011 3085 Lingua

131 3092 397 3133 Sabinorum
427 3094 602 3134 deserta
635 3099 679 3135 et
713 3095 881 3148 repleta
912 3107 1012 3136 sen-

132 3155 249 3196 tibus
279 3156 343 3195 sic
364 3155 692 3195 nominantur.»
738 3158 1005 3209 Porphyrio:

134 3217 255 3257 «loca
277 3227 434 3268 aspera
456 3218 499 3256 et
519 3216 777 3257 silvestria.»
817 3218 1007 3260 Glossar.

132 3278 322 3319 Labbei:
367 3275 714 3335 Κατάκρημνοι
743 3280 824 3319 καὶ
844 3275 1010 3336 ῥάχεις

132 3341 213 3380 καὶ
232 3334 407 3398 ἔρημοι
427 3337 586 3380 τόποι.
628 3341 786 3380 Accius
807 3342 852 3381 in
871 3342 1011 3382 Philo—

134 3403 249 3441 cteta
272 3402 477 3441 Lemnio:
524 3403 623 3451 Quis
651 3405 696 3440 tu
720 3412 761 3440 es
795 3403 1007 3453 mortalis,

134 3464 268 3512 quiin
288 3465 448 3503 deserta
468 3467 506 3503 et
533 3467 645 3503 tesca
675 3466 712 3502 te
740 3467 935 3513 apportes
954 3464 1012 3503 lo-

134 3524 222 3563 ca?
247 3525 366 3576 apud
386 3526 510 3564 Varr.
537 3527 582 3565 L.
608 3526 651 3564 L.
673 3525 712 3573 7,
739 3525 822 3572 it,
847 3535 898 3564 ex
922 3535 1010 3575 quo

1070 1356 1257 1409 praetuli
1299 1357 1566 1408 scripturam
1605 1361 1727 1396 tesca.

1070 1418 1164 1459 loca
1198 1418 1389 1468 inutilia,
1424 1429 1539 1469 quae
1572 1418 1716 1470 subigi
1746 1431 1832 1459 non
1854 1430 1955 1471 pos—

1070 1483 1185 1520 sunt.
1220 1481 1432 1530 Loquitur
1452 1480 1494 1519 in
1516 1479 1711 1520 vilicum.
1764 1480 1954 1520 Lucilius

1071 1543 1114 1581 in
1145 1543 1195 1581 lI.
1233 1541 1362 1592 (Gerl.
1385 1553 1431 1593 p.
1457 1542 1495 1582 9.
1521 1542 1620 1593 98.):
1649 1555 1729 1593 per
1748 1544 1955 1593 inhospita

1070 1608 1179 1644 tesca
1207 1609 1432 1656 vayantem
1462 1606 1614 1644 Rerum
1644 1606 1784 1645 animo
1813 1607 1954 1655 sequi-

1070 1671 1139 1706 tur
1167 1671 1393 1716 captarum
1412 1667 1557 1718 qratia
1577 1668 1759 1706 maior.»
1800 1669 1949 1707 Barth.

1070 1729 1209 1768 Adxv.
1251 1731 1322 1777 45,
1371 1729 1410 1768 3.
1460 1740 1482 1769 e
1529 1728 1660 1779 gloss.
1700 1731 1950 1770 Horatiana.

1073 1791 1137 1832 Cf.
1163 1793 1374 1842 Interprr.
1396 1791 1451 1830 ad
1477 1793 1653 1831 Festum
1676 1804 1718 1843 p.
1739 1793 1834 1832 728.
1859 1794 1956 1833 Lin-

1072 1853 1190 1893 dem.
1216 1854 1466 1893 Mommsen
1498 1854 1562 1892 dte
1590 1855 1805 1894 unterital.
1837 1856 1951 1894 Dial.

1070 1926 1112 1967 p.
1137 1915 1231 1954 300.
1266 1914 1360 1954 354.
1415 1915 1534 1953 Haec
1566 1917 1716 1954 autem
1744 1915 1951 1966 Lucilius,

1070 1978 1117 2014 ut
1161 1975 1362 2014 similiter
1412 1975 1637 2025 Horatius,
1690 1978 1953 2028 opposuisse

1070 2037 1246 2077 videtur
1260 2036 1374 2076 vilici
1393 2038 1460 2077 sui
1476 2038 1590 2076 vitae
1608 2039 1798 2078 rusticae
1817 2039 1956 2090 impa-

1070 2100 1266 2147 tientiae;
1290 2099 1376 2138 hoc
1394 2100 1512 2138 enim
1531 2099 1655 2139 dicit:
1683 2101 1813 2140 «dum
1832 2103 1877 2141 tu
1895 2102 1951 2142 de

1070 2162 1246 2201 miseris
1277 2172 1328 2200 ac
1360 2160 1561 2202 solitariis
1592 2162 1704 2202 meis
1734 2165 1867 2204 tescis
1888 2163 1954 2204 la-

1071 2225 1305 2272 mentaris,
1359 2235 1439 2275 ego
1488 2236 1570 2276 per
1620 2225 1778 2265 eadem
1827 2226 1954 2266 hilari

1072 2288 1219 2327 animo
1241 2298 1407 2337 vagans
1431 2288 1668 2338 imagines,
1693 2289 1829 2338 iocos,
1855 2301 1955 2330 sen-

1072 2350 1252 2398 tentias,
1287 2348 1451 2399 quihus
1480 2353 1635 2401 postea
1670 2351 1712 2389 in
1733 2353 1952 2402 poematis

1072 2414 1194 2460 utar,
1244 2409 1449 2462 colligere
1496 2410 1662 2451 soleo.»
1708 2434 1752 2439 —
1792 2424 1954 2453 mecum

1071 2475 1142 2524 qui
1179 2473 1312 2524 sentit]
1358 2473 1456 2523 «qui
1499 2473 1661 2513 eodem
1699 2475 1831 2525 atque
1871 2486 1952 2526 ego

1073 2547 1206 2577 sensu
1253 2536 1472 2575 animatus
1518 2537 1637 2582 est;»
1687 2547 1796 2575 non:
1852 2539 1953 2588 «qui

1072 2600 1178 2639 mihi
1224 2599 1335 2638 haec
1386 2597 1622 2637 affirmanti
1671 2599 1951 2639 assentitur.»

1126 2661 1272 2701 24-26.
1320 2660 1495 2711 Forum]
1541 2659 1674 2699 «cella
1715 2660 1949 2710 fornicata,

1072 2725 1115 2763 in
1146 2735 1232 2775 qua
1262 2723 1525 2763 meretrices
1562 2721 1844 2772 habitabant,
1884 2721 1953 2762 lu-

1071 2797 1253 2839 panar.»
1303 2786 1456 2824 Senot.
1502 2805 1544 2812 —
1589 2785 1732 2834 uncta]
1773 2784 1952 2824 «nidore

1072 2847 1280 2889 redolens
1321 2849 1364 2886 et
1404 2848 1581 2898 optimis
1622 2846 1731 2887 cibis
1770 2846 1950 2898 plena;»

1073 2912 1136 2951 sic
1158 2920 1260 2949 cum
1283 2909 1457 2948 Comm.
1482 2909 1616 2960 Cruq.
1643 2908 1953 2960 explicandum

1071 2972 1247 3011 videtur
1275 2970 1345 3010 vel
1375 2972 1559 3022 propter
1580 2971 1952 3011 consuetudinem

1073 3033 1372 3073 Horatianam.
1424 3033 1532 3084 Epp.
1559 3034 1606 3082 i,
1641 3033 1714 3081 47,
1750 3033 1824 3072 42:
1876 3043 1952 3071 ac-

1071 3097 1186 3135 cedes
1213 3096 1346 3135 siccus
1365 3096 1421 3134 ad
1439 3099 1623 3134 unctum.
1675 3095 1786 3146 Epp.
1812 3095 1828 3133 i
1850 3126 1858 3143 ,
1883 3095 1950 3142 45,

1072 3157 1149 3198 44:
1196 3157 1266 3197 ubi
1296 3157 1397 3206 quid
1424 3157 1570 3196 melius
1589 3156 1791 3207 continyit
1820 3159 1954 3195 etun-

1071 3220 1189 3259 ctius,
1243 3220 1325 3270 (Sic
1348 3217 1501 3259 Catull.
1532 3219 1605 3268 40,
1640 3219 1704 3258 Μ.
1746 3217 1821 3266 29,
1853 3217 1878 3257 4
1909 3218 1953 3255 et

1071 3282 1139 3322 23.
1190 3280 1372 3322 Martial.
1411 3281 1456 3328 5,
1504 3279 1581 3329 44,
1628 3280 1675 3319 7:
1725 3283 1872 3328 captus
1913 3287 1953 3317 es

1070 3344 1259 3383 wnctiore
1287 3342 1450 3393 coena.)
1499 3341 1578 3381 Alii
1600 3342 1825 3392 exponunt
1847 3340 1952 3378 «im-

1072 3404 1289 3452 munda3»
1335 3406 1384 3443 ut
1413 3405 1481 3443 est
1520 3413 1626 3442 sane
1657 3401 1773 3450 Virg.
1812 3398 1948 3440 Catal.

1789 1373 1807 1391 «
1817 1358 1951 1410 Tesca]

1073 3466 1123 3514 5,
1155 3466 1230 3505 27:
1277 3466 1418 3515 Neque
1454 3465 1500 3503 in
1535 3464 1717 3502 culinam
1754 3465 1792 3500 et
1824 3465 1952 3501 wacta

1063 3526 1327 3578 ,Compitalia
1358 3527 1576 3575 Dapesque
1604 3524 1725 3563 duces
1743 3523 1946 3562 sordidas.
