2231 3787
849 287 945 327 LIB.
980 288 1009 326 1.
1073 287 1234 327 EPIST.
1271 288 1318 326 ll.

1909 285 2009 361 405

256 418 536 473 Auriculas
578 417 814 472 citharae
855 416 1080 472 collecta
1119 418 1281 472 sorde
1324 416 1581 471 dolentes,

255 520 536 574 sincerum
577 527 659 574 est
697 519 796 573 nisi
836 536 956 582 vaS,
1000 519 1367 590 quodcunque
1408 519 1663 581 infundis,
1708 528 1921 573 acescit.

253 623 460 693 Sperne
500 621 828 693 voluptates3
872 630 1029 675 nocet
1068 632 1246 693 empta
1286 620 1473 675 dolore
1515 620 1776 692 voluptas

255 725 483 796 Semper
522 741 717 777 avarus
758 732 906 794 cget3
948 732 1155 778 certum
1192 732 1315 777 voto
1356 731 1479 794 pete
1518 722 1696 777 finem.

250 825 468 880 Invidus
507 825 727 880 alterius
766 826 1051 880 macrescit
1088 825 1252 880 rebus
1291 825 1508 897 opimis3

232 1028 277 1066 et
307 1025 354 1065 O.
391 1025 474 1076 (Sic
506 1024 638 1064 etiam
661 1024 851 1064 Pottierii
875 1022 1026 1064 Codex
1049 1024 1112 1063 lO.
1137 1026 1270 1074 atque
1301 1021 1410 1063 alius
1443 1023 1561 1075 apud
1592 1023 1954 1077 Oudendorpium

232 1088 289 1128 ad
319 1086 446 1139 Apul.
481 1088 658 1127 Metam.
692 1097 735 1138 p.
772 1086 865 1126 339.
915 1088 964 1128 [t
995 1097 1098 1135 nos,
1133 1084 1259 1126 bSEd
1291 1087 1334 1126 et
1365 1086 1558 1127 Pettierii
1588 1085 1777 1138 reliqui.)
1811 1110 1854 1115 —
1884 1087 1950 1127 57.

236 1150 455 1190 marcescit
485 1160 710 1201 superscr.
744 1149 964 1188 macrescit
994 1149 1034 1188 S.

174 1343 381 1380 rentatur.
433 1338 657 1379 Bouhierii
680 1338 792 1378 coni.
819 1339 1058 1389 propterea

172 1402 348 1443 videtur
376 1401 641 1450 reiicienda,
680 1400 800 1452 quod
831 1404 1056 1441 tomentum

178 1465 405 1516 (farcimen
450 1463 712 1504 culcitarum
757 1473 810 1503 ex
855 1473 1058 1514 quacun-

173 1539 259 1580 que
294 1528 502 1576 materia,
545 1525 666 1576 lana,
707 1525 928 1576 crinibus,
961 1527 1058 1566 stu-

171 1602 250 1643 pa,
301 1589 454 1630 herbis
499 1589 728 1639 constans)
780 1600 865 1628 nec
912 1599 1059 1628 reme-

174 1652 246 1693 dio
285 1663 370 1692 nec
398 1651 634 1704 voluptati,
679 1650 760 1692 sed
800 1651 1057 1691 necessitati

172 1716 377 1764 inservit,
409 1713 556 1754 lanam
588 1715 762 1763 autem,
797 1724 884 1765 qua
914 1712 1058 1764 poda-

172 1778 279 1830 grici
307 1777 448 1829 pedes
470 1775 769 1826 involvantur,
803 1775 1055 1827 significare

173 1851 262 1880 non
297 1841 460 1892 potest.
519 1840 732 1880 Ceterum
770 1840 1055 1891 antiquorum

173 1903 286 1943 haec
316 1904 413 1943 erat
441 1902 611 1954 opinio:
664 1902 816 1942 Tollere
854 1902 1057 1941 nodosam

169 1966 295 2006 nescit
314 1965 523 2005 medicina
535 1965 793 2017 podagram.
831 1963 971 2015 (ovid.
999 1975 1055 2004 ex

170 2029 308 2068 Ponto
340 2028 378 2076 4,
412 2027 458 2076 3,
491 2027 593 2078 23),
634 2038 770 2079 quam
801 2029 951 2068 tamen
980 2038 1056 2067 re-

171 2090 280 2131 futat
301 2088 457 2130 Celsus
476 2088 503 2129 l.
527 2088 554 2129 l.
592 2089 796 2130 Nonnulli
817 2101 920 2130 cum
941 2101 1056 2142 pau-

173 2154 235 2193 cis
253 2152 393 2193 Codd.
412 2153 668 2204 poclaqrum,
687 2154 773 2193 hoc
795 2154 1054 2193 concinnius

172 2216 256 2255 rati
286 2215 343 2255 ad
363 2227 404 2255 V.
428 2215 609 2266 lippum:
645 2215 765 2267 quod
787 2217 941 2255 contra
963 2217 1051 2263 est3

171 2289 277 2318 nam
304 2278 488 2318 variatio
512 2278 651 2329 magis
671 2277 839 2329 placet3
873 2288 956 2318 nec
978 2288 1056 2318 ve-

171 2351 222 2380 ro
260 2341 367 2393 puto
408 2340 638 2380 Horatium
677 2340 923 2380 Ennianam
963 2339 1056 2379 for-

173 2413 293 2443 mam
306 2402 565 2454 (Numquam
579 2404 729 2453 poeto]-
743 2402 823 2441 nisi
840 2403 1029 2453 podaqer
1041 2414 1054 2440 .·

172 2476 287 2517 quae
302 2464 625 2516 posterioribus
643 2463 921 2517 temporIbus
937 2464 1055 2516 apud

171 2528 413 2579 scriptores
434 2528 542 2568 Hist.
565 2529 674 2579 Aug.
696 2529 740 2567 et
762 2526 1055 2568 Claudianum

171 2601 327 2631 rursus
367 2591 610 2642 reperttur)
644 2589 770 2631 facile
812 2592 1054 2643 usurpatu-

170 2663 272 2693 rum
301 2651 453 2693 fuisse.

225 2714 293 2756 54.
336 2716 402 2755 55.
459 2715 698 2768 Sincerum]
745 2731 764 2751 «
780 2715 1050 2756 mundum.»

172 2777 325 2817 Senot..
362 2800 407 2806 —
439 2777 528 2830 vas]
563 2777 832 2830 «Allegorice
854 2778 959 2819 dicit
977 2789 1054 2818 vas

171 2850 251 2891 pro
280 2839 471 2881 hominiS
499 2843 727 2893 pectore.»
768 2843 928 2882 Aenon.
961 2841 1048 2882 Cfr.

172 2903 347 2943 Lucret.
370 2904 420 2953 6,
454 2905 528 2944 47:
573 2905 780 2945 Intelleaeit
819 2905 875 2945 ibi
902 2905 1051 2945 vicium

169 2976 246 3004 vas
280 2965 438 3017 efficere
472 2966 628 3017 ipsum,
676 2969 907 3017 Omniaque
941 2969 1053 3008 illius

171 3028 271 3067 vitio
287 3029 549 3079 corrumpier
568 3031 691 3070 intus.
738 3032 908 3072 Eadem
930 3042 1052 3072 com-

173 3090 403 3141 paratione
459 3092 595 3131 utitur
652 3093 871 3134 Eusebius
930 3094 1049 3146 apud

173 3151 294 3192 Stob.
327 3153 405 3192 Tit.
442 3152 518 3202 38,
562 3153 629 3193 59.
674 3177 717 3182 —
750 3155 908 3205 Sperne
944 3157 1047 3208 cet]

173 3215 426 3265 Sequuntur
462 3211 648 3268 γνῶμαι
689 3216 945 3268 breviores,
993 3220 1050 3259 ad

174 3287 285 3328 quas
298 3277 590 3329 proferendas
608 3279 648 3318 ei
670 3280 954 3321 occasionem
975 3281 1052 3321 de-

174 3338 236 3379 dit
263 3338 393 3380 lectio
424 3351 476 3380 ac
506 3340 733 3381 meditatio
764 3340 858 3389 illa,
905 3345 953 3382 ut
991 3344 1048 3383 ita

175 3399 338 3452 dicam,
373 3400 551 3442 moralis
582 3404 777 3443 Homeri.
829 3403 1051 3444 Aemulari

176 3464 343 3514 autem,
376 3465 420 3504 ni
449 3463 594 3516 fallor,
629 3466 668 3505 ei
687 3464 851 3517 placuit
872 3464 1052 3517 elegan-

174 3525 242 3564 tes
261 3526 306 3566 P.
332 3527 431 3577 Syri
460 3528 505 3567 et
532 3530 583 3569 D.
609 3528 780 3570 Laberii
810 3531 1052 3571 sententias

1121 1340 1452 1390 μονοστίχονς
1492 1349 1573 1390 per
1611 1339 1772 1379 mimos
1811 1349 2004 1391 sparsas.

1125 1401 1235 1441 Fieri
1266 1401 1451 1453 quidem
1472 1403 1641 1453 potest,
1675 1402 1722 1440 ut
1743 1411 1829 1440 una
1851 1399 2008 1440 altera-

1121 1475 1175 1504 ve
1208 1475 1261 1504 ex
1300 1465 1478 1504 Graecis
1515 1464 1658 1516 poetis
1699 1463 1754 1503 sit
1792 1463 2007 1515 deprom-

1119 1527 1217 1577 pta3
1264 1525 1466 1578 plerique
1499 1528 1649 1566 tamen
1688 1524 1771 1565 loci
1803 1537 2007 1566 commu-

1122 1599 1201 1628 nes
1232 1590 1355 1638 sunt,
1397 1589 1441 1629 in
1472 1587 1634 1640 quibus
1667 1588 1722 1627 de
1761 1588 2005 1629 imitatione

1121 1651 1314 1702 cogitare
1344 1652 1417 1691 vix
1452 1661 1708 1704 possumus.
1761 1651 1830 1690 Sic
1868 1649 2006 1691 nolim

1121 1714 1308 1754 credere
1338 1725 1380 1754 v.
1404 1715 1470 1754 55.
1493 1713 1724 1754 Horatium
1755 1714 1856 1753 ante
1894 1724 2004 1753 ocu-

1119 1776 1184 1817 los
1215 1776 1427 1817 habuisse
1454 1772 1651 1830 γνώμην
1671 1774 1864 1816 Alexidis
1885 1776 2005 1828 apud

1119 1839 1240 1880 Stob.
1266 1839 1345 1879 Tit.
1371 1840 1417 1888 6,
1450 1837 1523 1878 24:
1560 1835 1695 1891 ‘Deffiy'
1718 1833 1901 1891 ἡδονὴν
1921 1839 2004 1888 φέ-

1118 1914 1303 1961 ρουσαν
1334 1894 1537 1959 ὕστερον
1566 1899 1785 1955 βλάβην,
1817 1900 1889 1942 vel
1915 1903 2005 1943 Me-

1118 1965 1340 2006 nandrum
1370 1976 1413 2017 p.
1439 1965 1533 2005 324.
1556 1965 1705 2006 Mein.:
1733 1960 1795 2005 ‘H
1808 1961 1898 2020 γὰρ
1920 1977 2005 2005 πα-

1118 2024 1352 2086 ράκαιρος
1401 2022 1553 2080 ἡδονή
1598 2028 1745 2068 τίκτει
1790 2025 1999 2081 βλάβην.

1121 2089 1358 2142 «Voluptas
1375 2122 1384 2140 ,
1416 2090 1577 2141 inquit,
1601 2090 1797 2140 avaritia,
1823 2090 2001 2137 invidia,

1118 2153 1347 2194 iracundia
1378 2164 1457 2193 eae
1488 2153 1707 2205 imprimis
1738 2155 1840 2194 sunt
1870 2154 2004 2194 ammi

1118 2215 1502 2268 perturbationes,
1547 2226 1661 2266 quae
1692 2226 1851 2256 verum
1884 2216 2001 2256 vitae

1119 2279 1313 2319 fructum
1361 2277 1490 2318 nobis
1546 2280 1900 2330 corrumpunt3»
1958 2278 2003 2318 id

1120 2341 1241 2392 quod
1261 2352 1343 2393 per
1358 2341 1599 2392 imaginem
1615 2341 1888 2392 significatur
1902 2353 2002 2382 ver-

1119 2416 1172 2446 su
1201 2403 1269 2445 54.

1172 2468 1320 2507 56—611.
1368 2467 1539 2517 Semper
1574 2477 1733 2507 avarus
1769 2468 1870 2519 eqet]
1901 2468 2001 2508 Ari—

1119 2530 1219 2570 stot.
1258 2528 1381 2569 Polit.
1418 2530 1468 2580 2,
1502 2530 1546 2569 7:
1598 2523 1798 2587 ἄπειρος
1840 2525 1871 2583 ἦ
1913 2525 1999 2583 τῆς

1117 2591 1378 2644 ἐπιθυιιιίας
1420 2589 1592 2643 φύσις,
1643 2584 1703 2645 ἧς
1746 2590 1866 2650 πρὸς
1909 2589 1998 2646 τὴν

1116 2650 1458 2713 ἀναπλήρωσιν
1517 2655 1567 2695 οἱ
1612 2654 1781 2696 πολλοὶ
1838 2653 1995 2707 ζῶσιν.

1117 2717 1344 2759 Claudian.
1381 2719 1425 2759 in
1454 2717 1597 2760 Rufin.
1636 2719 1780 2768 4300:
1829 2719 2000 2770 Semper

1114 2782 1232 2832 inops
1248 2782 1482 2832 quicunque
1500 2782 1627 2832 cupii.
1661 2782 1839 2822 Hieron.
1859 2783 1993 2835 Epist.

1114 2844 1190 2884 53:
1241 2844 1470 2894 Antiquam
1517 2845 1672 2884 dictum
1718 2848 1800 2885 esi:
1854 2844 1997 2885 Avaro

1113 2910 1201 2946 tam
1230 2908 1358 2956 deest,
1397 2906 1507 2956 quod
1539 2906 1681 2956 habet,
1722 2917 1851 2956 quam
1886 2908 1997 2957 quod

1112 2981 1197 3010 non
1231 2969 1365 3009 habet.
1411 2991 1456 2997 —
1492 2973 1652 3009 cerium
1687 2973 1781 3009 voto
1812 2973 1908 3019 pete
1941 2971 1997 3022 fi-

1114 3032 1218 3084 nem]
1264 3031 1473 3072 «modum
1512 3042 1629 3083 pone
1670 3032 1897 3084 cupiditati
1931 3034 1997 3074 rei

1113 3094 1339 3136 familiaris
1369 3094 1623 3144 faciendae,
1657 3094 1714 3134 ad
1744 3106 1879 3146 quem
1920 3095 1996 3136 ubi

1113 3159 1397 3210 perveneris,
1429 3156 1557 3209 plura
1588 3168 1806 3208 quaerere
1839 3157 1993 3198 desine

1113 3222 1334 3273 bonisque
1376 3221 1514 3272 partis
1558 3219 1706 3260 fruere
1745 3232 1797 3260 ac
1841 3222 1992 3260 vive!»

1115 3284 1179 3324 Cf.
1203 3295 1244 3324 v.
1270 3283 1344 3324 46:
1381 3284 1498 3334 Quod
1526 3284 1627 3323 satis
1654 3287 1712 3323 est
1740 3284 1808 3323 cui
1836 3283 1995 3322 contin-

1113 3347 1194 3398 9it,
1236 3347 1337 3386 nihil
1366 3346 1548 3396 amplius
1577 3349 1697 3396 optet.
1749 3346 1836 3384 Sat.
1863 3345 1877 3383 t
1901 3376 1908 3392 ,
1944 3345 1988 3391 4,

1115 3409 1198 3448 92:
1246 3409 1436 3459 Denique
1464 3409 1516 3448 sit
1548 3409 1645 3460 finis
1673 3406 1912 3456 quaerendi.
1948 3417 1989 3446 v,

1117 3471 1219 3510 406:
1266 3472 1340 3511 Est
1369 3472 1513 3510 modus
1542 3471 1584 3510 in
1602 3470 1745 3517 rebus,
1778 3472 1871 3509 sunt
1890 3470 1994 3509 certi

1114 3533 1288 3583 denique
1304 3535 1405 3585 sines
1426 3535 1508 3573 cet..
1545 3530 1620 3582 (Gl.
1642 3530 1748 3571 Cod.
1769 3531 1823 3571 E:
1850 3540 1990 3582 «pone
