2231 3787
272 227 373 280 804

270 363 436 401 lustum
467 361 507 398 et
540 360 742 397 tenacem
773 354 983 406 propositi
1015 354 1159 393 virum
1190 352 1267 393 Od.
1302 353 1368 392 Ill.
1403 352 1441 391 3.

271 422 529 463 Laudabunt
560 419 628 459 alii
659 417 821 458 claram
853 417 1032 456 Rhodon
1064 418 1138 455 aut
1168 412 1403 463 Mitylenen
1434 412 1513 452 Od.
1546 413 1576 451 Ι.
1611 413 1649 450 7.

271 486 401 536 Lupis
433 487 475 524 et
504 483 625 533 agnis
656 483 816 532 quanta
848 480 999 518 sortito
1031 477 1185 527 obtigit
1214 475 1351 526 Epod.
1384 474 1422 514 4.

272 547 428 597 Lydia.
462 545 555 590 dic,
588 555 668 595 per
698 551 853 581 omnes
884 539 962 579 Od.
996 541 1026 577 Ι.
1059 539 1098 577 8.

271 611 502 649 Maecenas
533 607 670 645 atavis
701 603 816 643 odito
849 600 1026 649 regibus
1057 597 1134 638 Od.
1169 599 1199 637 1.
1233 599 1271 637 4.

271 670 380 711 Mala
412 668 550 709 soluta
585 667 706 707 navis
738 665 824 702 exit¹
855 662 954 701 alite
985 661 1122 712 Epod.
1159 661 1223 699 40.

271 734 432 773 Martiis
464 729 642 769 caelebs
673 726 777 778 quid
809 735 935 775 agam
965 722 1169 763 Kalendis
1200 721 1278 761 Od.
1311 722 1380 760 111.
1412 721 1452 760 8.

271 797 411 836 Mater
441 802 570 831 saeva
604 789 866 839 Cupidinum
899 786 978 826 Od.
1013 788 1041 825 l.
1078 785 1142 824 49.

273 855 484 899 Mercuri,
520 850 706 891 facundo
738 859 876 899 nepos
908 846 1090 887 Atlantis
1121 846 1198 886 Od.
1234 847 1263 884 l.
1301 845 1364 884 40.

273 917 482 961 Mercuri,
515 937 537 942 -
558 923 661 952 nam
695 914 734 950 te
767 908 917 949 docilis
948 909 1158 959 magistro
1193 906 1270 946 Od.
1304 907 1373 945 ΙΙΙ.
1409 906 1474 944 44.

273 981 529 1019 Miserarum
562 977 629 1014 est
660 984 804 1023 neque
836 972 975 1011 amori
1007 971 1112 1010 dare
1142 969 1296 1009 ludum
1326 978 1470 1018 neque
1502 965 1618 1006 dulci
1649 964 1728 1005 Od.
1761 965 1831 1005 111.
1866 965 1932 1004 42.

273 1039 410 1081 Mollis
440 1038 594 1077 inertia
625 1046 704 1075 cur
735 1036 899 1073 tantam
930 1032 1154 1072 diffuderit
1182 1032 1279 1070 imis
1310 1029 1448 1081 Epod.
1483 1029 1548 1069 44».

274 1103 485 1143 Montium
515 1100 662 1139 custos
694 1107 1040 1146 nemorumque,
1073 1096 1203 1146 Virgo
1234 1093 1312 1132 Od.
1347 1094 1415 1132 111.
1448 1093 1515 1132 22.

275 1167 441 1205 Motum
473 1173 524 1201 ex
555 1157 727 1200 Metello
761 1156 941 1197 consule
973 1158 1162 1197 civicum
1192 1156 1270 1196 Od.
1305 1157 1353 1195 11.
1389 1158 1427 1195 4.

275 1226 408 1267 Musis
438 1224 607 1264 amicus
639 1221 857 1260 tristitiam
888 1222 929 1258 et
961 1221 1106 1259 metus
1137 1218 1213 1258 Od.
1247 1220 1278 1257 Ι.
1312 1218 1378 1257 26.

275 1289 394 1328 Natis
426 1287 466 1325 in
497 1294 629 1324 usum
660 1281 848 1321 laetitiae
881 1281 1062 1332 scyphis
1092 1280 1169 1320 Od.
1204 1282 1234 1319 l.
1268 1281 1335 1319 27.

275 1352 337 1390 Ne
369 1350 477 1389 sorte
509 1345 665 1386 credas
698 1344 947 1391 interitura,
982 1353 1095 1393 quae
1126 1342 1203 1381 Od.
1239 1343 1306 1382 IV.
1340 1343 1378 1382 9.

276 1414 337 1452 Ne
369 1412 421 1450 sit
453 1407 632 1449 ancillae
666 1406 740 1445 tibi
772 1416 896 1445 amor
928 1405 1084 1456 pudori
1117 1404 1194 1444 Od.
1229 1406 1278 1443 11.
1311 1403 1351 1444 4.

276 1472 393 1514 Nolis
423 1471 549 1522 longa
580 1469 698 1509 ferae
731 1466 842 1507 bella
876 1467 1135 1507 Numantiae
1167 1466 1244 1506 Od.
1280 1468 1329 1505 ΙΙ.
1365 1468 1429 1506 42.

278 1534 482 1575 Nondum
513 1531 696 1571 subacta
728 1530 841 1570 ferre
874 1530 1023 1579 iugum
1052 1527 1168 1567 valet
1197 1528 1274 1568 Od.
1308 1530 1357 1568 11.
1391 1530 1430 1568 5.

278 1599 372 1637 Non
405 1595 517 1635 ebur
545 1604 689 1643 neque
721 1602 907 1630 aureum
939 1590 1015 1629 Od.
1048 1591 1099 1628 II.
1135 1590 1200 1630 48.

278 1661 372 1699 Non
404 1667 585 1707 semper
612 1653 779 1693 imbres
810 1651 1004 1692 nubibus
1034 1651 1232 1703 hispidos
1262 1652 1339 1692 Od.
1372 1654 1422 1692 11.
1455 1652 1493 1691 9.

277 1723 371 1761 Non
402 1720 559 1758 usitata
591 1728 674 1756 nec
705 1716 825 1755 tenui
856 1714 972 1754 ferar
1002 1714 1079 1754 Od.
1114 1715 1162 1753 ΙΙ.
1196 1715 1262 1753 20.

278 1785 372 1823 Non
402 1781 550 1827 vides,
584 1780 747 1828 quanto
779 1787 960 1816 moveas
991 1774 1157 1827 periclo
1188 1775 1265 1814 Od.
1299 1777 1368 1815 ΙΙΙ.
1401 1776 1469 1814 20.

280 1847 370 1884 Nox
403 1845 494 1883 erat
526 1844 567 1881 et
599 1839 720 1880 caelo
751 1838 943 1889 fulgebat
973 1840 1092 1877 Luna
1124 1848 1282 1877 sereno
1314 1837 1451 1887 Epod.
1486 1838 1551 1876 45.

278 1905 470 1950 Nullam,
502 1904 641 1950 Yare,
674 1912 798 1941 sacra
829 1901 914 1939 vite
947 1901 1066 1951 prius
1096 1900 1265 1939 severis
1296 1899 1503 1939 arborem
1533 1898 1610 1938 Od.
1643 1901 1673 1938 Ι.
1708 1899 1773 1939 48.

279 1967 430 2008 Nullus
461 1967 640 2015 argento
673 1963 796 2003 color
826 1965 893 2001 est
923 1963 1066 2001 avaris
1096 1961 1174 2000 Od.
1208 1963 1258 2000 ll.
1291 1962 1329 2000 2.

279 2032 403 2069 Nunc
434 2031 499 2067 est
530 2026 796 2071 bibendum,
832 2035 948 2063 nuno
978 2023 1092 2074 pede
1123 2022 1263 2062 libero
1294 2023 1371 2062 Od.
1404 2024 1436 2062 1.
1469 2022 1534 2062 37.

280 2093 311 2132 O
343 2089 533 2130 crudelis
565 2088 710 2127 adhuc
742 2088 783 2125 et
813 2087 998 2125 Veneris
1029 2084 1289 2125 muneribus
1320 2086 1479 2136 potens
1509 2084 1587 2125 Od.
1622 2085 1689 2124 lV.
1725 2085 1790 2123 40.

280 2155 311 2193 O
344 2153 464 2199 diva,
499 2152 670 2201 gratum
702 2160 814 2199 quae
845 2149 960 2197 regis
990 2149 1167 2188 Antium
1198 2149 1276 2188 Od.
1310 2150 1341 2187 Ι.
1374 2148 1440 2188 35.

280 2218 312 2256 Ο
343 2217 438 2255 fons
468 2213 739 2259 Bandusiae,
773 2209 1045 2261 splendidior
1073 2211 1184 2250 vitro
1216 2210 1293 2250 Od.
1327 2211 1395 2249 ΙΙΙ.
1431 2209 1495 2249 43.

281 2278 312 2317 O
344 2279 483 2316 matre
514 2273 696 2326 pulchra
729 2271 812 2311 filia
844 2271 1068 2323 pulchrior
1098 2272 1174 2311 Od.
1210 2273 1240 2311 Ι.
1276 2272 1342 2311 46.

283 2340 314 2379 O
346 2342 444 2378 nata
475 2346 653 2376 mecum
684 2332 863 2373 consule
894 2333 1050 2373 Manlio
1082 2333 1159 2373 Od.
1193 2335 1261 2373 III.
1295 2335 1361 2373 24.

284 2403 315 2441 Ο
348 2401 491 2446 navis,
523 2397 716 2437 reserent
746 2396 787 2434 in
819 2406 940 2435 mare
972 2398 1013 2435 te
1045 2397 1145 2435 novi
1177 2396 1254 2436 Od.
1288 2397 1318 2436 I.
1353 2396 1418 2436 44.

285 2465 316 2503 O
348 2473 483 2513 saepe
515 2469 693 2500 meeum
723 2461 899 2508 tempus
930 2460 971 2496 in
1003 2457 1205 2498 ultimum
1236 2457 1314 2498 Od.
1350 2459 1396 2497 11.
1429 2459 1468 2496 7.

285 2526 316 2565 O
346 2525 517 2570 Venus,
551 2522 699 2572 regina
732 2519 855 2560 Cnidi
888 2520 1112 2570 Paphique
1145 2520 1223 2559 Od.
1256 2521 1287 2559 Ι.
1321 2519 1386 2559 30.

285 2586 364 2627 Odi
394 2584 628 2636 profanum
657 2580 811 2632 volgus
843 2584 886 2621 et
921 2592 1052 2620 arceo
1085 2581 1161 2621 Od.
1196 2582 1265 2621 111.
1300 2583 1337 2620 4.

286 2648 431 2688 Otium
462 2645 586 2684 divos
617 2646 740 2694 rogat
771 2643 813 2681 in
843 2643 1010 2694 patenti
1040 2643 1117 2682 Od.
1151 2644 1200 2682 ΙΙ.
1235 2644 1300 2683 46.

286 2709 464 2749 Parcius
495 2707 664 2745 iunctas
696 2705 897 2754 quatiunt
926 2703 1142 2745 fenestras
1177 2704 1254 2744 Od.
1289 2706 1319 2744 1.
1353 2705 1418 2744 25.

287 2773 449 2810 Parcus
480 2769 667 2808 deorum
698 2765 838 2806 cultor
868 2768 911 2806 et
941 2766 1196 2816 infrequens
1227 2766 1304 2806 Od.
1337 2768 1368 2806 Ι.
1402 2766 1468 2807 34.

288 2832 485 2873 Parentis
516 2829 620 2869 olim
650 2830 685 2869 si
715 2829 814 2879 quis
845 2829 977 2879 impia
1007 2839 1141 2867 manu
1170 2828 1306 2879 Epod.
1341 2828 1378 2867 3.

288 2896 442 2934 Pastor
473 2903 574 2931 cum
606 2892 801 2931 traheret
828 2901 909 2941 per
938 2890 1046 2929 freta
1077 2889 1262 2929 navibus
1292 2889 1370 2929 Od.
1403 2891 1433 2929 1.
1468 2890 1534 2929 45.

292 2955 491 2995 Persicos
524 2953 619 3000 odi,
653 2963 786 3004 puer,
820 2954 1058 3003 apparatus
1089 2951 1166 2991 Od.
1200 2952 1229 2989 l.
1263 2951 1328 2991 38.

291 3017 423 3062 Petti,
457 3013 560 3054 nibil
591 3025 662 3053 me
695 3015 807 3053 sicut
838 3015 964 3052 antea
994 3013 1112 3052 iuvat
1142 3012 1279 3063 Epod.
1313 3013 1378 3051 44.

294 3075 471 3118 Phoebe
503 3073 801 3124 silvarumque
833 3076 988 3124 potens
1018 3073 1154 3113 Diana
1187 3074 1332 3113 Carm.
1366 3084 1457 3114 sec.

293 3137 498 3180 Phoebus
528 3135 750 3175 volentem
781 3133 946 3185 proelia
977 3145 1049 3174 me
1079 3133 1196 3185 loqui
1228 3136 1305 3176 Od.
1338 3136 1406 3175 lV.
1441 3137 1505 3176 45.

294 3199 533 3241 Pindarum
563 3197 762 3248 quisquis
793 3196 940 3235 studet
969 3195 1178 3235 aemulari
1209 3197 1287 3236 Od.
1319 3197 1388 3236 IV.
1421 3198 1461 3236 2.

296 3262 541 3302 Poscimur.
603 3259 644 3298 Si
675 3257 780 3309 quid
810 3258 935 3297 vacui
966 3256 1049 3297 sub
1080 3257 1237 3298 umbra
1268 3258 1347 3297 Od.
1379 3259 1410 3297 1.
1444 3258 1511 3298 32.

299 3324 419 3371 Quae
451 3332 556 3362 cura
587 3324 762 3372 patrum
794 3329 964 3370 quaeve
997 3320 1226 3367 Quiritium
1256 3319 1334 3360 Od.
1367 3320 1436 3359 IV.
1470 3318 1535 3359 44.

301 3382 485 3432 Qualem
515 3383 763 3422 ministrum
798 3379 987 3422 fulminis
1018 3380 1164 3422 alitem
1194 3380 1272 3421 Od.
1306 3381 1374 3421 IV.
1406 3380 1445 3420 4.
