2231 3787
326 217 424 269 730

1129 215 1339 256 HORATII

394 349 565 413 Quam
605 363 743 417 quae
784 354 906 399 sunt
943 345 1112 399 oculis
1151 345 1390 399 subiecta
1431 343 1679 396 fidelibus
1724 351 1776 396 et
1812 359 1951 414 quae

392 451 511 519 Ipse
554 448 654 501 sibi
696 447 852 500 tradit
890 455 1184 518 spectator:
1227 464 1332 498 non
1371 454 1547 498 tamen
1586 444 1725 496 intus

392 550 561 621 Digna
599 550 708 620 geri
749 565 965 619 promes
1006 548 1056 598 in
1099 563 1316 599 scenam
1354 544 1627 616 multaque
1666 543 1818 597 tolles

393 652 467 704 Ex
505 650 701 706 oculis.
745 666 884 720 quae
922 665 1046 700 mox
1085 656 1265 700 narret
1303 646 1550 700 facundia
1586 662 1862 717 praesens,

392 753 466 805 Ne
506 768 704 822 pueros
747 766 927 804 coram
967 747 1167 819 populo
1208 748 1396 802 Medea
1435 747 1691 807 trucidet,

2032 743 2133 796 485

391 856 489 905 Aut
526 852 759 904 humana
796 850 974 921 palam
1011 858 1209 920 coquat
1247 858 1366 902 exta
1405 848 1641 902 nefarius
1679 848 1870 900 Atreus
1885 847 1899 908 ,'

430 1049 523 1089 482.
554 1047 787 1098 speculator
816 1045 858 1086 d.
896 1068 936 1075 —
975 1045 1066 1085 485.
1098 1045 1182 1084 Nee
1212 1044 1255 1095 d,
1288 1044 1388 1084 LCt.
1424 1042 1613 1094 (Habent
1631 1043 1693 1083 Ne
1711 1042 1867 1083 BbSTc
1889 1043 1932 1083 et
1952 1043 2082 1083 Bent-

375 1111 444 1152 leii
477 1112 678 1163 «praeter
712 1109 823 1148 duos
859 1119 912 1148 ex
946 1108 1263 1148 recentissimis
1299 1106 1514 1155 omnes.»)

319 1266 422 1307 428:
459 1267 542 1307 Cur
573 1277 663 1305 mea
693 1265 803 1304 dieta
833 1268 957 1315 neqat
981 1264 1113 1302 duras
1133 1263 1199 1302 de·
1261 1261 1390 1301 detur
1410 1262 1517 1302 item
1531 1260 1625 1300 Vici
1645 1261 1969 1312 interpretatio:
1996 1262 2137 1301 «Nun-

319 1330 478 1369 mittere
507 1329 550 1368 in.
580 1339 717 1367 aures.
753 1347 796 1354 —
829 1326 1027 1378 fidelibus]
1063 1325 1197 1375 «qui-

318 1391 402 1431 bus
434 1392 621 1442 quisque
657 1389 909 1430 necessario
945 1387 1081 1428 fidem
1116 1387 1197 1426 ha—

317 1453 436 1493 bet.»
480 1454 648 1492 Seneca
681 1452 814 1503 Epist.
848 1451 894 1500 6,
925 1450 972 1491 4:
1004 1450 1198 1489 Homines

319 1516 498 1566 amplias
519 1516 646 1555 oeulis
666 1525 795 1564 quam
816 1513 988 1553 auribus
1007 1512 1194 1551 eredunt.

321 1600 365 1606 —
400 1579 510 1617 intus
537 1578 680 1629 Diqna
708 1575 821 1628 geri]
867 1575 1027 1627 partim
1066 1572 1196 1613 foeda

318 1643 362 1682 et
392 1641 583 1689 atrocia,
618 1650 731 1691 quae
764 1639 898 1678 nimio
930 1638 1114 1677 horrore
1145 1647 1197 1675 ac

317 1706 488 1743 terrore
510 1704 810 1754 spectatorem
832 1699 1075 1747 afficerent,
1099 1709 1198 1749 par-

318 1766 396 1805 tim
424 1762 719 1811 incredibilia,
766 1764 815 1802 ut
844 1761 1198 1802 transformatio-

318 1837 396 1866 nes
427 1825 522 1865 illae
553 1827 747 1864 Procnes
779 1825 822 1863 et
853 1823 1008 1864 Cadmi
1041 1834 1065 1862 a
1095 1833 1198 1872 my-

318 1887 505 1939 thologis
534 1887 745 1934 traditae,
793 1896 930 1936 quae,
970 1885 1007 1924 si
1045 1894 1197 1923 coram

318 1949 480 2002 populo
503 1949 683 1996 fierent,
710 1949 907 1999 speciem
927 1945 1198 1998 praeberent

319 2023 457 2065 prope
468 2010 714 2051 ridiculam.
728 2011 962 2060 Utriusque
974 2009 1038 2047 rei
1050 2018 1198 2047 exem-

318 2075 389 2128 pla
419 2087 523 2115 mox
552 2075 875 2126 proponuntur.
909 2095 953 2099 —
994 2071 1198 2121 facundia

313 2137 524 2189 praesens]
549 2136 767 2182 «nuntius,
787 2135 860 2185 qui
882 2132 1102 2173 horribilis
1123 2135 1199 2172 aut

318 2199 557 2253 prodigiosi
592 2197 774 2238 alicuius
815 2196 916 2236 facti
954 2196 1078 2236 testis
1119 2195 1198 2235 fuit

317 2261 517 2303 oculatus
548 2272 601 2301 ae
630 2259 699 2300 vel
734 2261 975 2311 propterea
1005 2258 1194 2298 facunde

318 2322 674 2371 illudnarrabit,»
691 2321 881 2361 welche
903 2321 1048 2360 dabei
1066 2332 1192 2370 war,

316 2388 443 2428 Voss.
490 2388 632 2437 Atque
664 2396 711 2424 re
742 2395 879 2432 vera,
914 2383 1021 2424 dum
1052 2384 1196 2423 cessat

318 2451 458 2497 actio,
506 2459 558 2488 eo
589 2447 868 2488 facundiores
900 2445 1068 2487 debent
1097 2455 1195 2485 esse

319 2514 509 2563 suntque
551 2510 667 2562 apud
712 2511 901 2549 Graecos
940 2507 1196 2548 huiusmodi

319 2574 621 2620 narrationes,
676 2573 725 2611 ut
774 2571 1027 2611 auditorum
1067 2581 1197 2609 men-

319 2638 385 2676 tes
406 2636 646 2675 detineant.
680 2633 823 2674 Schol.
851 2633 959 2673 Ven.
987 2632 1041 2673 ad
1067 2631 1192 2672 Iliad.

318 2700 360 2748 ζ,
398 2697 477 2737 58:
526 2695 576 2736 ἐν
619 2700 724 2745 ταῖς
758 2692 1041 2752 τραγῳδίαις
1080 2691 1196 2751 κρύ-

319 2772 491 2800 πτουσι
526 2755 640 2809 τοὺς
668 2755 878 2815 δρῶντας
908 2753 966 2797 τὰ
995 2757 1195 2797 τοιαῦτα

319 2818 518 2874 (μισητὰ
532 2822 613 2860 καὶ
629 2815 757 2873 ὠμά.)
779 2820 829 2860 ἐν
849 2823 954 2870 ταῖς
975 2822 1193 2872 σκηναῖς,

318 2885 399 2924 καὶ
420 2880 452 2936 ἦ
473 2888 657 2934 φωναῖς
679 2884 803 2923 τισὶν
820 2880 1196 2934 ἐξακουομέναις

318 2943 350 2999 ἦ
369 2945 425 2986 δι’
449 2942 659 2999 ἀγγέλων
682 2940 882 3003 ὕστερον
898 2946 1195 2997 σημαίνουσι

318 3006 376 3049 τὰ
407 3008 703 3066 πραχθέντα,
738 3003 877 3048 οὐδὲν
906 3003 1025 3047 ἄλλο
1056 3002 1088 3058 ἦ
1107 3018 1195 3056 φο·

316 3068 555 3123 βούμενοι
584 3067 653 3122 μὴ
685 3064 824 3110 αὐτοὶ
845 3066 1195 3121 συμμισηθῶσι

322 3138 422 3184 τοῖς
463 3131 737 3189 δρωμένοις.
804 3131 904 3180 (Alii
949 3130 1190 3182 explicant:

323 3197 547 3244 «nuntius,
572 3195 646 3246 qui
668 3205 773 3234 sane
796 3194 957 3244 poterit
977 3192 1075 3232 talia
1097 3204 1195 3232 nar-

318 3270 417 3298 rare
456 3268 671 3310 praesens
707 3257 930 3308 praesenti
961 3254 1124 3307 populo
1145 3267 1152 3302 ς
1172 3270 1190 3290 »

317 3331 476 3359 verum
497 3319 622 3359 aliter
642 3329 776 3370 quam
795 3328 1008 3369 praesens
1030 3319 1070 3357 in
1093 3328 1194 3357 sce-

319 3393 372 3421 na
404 3381 472 3422 ille
499 3392 679 3421 narrare
703 3381 878 3431 nequit,
913 3382 1057 3432 itaque
1081 3381 1194 3420 otio-

320 3455 418 3485 sum
450 3446 568 3485 esset
591 3444 828 3494 epitheton.
873 3442 1111 3483 Arbitraria
1135 3444 1195 3482 vi-

1261 1324 1327 1372 tii,
1380 1324 1456 1375 qui
1505 1323 1697 1363 evidenti
1744 1323 1996 1363 narratione
2039 1333 2136 1363 rem

1261 1384 1398 1427 oculis
1429 1386 1729 1437 spectatorum
1760 1383 2057 1435 subiiciunt»)

1316 1509 1544 1549 485-488.
1590 1509 1672 1558 Ne]
1717 1509 1839 1548 Hanc
1873 1505 2136 1560 particulam

1258 1570 1482 1612 Bentleius
1512 1572 1634 1611 recte
1664 1571 1874 1619 restituit,
1907 1571 1951 1610 in
1982 1581 2034 1610 eo
2069 1571 2137 1610 ta-

1260 1645 1363 1673 men
1386 1631 1541 1682 falsus,
1575 1632 1696 1683 quod
1714 1633 1828 1672 haec
1850 1633 1998 1672 omnia
2019 1642 2043 1671 a
2062 1642 2144 1671 vv.·

1259 1694 1634 1748 praecedentibus
1689 1690 1889 1746 pendere
1934 1695 2137 1746 opinatus

1261 1761 1343 1799 est.
1389 1759 1608 1810 Incipiunt
1626 1758 1729 1797 hinc
1751 1755 1950 1808 exempla
1973 1755 2139 1808 aliquot

1261 1832 1432 1869 eorum,
1458 1831 1572 1872 quae
1595 1832 1650 1860 ex
1664 1819 1801 1860 oculis
1822 1818 2014 1860 tollenda
2035 1819 2134 1865 sint,

1261 1885 1304 1923 et
1332 1894 1413 1934 per
1433 1894 1481 1923 se
1504 1883 1688 1933 quidem
1708 1883 1866 1934 posita.
1895 1905 1940 1910 —
1966 1881 2136 1934 pueros]

1262 1956 1491 1997 «quorum
1525 1946 1704 1984 nomina
1743 1944 1896 1985 Medus
1941 1945 1986 1984 et
2020 1944 2140 1984 Mer-

1261 2018 1456 2047 merus.»
1501 2008 1631 2047 Aeno.
1682 2029 1727 2034 —
1771 2016 1918 2046 coram
1959 2005 2137 2056 populo]

1261 2067 1550 2119 Eschenburg
1600 2068 1662 2118 (in
1710 2079 1846 2120 opere
1889 2067 2135 2117 Hurdiano)

1261 2131 1381 2170 haud
1396 2130 1511 2170 male
1535 2129 1726 2182 explieat
1756 2141 1935 2171 «coram
1955 2130 2133 2170 choro».

1265 2218 1308 2223 -—
1332 2196 1480 2234 Medea
1508 2193 1696 2246 trucidet]
1734 2194 1797 2234 Cf.
1820 2205 1862 2234 v.
1883 2193 1976 2234 423.
2011 2192 2138 2242 Quod

1260 2258 1331 2298 hic
1347 2256 1575 2298 dissuadet
1595 2258 1800 2297 Horatius
1811 2258 1980 2307 vitium,
1996 2268 2077 2298 sua
2093 2258 2136 2297 in

1259 2320 1414 2361 Medea
1441 2321 1664 2361 commisit
1692 2320 1862 2360 Seneca
1890 2331 1933 2359 v.
1958 2320 2051 2360 975.
2088 2341 2132 2347 —

1256 2384 1432 2434 Procne]
1466 2384 1606 2431 Quam
1635 2381 1832 2422 fabulam
1861 2382 2165 2434 sapientissi-.

1259 2456 1354 2494 me,
1386 2447 1435 2484 ut
1464 2445 1650 2485 eredere
1679 2443 1801 2494 licet,
1835 2445 2037 2484 tractavit
2056 2444 2138 2484 So—

1258 2506 1441 2559 phocles
1472 2508 1515 2547 in
1537 2508 1700 2556 Tereo,
1743 2506 1798 2546 de
1829 2517 1917 2558 quo
1946 2507 2135 2557 tyranno

1260 2571 1302 2610 in
1319 2580 1516 2621 upupam
1532 2571 1701 2609 mutato
1714 2569 1768 2610 cf.
1781 2568 2000 2620 Aristoph.
2018 2569 2136 2608 Aves

1261 2633 1339 2672 400
1361 2643 1457 2683 seq.
1483 2643 1585 2671 curn
1606 2631 1768 2680 Schol.,
1802 2630 1958 2671 collato
1988 2630 2137 2682 impri-

1259 2696 1343 2735 mis
1372 2693 1608 2734 Welekero
1645 2695 1718 2734 Gr.
1758 2693 1990 2745 Traqo‘dien
2024 2693 2055 2732 Ι.
2088 2704 2132 2744 p.

1259 2757 1371 2806 383„
1405 2758 1478 2808 qui
1507 2752 1910 2812 μεταμορφώσεις
1933 2753 2027 2795 illas
2047 2764 2135 2794 non

1257 2815 1536 2872 ἐξάγγελον,
1569 2818 1651 2858 sed
1683 2817 1817 2858 deum
1849 2829 1902 2858 ex
1929 2816 2134 2856 machina

1258 2880 1582 2933 spectatoribus
1620 2891 1825 2921 narrasse
1865 2881 2130 2932 suspicatur.

1262 2966 1306 2972 —
1331 2944 1509 2984 Cadmus
1528 2944 1572 2982 in
1592 2943 1785 2995 anquem]
1810 2943 1874 2984 Cf.
1895 2942 2018 2983 ovid.
2041 2943 2135 2983 Me-

1258 3008 1362 3046 tam.
1387 3005 1436 3055 4,
1471 3006 1549 3046 563
1572 3017 1670 3057 sqq.
1710 3006 1881 3046 ·Tenuia
1913 3004 2134 3057 quaedam

1258 3070 1497 3119 supersunt
1525 3068 1708 3119 vestigia
1731 3067 1885 3108 Cadmi
1912 3065 2133 3118 Euripidei

1259 3130 1400 3180 (Dind.
1425 3131 1491 3170 Fr.
1525 3141 1568 3181 p.
1593 3129 1705 3180 96.),
1753 3139 1888 3181 quam
1918 3128 1975 3169 ad
2004 3128 2134 3169 fabu-

1256 3191 1343 3232 lam
1388 3191 1729 3232 Valckenaerius
1773 3190 1939 3232 rettulit
1975 3201 2132 3231 versus

1256 3257 1457 3295 servatos
1494 3254 1549 3294 ab
1587 3255 1864 3305 Hermogene
1903 3263 2002 3304 pag.
2036 3251 2128 3292 480.

1256 3316 1405 3357 Walz:
1448 3314 1611 3369 Οἶζιιοι,
1643 3312 1831 3373 δράκων
1858 3326 1955 3367 μου
1985 3315 2132 3367 γίγνε-

1256 3392 1333 3419 ται
1362 3376 1416 3419 τό
1456 3380 1496 3432 γ’
1530 3373 1678 3431 ἥμισυ
1699 3390 1709 3399 ·
1757 3378 1954 3425 Τέκνον,
2001 3387 2131 3433 περι-

1257 3438 1469 3494 πλάκηθι
1511 3439 1574 3496 τῴ
1620 3438 1767 3494 λοιπῷ
1805 3439 1960 3496 πατρί.
2012 3438 2129 3486 Quos
