2231 3787
863 259 962 298 LlB.
997 260 1046 298 11.
1081 259 1245 299 EPIST.
1281 261 1328 298 lI.

251 388 465 442 Natales
505 397 653 460 grate
694 391 993 443 numeras?
1036 392 1276 461 Ignoscis
1318 392 1550 446 amicis?

1927 260 2030 311 679

1925 394 2027 447 ⁶210

246 491 445 544 Lenior
483 500 535 544 et
572 491 764 545 melior
802 492 865 545 fis
906 493 1202 547 accedente
1244 496 1503 548 senecta?

249 592 392 657 Quid
429 602 481 647 te
522 602 773 666 exempta
808 594 951 649 levat
990 596 1159 668 spinis
1200 595 1268 650 de
1307 596 1553 668 pluribus
1595 599 1738 651 una?

248 696 439 749 Vivere
480 696 523 749 si
565 705 712 751 recte
753 699 961 759 nescis,
1005 699 1214 753 decede
1253 700 1458 771 peritis.

249 799 445 852 Lusisti
486 799 638 861 satiS‚
681 800 838 854 edisti
878 801 1007 854 satis
1047 810 1208 873 atque
1247 802 1456 856 bibisti:

286 944 381 983 ⁶2⁴2.
414 945 524 984 levat
552 946 644 984 tres
676 944 816 985 Codri,
840 943 1064 994 Blandin.‚
1102 947 1156 994 C,
1200 946 1452 996 Bentleius,
1488 946 1819 1000 Dillenburger:
1853 951 1971 990 iuvat

230 1006 340 1057 hSd‚
389 1006 573 1047 Bentleii
614 1010 658 1048 et
698 1008 894 1048 Pottierii
935 1019 1115 1057 omnes,
1163 1009 1282 1056 FMs,
1326 1010 1438 1049 iuvet
1475 1021 1498 1049 c
1531 1012 1573 1050 et
1605 1012 1696 1050 tres
1728 1011 1966 1060 Schmidii,

234 1071 296 1109 Lt.
336 1094 381 1098 —
415 1070 510 1110 ⁶243.
543 1071 675 1110 *nescis
704 1071 825 1120 dum,
859 1072 955 1110 cede
986 1070 1092 1111 Cod.
1119 1072 1322 1121 Langeri.

176 1195 231 1235 de
263 1197 424 1248 nuptiis
462 1196 614 1236 habito
653 1197 898 1236 certamine
930 1208 952 1236 a
985 1197 1068 1237 Mi-

178 1270 316 1298 nerva
347 1260 462 1299 Mars
491 1260 637 1300 victus
670 1261 761 1309 est,
810 1261 852 1299 et
884 1259 1067 1299 obtenta

174 1322 425 1372 virginitate
447 1322 645 1362 Minerva
667 1323 858 1362 Neriene
887 1324 956 1362 est
986 1333 1067 1374 ap—

174 1384 382 1436 pellata.»
415 1385 539 1424 Ovid.
575 1386 690 1425 Fast.
721 1386 771 1434 5,
806 1384 911 1425 424:
950 1386 1068 1425 Ritus

173 1448 253 1487 erit
270 1448 442 1496 veteris,
465 1451 676 1486 nocturna
696 1448 912 1498 Lemuria,
936 1450 1063 1488 sacri.

174 1511 354 1562 Inferias
390 1509 529 1549 tacitis
556 1509 756 1550 Manibus
784 1511 860 1550 illa
890 1511 1062 1550 dabunt.

176 1574 395 1623 (Lemuria
427 1574 514 1613 VH.
545 1574 596 1612 V.
623 1574 693 1612 III.
741 1573 803 1613 Id.
831 1574 929 1613 Mai.
955 1573 1064 1613 Vide

173 1635 437 1676 Kalendaria
483 1637 526 1676 in
567 1637 707 1676 Inscr.
742 1638 855 1676 meis
886 1637 978 1676 Lat.
1012 1638 1062 1676 II.

172 1711 216 1751 p.
259 1699 380 1750 390.)
427 1723 472 1727 —
516 1703 801 1749 portentaque
850 1700 1063 1749 Thessala]

173 1761 399 1802 Thessalia
427 1762 613 1814 propter
650 1773 780 1812 sagas
811 1762 1064 1813 harumque

171 1826 435 1876 praestigias
456 1824 631 1865 infamis
655 1826 765 1864 erat.
799 1824 897 1865 Vid.
923 1824 1002 1865 Od.
1025 1816 1065 1873 4,

172 1888 249 1936 ι27,
274 1888 342 1928 24.
377 1888 518 1941 Epod.
545 1890 595 1938 5,
619 1887 686 1928 45.
736 1888 788 1930 Ut
810 1892 1012 1938 portenta
1040 1899 1065 1926 3

172 1950 403 1990 terroribus
421 1952 599 2003 magicis
631 1951 909 2002 (umbrarum
930 1961 1066 2002 prae-

173 2015 328 2053 sertim
373 2013 751 2066 apparitionibus)
800 2014 1061 2064 distinguas,

174 2077 317 2127 cogita
338 2076 394 2116 de
411 2076 515 2116 luna
538 2088 561 2117 e
585 2076 709 2116 caelo
728 2076 921 2116 deducta
941 2075 1061 2127 (Plin.

174 2140 226 2178 H.
250 2141 299 2179 N.
324 2139 401 2189 30,
438 2141 453 2179 4
475 2171 483 2189 ,
509 2140 555 2179 ⁶2:
591 2140 824 2179 Menander
856 2139 1065 2179 Thessa-

173 2203 280 2242 lam
308 2203 621 2254 eoqnominavit
638 2202 854 2254 fabulam,
888 2202 1066 2252 compie—

170 2277 278 2306 oeam
315 2266 514 2318 ambayes
552 2266 810 2317 feminarum
841 2265 1064 2304 detrahen—

174 2331 277 2370 tiwm
306 2330 513 2382 lunam),
551 2329 607 2369 de
639 2329 874 2369 hominum
906 2329 948 2368 in
979 2328 1064 2368 be-

174 2394 280 2434 stias
302 2394 549 2433 mutatione
572 2394 658 2433 cet.
679 2405 688 2441 3
720 2393 934 2432 miracula
954 2403 1062 2432 vero

174 2460 278 2497 sunt
320 2456 438 2508 globi
480 2457 619 2508 ignei,
665 2454 862 2507 lapidum
898 2455 1061 2508 pluvia,

173 2531 311 2560 voces
342 2519 554 2569 deorum,
596 2521 647 2559 ut
676 2518 838 2559 Silvani
872 2519 981 2570 (Liv.
1014 2520 1060 2568 2,

174 2583 256 2634 7.)‚
290 2583 355 2623 Aii
375 2583 617 2633 Loquentis
640 2584 686 2621 et
705 2580 920 2634 pleraque
943 2582 1065 2634 apud

174 2645 333 2686 lulium
364 2645 715 2696 Obsequentem.

229 2771 454 2811 elo-246.
503 2771 676 2812 Natales
704 2775 826 2823 qrate
850 2771 1064 2823 numeras]

177 2833 332 2883 «Quod
371 2845 461 2874 non
500 2834 668 2875 faciunt
706 2835 893 2874 nimium
924 2834 1066 2874 timidi

178 2897 234 2937 ad
263 2899 545 2938 senectutem
567 2900 612 2937 et
633 2899 852 2947 mortem,
887 2898 987 2949 quia
1012 2908 1067 2937 ex

177 2960 397 3001 natalibus
435 2960 586 3002 mult-is
627 2961 799 3001 obitum
840 2962 929 3000 iam
959 2972 1068 3012 pro-

177 3025 397 3075 pinquum
445 3025 814 3076 perhorrescunt.
839 3040 857 3059 »
909 3026 1063 3063 Ponpn.

178 3087 271 3126 Hoc
300 3086 449 3137 ipsum
478 3087 520 3126 in
554 3087 697 3126 amico
719 3086 918 3137 quodam
939 3096 1068 3137 prae-

179 3149 299 3188 dicat
327 3148 535 3188 Martialis
568 3149 642 3198 110,
676 3148 757 3187 23:
798 3149 891 3187 Iam
919 3158 1067 3187 nume-

177 3215 249 3251 rat
271 3211 442 3261 placido
470 3211 575 3261 felix
594 3210 796 3250 Antonius
814 3221 916 3249 aevo
939 3210 1068 3260 Quin-

180 3275 310 3314 decies
325 3278 444 3313 aetas
457 3274 621 3313 Primus
633 3273 922 3323 Olympiadas,
940 3274 1068 3312 Prae-

180 3337 402 3385 teritosque
432 3336 516 3376 dies
537 3340 574 3375 et
595 3340 702 3375 tutos
726 3335 896 3385 respicit
915 3345 1063 3384 annos,

180 3399 264 3438 Nec
277 3399 571 3439 metuitLelhes
586 3399 672 3438 iam
682 3398 899 3448 propioris
913 3408 1062 3448 aquas.

185 3460 303 3512 Volgi
335 3465 488 3502 contra
520 3472 694 3502 morem
733 3461 940 3512 exprimit
970 3462 1066 3501 Me-

183 3527 386 3564 necrates
423 3526 465 3565 in
500 3525 673 3566 Anthol.
706 3525 793 3564 Pal.
829 3526 875 3564 11.
911 3536 952 3575 p.
986 3525 1060 3563 v⁹2¹1:

1131 1193 1291 1254 Γῆρας
1321 1192 1442 1237 ἐπὰν
1471 1196 1561 1250 μὲν
1591 1193 1690 1255 ἆῑτῇ
1712 1229 1722 1249 ,
1760 1196 1854 1250 πᾶς
1885 1193 2024 1249 eism-

1131 1272 1231 1308 ται,
1265 1254 1326 1313 ἢν
1356 1258 1408 1300 δέ
1437 1262 1541 1300 ποτ’
1572 1255 1714 1319 ἔλθῃ,
1748 1262 2019 1314 Μέμφεται.

1135 1347 1180 1353 --
1213 1324 1336 1376 levat]
1370 1325 1489 1364 Haec
1519 1336 1627 1364 vera
1656 1325 1837 1365 videtur
1872 1325 2020 1376 lectio,

1129 1388 1248 1426 iuvat
1277 1386 1524 1438 glossema,
1567 1388 1650 1428 etsi
1687 1388 1773 1428 hoc
1802 1388 2024 1439 praebent

1132 1450 1271 1490 Codd.
1291 1448 1485 1502 plurimi.
1511 1452 1648 1490 Recte
1667 1449 1918 1491 Bentleius:
1945 1452 2024 1491 «le-

1128 1518 1203 1554 vat
1234 1516 1277 1554 et
1307 1515 1451 1566 aptius
1484 1516 1552 1555 est
1582 1516 1830 1555 sententiae
1862 1518 1903 1555 et
1932 1517 2022 1556 Ho—

1130 1577 1240 1616 ratio
1272 1576 1501 1616 familiare.
1538 1577 1663 1617 Conf.
1689 1577 1829 1629 Epod.
1860 1579 1923 1626 11,
1951 1579 2018 1618 47,

1133 1642 1197 1689 17,
1219 1641 1285 1680 26.
1312 1641 1460 1680 Carm.
1483 1641 1579 1679 Sec.
1601 1640 1667 1680 63.
1694 1641 1781 1680 Sat.
1803 1642 1843 1689 (2,
1864 1641 1902 1690 3,
1922 1642 2017 1681 292.

1130 1704 1240 1755 Epp.
1268 1704 1306 1752 4,
1331 1703 1371 1751 8,
1394 1703 1461 1742 8.»
1498 1703 1744 1753 Praecipua
1776 1702 2021 1754 interpola-

1130 1767 1260 1806 tionis
1293 1775 1428 1805 causa
1450 1764 1553 1814 fuit,
1587 1763 1709 1815 quod
1731 1775 1833 1805 cum
1857 1767 1965 1815 Quid
1985 1770 2022 1805 te

1129 1830 1241 1868 levat
1269 1828 1466 1879 positum
1498 1838 1580 1878 pro
1610 1828 1723 1867 Num
1753 1831 1790 1867 te
1812 1828 1922 1867 levat
1942 1828 2021 1868 ob-

1131 1902 1314 1932 scurum
1335 1889 1580 1938 videretur,
1612 1890 1940 1931 substituerunt
1958 1893 2022 1932 iu—

1127 1959 1214 1995 vat.
1253 1977 1297 1982 —
1331 1953 1473 2005 spinis]
1516 1953 1841 1995 sollicitudines
1880 1966 2020 1997 vanas

1130 2020 1264 2069 atque
1315 2017 1454 2056 animi
1501 2016 1865 2068 perturbationes
1916 2029 2020 2058 cum

1130 2081 1268 2133 spinis
1301 2080 1545 2131 comparat.
1587 2080 1657 2119 Sic
1678 2081 1788 2132 Epp.
1813 2081 1852 2128 11,
1877 2080 1943 2130 ⁴4,
1969 2080 2019 2121 4:

1130 2143 1361 2191 Certemus,
1395 2144 1539 2192 spinas
1559 2143 1755 2183 animone
1775 2154 1849 2195 eqo
1867 2144 2021 2195 fortius

1129 2217 1186 2244 an
1217 2209 1262 2244 tu
1279 2204 1447 2244 Evellas
1467 2216 1589 2256 ayt-o.
1618 2228 1657 2234 -
1685 2207 1809 2256 reete]
1843 2207 2019 2246 «virtuti

1130 2268 1463 2308 convenienter.
1487 2282 1505 2302 »
1553 2291 1596 2295 —
1653 2269 1797 2308 decede
1838 2268 2016 2320 peritis]

1132 2332 1379 2381 «Quoniam
1409 2332 1531 2370 recte
1562 2331 1715 2370 vivere
1747 2332 1909 2381 nescis,
1943 2332 2019 2382 qui

1127 2395 1251 2434 vivas
1273 2394 1454 2434 omnino
1476 2393 1682 2444 indignus
1705 2404 1777 2442 es;
1807 2394 2016 2445 quocirca

1128 2456 1364 2497 moriendo
1396 2456 1452 2496 da
1481 2455 1631 2496 locum
1653 2456 2013 2508 sapientioribus,

1129 2520 1294 2572 quibus
1324 2521 1399 2560 tua
1429 2519 1648 2572 pravitate
1670 2530 1724 2560 ac
1745 2519 1912 2560 desidia
1934 2518 2018 2558 ob-

1129 2586 1262 2624 stas.»
1312 2583 1434 2622 Hanc
1464 2585 1616 2622 autem
1635 2592 1791 2621 veram
1812 2581 1896 2622 loci
1918 2593 2019 2623 sen-

1129 2647 1314 2687 tentiam
1345 2656 1445 2685 esse
1477 2645 1790 2685 demonstrant
1811 2656 1926 2696 quae
1949 2656 2018 2686 se-

1130 2710 1352 2762 quuntur,
1399 2709 1442 2747 in
1487 2707 1649 2758 quibus
1694 2708 1928 2748 manifesto
1960 2708 2016 2748 de

1129 2774 1275 2813 morte
1307 2772 1408 2822 agit.
1459 2769 1734 2811 obversatus
1766 2781 1867 2811 esse
1896 2771 2020 2811 vide-

1131 2837 1203 2875 tur
1232 2836 1394 2886 poetae
1426 2833 1575 2873 animo
1607 2832 1760 2873 similis
1791 2832 1916 2873 locus
1937 2835 2019 2873 Lu-

1132 2897 1257 2938 cretii
1288 2896 1337 2945 3,
1371 2896 1466 2935 965.
1518 2897 1787 2947 Neutiquam
1817 2908 1925 2936 vero
1957 2897 2018 2937 si—

1132 2959 1332 3012 gnificat:
1370 2957 1474 2998 «Alii
1505 2962 1548 2998 te
1577 2960 1718 3010 magis
1741 2961 1844 2999 sunt
1862 2960 2014 3011 periti:

1130 3024 1212 3063 hos
1257 3022 1389 3072 igitur
1431 3021 1583 3061 debito
1628 3022 1799 3061 honore
1844 3021 2017 3062 affice.»

1130 3087 1207 3125 Est
1252 3086 1403 3124 autem
1448 3083 1571 3124 locus
1618 3084 1892 3133 communis,
1942 3086 2016 3136 qui

1131 3146 1309 3187 Florum
1340 3146 1570 3186 offendere
1601 3147 1785 3186 minime
1823 3148 2013 3198 poterat.

1136 3233 1180 3237 —
1214 3209 1379 3261 Lusisti]
1410 3208 1606 3260 Intellige
1638 3209 1831 3248 maxime
1863 3208 1919 3247 de
1949 3219 2018 3248 re-

1131 3271 1217 3313 bus
1247 3272 1469 3312 venereis.
1518 3271 1582 3312 Cf.
1617 3271 1834 3322 imprimis
1864 3270 2016 3309 Naekii

1132 3334 1388 3376 Choerilum
1408 3346 1451 3386 p.
1478 3334 1556 3374 496
1578 3344 1725 3384 seqq,
1759 3333 1833 3382 qui
1853 3343 1897 3383 p.
1918 3331 2013 3371 246.

1131 3398 1261 3437 affert
1278 3407 1461 3437 versum
1486 3408 1539 3436 ex
1560 3394 1669 3436 Plut.
1690 3394 1745 3434 de
1769 3394 1866 3434 fort.
1891 3393 2011 3433 Alex.

1131 3461 1202 3500 Or.
1240 3462 1280 3500 2.
1318 3471 1361 3511 p.
1411 3460 1503 3499 336.
1546 3459 1602 3498 C:
1646 3451 1837 3503 εἜσ-θιε,
1886 3460 2012 3502 πῖνε,

1131 3519 1466 3578 ἀφροδισίαζε·
1492 3513 1639 3560 τᾶλλα
1656 3517 1706 3559 δὲ
1729 3515 1883 3560 οὓδέν.
1919 3520 2016 3559 Sar-
