2231 3787
252 281 351 330 :390

858 279 1068 318 llotmTll
1102 278 1463 319 EPISTULARUM

325 411 456 463 Cum
496 410 567 463 sis
607 419 659 462 et
696 425 861 480 prave
903 417 1107 462 sectum
1148 406 1498 460 stomacheris
1536 407 1603 460 ol)
1647 425 1876 477 unguem

326 513 400 564 De
442 521 491 564 te
532 509 838 582 pendentis,
882 519 931 563 te
972 509 1307 579 respicientis
1347 509 1519 562 amici.

1967 507 1985 560 sl
1999 509 2065 559 Οὔ

366 645 457 685 104.
492 646 593 685 Cum
622 646 697 685 sis:
737 649 774 684 et
808 655 941 694 prave
970 647 1121 683 sectum
1150 642 1422 681 stomacharis
1452 653 1555 682 cum
1597 643 1747 693 paucis
1790 641 1929 681 Codd.
1969 646 2011 683 et

311 708 418 748 Edd.
442 711 547 748 vett.
582 708 775 760 praefert
796 707 1009 746 Kirchner
1031 708 1210 756 thaestt.
1235 705 1381 744 Horat.
1405 716 1447 756 p.
1474 704 1539 743 36.
1570 727 1611 732 —
1639 705 1730 744 1105.
1758 704 2014 754 suspicientis

308 771 362 811 ‹le
395 773 443 811 N.
479 772 639 811 Heinsii
671 771 926 810 coniectura
956 767 1192 808 Bentleius.

253 900 320 927 xv.
346 888 577 927 manifesto
607 886 798 938 probant
827 887 1002 937 po'e'tam
1039 886 1126 924 iam
1190 885 1341 923 attinet
1374 883 1428 923 cs.
1452 884 1569 933 Virg.
1596 884 1701 922 Aen.
1729 883 1803 932 40,
1828 883 1931 924 554:
1968 884 2067 923 Tum

254 950 353 990 inde
376 962 397 989 a
422 963 460 989 v.
486 949 552 990 94.
578 960 681 989 cum
711 951 966 990 Maecenate
989 948 1123 999 loqui,

1188 950 1312 996 caput
1355 946 1514 985 orantis
1558 946 1810 995 nequiquam
1852 949 1888 984 et
1934 947 2065 986 multa

255 1025 362 1061 non,
396 1016 442 1051 ut
473 1011 541 1051 alii
572 1013 653 1051 rati
683 1013 806 1059 sunt,
841 1022 943 1051 cum
964 1010 1126 1062 populo
1184 1009 1392 1057 parantis.

255 1078 448 1114 nomano
480 1072 547 1113 vel
579 1084 682 1113 cum
710 1084 901 1125 persona
933 1073 1057 1117 ficta.
1102 1084 1125 1111 e

255 1137 400 1175 medio
431 1134 594 1187 populo
624 1138 817 1187 arrepta.

310 1198 402 1238 v104.
429 1198 520 1237 1105.
563 1202 600 1237 et
618 1220 641 1226 -
661 1220 684 1226 -
703 1197 982 1249 stomacheris]
1007 1197 1129 1237 Reie-

256 1264 322 1299 πω
353 1259 452 1299 lect.
476 1261 772 1308 stomacharis,
816 1271 930 1311 quae
968 1259 1125 1299 idonea

253 1323 511 1362 auctoritate
561 1325 702 1371 earet,
762 1323 1007 1363 sententiae
1065 1322 1128 1361 sic

255 1385 502 1435 iungendae
533 1386 666 1435 atque
690 1384 976 1436 explicandae
999 1386 1123 1424 sunt:

255 1450 558 1498 «Quamquam
590 1459 638 1487 es
670 1458 822 1487 meum
857 1447 1126 1499 praesidium

254 1514 385 1561 atque
408 1510 600 1561 alioquin
633 1521 685 1549 ex
706 1510 840 1549 animi
871 1510 932 1548 tui
954 1511 1130 1549 senten-

256 1574 311 1611 tia
343 1583 533 1623 meaque
566 1583 722 1620 causa,
756 1583 811 1611 ne
843 1572 1051 1611 deridear
1072 1571 1127 1610 al)

255 1634 368 1683 aliis,
404 1646 535 1685 aegre
566 1634 678 1683 fers,
712 1635 748 1674 si
777 1633 846 1674 vel
870 1635 910 1673 in
931 1646 980 1674 re
1001 1633 1131 1674 levis-

255 1697 352 1737 simi
383 1697 597 1736 momenti
627 1708 652 1735 a
676 1697 790 1736 vitae
812 1696 1026 1747 elegantia
1056 1709 1131 1736 re-

257 1759 366 1798 cedo
405 1762 448 1798 et
487 1758 698 1798 decorem
739 1757 952 1809 negligo.»
987 1781 1033 1787 —
1068 1760 1131 1798 De

257 1828 292 1860 le
319 1821 543 1872 pendentis]
575 1832 663 1860 non
684 1832 736 1861 eo
759 1832 915 1868 sensu,
950 1832 1037 1872 quo
1061 1822 1132 1861 iis-

258 1883 361 1922 dem
391 1882 541 1923 verbis
577 1885 777 1923 uteretur
819 1882 1021 1922 adulator
1062 1881 1131 1922 vel

260 1947 494 1996 parasitus,
519 1945 615 1985 sed:
645 1947 743 1996 «qui
759 1944 897 1985 libera
915 1944 1130 1985 electione

260 2019 364 2047 usus
400 2010 501 2046 tuae
532 2007 742 2048 voluntati
779 2019 878 2049 sese
910 2007 1131 2059 applicare

259 2070 406 2109 studet
436 2071 563 2109 unice
594 2072 776 2121 propter
806 2072 1010 2110 mutuum
1041 2071 1133 2110 sin-

260 2143 390 2172 cerae
422 2133 637 2172 amicitiae
668 2133 911 2178 fructum;»
953 2145 1016 2172 αη
1046 2133 1134 2172 dir

261 2196 520 2246 laitnyend,
554 2206 663 2234 non:
694 2207 792 2234 von
823 2196 908 2234 dir
937 2196 1133 2235 abhan-

258 2258 352 2307 112'9-
406 2258 558 2306 Neque
589 2267 772 2307 prorsus
802 2256 921 2296 idem
943 2259 1010 2297 est
1030 2256 1130 2296 illud

263 2320 348 2359 Cic.
375 2319 428 2358 ad
453 2320 569 2358 Fam.
595 2319 640 2368 6,
674 2320 748 2369 ⁶22,
781 2321 827 2360 2:
863 2321 1136 2359 incolumitati

260 2387 355 2421 luae
383 2386 650 2431 tuorumque,
689 2382 760 2430 qui
788 2393 842 2421 ea:
869 2386 907 2422 te
929 2383 1131 2432 pendent,

259 2445 461 2484 consulas.
509 2443 636 2485 Silius
668 2444 741 2494 43,
775 2444 876 2486 504:
910 2446 1036 2495 deque
1056 2446 1136 2484 tuis

255 2507 477 2556 pendentia
507 2508 715 2546 Dardana
742 2508 862 2558 fatis,
894 2506 970 2547 ubi
1000 2508 1136 2558 signi-

260 2570 383 2617 ficat,
426 2570 555 2610 unius
596 2569 785 2610 salutem
822 2582 925 2610 cum
954 2570 1134 2610 alterius

262 2630 400 2671 salute
420 2633 691 2672 necessitatis
708 2633 902 2684 quadam
916 2632 1013 2684 lege
1033 2643 1136 2672 con-

261 2695 454 2733 iunctam
486 2704 600 2734 esse.
629 2718 671 2723 —
697 2699 733 2735 te
752 2696 1016 2747 respicientis]
1040 2695 1135 2734 «cui

264 2758 303 2795 in
335 2757 461 2795 (lictis
493 2757 721 2808 factisque,
756 2759 853 2798 tuos
884 2768 1042 2798 sensus
1079 2768 1133 2796 ne

260 2829 455 2868 unquam
477 2817 640 2868 laedat,
673 2820 809 2859 immo
831 2822 878 2859 ut
906 2819 981 2859 tibi
1002 2820 1137 2858 hone-

263 2882 327 2919 ste
345 2880 627 2929 gratificetur,
646 2883 921 2933 propositum
940 2884 1020 2928 est,
1041 2882 1136 2931 qui-

263 2953 349 2992 que
368 2942 496 2982 simul
529 2944 567 2982 in
601 2944 719 2983 omni
740 2944 855 2982 vitae
874 2943 1132 2983 condicione

264 3015 390 3054 ,spem
417 3015 542 3044 suam
575 3006 615 3044 in
646 3006 687 3044 te
711 3006 925 3056 reponit.»
972 3006 1135 3045 Caesar

264 3066 308 3105 B.
331 3067 376 3105 (j.
405 3067 446 3104 4.
486 3067 497 3104 l
521 3079 524 3101 :
574 3067 633 3105 sin
666 3067 883 3106 Caesarem
912 3067 1135 3116 respiciant

263 3132 386 3176 (itque
413 3127 499 3166 eius
532 3129 718 3179 φ’(ιίὲανη
753 3131 991 3177 sequantur.
1043 3129 1129 3168 Liv.

262 3189 304 3233 4.
341 3188 415 3237 46,
449 3189 493 3229 8:
540 3190 776 3239 praesidia,
820 3200 928 3238 quae
956 3191 1133 3239 respice-

263 3256 350 3290 rent
383 3252 422 3290 in
444 3262 489 3291 re
508 3252 684 3301 trepida.
720 3251 828 3291 Nihil
851 3253 999 3292 autem
1021 3264 1132 3304 opus

265 3314 424 3353 lleinsii
447 3315 558 3353 coni.
583 3314 858 3363 suspicientis,
894 3325 1135 3354 «veneran-

263 3375 363 3421 tis‚»
397 3375 513 3425 quod
547 3375 691 3415 minus
721 3376 871 3426 utique
904 3378 969 3415 est
999 3387 1130 3427 quam

1245 1133 1446 1172 ‹too-1108.
1479 1132 1540 1172 Aa
1568 1132 1786 1184 summam]
1818 1134 1904 1173 Sat.
1939 1133 1983 1182 11,
2016 1133 2064 1182 3,

1191 1195 1292 1234 2137:
1339 1196 1401 1234 Ne
1435 1195 1604 1245 longyum
1637 1194 1808 1245 faciam.
1855 1218 1898 1224 —
1942 1196 2067 1235 Ioca-

1191 1261 1282 1297 tur:
1338 1257 1454 1296 «Sed
1500 1258 1547 1296 ut
1589 1255 1826 1307 aliquando
1869 1256 2067 1308 philoso-

1191 1319 1316 1370 phari
1347 1319 1574 1368 desinam,
1623 1319 1870 1359 Stoicorum
1912 1317 2067 1377 παρά-

1189 1378 1332 1432 δοξον
1363 1393 1514 1421 meum
1546 1381 1747 1422 faciam.»
1799 1383 1868 1421 Sic
1898 1383 1940 1421 in
1966 1394 2069 1423 con-

1191 1443 1388 1483 clusione
1421 1444 1555 1483 etiam
1588 1444 1678 1484 Cic.
1704 1444 1759 1483 de
1781 1443 1902 1483 offic.
1929 1445 1944 1483 ’1
1966 1477 1974 1493 ,
1997 1443 2064 1493 4⁴,

1192 1507 1207 1545 »Ι
1219 1505 1293 1545 49:
1326 1506 1388 1545 Ad
1416 1517 1645 1555 summam,
1678 1518 1728 1546 ne
1755 1518 1884 1557 aqam
1914 1507 1962 1547 de
1981 1508 2068 1546 sin—

1189 1569 1318 1619 gulis,
1356 1580 1614 1608 communem
1643 1569 1767 1608 totius
1793 1570 1956 1621 generis
1993 1570 2069 1610 ho-

1191 1632 1348 1671 minum
1377 1631 1706 1670 conciliationem
1733 1635 1770 1671 et
1796 1633 2070 1673 consociatio-

1190 1704 1282 1732 nem
1301 1693 1446 1741 colere,
1469 1693 1591 1741 tueri,
1613 1704 1783 1732 servare
1802 1693 2002 1733 debemus.
2023 1717 2066 1722 —-

1190 1757 1328 1794 minor
1345 1777 1368 1783 —
1389 1754 1494 1806 Iove]
1527 1755 1777 1794 «Sententia
1797 1755 2065 1797 Stoicorum:

1191 1818 1239 1857 In
1266 1818 1340 1856 hoc
1369 1817 1534 1867 sapiens
1562 1817 1701 1856 πιὶηον
1730 1821 1787 1857 θεῖ.
1814 1819 1928 1868 Iove,
1971 1819 2071 1869 quia

1191 1880 1412 1919 moritur.»
1469 1882 1628 1919 Aenon.
1689 1880 1900 1920 Ceterum
1945 1893 2071 1922 com—

1195 1953 1328 1980 mune
1351 1943 1446 1980 erat
1465 1937 1740 1997 παράδοξον
1756 1944 1800 1982 et
1820 1943 2071 1983 Stoicorum

1196 2006 1238 2043 et
1267 2004 1454 2055 Epicuri.
1507 2003 1628 2043 Stob.
1654 2003 1742 2042 Ecl.
1767 2005 1841 2055 ph.
1869 2005 1916 2054 2,
1950 2006 1989 2044 7.
2024 2017 2066 2057 p.

1198 2066 1288 2106 198.
1313 2067 1389 2106 H.:
1438 2062 1523 2118 τὴν
1558 2063 1653 2105 τῶν
1683 2061 1882 2119 ἀγαθῶν
1913 2062 2071 2108 εὐδαι-

1193 2130 1368 2180 μονίαν
1412 2125 1481 2181 μὴ
1527 2126 1770 2185 διαφέρειν
1812 2124 1898 2182 τῆς
1935 2130 2071 2181 θείας

1195 2185 1517 2243 εὖδαιαονίας,
1575 2189 1698 2243 μηδὲ
1756 2187 1844 2243 τὴν
1899 2205 2070 2250 αμερι-

1194 2255 1339 2306 μνίαν
1369 2249 1396 2292 ὁ
1427 2250 1716 2310 Χρύσιππός
1744 2267 1867 2307 φησι
1901 2252 2070 2306 διατρέ-

1195 2329 1292 2372 ρειν
1336 2313 1420 2368 τῆς
1463 2312 1549 2357 τοῦ
1593 2312 1706 2367 Διὸς
1746 2312 2067 2370 εὖὸαιμονίας.

1196 2379 1444 2432 Simplicius
1476 2380 1612 2432 Epict.
1645 2391 1688 2431 p
1715 2381 1806 2420 199.
1831 2381 1994 2422 Schw:
2042 2378 2070 2422 ὁ

1196 2438 1357 2493 σοφὸς
1400 2443 1465 2492 εἰς
1508 2439 1597 2494 τὴν
1640 2439 1940 2499 ἑξῃρηιιένην
1986 2441 2072 2497 τῆς

1195 2505 1426 2557 γενέσεως
1445 2499 1690 2562 ὑπεοοχὴν
1711 2502 1796 2557 τῆς
1815 2503 1940 2558 ζωῆς
1960 2500 2072 2546 ἅνα-

1196 2568 1375 2624 τρέχων
1406 2561 1463 2608 οὗ
1503 2564 1758 2618 συμπότης
1793 2563 1949 2619 μόνον
1978 2563 2072 2608 τῶν

1196 2627 1503 2686 κοειττόνων,
1548 2624 1670 2668 ἀλλὰ
1706 2630 1788 2669 καὶ
1817 2626 2071 2687 συνάρχων

1197 2693 1388 2745 γίνεται.
1441 2693 1608 2732 Seneca
1642 2692 1777 2743 Epist.
1802 2692 1874 2731 73:
1908 2693 2073 2734 Solebat

1196 2755 1364 2795 Sextius
1394 2754 1724 2805 (Pythagoreus)
1748 2754 1905 2804 dicere,
1937 2757 2072 2796 Iovem

1191 2817 1287 2866 plus
1314 2828 1396 2855 non
1429 2827 1546 2866 posse
1576 2827 1705 2865 quam
1734 2816 1886 2856 bonum
1913 2818 2103 2860 virum„

1197 2877 1360 2917 Aelian.
1380 2879 1428 2917 V.
1451 2879 1499 2918 H
1520 2877 1558 2946 4,
1581 2878 1652 2917 43:
1672 2872 1956 2936 Επίκουρος
1977 2874 2070 2920 ἑλε-

1195 2952 1274 2993 «sev
1295 2939 1496 2992 ἑτοίμως
1527 2934 1653 2987 ἔχειν
1682 2941 1764 2981 καὶ
1786 2938 1848 2995 τῷ
1868 2940 1944 2982 Διὶ
1965 2942 2068 2999 περὶ

1197 3000 1504 3053 εὐδαιιιονίας
1547 3000 1930 3056 διαγωνίζεσθαι,
1973 3003 2070 3056 μά-

1196 3067 1278 3115 ζαν
1310 3060 1434 3113 ἔχων
1464 3065 1543 3105 καὶ
1575 3059 1715 3123 ὕδωρ.
1768 3066 1901 3115 Quid,
1949 3066 2068 3118 quod

1197 3126 1364 3178 longius
1396 3128 1529 3167 etiam
1559 3137 1822 3178 progressus
1844 3129 1912 3168 est
1932 3128 2070 3178 Chry-

1196 3190 1349 3240 sippus
1380 3189 1674 3232 contendens:
1721 3184 1865 3246 ἀρετῇ
1895 3201 1945 3230 τε
1975 3185 2067 3238 οὐχ

1196 3247 1390 3308 ὑτε-οέχ
1380 3264 1441 3291 -ιν
1475 3248 1560 3291 τὸν
1598 3250 1688 3292 Δία
1730 3249 1815 3292 τοῦ
1859 3227 2066 3302 Δίῗυνος,

1195 3309 1493 3363 ὠφελεῖσθαί
1522 3325 1570 3353 τε
1601 3308 1782 3388 ὁμοιως
1812 3307 1887 3352 ὑπ’
1919 3307 2068 3367 ἀλλή-

1196 3374 1289 3416 ὶων
1318 3373 1402 3416 τὸν
1422 3374 1511 3416 Δία
1542 3376 1622 3415 καὶ
1653 3371 1735 3415 τὸν
1764 3373 1946 3424 Δίωνα,
1978 3388 2066 3416 σο-

264 3436 536 3486 praecedens
567 3448 605 3476 ν.
625 3437 837 3487 pendentis
867 3448 918 3476 ac
939 3437 1006 3477 vel
1029 3449 1133 3489 pro-
1195 3435 1322 3489 ([οὑς
1365 3432 1529 3489 ὄντας,
1576 3431 1693 3477 ὅταν
1722 3430 1879 3493 ἕτερος
1922 3437 2065 3478 θατέ-

262 3500 411 3548 pterea
453 3498 641 3550 languet.
716 3499 840 3547 Quod
883 3499 937 3540 ad
975 3510 1133 3542 sonum

1195 3512 1282 3558 ρου
1328 3497 1538 3558 τυγχάνῃ
1584 3499 1887 3550 neroum-'voa
1940 3499 2060 3549 (Plut.
