2231 3787
807 282 905 321 LlB.
941 282 990 320 11.
1052 280 1215 321 EPIST.
1250 282 1299 320 Il.

1871 276 1962 328 (554

221 414 436 468 Scilicet
473 422 530 467 ut
568 413 764 467 vellem
803 431 969 467 curvo
1010 412 1296 466 dinoscere
1341 421 1543 467 rectum

217 519 389 588 Atque
432 517 566 569 inter
605 515 765 569 silvas
805 515 1058 570 Academi
1097 532 1364 587 quaerere
1409 533 1613 569 verum.

216 620 362 671 Dura
403 618 501 671 sed
540 636 792 672 emovere
833 618 952 672 loco
992 636 1077 672 me
1118 626 1360 689 tempora
1399 626 1576 689 grato,

220 720 513 792 Civilisque
553 720 744 773 rudem
782 720 908 773 belli
954 720 1068 773 tulit
1106 728 1288 774 aestus
1328 720 1380 772 in
1420 737 1569 773 arma

221 822 468 877 Caesaris
507 823 729 894 Augusti
767 839 875 875 non
914 840 1245 893 responsura
1283 822 1513 876 lacertis.

216 924 368 979 Unde
409 924 565 978 simul
604 925 837 996 primum
875 942 961 978 me
1001 924 1256 978 dimisere
1294 924 1550 995 Philippi.

202 1095 380 1132 omnes,
428 1086 476 1122 ut
520 1084 715 1132 videtur,
762 1084 978 1131 Pottierii,
1029 1083 1214 1122 LCtFMs
1247 1083 1290 1121 et
1319 1080 1565 1130 Bentleius‚
1594 1083 1749 1131 possim
1779 1081 1842 1121 Ed
1878 1086 1917 1121 et

199 1145 366 1197 aliquot
385 1147 513 1186 Feae.
542 1170 585 1175 —-
611 1147 821 1186 dinoscere
850 1145 996 1186 bSEc:
1031 1145 1269 1196 dignoscere
1299 1144 1523 1184 LCtFMJs.
1553 1167 1595 1172 -
1634 1143 1713 1194 (46.
1748 1144 1922 1183 Habent

199 1220 386 1249 emovere
415 1208 559 1257 bScd,
603 1220 691 1249 non
722 1220 938 1258 amovere,
986 1210 1034 1248 ut
1072 1208 1212 1248 Codd.
1246 1207 1346 1259 aliq.
1382 1206 1634 1256 Pulmanni,
1682 1207 1769 1247 duo
1808 1209 1919 1247 Feae

202 1275 244 1311 et
274 1271 457 1312 Aldinae
490 1271 612 1322 tres.)

145 1407 495 1448 commoratione
540 1406 628 1446 vid.
661 1405 718 1445 ad
757 1417 940 1446 versum
976 1406 1027 1446 82

146 1482 214 1522 sq.
237 1493 281 1498 —
308 1474 350 1509 ut
370 1469 526 1519 vellem]
561 1472 633 1508 «ut
650 1469 855 1509 arderem
882 1468 1027 1509 studio

144 1532 238 1572 veri
275 1531 527 1583 reperiendi
568 1531 749 1582 proprio
788 1531 922 1570 animi
960 1531 1028 1570 in—

145 1595 350 1635 stinctu.»
401 1594 470 1633 Sic
510 1596 660 1633 autem
701 1594 888 1633 Codices
919 1605 1028 1645 per-

145 1658 270 1706 boni,
306 1657 387 1697 etsi
419 1657 460 1696 in
488 1655 713 1708 plerisque
737 1656 1026 1696 substitutum

146 1722 211 1760 est
240 1721 559 1771 perantiquum
581 1718 714 1770 gloss.
734 1730 911 1769 possem,
938 1731 1026 1770 quo

146 1782 250 1823 illud
280 1785 571 1834 praepostere
604 1780 900 1833 explicabant.
939 1784 1029 1821 Ne-

145 1858 218 1886 mo
251 1846 402 1885 contra
436 1844 766 1896 simplicissimo
797 1857 838 1884 v,
864 1835 1028 1895 possem

145 1909 447 1951 substituisset
487 1909 652 1957 vellem,
701 1908 822 1959 quod
857 1910 1028 1960 recepit

146 1973 278 2012 etiam
323 1972 686 2022 Cuninghamius.
745 1975 808 2011 Ac
853 1982 935 2023 per
979 1983 1026 2012 se

145 2033 284 2074 multo
330 2034 647 2084 significantius
693 2036 761 2074 est
806 2036 1024 2073 nostrum.

151 2120 194 2125 —
228 2108 356 2135 curvo
388 2097 596 2135 dinoscere
627 2096 799 2147 rechten]
831 2098 954 2136 Pers.
978 2096 1025 2143 4,

148 2160 220 2199 1¹2:
246 2160 414 2199 Rectam
435 2159 647 2207 discernis,
670 2158 739 2196 vubi
760 2159 869 2197 inter
889 2159 1029 2198 Curva

146 2222 265 2262 subit.
312 2220 407 2261 Noli
437 2223 587 2260 autem
618 2232 746 2259 συνυο
776 2232 857 2272 pro
880 2220 1029 2260 dativo

146 2285 338 2334 habere,
377 2284 459 2325 sed
491 2283 604 2324 conf.
630 2284 738 2335 Epp.
765 2284 808 2330 4,
850 2285 925 2333 45,
959 2284 1027 2323 ⁶29.

151 2371 196 2376 —
229 2349 338 2387 inter
373 2348 500 2386 silvas
534 2347 751 2398 Academi]
792 2347 855 2386 De
892 2347 1030 2386 heroe

148 2410 374 2450 Academo
407 2410 461 2449 cf.
500 2409 609 2449 Plut.
648 2410 780 2449 Thes.
815 2409 881 2449 32.
928 2410 1032 2449 Eius

149 2473 388 2524 imaginem
404 2472 558 2513 videas
575 2473 618 2512 in
638 2472 889 2523 anaglypho
901 2473 1034 2512 Athe-

150 2536 289 2575 niensi
322 2535 442 2586 apud
473 2535 683 2575 Gerhard‘
702 2536 918 2575 Archaeol.
942 2536 1029 2587 Zt9.

148 2600 218 2638 ΙΙΙ.
249 2609 292 2649 p.
324 2598 416 2638 429.
458 2597 635 2649 Eupolis
674 2599 876 2638 Meinekii
908 2599 958 2637 ΙΙ.
993 2599 1031 2647 i,

149 2672 192 2713 p.
235 2660 341 2700 437:
396 2655 474 2700 Ἓν
523 2657 736 2711 εὐσκίοις
779 2659 1034 2718 δρόμοισιν

143 2718 415 2776 Ἆκαὸήμου
433 2721 567 2764 θεοῦ.
594 2726 796 2765 «Frustra
815 2725 1033 2765 Meursius

148 2785 330 2826 volebat
372 2784 648 2844 ὁρυμοῐσιν·
696 2783 868 2843 δρόμοι
914 2787 1034 2826 enim

154 2850 257 2889 sunt
297 2851 437 2900 spatia
468 2861 502 2889 s.
537 2849 634 2890 loca
666 2849 845 2901 publica
878 2849 1035 2889 deam-

150 2910 451 2953 bulationibus
497 2915 736 2965 cursuique
789 2909 1069 2960 destinata,⁵

153 2973 316 3024 quibus
356 2975 589 3015 Cimonem
628 2975 916 3015 Academiam
959 2986 1037 3014 ex-

153 3047 335 3076 ornasse
375 3039 531 3076 auctor
561 3039 629 3077 est
668 3037 889 3077 Plutarch.
923 3038 1033 3078 Cim.

156 3098 250 3137 43.»
283 3100 410 3139 Mum.
459 3099 753 3138 Academicos
775 3100 905 3149 igitur
925 3100 1039 3138 inter

155 3159 342 3199 aliarum
374 3159 707 3211 disciplinarum
730 3161 937 3200 doctores
959 3171 1039 3199 au-

154 3222 233 3262 diit
263 3222 318 3262 ab
351 3223 493 3273 iisque
525 3222 697 3271 didicit,
732 3234 891 3262 verum
927 3233 1040 3272 quo—

155 3285 290 3325 modo
323 3297 426 3325 cum
457 3288 673 3337 perpetua
705 3288 857 3325 lamen
885 3282 1037 3337 ἐποχῆ

154 3349 512 3400 investigandum
536 3350 604 3390 sit.
629 3348 921 3400 Philosophos
944 3349 1043 3399 Epi-

155 3423 313 3452 cureos
335 3423 442 3452 sane
465 3424 553 3451 non
575 3410 780 3462 neglexit.
806 3435 849 3439 —-
872 3418 1040 3470 verum]

155 3473 346 3515 refertur
368 3476 560 3515 maxime
578 3474 634 3514 ad
656 3473 901 3521 dialectica3
928 3473 1043 3525 phy-

155 3537 246 3577 sica
277 3538 494 3578 tractasse
527 3548 615 3577 non
646 3536 836 3577 videtur.

1147 1404 1318 1445 [ιδ-511.
1365 1405 1564 1454 emovere]
1599 1404 1689 1452 «vi,
1731 1406 1800 1442 cui
1830 1403 1975 1443 resisti

1093 1479 1181 1507 non
1211 1468 1407 1519 poterat,
1443 1465 1680 1518 expulere,
1719 1467 1849 1505 rissen
1880 1466 1976 1505 her—

1092 1542 1212 1570 aas.»
1260 1530 1467 1569 «Athenis
1490 1530 1607 1569 enim
1631 1530 1840 1569 evocatus
1864 1531 1931 1568 est
1952 1540 1976 1567 a

1091 1595 1249 1643 Bruto,
1284 1593 1358 1644 qui
1392 1596 1494 1632 tunc
1524 1593 1737 1632 Achaiam
1769 1594 1812 1631 et
1840 1591 1977 1631 Athe-

1091 1669 1170 1697 nas
1201 1656 1406 1704 tenebat,
1439 1657 1574 1695 Bruto
1607 1656 1806 1705 cognitus
1837 1665 1860 1693 a
1884 1656 1975 1695 stu-

1092 1720 1173 1760 diis
1205 1718 1534 1771 philosophiae,
1568 1719 1611 1757 in
1645 1729 1731 1768 qua
1755 1719 1860 1756 tunc
1884 1719 1979 1756 erat

1091 1782 1258 1822 celebri
1289 1782 1512 1821 nomine.»
1554 1781 1693 1820 Comi.
1721 1780 1851 1825 Caco.
1886 1780 1974 1818 Sat.

1093 1847 1138 1893 ’1,
1173 1845 1221 1893 6,
1255 1844 1332 1884 48:
1383 1844 1501 1893 Quod
1530 1843 1630 1882 milii·
1663 1846 1837 1892 pareret
1873 1842 1978 1893 leqio

1092 1910 1282 1947 Romana
1312 1907 1492 1946 tribano.
1542 1905 1606 1946 Cf.
1632 1907 1720 1945 Sat.
1747 1906 1791 1954 vl,
1826 1905 1873 1953 7,
1909 1905 1975 1944 48.

1091 1970 1288 2010 Aliorum
1318 1968 1451 2010 lectio
1474 1968 1593 2020 apud
1624 1969 1757 2008 Feam
1789 1978 1980 2006 amovere

1093 2032 1286 2084 languet.
1336 2055 1384 2061 -—
1436 2032 1658 2081 Civilisque
1702 2030 1809 2082 cet]
1858 2032 1977 2070 Con—

1094 2099 1239 2135 strue:
1265 2096 1406 2136 Civilis
1426 2099 1562 2134 aesia-s
1583 2093 1722 2146 (furor
1741 2094 1873 2133 civilis
1895 2093 1973 2132 Od.

1094 2157 1139 2206 4,
1176 2159 1248 2205 115,
1283 2158 1365 2207 118.)
1399 2169 1471 2196 me
1515 2158 1662 2196 rudem
1706 2157 1797 2195 belli
1840 2166 1976 2194 caeco

1096 2219 1293 2270 quodam
1326 2220 1495 2270 impetu
1526 2219 1682 2258 tulitin
1704 2229 1849 2267 arma,
1874 2218 1982 2257 ima-

1095 2284 1195 2334 gine
1229 2283 1467 2333 desumpta
1500 2281 1555 2321 ab
1594 2284 1791 2321 torrente
1832 2281 1979 2320 omnia

1096 2357 1253 2387 secum
1280 2347 1458 2397 ferente,
1493 2345 1755 2396 abripiente.
1810 2343 1873 2383 Cf.
1898 2343 1976 2383 Od.

1095 2411 1145 2459 Ξ,
1179 2409 1227 2458 7,
1262 2409 1340 2448 45ε
1389 2409 1439 2447 Te
1467 2419 1615 2447 rursus
1654 2408 1697 2446 in
1735 2407 1884 2446 bellum
1912 2417 1982 2446 re-

1096 2472 1263 2513 sorbens
1310 2472 1428 2510 Unda
1470 2472 1587 2522 fretis
1631 2470 1725 2510 tulit
1764 2469 1977 2509 aestuosis.

1101 2559 1146 2564 —-
1164 2547 1247 2575 ozon
1267 2534 1534 2586 responsura]
1561 2534 1673 2573 «fato
1696 2533 1759 2573 sic
1781 2532 1979 2580 iubente,

1098 2599 1221 2650 paria
1251 2609 1340 2637 non
1371 2597 1559 2637 futura.»
1587 2620 1628 2626 —
1665 2596 1845 2645 lacertis]
1872 2594 1984 2634 «for-

1099 2662 1271 2701 titudini
1299 2672 1351 2700 ac
1370 2659 1510 2700 multo
1533 2660 1689 2699 maiori
1710 2657 1980 2710 potentiae,»

1100 2726 1227 2776 quasi
1276 2724 1332 2764 de
1386 2722 1603 2763 luctatore
1652 2721 1980 2761 robustissimo.

1101 2788 1163 2828 Cf.
1190 2788 1278 2827 Cic.
1304 2786 1359 2825 ad
1390 2787 1510 2825 Fam.
1545 2784 1593 2833 4,
1626 2785 1679 2833 7,
1712 2784 1761 2823 ⁶3:
1810 2785 1983 2835 Puqna-

1099 2851 1246 2889 bamus
1276 2848 1442 2887 lacertis
1462 2851 1499 2887 et
1525 2846 1706 2896 viribus,
1739 2845 1886 2894 quibus
1901 2857 1982 2896 pa-

1098 2924 1164 2952 res
1201 2923 1283 2950 ¹non
1322 2921 1503 2949 eramus.
1542 2931 1585 2936 —
1617 2908 1741 2947 simul
1776 2908 1981 2960 primam]

1103 2973 1393 3024 Frequentius
1415 2974 1483 3012 est
1502 2976 1548 3011 ici
1560 2972 1774 3022 primum,
1807 2971 1876 3011 ubi
1890 2972 1983 3021 pri-

1099 3047 1237 3084 mum,
1278 3035 1469 3074 simulac,
1507 3056 1551 3062 —
1587 3034 1790 3085 dimisere]
1825 3035 1984 3073 «Tam-

1102 3109 1236 3150 quam
1268 3098 1304 3137 si
1336 3098 1594 3137 missionem
1626 3097 1920 3148 accepissem,
1960 3109 1983 3134 a

1103 3158 1252 3200 militia
1301 3171 1372 3199 me
1419 3159 1631 3207 subduxi,
1679 3158 1805 3198 aliter
1848 3168 1983 3208 quani

1103 3224 1205 3263 fecit
1225 3224 1463 3274 Pompeius
1493 3222 1585 3270 ille,
1617 3233 1805 3261 meorum
1819 3221 1985 3270 primus

1103 3286 1352 3325 sodalium.»
1403 3285 1481 3325 Od.
1520 3286 1565 3333 Ξ,
1610 3285 1659 3333 7,
1705 3284 1770 3322 45.
1808 3306 1850 3311 —-
1888 3283 1984 3321 Phi-

1104 3348 1219 3400 lippi]
1252 3347 1328 3387 ubi
1358 3349 1518 3387 Brutus
1550 3350 1593 3386 et
1632 3346 1809 3386 Cassius
1846 3345 1984 3384 inter-

1106 3411 1252 3450 ierunt
1283 3422 1320 3449 a.
1353 3422 1395 3449 u.
1429 3422 1466 3449 c.
1500 3410 1592 3448 7112.
1642 3406 1859 3447 wielandi
1891 3407 1983 3447 dis-

1107 3473 1380 3524 putationem
1431 3472 1485 3511 de
1533 3471 1618 3510 hoc
1664 3469 1763 3509 loco
1808 3480 1982 3510 summa

1107 3547 1209 3576 cum
1232 3536 1325 3575 arte
1344 3533 1568 3574 elaborato
1588 3532 1685 3573 vide
1708 3533 1751 3574 in
1768 3533 1980 3572 Excursu.
