2231 3787
225 253 326 305 530

835 248 1049 288 HORATII
1080 246 1447 287 EPISTULARUM

299 385 449 438 Dicat
489 391 539 435 et
575 381 656 433 his
696 379 874 433 verbis
913 395 1111 432 vacuas
1151 374 1482 447 permulceat
1520 389 1712 426 aures:

300 489 441 540 Tene
481 483 652 554 magis
691 481 897 535 salvum
943 479 1176 551 populus
1214 475 1365 533 velit,
1408 492 1473 527 an
1514 472 1775 544 populum
1812 481 1892 532 tu,

302 590 491 642 Servet
531 587 581 637 in
622 584 900 654 ambiguo,
944 582 1035 652 qui
1076 577 1306 633 consulit
1344 586 1396 631 et
1433 575 1527 629 tibi
1569 583 1621 628 et
1657 574 1805 634 urbi,

300 689 566 761 Iuppiter:
607 684 828 755 Augusti
867 682 1056 735 laudes
1096 697 1392 752 agnoscere
1431 679 1637 750 possis:

304 793 437 846 Cum
477 788 674 861 pateris
715 785 932 856 sapiens
972 782 1403 853 emendatusque
1443 781 1652 841 vocari,

1991 779 2058 830 30

301 890 690 963 Respondesne
729 897 846 950 tUO,
889 886 976 940 dic
1016 885 1201 948 sodeS,
1243 884 1500 938 nomine?
1544 884 1748 954 Nempe

299 997 339 1047 V
346 996 388 1046 ir
427 993 600 1047 bonus
640 1000 692 1045 et
729 989 970 1061 prudens
1010 988 1116 1042 dici
1159 986 1400 1040 delector
1439 1002 1540 1056 ego
1580 1002 1643 1038 30
1681 992 1752 1037 tu.

302 1096 405 1162 Qui
445 1093 595 1148 dedit
631 1092 734 1146 hoc
771 1090 956 1151 hodie,
999 1107 1147 1151 craS,

1191 1088 1234 1143 si
1272 1086 1439 1149 volet,
1483 1086 1713 1149 auferet,
1754 1093 1812 1138 ut
1850 1086 1893 1138 si

342 1240 408 1279 29.
435 1237 600 1288 possis?
629 1238 673 1276 F.
702 1260 746 1265 —-
772 1235 837 1274 30.
863 1235 965 1275 Cum
985 1234 1132 1283 cupias
1150 1231 1236 1281 bS,
1270 1232 1376 1271 item
1398 1241 1442 1279 c,
1477 1229 1559 1270 sed
1588 1240 1811 1280 superscr.
1832 1229 2004 1278 pateris.

288 1304 362 1353 (Ex
392 1300 510 1340 nullo
542 1310 725 1339 suorum
755 1299 872 1337 hanc
909 1297 1189 1336 arbitrariam
1229 1294 1522 1333 variationem
1551 1292 1719 1330 notavit
1747 1290 2003 1338 Pottierius‚

288 1367 352 1415 et,
386 1366 434 1403 ut
454 1374 560 1411 nos,
585 1362 648 1412 E.)
676 1385 719 1389 —
747 1360 812 1399 31.
836 1360 1025 1399 nomine:
1060 1360 1239 1408 «Nempe
1259 1381 1281 1386 -
1301 1380 1324 1386 —
1348 1368 1398 1396 ac
1419 1355 1519 1395 &ch»
1553 1354 1779 1405 distinguit
1808 1354 1931 1393 Iahn.
1959 1375 2003 1380 —

286 1430 352 1469 32.
388 1427 581 1467 delector.
613 1426 702 1475 E90
733 1435 783 1463 ac
814 1427 870 1463 ta.
904 1423 1112 1473 Doering.
1150 1443 1194 1449 -
1230 1421 1295 1460 33.
1329 1423 1403 1459 aut
1423 1420 1532 1467 siE,
1565 1418 1909 1469 utsisuperscr.
1934 1419 2009 1454 aut

285 1492 329 1531 h.
359 1513 403 1519 -
437 1489 504 1529 34.
539 1488 717 1528 detrahit
748 1486 804 1525 hc
837 1486 937 1535 (non
972 1486 1064 1535 SE).
1093 1508 1135 1513 —-
1161 1484 1226 1523 36.
1250 1484 1362 1522 Idem
1384 1482 1514 1533 (ego),
1547 1481 1580 1518 si
1601 1503 1624 1508 -
1644 1503 1668 1509 -
1687 1480 1888 1520 Mor-clear
1908 1479 2008 1518 iun—

232 1618 360 1669 poe‘ta
406 1617 540 1664 atque
579 1611 745 1651 Horatii
786 1611 969 1649 amicus.
1033 1608 1113 1656 Qui
1145 1610 1150 1663 Ι
1178 1609 1240 1656 ut,
1266 1605 1650 1658 quemadmodum
1679 1604 1822 1645 solent
1842 1603 2060 1656 plerique,

231 1679 436 1729 iungunt:
472 1677 540 1715 «Si
571 1674 669 1726 quis
695 1673 774 1713 tibi
797 1673 913 1712 dicat
936 1671 1112 1722 (narret)

230 1741 346 1783 bella
378 1740 432 1780 ab
464 1740 660 1789 Augusto
693 1739 865 1788 gesta,»
899 1735 1019 1774 haud
1049 1745 1117 1774 sa-

231 1806 285 1845 tis
317 1802 611 1855 explicarunt,
656 1811 740 1839 nec
773 1797 999 1849 quomodo
1030 1797 1116 1836 hoc

231 1868 327 1907 fieri
370 1866 567 1917 potuerit
605 1874 695 1902 11011
733 1863 855 1913 prius
886 1860 1115 1900 nominato

230 1931 428 1981 Augusto
461 1937 597 1978 quam
626 1937 668 1964 v.
696 1925 790 1970 ⁶29.,
824 1934 971 1973 neque
1003 1933 1118 1973 quo-

232 1984 370 2032 modo
398 1991 508 2038 hoc,
542 1990 589 2028 ut
619 1998 759 2040 prope
792 1997 980 2026 necesse
1005 1986 1115 2033 erat,

229 2056 352 2107 prius
388 2053 613 2093 nominato
650 2051 768 2089 Varii
809 2047 1018 2089 versiculi
1047 2046 1117 2087 vel

233 2117 289 2156 ab
347 2114 735 2167 impudentissimo
789 2110 1016 2151 adulatore
1062 2110 1117 2149 ad

232 2179 458 2228 Quintium
503 2176 733 2216 transferri
778 2173 1017 2226 potuerint.
1070 2194 1114 2198 —

228 2240 400 2292 vacuas]
434 2243 481 2279 ut
514 2243 632 2280 Pers.
657 2237 708 2285 4,
732 2238 805 2277 50:
852 2236 1120 2285 Nequiquam

228 2305 383 2354 populo
406 2302 564 2341 bibulas
585 2300 806 2340 donaveris
826 2309 972 2347 aures,
1005 2295 1120 2335 «lau-

233 2367 300 2406 dis
333 2364 515 2416 cupidas
539 2366 583 2402 et
604 2361 842 2401 adulationi
868 2361 1117 2412 patentes.»

235 2429 297 2469 Cf.
324 2428 501 2478 patulas
531 2437 654 2465 aures
683 2426 792 2475 Epp.
818 2425 856 2471 4,
883 2423 949 2471 48,
975 2423 1041 2461 70.
1075 2421 1116 2469 2,

233 2491 273 2539 ἱ),
300 2491 393 2530 405.
423 2513 466 2517 -
497 2486 767 2538 permulceat]
803 2487 950 2536 «grato
982 2483 1118 2524 modo

233 2554 424 2603 tangat.»
473 2552 562 2591 Cic.
600 2551 716 2589 Orat.
752 2548 826 2596 49,
864 2547 964 2587 1163:
997 2548 1121 2586 Duae

232 2619 327 2654 sunt
368 2624 459 2662 reS,
508 2623 616 2662 quae
648 2611 939 2662 permulceant
978 2619 1117 2658 aures,

233 2688 357 2716 sonus
376 2680 413 2715 et
435 2686 642 2714 numerus.
672 2697 715 2702 -—
744 2674 844 2713 Tene
862 2672 1000 2724 maqis
1016 2671 1118 2721 cet]

237 2740 313 2779 «Hi
336 2749 492 2778 versus
516 2739 618 2777 sunt
637 2737 755 2775 Varii
780 2736 824 2775 in
844 2737 1118 2785 Panegyrico

236 2801 463 2856 Augusti.»
489 2801 665 2839 Scaom..
702 2797 790 2838 Cfr.
813 2797 1043 2837 KVeichert
1064 2796 1118 2836 de

238 2865 281 2902 L.
305 2863 436 2901 Vario
455 2873 497 2913 p.
518 2863 583 2901 55.
613 2882 657 2889 -
683 2861 825 2900 Servet
843 2861 889 2899 in
909 2858 1118 2910 ambiyuo]

239 2925 384 2964 «Faxit
413 2924 630 2975 Iuppiter,
664 2934 719 2963 ne
751 2923 881 2962 huius
912 2922 978 2961 rei
1007 2921 1123 2972 peri-

239 2985 387 3026 culum
419 2985 492 3024 fiat
524 2984 662 3024 altero
693 2986 738 3024 in
770 2984 1010 3024 discrimen
1040 2993 1122 3021 vo-

240 3050 382 3088 cato.»
410 3071 454 3075 —
482 3047 630 3098 possis]
655 3047 746 3094 «Si,
778 3047 985 3097 inquam,
1008 3045 1121 3084 haec

241 3121 391 3150 coram
424 3112 465 3148 te
498 3108 654 3158 aliquis
686 3108 827 3156 dicat,
862 3118 968 3147 sane
991 3117 1123 3156 agno-

242 3183 340 3213 scas
373 3170 510 3221 (facile
534 3170 712 3219 sentias)
747 3181 796 3209 ea
829 3170 905 3208 uni
925 3170 1121 3218 Augusto

242 3235 328 3273 dici
377 3244 534 3285 posse,
595 3233 728 3282 atque
780 3230 891 3270 illico
936 3240 1122 3281 respuas

243 3295 543 3336 adulationem
564 3297 655 3334 tam
677 3295 1003 3344 exaggeratam.
1030 3292 1120 3333 Alia

244 3358 429 3397 fortasse
461 3368 534 3397 res
565 3357 666 3405 erit,
702 3357 737 3396 si
767 3356 864 3406 quis
887 3358 927 3394 te
951 3356 1124 3407 sapien-

244 3420 466 3460 tissimum
494 3419 699 3469 vitiisque
731 3416 938 3457 omnibus
970 3428 1124 3457 caren-

247 3485 334 3520 tem
376 3480 631 3532 praeclice12
678 3480 771 3519 fieri
805 3480 921 3519 enim
967 3480 1119 3529 possit,

1180 1672 1225 1709 tu
1256 1680 1434 1720 quoque
1466 1669 1581 1708 hanc
1611 1667 1792 1707 laudem
1822 1668 1867 1707 in
1896 1668 1939 1706 te
1970 1676 2064 1705 me-

1179 1732 1261 1771 rito
1294 1731 1506 1771 conferri
1566 1731 1806 1771 existimes.
1826 1745 1845 1765 »
1919 1729 2062 1769 Minus

1179 1798 1301 1835 recte
1324 1794 1393 1834 alii
1416 1795 1590 1845 signum
1612 1793 1967 1845 interrogationis
1989 1803 2066 1844 po-

1181 1860 1291 1898 nunt
1320 1859 1422 1909 post
1449 1869 1491 1896 v.
1521 1857 1668 1906 possis.

1237 1920 1384 1959 30-35.
1430 1919 1713 1968 Respondesne
1744 1918 1846 1971 cet]
1886 1919 2064 1957 «Annu-

1181 1983 1274 2022 isne
1306 1982 1440 2021 nimio
1462 1983 1537 2020 tuo
1560 1980 1800 2025 laudatori,
1835 1981 1962 2030 quasi
1982 1991 2065 2019 ve-

1182 2056 1280 2085 rum
1303 2044 1381 2084 tibi
1412 2043 1701 2095 praeconium
1726 2041 1980 2091 tribuisset,
2008 2053 2065 2082 an

1182 2109 1315 2156 (11015,
1362 2110 1403 2147 te
1435 2108 1605 2145 tantam
1639 2104 1818 2145 laudem
1848 2116 1937 2145 non
1965 2116 2065 2145 me—

1182 2172 1339 2210 reri‘?»
1366 2193 1410 2198 —
1440 2170 1511 2208 Vir
1540 2168 1669 2207 bonus
1699 2168 1802 2219 cet.]
1833 2167 2064 2209 Manifesto

1182 2234 1295 2273 haec
1323 2231 1481 2283 dialogi
1504 2230 1673 2270 habent
1692 2230 1918 2282 quandam
1940 2230 2066 2271 simi—

1182 2295 1428 2335 litudinem.
1460 2294 1615 2333 «Dices
1632 2294 1678 2332 tu
1695 2292 1899 2332 fortasse:
1934 2291 2061 2341 Quid,

1184 2368 1378 2409 quaeso,
1425 2357 1565 2407 magis
1605 2358 1957 2396 consentaneum
1998 2357 2067 2395 est

1183 2421 1366 2460 naturae
1399 2419 1619 2458 humanae
1651 2429 1785 2469 quam
1805 2419 1856 2457 ut
1875 2419 2064 2470 quisque

1182 2483 1249 2521 vir
1292 2481 1438 2521 bonus
1483 2480 1568 2520 dici
1613 2481 1791 2531 cupiat?
1849 2480 2066 2528 Quocirca

1185 2555 1266 2595 ego
1289 2554 1467 2595 quoque
1489 2544 1574 2583 hoc
1596 2553 1708 2582 aveo
1731 2543 1775 2581 et
1795 2544 1944 2582 certus
1965 2552 2067 2582 sum

1185 2610 1227 2647 te
1248 2606 1367 2646 idem
1388 2617 1565 2649 avere.»
1593 2605 1821 2646 Horatius:
1848 2606 2066 2645 «Verum—

1185 2672 1334 2710 tamen
1378 2668 1478 2708 talia
1523 2667 1636 2719 volgi
1681 2667 1840 2706 iudicia
1885 2677 2066 2718 semper

1184 2730 1353 2771 fallacia
1379 2733 1481 2771 sunt
1502 2732 1636 2781 atque
1659 2731 1850 2778 incerta,
1883 2729 1966 2778 ita,
1998 2730 2062 2778 ut,

1184 2795 1267 2834 nisi
1296 2795 1435 2833 virtus
1474 2794 1548 2832 tua
1579 2792 1742 2831 nitatur
1775 2791 2064 2831 fundamento

1184 2854 1322 2895 multo
1353 2854 1572 2902 firmiore,
1604 2853 1649 2893 id
1681 2855 1770 2904 est,
1802 2854 1926 2893 recta
1957 2864 2066 2893 con-

1185 2917 1384 2965 scientia,
1405 2916 1603 2967 quotidie
1623 2916 1828 2956 excidere
1847 2925 1950 2955 cum
1964 2925 2067 2966 pos-

1184 2981 1243 3021 sis
1274 2979 1391 3019 bona
1418 2978 1487 3019 illa
1511 2979 1629 3031 apud
1650 2978 1979 3019 multitudinem
1998 2977 2066 3018 fa-

1183 3054 1279 3091 ma,
1315 3053 1399 3081 non
1432 3044 1607 3091 tamen,
1645 3043 1694 3081 ut
1724 3042 1824 3081 facit
1852 3051 1959 3080 vere
1991 3051 2066 3081 sa-

1183 3106 1335 3156 piens,
1382 3106 1596 3144 mutatam
1628 3104 1743 3143 hanc
1778 3101 1940 3155 popelli
1969 3102 2067 3154 opi-

1186 3168 1364 3207 nionem
1394 3168 1577 3218 propter
1606 3165 1956 3216 magnitudinem
1976 3164 2066 3204 ani-

1186 3231 1245 3270 mi
1277 3240 1436 3270 secure
1468 3228 1730 3279 despicias.»
1757 3250 1802 3256 —
1835 3238 1908 3278 eqo
1929 3237 1981 3265 ac
2004 3225 2062 3278 tu]

1188 3289 1312 3345 «ἐγώ
1358 3303 1406 3331 τε
1444 3290 1526 3330 καὶ
1556 3287 1641 3339 σύ,
1687 3300 1776 3329 11011
1805 3289 1952 3328 11ιί11115
1982 3298 2064 3339 ego

1187 3353 1603 3406 11113111»111.)),Η311(1
1621 3355 1746 3393 Turs.
1771 3353 1802 3391 I.
1826 3362 1870 3403 p.
1894 3350 1989 3391 462.
2017 3374 2062 3380 —

1186 3418 1220 3456 si
1241 3416 1458 3467 Detulerit]
1490 3418 1585 3456 Non
1607 3416 1694 3463 est,
1729 3415 1777 3453 ut
1791 3412 1928 3453 voluit
1945 3413 2067 3453 Doe-

1186 3480 1303 3529 ring,
1339 3479 1404 3517 «si
1436 3478 1534 3529 quis
1564 3475 1821 3525 detulerit,»
1858 3475 1961 3516 sed:
1997 3476 2065 3516 «si
