2231 3787
821 274 918 314 LlB.
955 275 982 313 1.
1045 274 1208 315 EPIST.
1242 275 1309 314 VI.
1882 275 1983 325 445⁸)

223 406 365 471 Quid
403 406 618 468 deceat,
662 405 794 478 quid
832 423 963 469 non,
1008 406 1183 469 obliti,
1228 406 1437 460 Caerite
1477 423 1601 460 cera

222 509 402 580 Digni,
448 509 733 580 remigium
770 509 1023 562 vitiosum
1063 508 1358 562 Ithacensis
1399 507 1593 563 Ulixei.

221 611 317 665 Cui
356 611 533 683 potior
570 612 742 683 patria
780 611 874 665 fuit
911 610 1195 665 interdicta
1233 610 1495 683 voluptas.

219 715 295 777 Si,
341 714 687 768 Mimnermus
725 715 800 768 uti
841 723 1051 778 censet,

1094 715 1210 768 sine
1250 731 1433 767 amore
1474 714 1719 786 iocisque
1912 719 1978 768 65

216 816 295 870 Nil
335 825 417 871 est
456 816 772 878 iucundum,
818 817 968 870 vivas
1008 817 1061 869 in
1099 835 1284 871 amore
1324 817 1584 888 iocisque.

220 920 343 973 Vive
358 963 367 977 .
409 919 544 973 vale.

622 920 676 973 Si
717 919 846 990 quid
888 920 1081 973 novisti
1122 921 1320 974 rectius
1362 920 1500 983 istiS,

252 1103 318 1143 63.
358 1103 491 1143 L'lioeei
521 1102 609 1151 Ed,
643 1101 890 1151 Bentleius,
927 1103 1023 1151 MO,
1058 1105 1107 1143 ut
1136 1103 1244 1155 Epp.
1270 1105 1308 1151 4,
1342 1103 1380 1151 7,
1416 1101 1508 1144 40.:
1546 1103 1691 1153 Ulyoeei
1723 1115 1763 1155 p.
1811 1105 1919 1144 Ulisi

199 1166 308 1215 bSc‚
347 1167 498 1215 Ulyssei
531 1167 662 1207 LCtF.

144 1334 260 1372 titiae
284 1335 434 1373 tamen
453 1332 574 1372 haud
595 1344 694 1372 raro
713 1332 860 1373 subita
881 1335 1025 1373 morte
1056 1338 1060 1413 1
1089 1343 1191 1372 rum
1233 1331 1442 1373 censibus
1483 1334 1646 1373 remoti
1684 1336 1834 1373 sunt.»
1887 1336 1972 1375 Sed

142 1407 309 1447 poenas
330 1395 527 1436 luebant.
552 1395 757 1436 Eundem
786 1397 830 1436 in
850 1407 1026 1437 morem
1088 1397 1287 1447 praestat
1309 1394 1431 1435 Gellii
1453 1394 1698 1447 explicatio.
1735 1396 1821 1437 Cfr.
1840 1399 1976 1438 Pseu-

139 1470 406 1511 perversum
437 1459 707 1499 invehuntur
733 1460 854 1499 Pers.
882 1459 929 1508 3,
955 1459 1021 1499 98.

140 1523 290 1561 Iuven.
317 1522 363 1571 4,
398 1520 502 1561 442:
548 1523 687 1561 Poena
716 1527 855 1562 tamen
888 1533 1025 1572 prae-

139 1595 250 1633 sens,
288 1595 383 1624 cum
419 1588 463 1623 tu
503 1585 671 1635 cleponis
708 1586 885 1625 amictus
917 1586 948 1624 T
949 1597 1025 1624 zcr-

138 1648 260 1699 qidas
288 1651 325 1687 et
353 1649 531 1687 crudum
555 1660 765 1698 pavonem
800 1649 845 1688 in
875 1649 1024 1688 balnea

135 1715 308 1762 portas,·
351 1711 458 1750 Hinc
500 1711 660 1751 subitae
701 1716 854 1751 mortes
897 1716 1023 1762 atque

138 1777 335 1814 intestata
363 1778 566 1814 senectus.
611 1773 782 1814 Colum.
811 1775 953 1814 Praei.
979 1774 1017 1825 ἓ.

141 1837 212 1876 16ῑ
263 1841 309 1876 ut
352 1837 442 1887 apti
482 1838 702 1877 veniamus
743 1839 800 1877 acl
840 1849 1015 1889 ganeas,

138 1900 429 1949 quotidianam
489 1902 741 1941 cruditatem
804 1902 1022 1941 Laconicis

137 1963 430 2013 eoecoquimus,
462 1967 500 2003 et
529 1968 699 2003 exsucto
728 1965 879 2004 sudore
907 1965 1022 2003 sitim

137 2026 392 2074 quaerimus,
443 2049 485 2055 —
536 2026 701 2066 Caerite
743 2026 862 2078 cera]
910 2026 1016 2066 Gell.

137 2088 209 2137 ⁴6,
243 2088 318 2127 43:
368 2088 530 2129 Primos
556 2090 785 2140 municipes
813 2091 901 2129 sine
929 2090 1021 2141 suf-

134 2150 268 2202 fraqii
305 2151 396 2190 iare
437 2151 619 2191 Caerites
651 2151 836 2202 (incolas
868 2153 1019 2204 oppidi

138 2213 277 2253 Caere
308 2213 354 2252 in
383 2214 554 2253 Etruria
587 2225 628 2254 a.
658 2225 702 2254 u.
728 2225 766 2254 c.
791 2214 903 2266 365.)
937 2226 1020 2255 esse

134 2276 270 2327 factos
300 2276 550 2326 accipimus,
584 2288 902 2326 concessumque
920 2278 1016 2327 illis,

135 2342 182 2378 ut
214 2339 394 2378 civitatis
431 2339 647 2379 Romanae
683 2340 882 2379 honorem
922 2341 1019 2390 qui-

135 2402 228 2441 dem
247 2406 464 2452 caperent,
497 2403 566 2442 sed
594 2403 769 2454 negotiis
798 2407 936 2442 tamen
957 2407 1020 2442 at—

135 2475 213 2514 que
232 2464 423 2504 oneribus
441 2469 663 2516 vacarent,
685 2477 768 2516 pro
788 2466 920 2505 sacris
940 2465 1019 2506 bel-

135 2527 174 2566 lo
199 2527 358 2567 Gallico
388 2528 560 2578 receptis
587 2529 894 2579 custodiasque·
925 2529 1019 2569 hinc

133 2589 303 2630 tabulae
323 2590 506 2630 Caerites
528 2592 707 2642 (Horatii
729 2592 878 2632 Caeres
896 2591 1018 2644 cera)

135 2651 371 2702 appellatae
398 2664 522 2693 versa
549 2654 658 2704 vice,
691 2655 734 2694 in
756 2666 862 2704 quas
881 2665 1019 2693 censo-

132 2725 200 2755 res
211 2716 365 2767 referri
383 2715 598 2766 iubebant,
623 2728 724 2767 quos
742 2721 869 2757 notae
887 2728 1019 2757 causa

134 2778 348 2829 suffragiis
369 2779 615 2829 privabant.
666 2780 874 2820 Huschke
915 2780 1018 2820 Ser-

133 2840 225 2879 vius
256 2841 409 2881 Tullius
436 2853 480 2893 p.
504 2841 597 2882 532.
622 2841 783 2894 probat
809 2842 1016 2884 Scholion

137 2901 311 2941 Comm.
338 2903 496 2954 Cruq.:
541 2904 697 2945 «Caere
727 2905 943 2957 oppidum
972 2907 1015 2947 in

135 2962 256 3003 Italia
284 2963 386 3013 fuit,
420 2976 508 3016 quo
539 2968 670 3018 capta
700 2978 723 3006 a
747 2966 876 3008 Gallis
900 2968 1014 3009 urbe

135 3035 262 3065 sacra
283 3025 479 3066 Romana
496 3038 600 3067 cum
614 3029 858 3080 virginibus
875 3031 1018 3071 trans-

135 3085 222 3127 lata
265 3088 393 3137 sunt,
446 3099 560 3139 quae
606 3100 710 3130 cum
757 3094 1017 3133 servassent

134 3150 326 3200 integra,
368 3160 450 3201 pro
482 3161 535 3190 eo
564 3150 785 3193 beneficio
818 3154 1014 3196 Caerites

136 3213 312 3252 civitate
354 3211 500 3251 donati
538 3214 641 3253 sunt
674 3216 1014 3269 municipesque

136 3275 251 3316 facti.
302 3277 355 3316 At
371 3278 671 3328 posteaquam
691 3280 794 3318 sunt
813 3281 908 3320 ausi
933 3282 1016 3321 Ro-

137 3339 279 3379 manis
318 3338 559 3389 rebellare,
609 3340 672 3380 eis
711 3340 895 3382 devictis
928 3343 1015 3383 ite-

137 3411 326 3453 rumque
359 3402 531 3442 civitate
563 3402 737 3443 donatis
768 3403 835 3443 ius
855 3403 1016 3444 suffra-

138 3463 310 3513 giorum
340 3464 602 3518 ademptum
634 3467 725 3515 est,
760 3476 1012 3518 censusque

139 3535 293 3565 eorum
335 3527 376 3566 in
417 3526 588 3568 tabulas
626 3526 750 3566 relati
783 3539 805 3567 a
838 3529 1014 3567 cetero-

1089 1458 1353 1499 dasconium
1373 1459 1417 1498 in
1434 1458 1577 1498 Divin.
1597 1470 1640 1510 p.
1657 1459 1750 1498 403.
1772 1459 1842 1500 ed.
1861 1461 1970 1501 Bait.

1091 1545 1136 1549 —
1182 1521 1428 1573 remiqium]
1473 1522 1797 1572 Raclerqesindel
1840 1524 1970 1565 Voss.

1086 1585 1137 1625 Ut
1167 1584 1210 1623 la
1229 1584 1462 1633 chiourme,
1496 1584 1540 1623 la
1560 1585 1749 1634 cim-ma,
1786 1596 1972 1627 «omnes

1085 1646 1210 1686 navis
1253 1647 1492 1698 remiges.»
1552 1646 1688 1686 Simili
1735 1658 1973 1699 compara—

1084 1710 1202 1749 tione
1243 1720 1351 1750 usus
1391 1711 1460 1749 est
1499 1710 1609 1761 Epp.
1643 1711 1688 1759 4,
1729 1711 1778 1759 ⁶2,
1812 1710 1864 1750 ⁶23
1897 1722 1966 1762 sq.

1088 1796 1133 1801 ——
1165 1773 1374 1823 vitiosam]
1421 1783 1664 1824 «nequam,
1709 1773 1961 1821 liederlich3»

1081 1835 1309 1874 verdorben
1348 1835 1478 1875 Voss.
1516 1858 1562 1863 —
1596 1835 1820 1874 interdicta
1847 1837 1971 1876 volu-

1077 1897 1198 1949 ptas]
1241 1897 1296 1936 ab
1338 1896 1480 1946 Ulixe,
1529 1908 1632 1938 cum
1674 1897 1783 1938 Solis
1828 1898 1969 1939 boves

1081 1959 1384 2001 immolarunt.
1438 1960 1598 2012 Odyss.
1622 1975 1680 2014 μ,
1714 1961 1809 2001 ⁶297.

1138 2087 1288 2127 65-68.
1326 2086 1614 2138 Mimnermus]
1649 2085 1965 2139 Colophonius,

1080 2150 1213 2200 po‘eta
1245 2148 1486 2200 elegiacus,
1521 2151 1597 2201 qui
1627 2148 1798 2190 Solonis
1819 2152 1966 2190 aetate

1081 2211 1244 2251 floruit.
1267 2212 1585 2252 «Mimnermus
1605 2211 1849 2262 elegiarum
1862 2215 1968 2253 scri-

1080 2275 1183 2325 ptor
1225 2274 1327 2324 fuit,
1375 2276 1451 2325 qui
1493 2275 1538 2314 in
1579 2275 1775 2326 quadam
1815 2275 1967 2326 ecloga

1081 2337 1343 2387 Hieronymi
1406 2338 1577 2377 sectam
1642 2338 1966 2377 commendans

1082 2408 1310 2438 summum
1349 2398 1520 2438 bonum
1557 2398 1849 2439 indolentiam
1890 2400 1963 2448 ait,

1082 2471 1219 2511 quam
1262 2462 1417 2500 Graeci
1467 2455 1768 2515 ἀναλγησίαν
1817 2463 1965 2502 nomi-

1080 2524 1230 2563 nant.»
1273 2524 1541 2562 Ponpnrmox
1585 2535 1638 2563 ex
1677 2525 1756 2565 Ms.
1790 2525 1960 2565 Monac.

1085 2586 1234 2637 (Error
1264 2586 1331 2626 est
1369 2587 1413 2625 in
1452 2588 1670 2638 tempore.
1726 2587 1813 2627 Cfr.
1847 2587 1964 2626 Ono—

1081 2651 1210 2689 mast.
1231 2650 1321 2689 Cic.
1343 2650 1386 2689 in
1403 2661 1444 2689 V.
1459 2649 1774 2702 Hieronymus.)
1788 2651 1959 2700 Fragm.

1080 2713 1355 2754 Schneidew.
1375 2712 1469 2753 Del.
1487 2724 1531 2764 p.
1553 2713 1628 2753 112:
1663 2713 1745 2763 Τίς
1765 2711 1816 2752 δὲ
1835 2711 1959 2763 βίος,

1078 2776 1124 2816 τί
1144 2774 1193 2816 δὲ
1214 2772 1418 2833 τερπνὸν
1434 2770 1549 2833 ἄτερ
1571 2777 1781 2833 χρυσέης
1794 2770 1963 2834 Ἀφρο-

1077 2836 1236 2892 δίτης;
1268 2839 1527 2892 Τεθναίην,
1561 2833 1642 2878 ὅτε
1669 2851 1756 2892 μοι
1784 2840 1958 2892 μηκέτι

1078 2898 1231 2941 ταῦτα
1257 2900 1422 2954 Αιιέλοι,
1454 2899 1735 2960 Κρυπταόίη
1757 2899 1963 2955 φιλότης

1077 2965 1159 3005 καὶ
1186 2963 1383 3017 μείλιχα
1407 2962 1538 3023 δῶρα
1558 2966 1641 3005 καὶ
1672 2961 1804 3018 εὐνή.
1839 2967 1960 3014 Quae

1077 3030 1298 3069 sententia
1340 3032 1576 3070 sexcentas
1614 3029 1780 3069 formas
1820 3029 1962 3069 induit

1077 3092 1197 3142 apud
1227 3092 1456 3144 antiquos3
1490 3093 1554 3132 sic
1583 3092 1770 3143 Amphis
1791 3092 1834 3130 in
1857 3093 1961 3131 Gro-

1076 3154 1124 3193 tii
1152 3155 1255 3194 Exc.
1292 3166 1335 3206 p.
1374 3154 1476 3194 51¹9:
1520 3158 1624 3194 πῖνε
1663 3154 1757 3194 Καὶ
1796 3156 1955 3204 παῖζε·
2008 3147 2013 3151 ’

1075 3212 1255 3270 θνητὸς
1285 3211 1312 3256 ὁ
1342 3215 1474 3267 βίος·
1523 3212 1686 3271 ὀλίγος
1717 3211 1833 3257 οὑπὶ
1870 3214 1959 3269 γῆς

1075 3276 1294 3337 Χρόνος·
1351 3276 1565 3331 θάνατος
1621 3278 1659 3319 δ’
1708 3274 1958 3328 ἀθάνατός

1075 3340 1227 3392 ἐστιν,
1259 3338 1321 3382 ἂν
1350 3335 1482 3394 ἅπαξ
1511 3343 1592 3393 Τὶς
1621 3338 1864 3397 ἀποθάνῃ.
1907 3363 1952 3369 ψ-

1079 3403 1189 3455 Vive,
1220 3405 1327 3458 vale]
1361 3404 1493 3445 Solita
1523 3404 1734 3453 formula,
1777 3405 1826 3442 ut
1864 3403 1952 3442 Sat.

1076 3468 1123 3517 2,
1166 3469 1216 3517 5,
1261 3468 1365 3507 440:
1416 3469 1509 3508 vive
1549 3467 1736 3515 valeque.
1774 3486 1817 3493 —
1851 3464 1953 3517 istis]

1076 3529 1147 3569 hic
1188 3540 1367 3580 quoque
1411 3530 1501 3568 vim
1551 3539 1678 3568 suam
1729 3527 1954 3568 secundae
