2231 3787
861 228 956 267 LIB.
993 229 1022 267 l.

1086 229 1196 269 sAT.
1232 230 1280 268 ΙΙ,

1919 231 1985 282 3ῗό

160 357 301 422 Quid
342 357 739 429 responderet?
782 402 789 410 .
835 401 843 410 .
888 401 896 410 .
939 360 1128 430 Magno
1170 368 1320 430 patre
1364 368 1485 414 nata
1524 360 1703 432 puella
1745 372 1838 415 est.

157 463 220 513 At
259 468 458 531 quanto
500 460 722 515 meliora
760 470 943 515 monet
984 463 1386 535 pugnantiaque
1428 463 1540 517 istis

157 564 320 618 Dives
360 564 478 635 opis
518 571 708 617 natura
748 581 905 625 suae,
951 572 1005 617 tu
1046 566 1087 619 si
1128 565 1291 619 modo
1333 574 1478 620 recte

157 667 487 738 Dispensare
526 666 658 720 velis
701 684 763 721 ac
802 685 907 720 non
947 667 1201 739 fugienda
1241 669 1488 740 petendis
1935 672 1989 721 155

158 770 483 824 Immiscere.

562 772 672 823 Tuo
713 770 840 823 vitio
883 787 1135 825 rerumne
1178 770 1427 832 labores,

156 872 234 926 Nil
276 872 480 926 referre
520 874 715 944 putas?
754 874 964 938 Quare.
1008 891 1074 926 ne
1115 874 1388 944 poeniteat
1427 883 1501 934 te.

156 975 354 1030 Desine
394 984 665 1029 matronas
709 976 996 1036 sectarier‚
1040 976 1184 1029 unde
1226 976 1427 1030 laboris

154 1078 281 1131 Plus
320 1078 537 1132 haurire
578 1077 700 1131 mali
743 1087 823 1131 est
861 1095 1026 1147 quam
1066 1096 1131 1131 ex
1172 1097 1229 1131 re
1270 1079 1569 1151 decerpere
1612 1080 1829 1135 fructus

268 1284 332 1325 74.
368 1287 401 1324 si
433 1289 476 1324 tu
507 1287 552 1326 L.
591 1310 634 1314 —
670 1285 737 1325 76.
770 1296 964 1326 rerumve
994 1297 1060 1337 pr.

154 1478 258 1517 dam
300 1478 531 1525 Faustam,
578 1478 627 1517 ut
667 1476 844 1528 gloriari
886 1478 1039 1528 posset

153 1540 236 1581 sibi
266 1551 364 1581 rem
397 1551 497 1581 esse
521 1551 624 1580 cum
655 1540 883 1580 dictatoris
905 1538 1036 1579 filia.»

157 1626 202 1632 —
233 1604 377 1656 usque]
412 1614 581 1655 «usque
614 1614 667 1643 eo
689 1603 813 1655 quod
842 1604 949 1643 satis
972 1614 1040 1644 es-

152 1669 264 1708 set.»
302 1690 347 1695 —
380 1667 590 1707 Exclusus
617 1667 721 1720 fore]
753 1661 1039 1706 ἀποκεκλει-

152 1731 333 1784 σ,ιιένος
362 1727 456 1769 τῶν
477 1726 652 1770 πυλῶν.
684 1731 908 1782 Aristoph.
932 1732 1035 1781 Lys.

151 1793 246 1834 423.
285 1817 329 1822 ——
353 1794 643 1845 Lonyarenus]
677 1792 787 1834 alius
818 1793 1038 1833 moechus

151 1858 338 1897 Faustae
371 1868 474 1896 cum
504 1855 676 1904 Fulvio,
719 1855 892 1896 fullonis
923 1854 1036 1906 filio,

152 1922 196 1960 et
210 1921 423 1972 Pompeio
440 1919 612 1960 Macula
625 1918 810 1971 aliisque
825 1918 1035 1971 (Macrob.

151 1984 324 2023 Saturn.
362 1983 409 2031 2,
450 1983 489 2022 ⁵2.
529 1993 574 2034 p.
609 1981 738 2034 324),
786 1993 924 2033 quem
967 1980 1038 2021 illa

151 2047 257 2086 tunc
272 2044 398 2085 Villio
419 2044 718 2097 praeferebat.
753 2045 864 2085 Huic
885 2045 1038 2084 autem

152 2107 332 2149 excluso
370 2110 658 2159 Longarenus
694 2119 776 2159 per
811 2109 1038 2158 grassato-

150 2183 224 2212 res
263 2173 505 2212 nocturnas
544 2171 727 2212 insidias
767 2171 1034 2211 tetenderat.

151 2236 214 2275 De
236 2234 394 2276 Milone
418 2236 537 2274 enim
560 2234 771 2286 explicari
793 2246 880 2274 non
902 2245 1036 2286 posse

153 2296 477 2337 demonstravit
503 2297 692 2347 Madvig.
717 2298 907 2348 Opuscc.
931 2299 962 2337 I.
991 2308 1033 2348 p.

152 2361 219 2400 74.
257 2383 302 2388 -
325 2359 518 2411 mutonis]
551 2357 925 2417 προσωποποιῖα
955 2359 1037 2398 ad-

151 2422 338 2464 modum
395 2421 604 2470 ridicula‚
666 2434 752 2473 qua
802 2422 906 2473 peni
954 2421 1037 2472 ipsi

152 2485 287 2535 oculi,
313 2485 476 2537 quibus
496 2485 658 2524 viderit
679 2484 794 2524 mala
816 2483 907 2532 illa,
933 2494 1035 2523 cum

151 2549 303 2589 Villius
334 2549 491 2600 pugnis
523 2548 789 2587 caederetur
826 2548 1036 2597 ferroque

150 2614 395 2665 peteretur,
420 2614 464 2652 et
483 2611 623 2652 verba
641 2611 910 2651 tribuuntur.
937 2611 1037 2650 «Sa-

151 2676 342 2727 pientior
372 2677 441 2716 est
468 2686 572 2727 pars
596 2674 831 2715 libidinosa
853 2673 1035 2713 domino

151 2749 275 2779 suo.»
336 2739 461 2778 GESN.
515 2739 585 2777 Sic
625 2739 674 2786 Q.
717 2738 933 2777 Sectanus
975 2737 1032 2788 (s.

151 2801 260 2841 Lud.
293 2800 569 2851 Sergardius)
617 2801 704 2840 Sat.
747 2801 793 2848 4,
840 2801 888 2848 5,
939 2800 1032 2839 493.

151 2875 351 2914 ganeone
383 2864 612 2915 descripto
644 2863 927 2903 stomachum
968 2863 1037 2901 in-

152 2927 296 2966 ducit:
336 2927 524 2966 Miratur
551 2926 668 2978 fruqi
696 2926 931 2966 sto-machus
960 2926 1037 2965 do-

150 2990 371 3038 minaeque
399 2990 564 3029 cultnae
589 2990 770 3040 anarus
789 2989 1038 3038 timidusque

153 3054 281 3102 dapes
303 3051 560 3102 interrogat,
591 3053 701 3091 ‘tande
725 3052 780 3091 Ec
803 3063 889 3101 qua
910 3055 1038 3101 parte

151 3118 309 3168 fluam&
348 3125 460 3165 quos
489 3125 648 3155 versus
678 3115 857 3154 Horatio
890 3115 1038 3166 impu—

152 3182 247 3219 tare
292 3189 381 3217 non
425 3176 623 3217 debebat
665 3178 1034 3218 Wiistemannus.

154 3242 348 3281 Fuerunt
376 3242 549 3287 autem,
583 3240 658 3289 qui
687 3250 927 3291 perperam
947 3251 1040 3279 mu-

154 3309 291 3344 lonem
319 3304 363 3343 in
391 3304 604 3343 Matonem
640 3303 866 3342 mutarent
903 3302 1036 3353 atque

157 3366 211 3406 de
235 3367 284 3414 Q.
300 3367 478 3407 Mutone
499 3363 808 3414 intelligerent,
833 3365 908 3415 qui
934 3375 1037 3404 cum

156 3427 281 3468 Villio
298 3427 464 3469 Annale
482 3427 762 3477 coniungitur
777 3437 801 3465 a
820 3426 1036 3466 Cicerone

158 3502 239 3542 pro
276 3491 471 3532 Fundan.
515 3492 657 3541 Frgm.
694 3490 729 3529 4.
764 3488 860 3528 Vid.
894 3489 1037 3528 Beieri

1097 1287 1137 1324 S.
1178 1311 1220 1314 —-

1258 1286 1322 1325 78.
1359 1288 1508 1326 sectari
1541 1293 1757 1327 matronas
1787 1289 1862 1340 Bp.

1106 1476 1276 1526 Fragm.
1303 1476 1391 1516 Cic.
1418 1487 1460 1528 p.
1504 1476 1591 1515 173.
1631 1500 1673 1504 ——
1701 1476 1867 1516 Diceret
1894 1477 1992 1517 haec

1104 1538 1285 1590 animus]
1313 1539 1379 1578 «Si
1411 1540 1586 1578 animus
1608 1537 1713 1589 (der
1740 1540 1995 1579 stnnliche

1106 1601 1272 1652 Trieb)
1305 1612 1408 1641 cum
1430 1612 1483 1641 eo
1507 1602 1701 1641 mutonis
1724 1612 1908 1642 causam
1929 1603 1993 1642 sic

1103 1666 1300 1716 ageret.»
1336 1688 1379 1691 —
1412 1664 1602 1713 Quidvis
1629 1663 1751 1714 ew]
1785 1664 1990 1704 Formula

1103 1729 1173 1768 est
1192 1727 1557 1779 reprehensionis
1576 1737 1679 1766 cum
1698 1727 1991 1768 admiratione

1103 1792 1392 1831 coniunctae:
1447 1791 1577 1829 «il'as
1624 1790 1700 1830 soll
1748 1790 1856 1830 das?
1917 1792 1994 1831 Wo

1103 1854 1245 1895 denkst
1281 1855 1337 1893 du
1376 1852 1511 1892 hinP»
1565 1853 1655 1893 Cic.
1692 1852 1747 1892 de
1787 1855 1904 1894 Orat.
1939 1856 1989 1903 ⁵2,

1103 1919 1177 1967 67,
1209 1917 1305 1957 ⁶269.
1341 1917 1384 1956 et
1425 1917 1625 1967 Propert.
1662 1917 1706 1965 4,
1755 1916 1831 1956 53ῑ
1886 1919 1993 1967 Quid

1101 1980 1174 2020 tibi
1202 1981 1287 2030 vig,
1318 1977 1501 2019 insane?
1532 1981 1651 2019 Pers.
1678 1980 1726 2028 5,
1763 1978 1866 2019 443:
1903 1981 1992 2030 Quo

1103 2044 1269 2093 deinde,
1304 2043 1473 2093 insane,
1505 2042 1619 2091 ruis,
1644 2041 1761 2090 quo?
1793 2044 1901 2093 Quid
1920 2044 1993 2083 tibi

1100 2107 1192 2147 vis?
1225 2130 1270 2134 —
1304 2106 1424 2158 stola]
1456 2105 1554 2145 Vid.
1585 2104 1641 2144 ad
1674 2116 1716 2144 V.
1742 2105 1809 2145 63.
1837 2128 1881 2134 —
1904 2107 1990 2156 ira]

1104 2171 1252 2211 «furor
1280 2168 1498 2218 libidinis,
1540 2169 1728 2219 tentigo,
1766 2169 1988 2220 prurigo.»

1106 2257 1150 2262 —
1179 2233 1336 2284 puella]
1378 2232 1433 2272 de
1466 2230 1801 2271 adolescentula
1835 2234 1986 2284 nupta,

1100 2298 1148 2335 ut
1178 2306 1330 2347 saepe.
1391 2294 1490 2334 Vid.
1525 2294 1583 2333 ad
1613 2293 1691 2333 Od.
1718 2293 1765 2342 3,
1808 2293 1884 2342 44,
1919 2295 1985 2333 40,

1106 2381 1150 2386 -
1182 2358 1285 2409 istis]
1321 2358 1496 2407 «nugis,
1531 2367 1643 2407 quas
1683 2358 1728 2394 tu
1767 2356 1986 2407 profers.»

1105 2444 1149 2449 —
1183 2419 1284 2471 opis]
1321 2430 1409 2458 non
1440 2417 1655 2468 «auxilii»,
1696 2418 1777 2457 sed
1808 2419 1987 2470 antique

1101 2494 1182 2534 pro
1212 2493 1352 2532 opum.
1414 2479 1553 2520 Plaut.
1589 2481 1716 2531 Capt.
1748 2479 1862 2520 Prol.
1910 2482 1984 2520 45:

1105 2548 1182 2585 Vos
1211 2546 1282 2596 qui
1307 2545 1479 2595 potestis
1508 2555 1584 2594 ope
1602 2547 1742 2583 vestra
1762 2544 1980 2583 censa-ier.

1105 2633 1146 2639 —
1197 2607 1466 2659 Dispensare]
1513 2605 1899 2657 quemadmodum
1944 2608 1985 2645 in

1101 2672 1234 2712 divite
1266 2672 1401 2711 domo
1424 2680 1581 2709 omnes
1612 2679 1686 2709 res
1707 2670 1829 2708 recte
1850 2672 1985 2720 atque

1100 2734 1255 2774 ordine
1279 2745 1303 2773 a
1335 2733 1644 2784 dispensatore
1676 2730 1987 2771 administran-

1098 2799 1184 2837 tur.
1224 2819 1268 2824 -
1304 2797 1387 2836 Tuo
1424 2796 1526 2834 vitio
1561 2793 1664 2845 eet]
1704 2794 1797 2833 Hoc
1835 2794 1983 2841 varie,

1100 2858 1327 2899 interdum
1385 2858 1526 2907 mire,
1580 2856 1831 2908 expositum
1880 2856 1985 2895 nihil

1101 2921 1219 2962 aliud
1237 2920 1487 2972 significare
1505 2921 1653 2971 potest
1675 2918 1756 2958 nisi
1774 2930 1781 2955 :
1809 2919 1984 2957 «utrum

1100 2986 1279 3037 propria
1310 2985 1385 3024 tua
1416 2982 1545 3034 culpa
1576 2981 1775 3029 labores,
1809 2992 1865 3020 an
1886 2992 1987 3032 prov-

1100 3051 1200 3100 pter
1238 3049 1470 3086 externam
1507 3044 1701 3096 aliquam
1739 3043 1984 3083 necessita—

1100 3114 1215 3159 tem,
1262 3110 1333 3149 cui
1373 3108 1512 3149 obniti
1550 3119 1637 3147 non
1680 3107 1831 3158 potes;
1879 3104 1981 3144 illud

1101 3175 1251 3214 autem
1295 3171 1426 3223 longe
1468 3171 1596 3223 peius
1637 3170 1869 3220 magisque
1910 3179 1985 3206 re-

1099 3234 1520 3288 prehendendum.»
1559 3256 1602 3261 —
1638 3231 1791 3283 Quare]
1825 3231 1985 3269 «Hora-

1101 3300 1187 3338 tius
1219 3298 1260 3337 in
1282 3295 1568 3336 sermonibus
1591 3295 1621 3346 (4
1646 3327 1653 3344 ,
1687 3295 1734 3343 2,
1768 3294 1832 3332 77.
1867 3293 1917 3340 2,
1942 3291 1979 3337 3,

1103 3360 1212 3410 476.)
1246 3370 1332 3399 non
1365 3358 1576 3399 abstinuit
1607 3369 1631 3397 a
1655 3354 1818 3396 causali
1851 3363 1985 3403 quare

1101 3425 1145 3463 in
1166 3424 1288 3463 recta
1306 3422 1505 3461 oratione
1528 3420 1670 3471 posito
1692 3428 1773 3469 pro
1793 3427 1844 3456 eo
1862 3415 1981 3466 quod

1103 3489 1168 3527 est
1194 3489 1441 3536 propterea,
1476 3481 1685 3523 abstinuit
1706 3481 1747 3519 in
1770 3477 1980 3529 epistolis,
