2231 3787
246 245 337 298 186
871 248 1084 289 HORATII
1115 249 1413 291 SATIRARUM

235 378 381 418 tischen
421 379 760 430 kampfrichler.»
820 380 993 420 Hiermte
1022 392 1117 419 war
1147 381 1274 420 Iulius
1310 381 1457 420 Florus
1484 379 1736 431 hinlc‘inylich
1765 380 1940 421 bekannt
1967 393 2041 433 98-

234 448 369 487 mach!
395 448 468 498 fiir
497 450 573 489 den
601 449 678 499 fall
705 449 817 489 einer
844 451 1208 501 rei-offentlichnnq
1237 450 1367 489 dieser
1393 460 1521 489 verse.
1580 450 1686 490 Aber
1715 451 1829 490 theiis
1857 451 1933 490 das
1950 462 2043 491 ver-

232 518 404 557 lic‘z'ltniss
432 519 499 558 cles
527 519 674 558 Florus
702 530 756 558 εει
786 520 966 559 Tiberius
999 521 1113 559 tliei'ls
1142 520 1247 558 auch
1268 519 1376 558 wohl
1396 520 1460 559 die
1478 520 1800 560 verso'hnlichere
1818 521 2042 572 stimmung]

231 588 449 639 riilzi'gyerer
477 590 645 629 stunden
677 589 820 629 liessen
849 590 974 630 dieses
997 589 1236 640 proemium
1266 589 1328 629 bei
1357 590 1425 629 des
1444 590 1618 630 dichters
1637 589 1830 630 lebzeiten
1849 591 1961 630 nicht
1979 591 2044 630 ins

226 657 441 707 publilium
468 659 669 698 hominen.
727 660 942 710 Iedenfalis
971 660 1071 699 aber
1099 670 1210 698 mass
1238 660 1346 699 seine
1369 660 1551 710 polemik
1579 661 1665 699 und
1694 661 1767 700 der
1783 661 2042 700 wider-stand

230 728 362 768 seiner
389 739 542 780 yeyner
569 734 733 780 grosser
760 741 945 780 gyezoesen
973 730 1081 778 sein,
1115 729 1177 769 als
1203 730 1286 769 wir
1302 730 1411 779 jetzt
1440 740 1640 770 ermessen
1668 730 1851 780 konnen,
1883 731 1940 770 da
1957 730 2043 770 sich

231 798 304 837 der
333 799 488 837 clienter
517 799 575 838 bis
603 811 657 838 :n
685 799 815 839 einem
843 811 899 839 an
928 800 1012 839 ihm
1040 801 1338 851 unyewohnten
1357 801 1490 851 yrade
1507 812 1588 840 von
1616 800 2043 852 leidenschaftlichkeit

232 868 273 906 in
292 869 414 917 jenen
446 869 631 920 irenigyen
661 880 800 908 versen
829 870 1067 920 fortreissen
1096 870 1207 910 lassi.
1267 871 1435 910 Darum
1462 881 1564 922 ‘may
1593 881 1638 910 er
1668 871 1776 910 auch
1796 872 1894 921 jene
1926 880 2043 910 verse

231 938 338 977 nicht
369 939 519 977 wieder
545 939 711 989 ret-tilyt
740 939 893 989 haben,
935 951 978 979 so
1009 941 1104 980 dass
1132 941 1212 990 sie,
1245 941 1289 980 in
1317 941 1469 980 seinem
1496 941 1710 980 nachlasse
1735 941 2040 992 voryefunden,

231 1008 268 1046 in
299 1008 413 1047 einen
444 1008 538 1047 tlieil
566 1009 640 1047 der
667 1009 973 1061 handschrifien
1000 1010 1253 1062 iibergyinyen
1288 1012 1375 1050 und
1402 1022 1446 1051 so
1476 1011 1557 1063 auf
1577 1022 1654 1050 uns
1681 1011 1854 1060 ladmen,
1898 1010 2043 1050 zumal

230 1078 293 1116 ilie
320 1078 448 1117 satire
481 1077 598 1117 selbst
634 1080 757 1118 sehon
796 1081 889 1122 725.
923 1091 965 1119 u.
999 1091 1033 1120 c.
1067 1080 1324 1132 qesclirieben
1362 1093 1478 1131 war,
1525 1082 1601 1121 das
1635 1080 1876 1131 proemium
1914 1080 2038 1129 aber,

230 1147 331 1186 nach
363 1159 532 1188 unserer
559 1153 826 1201 erorternnq,
869 1150 932 1190 als
958 1151 1038 1191 viel
1065 1154 1252 1201 spaterer
1279 1155 1428 1191 zusatz
1458 1152 1685 1204 anqesehen
1712 1152 1880 1192 werden
1912 1160 2038 1190 muss.

759 1447 804 1491 E
839 1445 898 1491 X
931 1448 972 1494 C
1007 1448 1057 1494 U
1088 1448 1139 1494 R
1174 1448 1211 1493 S
1246 1448 1296 1494 ΙΙ
1328 1448 1366 1492 S
1433 1449 1506 1494 ΙΙ.

820 1542 893 1581 AD
925 1542 1149 1582 SATIRAE
1179 1542 1229 1581 X.
1263 1553 1304 1581 v.
1338 1541 1362 1581 9
1385 1553 1452 1593 sq.

337 1625 485 1666 Lucilii
515 1626 834 1667 verbositatem
863 1637 915 1666 ac
943 1628 1096 1668 nescio
1128 1638 1262 1679 quam
1302 1627 1636 1677 lentitudinem,
1683 1627 1765 1668 etsi
1795 1638 1883 1667 non
1910 1637 2043 1679 pror-

227 1706 302 1736 sus
334 1697 570 1747 ingratam,
605 1708 842 1748 agnosces,
875 1699 925 1738 ut
954 1699 1134 1750 opinor,
1172 1697 1240 1738 vel
1272 1699 1314 1738 in
1346 1698 1431 1738 hoc
1462 1699 1556 1739 eius
1584 1696 1682 1738 loco
1712 1697 1831 1750 apud
1859 1698 2044 1738 Lactan-

227 1767 335 1805 tium
365 1768 520 1807 Institt.
554 1769 601 1816 ὃ,
634 1768 658 1807 9
691 1767 818 1819 (Gerl.
842 1780 885 1820 p.
910 1769 961 1808 79
993 1768 1100 1820 sq.):
1147 1769 1269 1808 Nune
1296 1780 1395 1809 vero
1425 1780 1453 1808 a
1479 1779 1604 1808 mane
1632 1768 1689 1808 ad
1716 1772 1896 1818 noctem,
1940 1768 2042 1819 festo

227 1841 350 1886 atque
373 1838 559 1887 profesto
591 1838 712 1877 Totus
739 1839 836 1878 item
857 1839 1106 1888 pariterque
1134 1840 1199 1879 die
1221 1840 1482 1889 populusque
1502 1843 1728 1889 patresque
1754 1840 1920 1878 Iactare
1938 1838 2041 1878 endo

224 1907 364 1956 forum
392 1919 433 1947 se
457 1919 614 1958 omnes,
647 1910 839 1949 decedere
866 1921 1072 1959 nusquam
1082 1920 1096 1956 ,·
1130 1910 1207 1949 Uni
1235 1920 1275 1949 se
1294 1914 1419 1960 atque
1438 1910 1568 1949 eidem
1585 1910 1720 1949 studio
1740 1919 1878 1949 omnes
1896 1909 2042 1948 dedere

227 1982 262 2017 e!
292 1979 397 2027 arti,
435 1978 567 2018 Verba
596 1980 698 2019 dare
726 1983 773 2019 ut
800 1983 922 2019 caute
948 1980 1130 2030 possint,
1169 1990 1368 2031 pugnare
1403 1979 1558 2029 dolose,
1604 1979 1819 2020 Blanditia
1852 1982 2038 2027 certare,

227 2047 377 2088 bonum
406 2048 605 2089 simulare
624 2049 763 2089 virum
791 2060 853 2100 se,
884 2050 1062 2090 Insidias
1090 2050 1254 2101 facere,
1285 2054 1331 2090 ut
1359 2050 1394 2089 si
1422 2050 1553 2090 hostes
1569 2049 1651 2090 sint
1679 2049 1866 2090 omnibus
1885 2059 2042 2089 omnes.

734 2306 1347 2354 EXCURSUS
1423 2309 1526 2353 111.

823 2402 896 2442 AD
934 2402 1157 2442 SATIRAE
1193 2402 1245 2442 X.
1276 2413 1319 2442 v.
1353 2401 1433 2442 66:

563 2490 700 2538 (luam
727 2488 845 2528 rudis
874 2492 912 2528 et
941 2488 1112 2529 Graecis
1140 2488 1288 2528 intacti
1315 2488 1516 2528 carminis
1543 2491 1704 2529 auctor.

331 2559 722 2610 Interpretationes
751 2558 882 2597 huius
912 2569 953 2598 v.
987 2559 1162 2598 exstant
1190 2559 1425 2598 minimum
1456 2569 1562 2598 sex:

334 2630 370 2678 i)
404 2629 575 2668 «Fuerit
617 2626 806 2668 Lucilius
850 2626 1039 2667 limatior
1081 2638 1216 2679 quam
1259 2628 1382 2668 rudis
1428 2628 1652 2679 (nominat.
1685 2638 1766 2679 pro
1802 2627 1963 2679 rudior)
1996 2629 2040 2668 et

225 2699 390 2745 intacti,
428 2697 471 2737 id
503 2699 587 2746 est,
634 2709 659 2737 a
689 2708 736 2738 se
767 2698 932 2737 inventi
954 2698 1161 2737 carminis
1192 2700 1347 2737 auctor
1377 2698 1510 2738 etiam
1542 2698 1720 2738 Graecis
1753 2697 1931 2750 (quippe
1962 2698 2036 2749 qui

223 2767 365 2816 illum,
400 2768 435 2807 si
464 2767 619 2815 velint,
654 2768 812 2807 imItari
842 2768 930 2807 iam
958 2768 1191 2818 possint).n
1240 2768 1397 2807 Aenos.

331 2838 368 2887 Ξ)
404 2839 596 2877 «Demus
640 2836 854 2877 Lucilium
902 2837 1035 2878 fuisse
1079 2836 1371 2886 limatiorem,
1424 2848 1558 2888 quarn
1603 2839 1833 2878 auctorem
1875 2837 2037 2878 satirae

224 2908 401 2947 Graecis
432 2908 620 2947 intactae
652 2918 750 2948 esse
781 2907 1008 2957 videmus,
1042 2907 1162 2958 quod
1192 2907 1312 2947 idem
1342 2906 1433 2947 fere
1463 2907 1582 2947 valet
1624 2918 1675 2947 ac
1705 2908 1741 2947 si
1771 2907 1908 2957 dicat,
1956 2907 2038 2947 de-

223 2987 321 3017 mus
352 2975 562 3016 Lucilium
593 2976 859 3017 limatiorem
889 2977 1047 3027 fuisse,
1080 2988 1216 3028 quam
1246 2978 1340 3029 ipse
1373 2978 1453 3017 sit:
1486 2979 1619 3029 atque
1650 2979 1708 3018 ita
1738 2989 1902 3018 nomen
1921 2978 2040 3018 rudis

222 3047 265 3086 in
295 3047 435 3098 patrio
467 3057 572 3086 casu
602 3049 770 3099 accipio
803 3050 847 3087 et
876 3058 978 3088 cum
1007 3059 1117 3087 voce
1148 3048 1348 3087 carminis
1377 3049 1638 3099 coniunge.»
1689 3049 1913 3088 LAMBINUS.

335 3116 372 3165 3)
407 3118 579 3157 «Fuerit
609 3117 796 3158 Lucilius
837 3117 1028 3158 limatior
1057 3129 1192 3169 quam
1222 3129 1302 3170 pro
1334 3129 1411 3167 eo,
1460 3118 1580 3169 quod
1610 3119 1766 3158 auctor
1794 3117 1873 3158 fuit
1914 3116 2038 3156 rudis

221 3187 263 3226 et
295 3187 470 3227 GraeCIS
499 3188 647 3227 intacti
670 3189 920 3228 carminis.»
961 3189 1190 3228 Hssmnoar.
1254 3188 1346 3228 «Sei
1366 3188 1485 3228 seibst
1503 3199 1548 3228 er
1567 3189 1781 3240 geyldttet,
1811 3187 1886 3238 fiir
1904 3186 2035 3235 einen,

219 3257 306 3297 Der
335 3267 414 3296 aus
442 3257 532 3296 dem
560 3257 697 3297 Rohen
726 3258 894 3309 erschuf
924 3259 990 3298 ein
1020 3257 1206 3307 Gedicht,
1238 3259 1568 3310 ungrieehischer
1594 3256 1813 3307 Abkwnft.»
1858 3257 2034 3296 chnn.

228 3327 318 3367 «Do
347 3326 613 3367 limatiorem
643 3337 742 3368 esse
774 3327 1009 3376 Lucilium,
1053 3338 1187 3379 quam
1218 3327 1343 3368 facile
1374 3328 1429 3369 sit
1458 3327 1615 3379 aliquis
1645 3328 1800 3367 auctor
1829 3326 2037 3367 carminis

219 3397 341 3437 rudis
372 3399 416 3437 et
446 3397 623 3438 Graecis
654 3397 846 3437 intacti.»
897 3398 1056 3437 Bornn.
1109 3398 1195 3438 Has
1225 3399 1343 3450 ipsas
1374 3397 1758 3449 interpretationes
1785 3398 1829 3436 et
1857 3407 2038 3436 accura-

229 3467 312 3507 tius
344 3468 547 3519 exposuit
577 3469 619 3508 et
649 3467 818 3508 firmius
849 3465 1058 3508 stabilivit
1096 3468 1140 3508 C.
1177 3469 1218 3508 F.
1254 3469 1545 3508 Hermannus.
1607 3466 1729 3507 Cons.
1763 3466 1951 3507 Scheibe
1989 3467 2038 3507 de
