2231 3787
0 2688 79 2785 ‘Q

856 202 953 240 ARS
987 200 1227 240 POETICA.

1856 198 1945 250 731

206 335 306 385 Aut
349 333 396 384 in
438 350 591 385 aveni
632 334 836 385 Procne
877 339 1134 392 vertatur,
1179 329 1412 384 Cadmus
1455 332 1503 383 in
1545 349 1790 401 anguem.

207 434 584 505 Quodcunque
624 434 863 488 ostendis
903 433 1029 485 mihi
1069 433 1172 491 sic,
1218 431 1526 486 incredulus
1566 432 1671 485 odi.

206 537 356 588 chc
398 536 570 587 minor
609 553 711 588 nou
753 536 819 588 sit
857 536 1041 606 quinto
1081 534 1394 605 productior
1432 543 1551 587 actu

208 635 436 693 Fabula,
480 653 620 706 quac
660 637 808 706 posci
850 636 959 690 volt
997 646 1049 690 et
1087 644 1326 708 spectata
1366 636 1585 707 reponi,
1860 641 1956 691 190

204 739 311 791 Nec
351 737 487 790 deus
528 738 758 795 intersit,
802 738 900 790 nisi
943 737 1136 808 dignus
1176 738 1388 792 vindice
1428 737 1601 791 nodus

245 911 336 951 487,
368 913 528 963 Progne
557 911 599 960 d,
627 912 694 951 FJ.
732 935 775 940 -—
807 912 982 960 Procne,
1017 912 1199 951 Cadmus
1224 916 1416 951 vertatur
1446 911 1533 951 duo
1570 913 1703 962 Feae,
1745 914 1793 952 ut
1822 923 1902 953 suo

186 983 311 1012 more
333 973 604 1024 transposuit
626 973 987 1023 Cuninghaniius.
1023 995 1070 1001 -—
1108 974 1195 1014 489.
1230 974 1282 1013 sit
1311 985 1389 1013 neu
1419 974 1626 1024 quintal),
1652 975 1794 1025 quinto
1821 986 1899 1015 neu

186 1036 238 1075 sit
269 1034 405 1075 Aldus
442 1036 562 1075 4509.
601 1038 645 1076 et
681 1035 799 1075 4549.
841 1059 885 1064 -
921 1035 1012 1075 490.
1046 1041 1083 1075 et
1112 1037 1338 1086 spectanda
1367 1036 1446 1084 bc,
1480 1041 1517 1076 et
1545 1038 1824 1088 exspectanda
1854 1039 1899 1077 B.

190 1098 253 1147 (Ut
283 1108 389 1146 nos,
423 1098 545 1148 STd.)
582 1120 626 1126 -
662 1097 754 1137 494.
795 1098 858 1138 Ne
887 1097 1012 1138 Hand
1043 1099 1168 1139 Turs.
1201 1099 1270 1138 IV.
1303 1109 1347 1149 p.
1384 1100 1475 1138 422.

132 1263 312 1301 versus,
346 1255 394 1292 ut
423 1253 493 1293 hic
523 1254 765 1304 requiritur
794 1253 850 1293 ab
875 1253 1016 1293 Hora-

135 1316 217 1364 tio,
252 1326 338 1354 non
372 1315 540 1355 Cadmo
572 1316 677 1367 ipsi,
711 1316 792 1356 sed
822 1312 1016 1370 ἐξαγγέ-

134 1376 200 1430 λῳ
245 1378 338 1417 eius
385 1378 678 1417 mutationem
718 1380 912 1418 narranti
958 1378 1013 1418 ab

133 1439 341 1491 Euripide
399 1439 586 1480 tributos
631 1451 731 1480 esse
776 1443 1016 1481 consenta-

133 1512 268 1542 neum
300 1504 382 1542 est.
426 1526 469 1530 —-
520 1503 771 1552 incredulus]
815 1503 1017 1543 Refertur

132 1576 221 1604 non
253 1566 340 1604 tam
373 1565 429 1604 ad
460 1565 662 1605 Medeam
695 1567 941 1606 etAtreum
964 1567 1017 1606 fi-

131 1626 212 1668 lios
270 1628 490 1677 Thyestae
540 1627 684 1667 fratris
747 1631 1018 1679 coquentem

136 1690 206 1741 (cf.
230 1701 271 1730 V.
298 1690 398 1740 92t.),
432 1701 568 1741 quam
589 1689 646 1729 ad
667 1692 867 1730 Procnen
891 1692 932 1730 in
954 1691 1018 1730 hi-

135 1753 371 1792 rundinem
406 1753 481 1802 (cf.
506 1752 584 1792 Od.
609 1752 655 1801 4,
682 1753 753 1800 42,
779 1753 840 1802 6.)
872 1755 916 1793 et
937 1754 1017 1793 Ca-

132 1815 289 1855 dmum
329 1815 373 1854 in
408 1815 652 1855 draconem
693 1816 928 1855 mutatum.
966 1838 1011 1843 —

131 1878 226 1930 odi]
261 1888 520 1929 «respu0;»
566 1875 874 1917 «intolerabile
906 1877 1014 1918 mihi

131 1940 318 1980 videtur.
336 1954 356 1974 »

190 2002 283 2042 489.
308 2002 402 2041 490.
441 2002 698 2054 Neve-neu]
732 2001 859 2041 Hand
888 2002 1013 2041 Turs.

132 2065 201 2104 IV.
226 2075 271 2116 p.
297 2063 397 2104 ⁴74:
434 2075 663 2104 «neu-neu
684 2064 879 2115 optimus
902 2064 1019 2113 quis-

133 2137 220 2178 que
251 2126 441 2176 scriptor
469 2124 596 2174 dicit,
631 2125 810 2177 quando
838 2126 1015 2176 utrique

132 2190 244 2242 parti
290 2199 378 2228 una
409 2191 476 2228 est
507 2190 616 2228 ratio
653 2199 881 2239 unumque
912 2199 1017 2227 ver-

132 2251 266 2299 bum,
291 2250 372 2292 sed
392 2262 479 2291 ηε-
496 2262 589 2300 neu,
623 2251 698 2291 ubi
721 2250 897 2290 duobus
918 2261 1018 2290 ver-

133 2314 203 2355 bis
226 2314 556 2365 distinguuntur
575 2324 669 2363 res,
700 2324 890 2364 quarum
912 2324 1018 2353 neu-

132 2379 188 2416 tri
217 2377 490 2417 concedatur
520 2388 664 2417 esse.»
704 2400 748 2405 —
793 2377 933 2416 minor
952 2399 974 2404 —
994 2398 1017 2404 -

128 2440 388 2490 productior]
424 2440 633 2479 «Certum
663 2439 847 2479 modum
868 2442 912 2479 et
931 2433 1017 2495 ἆρ-

133 2504 310 2554 μονὶαν
340 2503 523 2553 requirit
553 2500 724 2542 fabula:
757 2512 859 2541 nam
890 2503 925 2542 si
949 2502 1017 2541 ni-

135 2567 274 2606 mium
305 2565 457 2604 brevis
479 2566 568 2612 est,
601 2565 865 2615 spectatoris
887 2575 1017 2604 men-

134 2630 226 2667 tem
256 2638 343 2667 non
375 2626 522 2679 explet
552 2638 635 2666 nec
665 2628 771 2667 satis
799 2624 856 2666 δι’
879 2625 1014 2667 ἐλέου

135 2690 217 2730 καὶ
246 2687 412 2740 φόβου
444 2691 653 2745 περαίνει
683 2685 771 2741 τήν
800 2686 894 2728 τῶν
924 2701 1021 2729 τοι-

135 2749 290 2793 ούτων
310 2750 613 2806 παθημάτων
634 2748 889 2808 κάθαρσιν.
911 2752 1019 2801 (Ari-

135 2817 237 2856 stot.
262 2817 381 2855 Poet.
406 2817 445 2864 6,
468 2815 525 2866 2.)
549 2816 623 2855 Sin
647 2816 811 2855 iustum
832 2814 1018 2854 modum

137 2877 336 2926 excedit,
384 2878 479 2929 ipsa
519 2878 630 2917 haec
668 2876 903 2929 productio
934 2879 1018 2915 mi-

136 2940 231 2980 nuit
259 2941 518 2990 sensimque
551 2940 775 2980 consumit
808 2941 1019 2990 spectan-

136 3003 245 3042 tium
276 3002 511 3042 affectus.»
553 3025 595 3030 —
641 3000 928 3052 quinto-actu]
971 3002 1018 3040 In

136 3065 294 3115 quinos
325 3066 450 3103 actus
471 3065 653 3103 Romani
682 3063 939 3103 dividebant
960 3063 1020 3102 fa-

135 3125 289 3173 bulas;
310 3128 463 3165 contra
478 3128 655 3166 veteres
672 3127 826 3166 Graeci
843 3127 886 3165 in
907 3121 1019 3181 πρό-

136 3187 282 3242 λογον
296 3219 306 3237 ,
338 3185 585 3228 ἐπεισόδια
605 3187 745 3245 (τρία)
768 3191 812 3228 et
831 3182 1015 3239 ἔξοδον,

136 3251 195 3290 ita
224 3253 273 3290 ut
302 3261 461 3302 reapse
485 3250 638 3291 diviSio
670 3250 726 3290 ad
755 3250 875 3290 idem
898 3250 1019 3290 redi-

137 3313 218 3351 ret.
266 3314 459 3352 Graecae
491 3312 596 3352 artis
626 3311 855 3352 vocabulis
885 3323 1019 3363 prae-

138 3375 292 3414 sertim
321 3372 601 3415 ἐπεισοδίων
638 3386 724 3414 non
755 3374 879 3415 facile
913 3374 1019 3415 red-

1079 1245 1258 1286 obvium
1290 1251 1461 1287 actuum
1491 1259 1669 1288 nomen.
1718 1248 1794 1299 (Cf.
1820 1249 1958 1289 Witz-

1080 1308 1203 1349 schel
1237 1310 1359 1361 Traq.
1394 1321 1437 1361 p.
1462 1310 1547 1360 88.)
1579 1311 1709 1350 Arist.
1733 1313 1853 1351 Poet.
1879 1312 1955 1350 42:

1066 1366 1203 1412 3Ἐστι
1233 1369 1283 1412 δὲ
1307 1368 1545 1429 πρόλογος
1564 1371 1654 1424 μὲν
1673 1374 1822 1429 μέρος
1844 1366 1958 1412 ὅλον

1078 1432 1342 1491 τραγῳδίας
1364 1430 1418 1474 τὸ
1446 1431 1538 1492 πρὸ
1556 1432 1707 1491 χοροῦ
1726 1431 1956 1492 παρόδου,

1080 1495 1355 1538 ἐπεισόδιον
1384 1495 1434 1538 δὲ
1463 1500 1613 1553 μέρος
1643 1492 1757 1538 ὅλον
1788 1511 1961 1555 τραγῳ-

1078 1558 1182 1611 δίας
1213 1558 1266 1600 τὸ
1295 1557 1475 1612 μεταξὺ
1499 1555 1624 1600 ὅλων
1646 1559 1856 1616 χορικῶν
1874 1573 1960 1614 με-

1079 1620 1195 1672 λῶν,
1241 1618 1409 1675 ἔξοδος
1447 1621 1496 1663 δὲ
1526 1625 1673 1678 μέρος
1705 1620 1820 1663 ὅλον
1848 1635 1960 1680 τρα-

1078 1683 1253 1740 γῳδίας
1281 1685 1388 1738 μεθ’
1418 1681 1445 1724 ὃ
1468 1680 1557 1726 οὐκ
1579 1683 1681 1726 Ξ-’στι
1702 1683 1853 1743 χοροῦ
1874 1686 1960 1738 με’-

1078 1749 1177 1799 λος.
1218 1750 1374 1789 Cicero
1405 1748 1587 1800 quidem
1610 1748 1664 1787 ad
1688 1750 1736 1796 Q.
1762 1749 1828 1788 Fr.
1855 1749 1893 1796 4,
1918 1749 1957 1794 4,

1080 1813 1156 1860 46,
1189 1811 1266 1851 46:
1301 1811 1408 1850 Illud
1437 1815 1475 1850 te
1494 1833 1517 1839 -
1534 1835 1558 1840 -
1578 1815 1615 1850 et
1645 1822 1719 1850 oro
1744 1814 1781 1849 et
1800 1811 1958 1857 hortor,

1076 1879 1122 1914 ut
1166 1878 1384 1923 tamquam
1420 1876 1572 1923 poetae
1613 1873 1957 1921 boni--solent,

1078 1938 1135 1976 sic
1155 1936 1573 1987 --diliqentissimus
1601 1935 1676 1984 sis,
1708 1938 1754 1974 ut
1782 1935 1846 1974 hic
1876 1938 1962 1974 ter-

1078 2001 1159 2040 tius
1188 2011 1326 2039 annus
1353 1999 1519 2049 imperii
1549 1999 1609 2037 tui
1637 2002 1855 2047 tamquam
1883 2001 1963 2036 ter-

1079 2063 1160 2102 tius
1188 2067 1307 2102 actus
1330 2061 1655 2112 perfectissimus
1683 2064 1809 2109 atque
1829 2070 1962 2099 orna—

1080 2125 1261 2164 tissimus
1287 2124 1411 2174 fuisse
1438 2124 1645 2162 videatur.
1693 2122 1865 2162 Tertius
1887 2132 1961 2160 au·

1081 2189 1171 2227 tem
1194 2186 1340 2234 Quinti
1371 2195 1513 2225 annus
1544 2185 1717 2235 imperii
1746 2185 1839 2223 eius
1860 2182 1963 2222 ulti-

1079 2259 1180 2289 mus
1225 2249 1342 2294 erat,
1394 2248 1568 2287 Marcus
1614 2246 1744 2296 igitur
1787 2243 1960 2285 fabulae

1079 2311 1228 2351 actum
1258 2310 1437 2350 tertium
1459 2308 1718 2357 manifestO,
1752 2309 1833 2348 etsi
1855 2309 1963 2348 Lan-

1080 2374 1199 2424 gium
1243 2374 1424 2412 secutus
1455 2372 1587 2422 negat
1616 2371 1833 2418 Diintzer,
1880 2381 1961 2422 pro

1080 2435 1233 2475 ultimo
1265 2434 1440 2481 habuit,
1476 2444 1689 2485 separans
1711 2432 1766 2472 ab
1790 2432 1962 2473 actibus

1080 2495 1321 2555 πρόλογον
1352 2499 1396 2537 et
1424 2491 1607 2548 ἐ’ξοδον.
1655 2494 1826 2546 Alioqui
1857 2496 1962 2535 satis

1079 2561 1341 2601 inconcinne
1363 2559 1537 2600 locutus
1554 2560 1688 2599 esset.
1724 2558 1787 2598 Cf.
1806 2558 1962 2598 Donati

1079 2625 1402 2674 Argumentum
1425 2622 1643 2672 Hecyrae,
1667 2620 1743 2660 ubi
1765 2620 1962 2671 quinque

1080 2687 1204 2725 actus
1236 2686 1483 2724 enumerat.
1511 2706 1556 2712 —
1588 2687 1775 2733 spectata
1802 2682 1961 2733 reponi]

1080 2749 1200 2787 Haec
1229 2758 1337 2786 vera
1368 2748 1436 2786 est
1463 2745 1619 2794 lectio,
1653 2756 1742 2785 non
1771 2749 1963 2795 spectan—

1081 2811 1159 2859 da,
1193 2809 1315 2861 quod
1343 2809 1490 2860 ipsum
1520 2809 1608 2848 iam
1636 2808 1751 2848 inest
1772 2808 1814 2847 in
1835 2818 1876 2847 v.
1899 2817 1964 2846 re-

1076 2873 1198 2923 poni,
1232 2870 1454 2919 «fabula,»
1479 2871 1632 2921 inquit,
1656 2881 1799 2921 «quae
1820 2868 1961 2911 semel

1081 2935 1264 2988 placuit,
1299 2935 1380 2974 etsi
1404 2934 1491 2973 iam
1511 2937 1718 2984 spectata,
1752 2944 1777 2973 a
1799 2931 1962 2985 populo

1081 2998 1229 3038 denuo
1254 2998 1444 3047 poscitur
1473 3007 1526 3036 ac
1555 2997 1775 3046 reponitur
1796 2996 1839 3035 in
1861 3006 1962 3035 sce—

1080 3071 1158 3108 na,
1190 3070 1347 3099 rursus
1369 3059 1558 3099 editur.»
1589 3059 1659 3098 Sic
1676 3058 1865 3109 fabulam
1886 3057 1963 3096 ite-

1081 3134 1176 3163 rum
1207 3123 1365 3174 referre
1385 3124 1561 3163 Terent.
1587 3123 1693 3162 Hec.
1718 3119 1831 3161 Prol.
1857 3120 1896 3168 4,
1920 3120 1959 3158 7.

1081 3188 1167 3226 Sat.
1194 3187 1209 3226 4
1235 3219 1242 3236 ,
1279 3187 1350 3235 40,
1375 3186 1451 3226 39:
1498 3187 1583 3225 Nec
1611 3186 1783 3224 redeant
1810 3183 1963 3222 iterum

1080 3253 1207 3300 atque
1235 3250 1388 3289 iterum
1418 3249 1642 3299 spectanda
1671 3246 1853 3286 theatris.

1136 3311 1229 3352 494.
1254 3311 1346 3351 492.
1379 3313 1464 3351 Nee
1493 3312 1591 3350 deus
1611 3308 1716 3359 cet.]
1749 3308 1837 3348 Cic.
1863 3308 1959 3347 Nat.

1079 3375 1211 3415 Deor.
1238 3375 1253 3413 4
1277 3405 1285 3423 ,
1319 3375 1397 3423 20,
1421 3373 1499 3413 53;
1545 3376 1590 3412 ut
1619 3372 1771 3423 traqici
1794 3372 1959 3421 poetae,

139 3435 294 3478 dendis
338 3437 475 3478 Latini
520 3436 847 3478 substituerunt
875 3437 1015 3488 magis
1082 3449 1177 3478 cum
1205 3437 1419 3488 explicare
1445 3435 1682 3487 argumenti
1703 3434 1861 3474 exitum
1880 3445 1961 3473 non
