2231 3787
858 309 954 348 ΜΒ.
988 309 1037 346 11.
1099 307 1209 346 SAT.
1243 308 1312 345 111.

1888 301 1990 353 267

251 441 415 506 Quid.
460 458 582 494 mim
623 438 832 493 Picenis
873 453 1171 508 excerpens
1211 435 1416 488 semina
1456 434 1628 504 pomis

250 542 488 602 Gaudes,
534 542 577 595 si
619 557 888 595 cameram
927 538 1164 610 percusti
1204 537 1363 598 forte,
1405 552 1574 606 penes
1614 542 1665 587 te
1705 534 1803 588 es‘?

251 644 413 708 Quid,
456 660 578 697 cum
617 642 777 696 balba
816 641 940 694 feris
980 655 1184 693 annoso
1222 636 1390 691 verba
1430 635 1632 707 palat0,

249 744 576 798 Aedificante
615 760 769 797 casas
809 746 901 814 qui
940 739 1162 795 sanior?
1199 738 1352 792 Adde
1391 754 1641 792 cruorem

1891 735 1994 789 275

254 845 513 899 Stultitiae
543 854 704 916 atque
734 844 911 914 ignem
938 841 1114 913 gladio
1145 848 1403 896 scrutare.
1447 838 1628 900 Modo,
1672 838 1913 909 inquam,

250 946 476 1001 Hellade
515 963 776 1017 percussa
816 945 1013 998 Marius
1052 961 1174 997 cum
1213 941 1530 1013 praecipitat
1568 957 1655 1002 se,

251 1049 490 1102 Cerritus
530 1048 646 1109 fuit,
689 1064 756 1099 an
796 1054 1094 1100 commotae
1135 1044 1357 1098 crimine
1396 1042 1588 1096 mentis

250 1149 511 1203 Absolves
552 1148 824 1201 hominem
863 1155 914 1200 et
953 1145 1174 1201 sceleris
1214 1143 1495 1198 damnabis
1535 1142 1795 1199 eundem.

251 1252 326 1304 Ex
364 1267 515 1304 more
555 1250 838 1320 imponens
877 1255 1104 1318 cognata
1142 1245 1407 1300 vocabula
1445 1244 1650 1298 rebus?

1889 1244 1993 1297 280

232 1401 376 1449 modo,
408 1400 598 1449 inquiam.
657 1398 827 1439 Hellade
857 1408 961 1438 cum
991 1396 1083 1437 aliis
1105 1397 1160 1437 M.
1185 1395 1392 1448 (scrutare
1410 1396 1553 1445 modo,
1584 1395 1752 1444 inquam
1779 1394 1947 1435 Hellade

242 1463 409 1503 Franke
441 1463 555 1502 Fasti
582 1462 730 1502 Horat.
762 1471 805 1513 p.
840 1460 951 1510 445.)
987 1481 1031 1488 —
1065 1459 1159 1499 279.
1193 1470 1243 1499 ac
1272 1468 1495 1510 superser.
1527 1461 1565 1498 el
1595 1458 1635 1496 S.

179 1603 248 1657 pla
266 1603 512 1656 proposuit,
534 1613 617 1654 per
632 1601 938 1653 gradationem
959 1611 1059 1652 pro-
1121 1600 1205 1638 ihm
1242 1597 1485 1650 qesehlaqen
1524 1598 1597 1637 der
1640 1596 1751 1637 Geist
1791 1607 1873 1636 von
1919 1596 2003 1634 Un-

181 1666 298 1708 cedit
337 1665 394 1706 ad
431 1663 549 1704 aliud
591 1664 751 1705 furoris
794 1663 1055 1715 perniciosi,

178 1727 313 1770 veluti
370 1727 596 1767 homicidii
654 1727 710 1767 oh
764 1725 1060 1780 ζηλοπυπὶαν

180 1792 431 1839 commissi,
454 1790 537 1830 hac
550 1790 758 1831 orationis
774 1789 914 1830 forma
935 1799 1058 1828 usus:

181 1853 363 1903 «Nugis,
397 1863 509 1903 quas
531 1853 811 1901 enumeravi,
835 1851 949 1892 adde
972 1851 1060 1890 iam

181 1915 374 1956 facinora
397 1917 602 1964 cruenta,
627 1914 683 1954 ad
704 1925 818 1966 quae
838 1912 1058 1954 violentae

180 1978 314 2018 animi
355 1976 714 2029 perturbationes
749 1977 954 2017 homines
993 1976 1063 2015 in-

181 2040 341 2090 stigare
382 2038 548 2086 solent,
595 2040 657 2079 uti
692 2040 814 2080 modo
855 2037 1058 2091 (nuper),

180 2103 354 2151 inquam
383 2101 485 2152 (quo
516 2100 592 2141 tibi
621 2103 775 2141 notum
807 2099 1062 2153 exemplum

182 2166 223 2204 in
241 2165 505 2205 memoriam
523 2164 777 2204 revocando
795 2164 1062 2204 sententiam

183 2238 331 2266 meam
363 2224 523 2266 clarius
546 2228 679 2266 etiam
701 2226 952 2278 exponam),
975 2228 1064 2267 Ma-

182 2290 273 2329 rius
312 2287 379 2327 ille
421 2287 601 2328 Hellade
639 2289 857 2328 trucidata
888 2300 936 2328 se
968 2289 1061 2340 ipse

184 2351 428 2390 interfecit:
487 2350 582 2399 hic,
635 2351 879 2400 interrogo,
926 2350 1060 2390 fuitne

183 2413 372 2461 cerritus,
398 2413 598 2460 insanus,
633 2423 687 2451 an
711 2411 854 2451 iudice
877 2414 919 2452 te
940 2423 1065 2452 men-

185 2476 238 2515 tis
269 2475 451 2526 quidem
492 2484 701 2525 compos,
751 2474 830 2514 sed
868 2473 1065 2514 scelera-

184 2539 284 2577 tus‘?
329 2538 425 2577 Mea
463 2547 570 2576 sane
603 2547 656 2576 ex
687 2537 906 2576 sententia
946 2537 1065 2576 insa-

186 2610 268 2639 nus
313 2599 432 2638 fuit.»
492 2597 642 2638 Falsae
682 2598 811 2638 huius
852 2599 1064 2638 enuntiati

185 2662 248 2702 sic
302 2661 493 2701 distincti
542 2661 930 2713 interpretationes
980 2661 1064 2700 hae

186 2725 312 2764 sunt:
348 2724 385 2774 i)
407 2724 594 2772 Marius,
619 2735 722 2765 cum
741 2725 863 2764 modo
885 2723 1064 2764 Hellade

187 2796 425 2838 percussa,
458 2786 504 2826 id
524 2787 614 2835 est,
639 2787 786 2826 statim
807 2788 855 2826 ut
874 2784 1067 2837 puellam

187 2847 470 2896 confoderat,
518 2858 566 2888 se
597 2849 924 2900 praecipitaxdt,
968 2858 1067 2887 cer-

187 2909 355 2948 ritusne
400 2909 509 2949 fuit‘?
557 2910 596 2960 Ξ)
641 2911 765 2950 Modo
810 2910 1064 2961 (dumtaxat)

188 2970 364 3008 cerritus
390 2972 470 3021 suit
497 2972 686 3021 Marius,
720 2973 788 3012 his
817 2971 968 3011 x‘erbis
1000 2973 1068 3011 in-

190 3032 486 3082 terrogatione
556 3044 642 3073 non
713 3034 1066 3086 comprehensis.

191 3093 317 3133 Hand
361 3095 486 3133 Turs.
520 3095 589 3134 111.
621 3106 665 3146 p.
699 3095 792 3136 639.
867 3098 921 3136 At
963 3107 1069 3135 vero

191 3157 249 3195 ita
279 3158 447 3196 mutata
477 3156 779 3197 distinctione:
818 3158 955 3209 ignem
974 3158 1069 3209 yla—

191 3218 258 3257 dio
287 3222 476 3257 scrutare
503 3219 647 3267 modo,
678 3219 866 3268 inquam.
903 3220 1071 3260 Hellade

188 3291 389 3330 percussa
409 3281 492 3320 cet.
525 3278 656 3329 longe
677 3279 803 3320 aliter
831 3280 979 3322 locum
999 3293 1072 3322 ac-

194 3343 311 3394 cepit
351 3343 486 3383 Voss:
535 3343 622 3381 und
664 3343 795 3382 Feuet·
836 3344 911 3382 mit
951 3343 1071 3383 Slahl

192 3405 458 3445 duo-chwilhle
487 3404 610 3453 doch,
642 3414 718 3455 say
747 3404 834 3442 ich!
881 3405 1068 3455 Marius,

193 3467 255 3506 als
299 3478 346 3507 er
385 3468 450 3507 die
490 3466 630 3507 Hellas
672 3466 940 3516 durchstach,
985 3469 1072 3506 und

193 3529 319 3569 hera-b
366 3540 461 3569 vom
508 3528 680 3579 Geklipp
730 3539 909 3579 spranq,
964 3529 1072 3568 War

1121 1659 1392 1701 sterblichen?
1453 1670 1648 1711 eumque
1706 1659 1847 1699 secuti
1903 1658 2005 1698 sunt

1124 1723 1337 1765 Heindorf
1355 1726 1487 1775 atque
1509 1722 1723 1770 Meineke,
1742 1718 2004 1773 particulam

1122 1788 1264 1835 modo,
1288 1797 1402 1838 quae
1425 1798 1532 1827 sane
1550 1794 1877 1837 saepenumero
1900 1793 2004 1823 cum

1123 1849 1395 1900 imperativis
1416 1849 1607 1899 iungitur
1624 1845 1725 1894 (vid.
1747 1845 1873 1886 Hand
1893 1844 1920 1884 l.
1940 1843 2001 1894 l.),

1125 1913 1343 1952 maiorem
1373 1910 1666 1951 exhortationi
1692 1911 1783 1949 vim
1813 1908 2005 1948 adiicere

1124 1975 1346 2022 arbitrati;
1379 1984 1539 2014 verum
1568 1973 1672 2013 huic
1701 1971 1858 2011 rationi
1883 1980 2007 2021 pror-

1124 2049 1200 2080 sus
1232 2038 1495 2077 adversatur
1523 2047 1567 2076 v.
1590 2036 1786 2085 inquam,
1820 2043 1908 2084 quo
1931 2033 2004 2081 ita,

1124 2103 1172 2141 ut
1200 2099 1439 2140 voluerunt
1478 2097 1557 2149 illi,
1605 2097 1743 2138 Latini
1777 2105 2007 2147 nunquam

1124 2164 1321 2202 utuntur.

1181 2223 1386 2264 277-280.
1436 2222 1619 2274 Hellade]
1652 2224 1715 2263 De
1750 2223 1833 2262 hac
1862 2218 2007 2272 puella

1126 2287 1312 2336 eiusque
1353 2285 1637 2325 interfectore
1675 2284 1778 2325 nihil
1817 2284 2010 2324 afferunt

1126 2348 1418 2396 scholiastae,
1452 2348 1573 2397 quod
1604 2359 1690 2387 non
1713 2348 1812 2387 insit
1842 2348 1882 2385 in
1904 2347 2009 2397 ipsis

1126 2413 1284 2462 poetae
1315 2409 1480 2450 verbis.
1518 2432 1562 2439 --
1590 2409 1860 2460 praecipitat]
1893 2407 2009 2448 male

1128 2476 1351 2513 Gesnerus
1383 2471 1537 2511 habuit
1575 2483 1655 2523 pro
1687 2472 1796 2523 perf.
1831 2473 2012 2511 eontra-

1128 2537 1197 2575 cto
1229 2534 1544 2585 praecipitavit.
1605 2533 1693 2573 Cfr.
1733 2534 1876 2583 Reisig
1914 2534 2007 2572 Lat.

1127 2598 1345 2648 Sprachw.
1378 2608 1421 2648 p.
1445 2596 1538 2635 ⁶226.
1575 2598 1619 2635 et
1654 2597 1740 2635 Sat.
1776 2597 1823 2644 4,
1858 2596 1904 2644 6,
1939 2595 2006 2634 43.

1131 2681 1176 2688 —
1209 2659 1302 2710 fuit]
1335 2660 1431 2698 Non
1463 2657 1546 2698 sibi
1577 2660 1828 2710 repugnant
1865 2669 1907 2697 V.
1931 2658 2010 2709 fuit

1130 2723 1223 2773 (pro
1254 2732 1342 2772 quo
1373 2721 1642 2761 Kirchnerus
1672 2721 1903 2772 proposuit
1935 2720 2006 2770 fu-

1129 2785 1196 2834 rit)
1230 2786 1275 2823 et
1306 2783 1578 2834 praecipitat.
1632 2784 1854 2824 «Potesne
1890 2782 2012 2822 arbi—

1128 2847 1235 2886 trari
1278 2847 1463 2886 Marium
1510 2847 1660 2886 mente
1703 2848 1884 2897 captum
1923 2856 2012 2885 non

1130 2909 1289 2959 fuisse,
1322 2909 1403 2949 sed
1434 2907 1703 2949 sceleratum
1734 2909 1900 2959 potius,
1938 2918 2013 2947 se-

1131 2973 1260 3011 cutus
1281 2971 1537 3022 opinionem
1565 2969 1816 3021 volgarem,
1850 2981 1904 3008 ex
1925 2980 2011 3021 qua

1131 3032 1336 3073 scelerati
1363 3044 1445 3085 pro
1465 3033 1630 3073 insanis
1652 3044 1739 3072 non
1761 3032 2013 3072 hahentur?

1130 3098 1271 3136 Immo
1303 3107 1356 3135 ex
1395 3096 1569 3135 veriore
1615 3097 1765 3136 nostra
1812 3094 2012 3134 doctrina

1131 3157 1200 3198 ille
1244 3157 1436 3198 furiosus
1480 3157 1602 3198 fuit.»
1652 3180 1694 3186 —-
1741 3160 2014 3197 commotae-

1131 3221 1289 3270 menlis]
1337 3219 1460 3260 Conf.
1493 3231 1535 3259 v.
1569 3220 1664 3260 209.
1701 3243 1744 3248 —
1785 3220 1855 3258 Ex
1882 3217 2010 3268 more]

1133 3295 1213 3323 «ex
1227 3281 1393 3333 volgari
1414 3282 1734 3322 consuetudine
1757 3278 2011 3331 loquendi.»

1136 3368 1179 3373 m
1199 3345 1395 3397 cognata]
1418 3355 1527 3384 non:
1555 3345 1706 3395 «apta»
1731 3343 1884 3392 (Comi.
1901 3342 2009 3392 Cn),

1133 3407 1236 3446 sed:
1272 3406 1475 3446 «diversa
1505 3405 1713 3457 quidem,
1750 3414 1839 3442 non
1862 3403 2012 3441 tamen

1133 3467 1322 3508 multum
1338 3469 1453 3508 inter
1463 3479 1511 3508 se
1529 3467 1735 3506 distantia
1751 3477 1787 3511 ς»
1809 3466 1911 3505 Aen.
1933 3475 2011 3504 «ex

1134 3531 1384 3571 Stoicorum
1405 3530 1605 3571 doctrina
1639 3529 1959 3579 homonyma.»
