2231 3787
795 255 889 294 ΗΒ.
926 257 973 294 ll.
1009 256 1170 295 EPIST.
1207 257 1234 294 l.

1831 257 1931 308 607

183 385 233 437 Si
277 401 465 437 versus
506 384 665 454 paulo
705 384 1016 438 concinnior
1053 403 1192 438 unus
1232 393 1284 438 et
1322 385 1477 440 alter.

179 485 377 538 Iniuste
417 493 580 538 totum
621 485 768 539 ducit
806 485 1096 558 venditque
1136 493 1346 558 poema.

1864 493 1928 543 735

178 586 430 657 Indignor
468 587 764 658 quidquam
805 587 1153 659 reprehendi,
1211 606 1316 642 non
1356 584 1482 660 quia
1515 607 1697 644 crasse

215 770 281 808 75.
313 769 504 818 venitque
532 782 576 818 κ,
608 768 845 809 Bentleius.
882 771 945 819 (Ut
975 781 1070 817 nos,
1105 771 1257 818 nostri,
1293 771 1420 820 Feae,
1459 772 1666 821 Pottierii,
1701 774 1875 813 Schmi-

161 830 217 869 dii
248 829 386 871 Codd.
422 831 610 881 omnes.)
646 853 691 859 —
726 831 791 870 76.
824 832 1020 881 reprendi
1051 834 1077 871 S
1110 832 1213 881 (non
1244 832 1365 882 bEc).

105 986 160 1026 ad
189 996 384 1036 unguem
416 986 595 1026 exactis.
645 985 708 1026 Cf.
743 986 866 1026 Ovid.
890 987 984 1027 Me-

104 1051 209 1088 tam.
245 1049 286 1096 4,
317 1047 418 1088 4Οὸῑ
467 1048 869 1097 Forma-hominis,
915 1050 984 1088 sed

102 1111 163 1150 uti
183 1112 230 1150 de
248 1121 461 1150 inminere
481 1115 644 1166 coepto,
678 1112 769 1150 Non
792 1115 984 1150 macta

103 1174 226 1222 satis,
272 1173 525 1222 rudibusque
559 1173 771 1212 simillima
809 1173 980 1224 siquis.»

106 1258 149 1264 -—
181 1234 328 1286 miror]
360 1235 485 1274 Idem
514 1235 602 1275 iam
632 1235 776 1275 fuerat
807 1236 984 1275 Cicero-

104 1298 168 1338 nis
211 1297 422 1337 iudicium
463 1299 723 1338 nominatim
755 1298 810 1338 de
842 1299 978 1347 Livio,

102 1360 222 1399 Brut.
249 1360 315 1408 48,
340 1360 406 1398 74.
434 1359 542 1409 (Vid.
564 1360 619 1399 ad
639 1372 681 1400 v.
701 1361 808 1411 62.);
833 1371 979 1412 neque

101 1422 282 1469 Fronto,
315 1422 455 1461 mirus
486 1421 554 1462 ille
583 1424 875 1473 antiquarius,
909 1433 981 1462 us-

101 1493 234 1534 quam
266 1484 369 1523 Livii
391 1485 666 1524 mentionem
687 1485 789 1525 facit
809 1486 853 1525 in
873 1486 981 1525 scri-

99 1546 183 1597 ptis
214 1545 539 1597 superstitibus.

153 1607 300 1647 73-75.
347 1608 526 1660 emicuit]
559 1610 703 1648 «Inter
733 1620 846 1660 quae
879 1620 979 1649 car-

99 1669 214 1708 mina
247 1670 350 1709 Livii
383 1672 426 1710 et
447 1673 596 1710 cetera
618 1673 797 1722 antiqua
818 1673 853 1713 si
876 1683 978 1711 ver-

97 1730 206 1771 bum
229 1743 305 1771 «ex
328 1733 554 1784 insperato
571 1735 798 1785 apparuit»
820 1734 974 1784 (Comi.

98 1793 246 1845 Cano.)
287 1796 331 1833 et
359 1805 466 1846 prae
499 1798 660 1836 ceteris
691 1796 977 1847 pulchritudi-

97 1857 163 1896 nis
207 1867 313 1896 suae
358 1858 509 1908 specie
554 1860 752 1898 animum
796 1858 975 1898 lectoris

95 1918 151 1957 ad
181 1929 228 1959 se
260 1918 492 1959 advertit.»
537 1920 738 1971 intelligit
766 1932 976 1972 praeser-

23 2009 33 2018 .
96 1981 173 2021 tim
203 1981 341 2021 verba
372 1981 558 2022 feliciter
586 1982 657 2022 vel
688 1995 713 2023 a
742 1984 974 2034 primitivis

96 2043 287 2083 deducta
326 2044 396 2083 vel
441 2046 701 2096 composita.
729 2069 774 2074 —
805 2047 976 2086 concin—

96 2105 202 2156 nior]
247 2118 369 2146 «non
410 2105 553 2147 solum
585 2107 747 2158 regulis
778 2109 974 2148 metricis

96 2167 385 2216 satisfaciens,
408 2179 568 2208 verum
590 2170 724 2208 etiam
744 2181 854 2210 sono
878 2171 973 2221 ipso

96 2229 278 2269 auribus
316 2232 465 2281 gratus
504 2242 556 2270 ac
593 2232 682 2280 rei,
730 2243 865 2283 quarn
896 2243 975 2271 ex-

96 2292 267 2342 primit,
324 2303 508 2343 prorsus
553 2294 874 2334 conveniens.»
926 2317 970 2321 —

95 2354 222 2404 ducit]
240 2355 357 2395 «sine
381 2366 512 2395 causa
534 2358 577 2396 et
598 2357 819 2395 immerito
835 2355 974 2395 verba

97 2418 140 2455 et
182 2427 343 2457 versus
390 2416 553 2469 aliquot
596 2417 769 2470 pulchri
819 2429 974 2459 secum

97 2477 263 2518 ducunt
293 2481 434 2520 totum
464 2485 643 2532 poema,
678 2493 766 2532 quo
789 2483 884 2521 sine
906 2482 973 2522 his

94 2540 202 2581 locis
234 2540 475 2582 illustribus
504 2545 739 2594 pervenire
760 2555 849 2583 non
874 2554 975 2595 pos-

96 2606 184 2653 set,
227 2603 270 2643 id
301 2606 391 2654 est,
439 2606 482 2644 in
511 2606 704 2655 theatra,
753 2607 794 2646 in
825 2617 974 2657 gram-

96 2667 358 2706 maticorum
388 2666 583 2717 scholas,
623 2668 665 2708 in
695 2670 973 2720 privatorum

96 2739 273 2779 quoque
304 2728 620 2779 bibliothecas,
654 2733 786 2782 atque
808 2730 909 2771 talia
930 2732 973 2771 in

95 2789 192 2830 loca
211 2791 478 2842 perductum
491 2794 673 2833 vendunt
691 2804 726 2834 s.
747 2804 976 2834 commen-

97 2852 226 2902 dant,
282 2853 545 2905 applausum
594 2857 634 2896 ei
683 2855 970 2897 conciliant.»

100 2915 277 2954 Vendere
320 2917 439 2956 enim
482 2921 526 2957 et
567 2920 782 2959 venditare
819 2922 974 2969 poema

96 2976 167 3017 vel
196 2979 425 3018 orationem
463 2982 531 3020 est
569 2993 700 3022 «eam
741 2993 973 3023 commen—

98 3039 249 3080 dare.»
282 3040 372 3079 Cic.
396 3041 449 3080 ad
472 3043 557 3081 Att.
583 3043 648 3091 43,
674 3045 739 3092 42,
764 3045 813 3083 2:
845 3046 974 3096 Liqu-

96 3100 268 3140 rianam
290 3103 516 3151 praeclare
542 3105 772 3145 vendidisti.
805 3107 861 3146 ad
881 3108 968 3147 Att.

98 3163 145 3212 4,
170 3163 241 3211 46,
267 3164 339 3203 46;
392 3165 515 3204 Valde
557 3170 594 3204 te
627 3167 849 3207 venditavi.
903 3170 971 3209 Sic

95 3224 309 3264 vendibilis
337 3230 483 3265 orator
513 3227 602 3267 Cic.
623 3229 742 3268 Brut.
766 3228 832 3278 47,
858 3230 968 3280 474„

100 3287 392 3338 «probabilis,
445 3289 519 3339 qui
565 3288 728 3340 populo
774 3289 969 3341 placet.»

98 3350 299 3390 Proxime
329 3351 432 3390 huic
462 3362 590 3390 meae
621 3351 972 3403 interpretationi

100 3411 271 3451 accedit
299 3412 583 3453 Torrentiana
614 3413 820 3465 adoptata
841 3425 865 3452 a
888 3413 974 3453 Dil-

99 3470 385 3524 lenburgero:
436 3477 699 3525 «Mangones
730 3475 803 3515 ubi
834 3487 973 3516 vena-

1047 985 1152 1026 lium
1176 997 1355 1037 gregem
1379 989 1421 1028 in
1444 991 1609 1030 catasta
1628 992 1923 1042 exponebant,

1048 1049 1239 1088 maxime
1300 1050 1519 1091 formosos
1571 1064 1622 1092 ac
1670 1052 1839 1094 validos
1885 1056 1925 1094 in

1045 1111 1188 1161 primo
1220 1111 1372 1151 ordine
1402 1112 1699 1163 collocabant,
1734 1117 1776 1155 hi
1799 1117 1928 1167 igitur

1046 1173 1167 1212 duces
1209 1174 1353 1224 gregis
1397 1174 1647 1216 alliciebant
1683 1181 1923 1229 emptores,

1045 1234 1158 1274 adeo
1189 1237 1236 1274 ut
1274 1238 1458 1288 propter
1489 1238 1570 1278 hos
1603 1239 1825 1280 interdum
1859 1243 1926 1281 to—

1044 1299 1114 1337 tus
1145 1308 1252 1348 grex
1283 1309 1306 1337 a
1327 1298 1461 1339 divite
1484 1299 1629 1351 aliquo
1653 1306 1923 1342 emeretur.»

1043 1359 1130 1398 Sed
1173 1360 1210 1399 si
1240 1360 1327 1399 hoc
1358 1362 1503 1412 ipsum
1533 1362 1747 1403 voluisset
1776 1369 1921 1415 poeta,

1042 1422 1352 1472 mangonicam
1374 1426 1517 1463 artem
1538 1436 1626 1464 uno
1649 1425 1808 1465 saltem
1827 1438 1926 1466 ver-

1041 1483 1099 1522 bo
1140 1484 1444 1534 significasset.
1503 1486 1688 1526 Ceterae
1727 1488 1923 1540 explica-

1042 1547 1184 1586 tiones
1221 1545 1389 1587 alienae
1426 1549 1586 1599 partim
1624 1560 1648 1588 a
1680 1553 1924 1591 consuetu-

1042 1608 1142 1648 dine
1175 1610 1346 1659 Latina,
1383 1611 1545 1661 partim
1577 1622 1599 1650 a
1632 1610 1715 1652 loci
1747 1615 1924 1654 senten—

1041 1671 1099 1709 tia
1142 1670 1362 1710 videntur.
1426 1672 1724 1722 (Novissimae
1771 1677 1920 1715 autem

1040 1734 1124 1772 hae
1169 1735 1298 1773 sunt:
1347 1734 1384 1783 4)
1429 1735 1686 1783 «aestimat,
1734 1736 1918 1786 iudicat,

1040 1798 1257 1843 censet;»
1304 1796 1341 1846 2)
1381 1796 1539 1844 «facit,
1587 1800 1635 1836 ut
1665 1798 1853 1838 ducatur
1883 1812 1917 1840 s.

1041 1859 1331 1898 existimetur.
1343 1857 1377 1909 »)
1410 1859 1542 1898 Suam
1558 1870 1666 1899 vero
1683 1859 1920 1902 lectionem

1038 1920 1260 1960 Bentleius
1292 1921 1350 1959 ita
1381 1922 1606 1972 exposuit:
1643 1923 1709 1961 «Si
1730 1923 1920 1964 x·erbu1n

1039 1983 1272 2031 decorum,
1320 1983 1356 2023 si
1393 1994 1508 2022 unus
1547 1985 1590 2023 et
1620 1983 1730 2023 alter
1760 1997 1918 2025 versus

1037 2044 1169 2096 paulo
1215 2045 1472 2084 concinnior
1517 2046 1723 2094 emicuit,
1779 2050 1919 2086 totum

1038 2110 1200 2157 poema
1221 2107 1381 2146 iniuste
1403 2108 1514 2146 ducit
1532 2108 1589 2158 (id
1611 2110 1704 2156 est,
1739 2108 1916 2160 decipit,

1038 2168 1138 2207 fuco
1185 2168 1302 2219 fallit)
1344 2170 1595 2219 emptorem
1636 2171 1680 2209 et
1716 2172 1847 2219 venit,
1895 2183 1917 2210 a

1038 2229 1186 2270 multis
1227 2231 1432 2270 emitur.»
1484 2231 1571 2270 Sed
1601 2242 1707 2270 vera
1738 2235 1920 2272 senten—

1038 2292 1095 2331 tia
1143 2292 1256 2331 haec
1305 2293 1397 2331 est:
1448 2294 1674 2344 «Propter
1723 2294 1918 2345 singulos

1038 2355 1259 2404 quosdam
1290 2353 1410 2394 locos
1433 2349 1610 2410 (ῥήσεις
1635 2356 1853 2407 imprimis
1876 2358 1916 2396 in

1037 2417 1286 2467 tragoediis)
1306 2428 1411 2456 vere
1432 2416 1640 2468 pulchros
1659 2421 1796 2458 totum
1813 2424 1919 2470 poe-

1037 2490 1109 2519 ma
1140 2490 1220 2530 pro
1253 2479 1453 2530 perfecto
1478 2478 1646 2520 habere
1678 2482 1810 2531 atque
1842 2482 1918 2521 ad—

1036 2542 1187 2581 mirari
1217 2540 1335 2582 stulti
1366 2543 1476 2582 est.»

1092 2604 1239 2643 76-78.
1288 2603 1529 2655 quidquam]
1562 2603 1605 2642 h.
1630 2602 1656 2643 l.
1680 2605 1723 2644 in
1753 2616 1916 2657 propo—

1037 2665 1194 2706 sitione
1216 2665 1502 2714 affirmativa,
1535 2666 1584 2704 ut
1609 2666 1698 2705 Cic.
1725 2667 1848 2707 Catil.
1875 2670 1912 2717 4,

1036 2730 1083 2768 2:
1133 2728 1343 2778 Quamdiu
1381 2728 1602 2778 quisquam
1636 2728 1735 2777 erit,
1779 2730 1917 2779 quite

1035 2791 1253 2842 defendere
1283 2791 1457 2840 audeat,
1488 2791 1613 2830 vives.
1675 2792 1914 2844 Utrobique

1037 2856 1188 2893 tamen
1219 2855 1332 2894 inest
1362 2854 1481 2893 notio
1513 2854 1740 2904 negativa:
1785 2867 1916 2907 «pro-

1034 2922 1190 2968 pterea
1237 2916 1357 2968 quod
1402 2917 1630 2968 quidpiam
1676 2929 1818 2969 nuper
1861 2919 1916 2959 sit

1037 2980 1354 3031 compositum,
1388 2980 1658 3030 reprehendi
1680 2991 1766 3020 non
1787 2991 1916 3032 opor-

1036 3045 1129 3082 tere
1146 3054 1154 3090 ς
1171 3056 1190 3076 »
1225 3042 1477 3081 «neminem
1498 3052 1597 3082 esse
1621 3042 1812 3091 debere,
1839 3045 1913 3093 qui

1036 3103 1266 3145 Catilinam
1304 3103 1562 3144 defendat.»
1622 3104 1754 3145 Paulo
1789 3103 1915 3144 aliter

1034 3166 1366 3217 Dillenburger:
1415 3168 1621 3218 «Negans
1663 3177 1912 3218 pronomen

1034 3230 1262 3279 quidquam
1304 3230 1426 3269 recte
1471 3230 1665 3280 positum
1710 3230 1777 3268 est
1805 3239 1913 3278 pro-

1035 3293 1134 3342 pter
1170 3294 1409 3342 negantem
1438 3291 1548 3340 vim,
1590 3301 1724 3341 quam
1762 3291 1908 3329 inesse

1035 3354 1171 3393 sentis
1202 3355 1245 3393 in
1274 3365 1316 3392 v.
1350 3354 1565 3404 indiynor,
1600 3351 1644 3391 id
1675 3353 1760 3400 est,
1793 3351 1908 3391 ferre

1035 3426 1124 3455 non
1153 3426 1382 3467 possum.»
1421 3438 1465 3443 -—
1507 3413 1657 3464 crasse]
1689 3415 1738 3452 ut
1765 3424 1910 3453 crassa

1033 3479 1239 3518 Minerva.
1276 3479 1376 3529 (Sat.
1401 3478 1440 3525 2,
1464 3477 1503 3524 2,
1528 3475 1583 3525 3.)
1607 3476 1695 3516 Cic.
1714 3475 1771 3516 ad
1786 3477 1904 3516 Fam.
