2231 3787
288 273 386 325 724
1095 272 1307 312 ΗΟΒΑΤΠ

357 409 466 461 Νο0
506 407 718 478 gemino
757 404 956 459 bellum
995 405 1277 457 Troianum
1317 400 1523 455 orditur
1561 401 1627 454 ab
1667 417 1795 465 ovo;

358 510 584 580 Semper
623 507 689 561 ad
729 515 978 561 eventum
1018 505 1226 559 festinat
1264 511 1316 556 et
1356 502 1406 554 in
1446 501 1649 556 medias
1695 518 1782 555 res

356 612 471 664 Non
512 627 671 664 secus
711 626 773 662 ac
812 615 963 660 notas
1004 604 1303 658 auditorem
1342 603 1481 674 rapit
1520 611 1595 663 et,
1638 620 1778 673 quae

354 715 619 784 Desperat
656 716 877 763 tractata
914 707 1181 760 nitescere
1219 721 1407 776 posse,
1449 703 1726 774 relinquit,

2001 703 2103 756 450

355 819 525 886 Atque
565 814 633 866 ita
672 811 943 870 mentitur,
986 809 1063 862 sic
1099 808 1243 861 veris
1282 804 1411 859 falsa
1450 805 1723 867 remiscet,

285 1014 525 1065 scripserat
555 1009 672 1050 Iulus
701 1008 926 1049 Antonius.
960 1005 1069 1045 Vide
1101 1004 1157 1045 ad
1226 1003 1291 1053 40,
1316 1004 1354 1043 7.
1389 1004 1568 1043 Tzetzes
1591 1001 1646 1042 ad
1669 1002 1887 1054 Lycophr.
1912 1003 1978 1044 88.
2016 1003 2104 1043 Bo-

285 1076 432 1116 Carm.
457 1074 497 1122 4,
520 1075 559 1113 2.
588 1074 660 1113 On.
688 1092 732 1100 -
757 1071 937 1111 minime
960 1069 1159 1119 cogitan-

283 1137 391 1177 dum
439 1136 548 1186 est),
591 1145 647 1174 an
685 1131 888 1184 exempla
935 1132 1020 1172 sint
1058 1130 1160 1169 ficta

283 1200 537 1247 dumtaxat,
612 1199 661 1237 ut
718 1194 936 1236 eiusmodi
1003 1193 1159 1233 vitium

283 1272 571 1313 summopere
612 1255 905 1310 vituperabile
944 1255 1036 1296 fore
1078 1254 1160 1294 do—

282 1327 401 1372 ceat,
434 1334 515 1363 nos
537 1324 579 1362 in
601 1320 749 1361 medio
771 1318 1103 1370 relinquimus.»

338 1385 431 1426 447.
464 1386 548 1425 Nec
566 1384 728 1436 ι(γθιηὶηο
750 1382 852 1434 cet]
887 1383 1065 1431 «Neque
1087 1389 1162 1418 ve-

282 1459 329 1488 ro
360 1447 530 1487 orditur
549 1445 716 1486 bellum
738 1445 974 1484 Troianum
995 1441 1049 1482 ab
1072 1442 1162 1481 He-

279 1510 406 1551 lenae
439 1511 537 1549 ortu
571 1507 867 1559 prodigioso.»
913 1505 965 1543 V.
998 1505 1161 1555 yemino

278 1572 455 1612 videtur
499 1568 810 1621 explicandum
861 1577 964 1607 cum
1014 1565 1157 1605 Schol.

280 1636 506 1684 Rhenaug.
544 1632 736 1672 inedito:
789 1630 1023 1681 «Iuppiter
1057 1638 1161 1668 cum

278 1697 398 1737 Leda
442 1696 485 1735 in
530 1695 679 1746 specie
725 1692 854 1744 cygni
903 1690 1158 1731 concubuit.

278 1759 386 1799 Inde
417 1757 487 1798 illa
519 1757 606 1797 duo
629 1767 711 1795 ova
742 1754 910 1807 posuit3
945 1764 998 1793 ex
1021 1751 1159 1792 altero

279 1820 431 1862 Pollux
462 1821 507 1860 et
536 1820 715 1865 Castor,
750 1828 803 1857 ex
833 1815 970 1855 altero
994 1814 1158 1855 Helena

279 1884 454 1923 exivit.»
499 1882 619 1932 (Ipse
658 1880 791 1919 etiam
832 1878 1034 1918 Horatius
1074 1878 1160 1917 Ca-

280 1948 447 1986 storem
493 1945 537 1984 et
573 1941 797 1983 Pollucem
835 1952 888 1981 ex
917 1941 1057 1980 eodem
1086 1951 1161 1978 ovo

272 2011 506 2060 proqnatos
536 2006 640 2046 dicit
670 2006 758 2045 Sat.
781 2005 821 2053 2,
849 2005 885 2053 4,
910 2003 994 2053 26.)
1025 2001 1161 2042 Aliter

282 2070 615 2111 commentator
653 2067 861 2118 Cruquii:
910 2066 1037 2105 «Duo
1078 2074 1160 2103 ova

278 2134 510 2186 peperisse
543 2131 704 2171 dicitur
724 2129 862 2177 Leda,
897 2126 1086 2167 alterum
1107 2137 1159 2166 ex

279 2198 381 2235 Iove
423 2194 505 2235 sub
537 2193 686 2246 specie
719 2192 848 2243 cygni
887 2189 978 2241 (cfr.
1008 2189 1156 2240 Eurip.

280 2257 433 2298 Helen.
461 2257 525 2297 48.
554 2259 689 2297 Isocr.
713 2254 807 2295 Hel.
833 2255 938 2294 Enc.
962 2253 1072 2304 26),
1107 2263 1161 2292 ex

281 2332 369 2372 quo
400 2320 490 2360 nati
521 2320 623 2359 sunt
641 2316 792 2359 Pollux
824 2318 868 2357 et
889 2315 1078 2362 Helena;
1103 2313 1160 2354 al-

279 2386 425 2423 terum
457 2393 511 2421 ex
540 2380 767 2432 Tyndaro,
802 2390 854 2419 ex
885 2389 973 2430 quo
1005 2378 1161 2418 Castor

281 2447 325 2487 et
345 2445 742 2496 Clytaemnestra.»
777 2442 946 2493 Hygino
968 2439 1070 2480 Fab.
1091 2440 1156 2479 77.

282 2509 491 2550 convenit
519 2518 622 2547 cum
654 2505 1014 2546 Commentatore
1048 2504 1161 2543 Cru-

282 2572 387 2622 quii,
414 2571 496 2611 nisi
512 2569 633 2621 quod
648 2569 719 2608 ovi
736 2566 806 2608 vel
823 2577 1010 2607 ovorum
1030 2577 1161 2606 men—

281 2635 450 2674 tionem
475 2644 563 2673 non
585 2631 701 2672 facit.
737 2631 899 2671 Contra
918 2628 1042 2669 Bodii
1063 2629 1161 2679 My—

283 2696 424 2747 thogr.
448 2697 479 2735 I.
502 2694 598 2735 204.
622 2706 665 2746 p.
692 2692 767 2734 64:
800 2692 986 2743 Iuppiter
1014 2702 1163 2731 concu-

283 2758 369 2797 buit
396 2769 490 2798 cum
518 2758 630 2797 Leda
658 2757 702 2796 in
732 2756 863 2807 specie
881 2754 1017 2811 cygni.
1064 2754 1162 2793 Inde

284 2822 364 2860 duo
395 2832 474 2860 ova
502 2824 606 2859 ηαία
633 2823 750 2868 sunt,
798 2829 850 2857 esc
887 2828 1066 2866 quorum
1094 2816 1161 2856 al—

284 2888 370 2922 tero
401 2882 546 2922 Castor
575 2886 612 2921 et
631 2881 803 2930 Pollux,
836 2891 889 2920 ex
909 2880 1041 2919 altero
1063 2879 1163 2928 Cly-

286 2948 535 2985 taemnestra
558 2948 595 2983 et
609 2944 763 2984 Helena
781 2947 908 2983 natae
928 2946 1035 2982 sunt.
1068 2943 1160 2981 Iam

284 3007 474 3058 Eriphus
496 3004 613 3057 apud
633 3006 791 3045 Athen
815 3006 854 3054 2,
879 3005 951 3045 50:
985 2998 1058 3043 οἷὰ
1078 3000 1164 3056 χή-

286 3084 334 3110 νε
323 3081 410 3110 ια·
436 3091 458 3097 -
474 3091 497 3097 -
519 3058 670 3117 Οὗτος
691 3065 741 3107 δέ
760 3080 884 3120 φησι
903 3063 1055 3108 ταῦτα
1074 3062 1162 3118 τὴν

286 3129 451 3185 Λήδαν
490 3134 654 3170 τεκεῖν.
701 3129 835 3169 Aliter
875 3140 1029 3170 rursus
1061 3130 1164 3169 Ser-

287 3198 384 3236 vius
415 3194 471 3234 ad
500 3196 606 3233 Aen.
631 3191 671 3241 3,
695 3191 798 3231 328:
833 3192 1031 3232 «Ledam
1062 3193 1164 3242 Iup-

287 3259 402 3310 piter
430 3258 474 3297 in
506 3265 699 3307 cygnum
722 3255 915 3294 mutatus
937 3254 1163 3305 gravidam

290 3321 411 3368 fecit,
445 3330 558 3370 quae
581 3327 715 3357 ovum
739 3316 967 3367 peperisse
989 3315 1162 3364 dicitur,

289 3381 409 3421 unde
450 3381 539 3420 nati
569 3380 671 3420 sunt
699 3375 890 3425 Helena,
934 3377 1089 3416 Castor
1122 3380 1167 3417 et

290 3442 460 3490 Pollux,
479 3459 497 3479 »
530 3443 573 3482 et
603 3441 666 3482 sic
693 3439 817 3480 Bodii
846 3439 1062 3489 Mythogr.
1093 3441 1162 3480 111.

292 3517 333 3557 p.
361 3505 453 3545 463.
499 3503 633 3545 Aliter
673 3502 864 3553 denique
895 3500 1092 3553 Apollod.
1124 3502 1164 3552 3,

1221 1065 1280 1105 dii
1309 1065 1524 1116 Mythogr.
1571 1065 1601 1104 Ι.
1632 1064 1699 1104 78.
1751 1064 1844 1116 (Alii
1871 1075 1912 1104 v,
1941 1065 2104 1117 yemino

1222 1125 1577 1179 explicaverunt:
1613 1137 1692 1166 «ex
1723 1137 1811 1177 quo
1831 1125 1998 1177 plures,
2032 1137 2100 1178 pr.

1221 1189 1293 1229 hic
1336 1188 1579 1239 trigemini,
1626 1199 1715 1227 una
1754 1186 1919 1228 exclusi
1958 1189 2102 1229 sunt.»

1223 1250 1310 1290 Sed
1353 1251 1416 1291 sic
1454 1250 1584 1291 nimis
1615 1250 1823 1302 ambigue
1852 1250 1939 1290 hoc
1967 1261 2104 1290 voca-

1222 1312 1326 1353 bulo
1370 1323 1478 1353 usus
1515 1312 1664 1363 esset.)
1710 1311 1906 1352 Helenae
1938 1314 2100 1362 ortum,

1221 1378 1270 1416 ut
1306 1374 1537 1428 probabile
1577 1377 1665 1424 est,
1713 1375 1832 1415 haud
1862 1374 2016 1427 procul
2046 1375 2102 1415 ab

1224 1440 1404 1480 exordio
1435 1438 1750 1480 memorabant
1783 1439 1980 1479 carmina
2011 1440 2105 1490 Cy-

1222 1504 1315 1556 pria
1330 1535 1339 1553 ,
1366 1514 1481 1554 quae
1503 1503 1673 1543 Stasino
1694 1501 1763 1542 vel
1784 1503 2003 1553 Hegesino
2024 1502 2104 1542 tri-

1222 1565 1436 1615 buuntur,
1461 1564 1579 1617 apud
1595 1565 1753 1604 Athen.
1767 1564 1829 1613 8,4
1841 1565 1879 1604 0.
1893 1575 1936 1616 p.
1952 1563 2045 1605 334.
2061 1575 2100 1604 c:

1225 1628 1336 1677 Τοῖς
1365 1625 1416 1667 δὲ
1436 1623 1558 1680 μετὰ
1578 1623 1801 1684 τριτάτην
1816 1621 2010 1679 Ἑλένην
2030 1627 2105 1667 τέ-

1223 1702 1298 1739 κε,
1344 1687 1514 1742 θαῦμα
1557 1688 1799 1745 βοοτοΐσι·
1847 1686 1945 1742 Τήν
1988 1700 2104 1729 ποτε

1223 1751 1518 1806 καλλίκομος
1540 1752 1749 1804 Νέμεσις
1777 1748 2002 1805 φιλότητι
2029 1764 2106 1804 μι-

1223 1820 1362 1870 γεῖσα
1391 1817 1530 1869 Ζηνί,
1574 1815 1701 1855 θεῶν
1729 1810 1952 1868 βασιλῆι,
1997 1816 2104 1857 τέκε

1223 1891 1364 1936 nocete
1346 1875 1457 1935 ερῆς
1488 1873 1563 1918 ὑπ’
1595 1872 1825 1931 ἀνάγκης.

1281 1940 1383 1980 4-48
1390 1941 1482 1980 452.
1507 1940 1742 1990 eventum<
1744 1936 2104 1998 (καταστροφὴν

1224 2004 1358 2053 atque
1390 2003 1555 2042 exitum
1586 2001 1786 2051 fabulae,
1834 2013 1970 2053 quam
1999 2014 2105 2043 nar-

1224 2066 1334 2104 rat.»
1361 2087 1406 2092 —
1437 2064 1619 2115 festinat]
1663 2065 1750 2104 «ita
1792 2064 2017 2116 procedit,
2056 2067 2106 2105 ut

1224 2136 1453 2176 nunquam
1510 2126 1854 2177 rhapsodiarum
1913 2126 2104 2167 exordiis

1225 2187 1497 2240 epilogisque
1522 2190 1565 2229 et
1588 2188 1935 2240 digressionibus
1951 2200 2105 2241 super-

1224 2250 1431 2290 vacaneis
1459 2261 1506 2291 se
1528 2251 1624 2302 ipse
1646 2250 1842 2303 implicet
1862 2253 1994 2303 atque
2015 2252 2104 2292 im-

1223 2313 1416 2365 pediat.»
1445 2336 1488 2342 —-
1521 2314 1566 2353 in
1593 2314 1753 2353 medias
1779 2313 1859 2365 res]
1902 2314 2018 2364 «ita,
2055 2316 2105 2355 ut

1222 2375 1363 2416 lector
1393 2387 1548 2416 earum
1578 2377 1844 2428 principium
1873 2375 1989 2416 haud
2021 2376 2103 2418 de—

1223 2439 1410 2484 sideret:
1428 2454 1446 2474 n
1470 2438 1606 2479 veluti
1622 2440 1767 2480 statim
1788 2438 1945 2490 Odyss.
1960 2451 2007 2488 α,
2027 2440 2070 2480 44
2091 2451 2099 2479 :

1211 2495 1343 2541 ³'1v1v19'
1377 2495 1516 2542 ἄλλοι
1543 2501 1634 2554 μὲν
1655 2499 1849 2553 πάντες,
1883 2495 1996 2542 ὅσοι
2013 2499 2104 2552 φύ-

1222 2576 1310 2618 γον
1325 2560 1471 2605 αἰπὺν
1493 2558 1699 2623 ὄλεθρον
1716 2562 1853 2605 Οῗκοι
1867 2559 1985 2605 ἔσαν
2000 2563 2100 2605 κτλ.

1225 2628 1314 2668 Cic.
1355 2627 1411 2667 ad
1444 2629 1530 2667 Att.
1564 2628 1608 2678 4,
1647 2628 1719 2677 46,
1755 2628 1800 2667 4ε
1842 2627 2103 2678 Respondebo

1223 2689 1294 2729 tibi
1316 2683 1516 2746 ὕστερον
1539 2686 1796 2747 πρότερον,
1818 2683 2098 2746 Ὁμηρικῶς.

1225 2752 1399 2801 Quintil.
1423 2753 1473 2802 7,
1498 2753 1572 2801 40,
1597 2753 1666 2792 44τ
1698 2751 1769 2791 ubi
1797 2751 1849 2791 ab
1877 2753 2007 2792 initiis
2033 2753 2103 2792 in-

1223 2815 1482 2865 cipiendum,
1514 2815 1583 2854 ubi
1612 2826 1727 2854 more
1745 2815 1961 2856 Homerico
1981 2827 2002 2856 e
2019 2826 2104 2856 ‘me-

1224 2878 1302 2917 diis
1320 2878 1384 2918 vel
1401 2876 1583 2917 ultimis?
1613 2876 1757 2917 Schol.
1775 2878 1885 2918 Ven.
1904 2878 1961 2918 ad
1977 2877 2098 2918 Iliad.

1224 2952 1270 2989 α,
1293 2940 1338 2979 8:
1370 2938 1579 2993 Λέγουσι
1599 2937 1649 2979 δὲ
1670 2940 1752 2979 καὶ
1769 2934 1946 2998 ἀρετήν
1961 2951 2102 2994 ποιη-

1223 2998 1361 3054 τικήν
1383 2998 1504 3042 εἶναι
1524 2999 1579 3042 τὸ
1600 3000 1694 3043 τῶν
1711 3001 1992 3044 τελευταίων
2006 3002 2102 3044 ἐπι-

1224 3062 1561 3118 λαμβάνεσθαι
1580 3066 1661 3106 καὶ
1683 3066 1789 3123 περὶ
1807 3062 1902 3106 τῶν
1922 3060 2101 3106 λοιπῶν

1225 3121 1432 3168 ανέκαθε
1436 3141 1460 3167 ν
1490 3126 1776 3182 διηγεῖσθαι.
1803 3150 1848 3156 -
1874 3129 1969 3168 Νοη
1989 3139 2103 3168 secus

1225 3203 1274 3231 ac
1303 3191 1495 3243 notas]‹
1494 3191 1646 3243 ‹quasi
1676 3190 1895 3231 deberent
1923 3191 2102 3231 iamiam

1226 3255 1355 3293 notae
1388 3263 1487 3294 esse
1518 3252 1758 3294 lectoribus
1778 3266 1822 3302 3»
1863 3263 1977 3304 quae
2006 3253 2101 3304 ipsa

1226 3316 1416 3356 maxima
1447 3317 1516 3356 est
1542 3316 1679 3356 virtus
1715 3314 1975 3355 narrationis
2005 3315 2101 3354 evi-

1228 3378 1370 3418 dentis
1393 3388 1444 3418 ac
1466 3376 1698 3418 dilucidae.
1720 3401 1765 3406 -
1787 3378 1992 3426 Desperat
2007 3380 2102 3417 tra-

1227 3444 1342 3480 ctata
1362 3439 1462 3491 cet.]
1495 3440 1688 3480 «omittit
1709 3439 1878 3488 omnia,
1911 3449 2024 3490 quae
2047 3449 2100 3480 ex

1228 3503 1364 3553 ipsius
1398 3512 1531 3542 sensu
1563 3513 1668 3541 vere
1706 3501 1881 3552 poetico
1920 3501 2098 3541 tractari
