<?xml version="1.0" encoding="UTF-8"?>
<!DOCTYPE html PUBLIC "-//W3C//DTD XHTML 1.0 Transitional//EN"
    "http://www.w3.org/TR/xhtml1/DTD/xhtml1-transitional.dtd">
<html xmlns="http://www.w3.org/1999/xhtml" xml:lang="en" lang="en">
 <head>
  <title>
</title>
<meta http-equiv="Content-Type" content="text/html;charset=utf-8" />
  <meta name='ocr-system' content='tesseract 3.04.00' />
  <meta name='ocr-capabilities' content='ocr_page ocr_carea ocr_par ocr_line ocrx_word'/>
</head>
<body>
  <div class='ocr_page' id='page_1' title='image "./qhoratiusflaccus02horauoft_0548.png"; bbox 0 0 2231 3787; ppageno 0'>
   <div class='ocr_carea' id='block_1_1' title="bbox 208 248 309 299">
    <p class='ocr_par' dir='ltr' id='par_1_1' title="bbox 208 248 309 299">
     <span class='ocr_line' id='line_1_1' title="bbox 208 248 309 299; baseline 0.01 -1"><span class='ocrx_word' id='word_1_1' title='bbox 208 248 309 299; x_wconf 75' lang='lat'>506</span> 
     </span>
    </p>
   </div>
   <div class='ocr_carea' id='block_1_2' title="bbox 803 249 1411 292">
    <p class='ocr_par' dir='ltr' id='par_1_2' title="bbox 803 249 1411 292">
     <span class='ocr_line' id='line_1_2' title="bbox 803 249 1411 292; baseline 0 -3"><span class='ocrx_word' id='word_1_2' title='bbox 803 249 1018 289; x_wconf 88' lang='lat' dir='ltr'>HORATll</span> <span class='ocrx_word' id='word_1_3' title='bbox 1046 249 1411 292; x_wconf 87' lang='lat' dir='ltr'>EPISTOLARUM</span> 
     </span>
    </p>
   </div>
   <div class='ocr_carea' id='block_1_3' title="bbox 280 377 1789 449">
    <p class='ocr_par' dir='ltr' id='par_1_3' title="bbox 280 377 1789 449">
     <span class='ocr_line' id='line_1_3' title="bbox 280 377 1789 449; baseline 0 -20"><span class='ocrx_word' id='word_1_4' title='bbox 280 379 529 449; x_wconf 80' lang='lat' dir='ltr'>Quinque</span> <span class='ocrx_word' id='word_1_5' title='bbox 568 377 740 431; x_wconf 90' lang='lat' dir='ltr'>bonos</span> <span class='ocrx_word' id='word_1_6' title='bbox 779 377 992 430; x_wconf 92' lang='lat' dir='ltr'>solitum</span> <span class='ocrx_word' id='word_1_7' title='bbox 1032 377 1243 430; x_wconf 84' lang='lat' dir='ltr'>Variam</span> <span class='ocrx_word' id='word_1_8' title='bbox 1282 377 1546 429; x_wconf 80' lang='lat' dir='ltr'>dimittere</span> <span class='ocrx_word' id='word_1_9' title='bbox 1583 384 1789 447; x_wconf 83' lang='lat' dir='ltr'>patreS‚</span> 
     </span>
    </p>
   </div>
   <div class='ocr_carea' id='block_1_4' title="bbox 279 477 2022 651">
    <p class='ocr_par' dir='ltr' id='par_1_4' title="bbox 279 477 2022 651">
     <span class='ocr_line' id='line_1_4' title="bbox 280 477 1660 550; baseline -0.003 -18"><span class='ocrx_word' id='word_1_10' title='bbox 280 481 581 541; x_wconf 78' lang='lat' dir='ltr'>Certemus,</span> <span class='ocrx_word' id='word_1_11' title='bbox 625 479 805 550; x_wconf 87' lang='lat' dir='ltr'>spinas</span> <span class='ocrx_word' id='word_1_12' title='bbox 846 479 1094 531; x_wconf 91' lang='lat' dir='ltr'>animone</span> <span class='ocrx_word' id='word_1_13' title='bbox 1134 495 1234 547; x_wconf 80' lang='lat' dir='ltr'>ego</span> <span class='ocrx_word' id='word_1_14' title='bbox 1274 477 1459 529; x_wconf 89' lang='lat' dir='ltr'>fortius</span> <span class='ocrx_word' id='word_1_15' title='bbox 1499 493 1566 528; x_wconf 92' lang='lat' dir='ltr'>an</span> <span class='ocrx_word' id='word_1_16' title='bbox 1603 485 1660 529; x_wconf 92' lang='lat' dir='ltr'>tu</span> 
     </span>
     <span class='ocr_line' id='line_1_5' title="bbox 279 576 2022 651; baseline -0.002 -19"><span class='ocrx_word' id='word_1_17' title='bbox 279 579 485 633; x_wconf 70' lang='lat' dir='ltr'>Evellas</span> <span class='ocrx_word' id='word_1_18' title='bbox 525 597 652 651; x_wconf 82' lang='lat' dir='ltr'>agro</span> <span class='ocrx_word' id='word_1_19' title='bbox 693 589 744 633; x_wconf 89' lang='lat' dir='ltr'>et</span> <span class='ocrx_word' id='word_1_20' title='bbox 781 579 970 632; x_wconf 87' lang='lat' dir='ltr'>melior</span> <span class='ocrx_word' id='word_1_21' title='bbox 1009 579 1075 630; x_wconf 87' lang='lat' dir='ltr'>sit</span> <span class='ocrx_word' id='word_1_22' title='bbox 1111 576 1362 630; x_wconf 80' lang='lat' dir='ltr'>Horatius</span> <span class='ocrx_word' id='word_1_23' title='bbox 1402 593 1467 629; x_wconf 92' lang='lat' dir='ltr'>an</span> <span class='ocrx_word' id='word_1_24' title='bbox 1507 593 1610 630; x_wconf 89' lang='lat' dir='ltr'>res.</span> <span class='ocrx_word' id='word_1_25' title='bbox 1992 578 2022 628; x_wconf 76' lang='lat'>5</span> 
     </span>
    </p>
   </div>
   <div class='ocr_carea' id='block_1_5' title="bbox 275 679 1637 752">
    <p class='ocr_par' dir='ltr' id='par_1_5' title="bbox 275 679 1637 752">
     <span class='ocr_line' id='line_1_6' title="bbox 275 679 1637 752; baseline -0.001 -20"><span class='ocrx_word' id='word_1_26' title='bbox 275 683 356 734; x_wconf 88' lang='lat' dir='ltr'>Me</span> <span class='ocrx_word' id='word_1_27' title='bbox 398 682 642 752; x_wconf 69' lang='lat' dir='ltr'>quamvis</span> <span class='ocrx_word' id='word_1_28' title='bbox 680 681 894 734; x_wconf 79' lang='lat' dir='ltr'>Lamiae</span> <span class='ocrx_word' id='word_1_29' title='bbox 934 679 1104 749; x_wconf 86' lang='lat' dir='ltr'>pietas</span> <span class='ocrx_word' id='word_1_30' title='bbox 1144 686 1196 732; x_wconf 90' lang='lat' dir='ltr'>et</span> <span class='ocrx_word' id='word_1_31' title='bbox 1233 695 1364 732; x_wconf 90' lang='lat' dir='ltr'>cura</span> <span class='ocrx_word' id='word_1_32' title='bbox 1400 686 1637 731; x_wconf 88' lang='lat' dir='ltr'>moratur</span> 
     </span>
    </p>
   </div>
   <div class='ocr_carea' id='block_1_6' title="bbox 264 811 1966 927">
    <p class='ocr_par' dir='ltr' id='par_1_6' title="bbox 264 811 1966 927">
     <span class='ocr_line' id='line_1_7' title="bbox 314 811 1964 864; baseline -0.001 -11"><span class='ocrx_word' id='word_1_33' title='bbox 314 816 350 854; x_wconf 82' lang='lat'>3.</span> <span class='ocrx_word' id='word_1_34' title='bbox 392 816 561 853; x_wconf 74' lang='lat' dir='ltr'>Variam</span> <span class='ocrx_word' id='word_1_35' title='bbox 591 823 813 864; x_wconf 88' lang='lat' dir='ltr'>superscr.</span> <span class='ocrx_word' id='word_1_36' title='bbox 850 812 1005 851; x_wconf 83' lang='lat' dir='ltr'>Veliam</span> <span class='ocrx_word' id='word_1_37' title='bbox 1035 813 1085 860; x_wconf 90' lang='lat' dir='ltr'>S,</span> <span class='ocrx_word' id='word_1_38' title='bbox 1123 813 1253 851; x_wconf 80' lang='lat' dir='ltr'>Varia</span> <span class='ocrx_word' id='word_1_39' title='bbox 1282 823 1330 860; x_wconf 87' lang='lat' dir='ltr'>c,</span> <span class='ocrx_word' id='word_1_40' title='bbox 1362 812 1541 852; x_wconf 86' lang='lat' dir='ltr'>Bariam</span> <span class='ocrx_word' id='word_1_41' title='bbox 1571 813 1626 860; x_wconf 90' lang='lat' dir='ltr'>E,</span> <span class='ocrx_word' id='word_1_42' title='bbox 1659 811 1867 862; x_wconf 83' lang='lat' dir='ltr'>Aldinae,</span> <span class='ocrx_word' id='word_1_43' title='bbox 1900 814 1964 853; x_wconf 90' lang='lat' dir='ltr'>Lt.</span> 
     </span>
     <span class='ocr_line' id='line_1_8' title="bbox 264 874 1966 927; baseline -0.001 -12"><span class='ocrx_word' id='word_1_44' title='bbox 264 901 305 904; x_wconf 81' lang='lat'>—</span> <span class='ocrx_word' id='word_1_45' title='bbox 342 877 379 916; x_wconf 72' lang='lat'>4.</span> <span class='ocrx_word' id='word_1_46' title='bbox 414 876 482 927; x_wconf 82' lang='lat' dir='ltr'>an]</span> <span class='ocrx_word' id='word_1_47' title='bbox 515 888 564 915; x_wconf 88' lang='lat' dir='ltr'>ac</span> <span class='ocrx_word' id='word_1_48' title='bbox 595 874 772 915; x_wconf 89' lang='lat' dir='ltr'>Obbarii</span> <span class='ocrx_word' id='word_1_49' title='bbox 802 885 979 925; x_wconf 80' lang='lat' dir='ltr'>operae.</span> <span class='ocrx_word' id='word_1_50' title='bbox 1007 897 1051 902; x_wconf 82' lang='lat'>—</span> <span class='ocrx_word' id='word_1_51' title='bbox 1074 875 1113 913; x_wconf 85' lang='lat'>5.</span> <span class='ocrx_word' id='word_1_52' title='bbox 1137 874 1294 914; x_wconf 78' lang='lat' dir='ltr'>Evelles</span> <span class='ocrx_word' id='word_1_53' title='bbox 1315 885 1538 925; x_wconf 87' lang='lat' dir='ltr'>superscr.</span> <span class='ocrx_word' id='word_1_54' title='bbox 1572 886 1600 914; x_wconf 92' lang='lat' dir='ltr'>a</span> <span class='ocrx_word' id='word_1_55' title='bbox 1630 886 1676 923; x_wconf 89' lang='lat' dir='ltr'>c,</span> <span class='ocrx_word' id='word_1_56' title='bbox 1709 874 1868 915; x_wconf 85' lang='lat' dir='ltr'>Evelles</span> <span class='ocrx_word' id='word_1_57' title='bbox 1887 874 1966 915; x_wconf 90' lang='lat' dir='ltr'>dE.</span> 
     </span>
    </p>
   </div>
   <div class='ocr_carea' id='block_1_7' title="bbox 199 981 1083 3516">
    <p class='ocr_par' dir='ltr' id='par_1_7' title="bbox 199 981 1083 3516">
     <span class='ocr_line' id='line_1_9' title="bbox 208 981 1082 1035; baseline -0.003 -12"><span class='ocrx_word' id='word_1_58' title='bbox 208 988 355 1024; x_wconf 80' lang='lat' dir='ltr'>rentes</span> <span class='ocrx_word' id='word_1_59' title='bbox 397 994 477 1035; x_wconf 92' lang='lat' dir='ltr'>pro</span> <span class='ocrx_word' id='word_1_60' title='bbox 509 987 631 1024; x_wconf 88' lang='lat' dir='ltr'>certa</span> <span class='ocrx_word' id='word_1_61' title='bbox 660 983 870 1023; x_wconf 83' lang='lat' dir='ltr'>mercede</span> <span class='ocrx_word' id='word_1_62' title='bbox 901 981 971 1022; x_wconf 87' lang='lat' dir='ltr'>vel</span> <span class='ocrx_word' id='word_1_63' title='bbox 1001 993 1082 1033; x_wconf 90' lang='lat' dir='ltr'>pro</span> 
     </span>
     <span class='ocr_line' id='line_1_10' title="bbox 204 1046 1082 1097; baseline -0.002 -12"><span class='ocrx_word' id='word_1_64' title='bbox 204 1051 295 1086; x_wconf 86' lang='lat' dir='ltr'>rata</span> <span class='ocrx_word' id='word_1_65' title='bbox 319 1049 559 1097; x_wconf 69' lang='lat' dir='ltr'>proventus</span> <span class='ocrx_word' id='word_1_66' title='bbox 580 1048 721 1097; x_wconf 87' lang='lat' dir='ltr'>parte,</span> <span class='ocrx_word' id='word_1_67' title='bbox 749 1048 798 1084; x_wconf 50' lang='lat' dir='ltr'>ut&gt;</span> <span class='ocrx_word' id='word_1_68' title='bbox 814 1046 947 1084; x_wconf 90' lang='lat' dir='ltr'>etiam</span> <span class='ocrx_word' id='word_1_69' title='bbox 964 1055 1082 1084; x_wconf 90' lang='lat' dir='ltr'>nunc</span> 
     </span>
     <span class='ocr_line' id='line_1_11' title="bbox 204 1107 1082 1160; baseline -0.003 -13"><span class='ocrx_word' id='word_1_70' title='bbox 204 1110 248 1147; x_wconf 81' lang='lat' dir='ltr'>tit</span> <span class='ocrx_word' id='word_1_71' title='bbox 294 1108 412 1160; x_wconf 89' lang='lat' dir='ltr'>apud</span> <span class='ocrx_word' id='word_1_72' title='bbox 455 1108 610 1157; x_wconf 89' lang='lat' dir='ltr'>Italos,</span> <span class='ocrx_word' id='word_1_73' title='bbox 672 1107 1082 1158; x_wconf 88' lang='lat' dir='ltr'>quinquepartitum</span> 
     </span>
     <span class='ocr_line' id='line_1_12' title="bbox 204 1168 1083 1218; baseline -0.005 -8"><span class='ocrx_word' id='word_1_74' title='bbox 204 1171 365 1210; x_wconf 82' lang='lat' dir='ltr'>Horatii</span> <span class='ocrx_word' id='word_1_75' title='bbox 395 1169 604 1210; x_wconf 83' lang='lat' dir='ltr'>Sabinum</span> <span class='ocrx_word' id='word_1_76' title='bbox 636 1168 853 1209; x_wconf 90' lang='lat' dir='ltr'>colebant.</span> <span class='ocrx_word' id='word_1_77' title='bbox 888 1170 981 1208; x_wconf 92' lang='lat' dir='ltr'>Hoc</span> <span class='ocrx_word' id='word_1_78' title='bbox 1002 1168 1083 1218; x_wconf 81' lang='lat' dir='ltr'>igi—</span> 
     </span>
     <span class='ocr_line' id='line_1_13' title="bbox 202 1230 1082 1282; baseline -0.003 -11"><span class='ocrx_word' id='word_1_79' title='bbox 202 1237 272 1272; x_wconf 89' lang='lat' dir='ltr'>tur</span> <span class='ocrx_word' id='word_1_80' title='bbox 317 1232 443 1271; x_wconf 86' lang='lat' dir='ltr'>dicit:</span> <span class='ocrx_word' id='word_1_81' title='bbox 491 1233 613 1272; x_wconf 89' lang='lat' dir='ltr'>«Nec</span> <span class='ocrx_word' id='word_1_82' title='bbox 656 1234 805 1271; x_wconf 89' lang='lat' dir='ltr'>tamen</span> <span class='ocrx_word' id='word_1_83' title='bbox 850 1230 1082 1282; x_wconf 88' lang='lat' dir='ltr'>praedium</span> 
     </span>
     <span class='ocr_line' id='line_1_14' title="bbox 203 1292 1083 1344; baseline 0 -11"><span class='ocrx_word' id='word_1_84' title='bbox 203 1296 270 1333; x_wconf 89' lang='lat' dir='ltr'>est</span> <span class='ocrx_word' id='word_1_85' title='bbox 291 1295 420 1334; x_wconf 89' lang='lat' dir='ltr'>nimis</span> <span class='ocrx_word' id='word_1_86' title='bbox 444 1295 672 1344; x_wconf 78' lang='lat' dir='ltr'>exiguum,</span> <span class='ocrx_word' id='word_1_87' title='bbox 705 1294 829 1333; x_wconf 90' lang='lat' dir='ltr'>cuius</span> <span class='ocrx_word' id='word_1_88' title='bbox 850 1295 893 1332; x_wconf 90' lang='lat' dir='ltr'>te</span> <span class='ocrx_word' id='word_1_89' title='bbox 914 1292 1083 1343; x_wconf 86' lang='lat' dir='ltr'>pudeat</span> 
     </span>
     <span class='ocr_line' id='line_1_15' title="bbox 201 1352 1082 1407; baseline -0.005 -11"><span class='ocrx_word' id='word_1_90' title='bbox 201 1358 465 1407; x_wconf 80' lang='lat' dir='ltr'>pigeatque3</span> <span class='ocrx_word' id='word_1_91' title='bbox 513 1357 649 1396; x_wconf 91' lang='lat' dir='ltr'>immo</span> <span class='ocrx_word' id='word_1_92' title='bbox 680 1356 876 1406; x_wconf 87' lang='lat' dir='ltr'>quinque</span> <span class='ocrx_word' id='word_1_93' title='bbox 909 1352 1082 1394; x_wconf 90' lang='lat' dir='ltr'>familiis</span> 
     </span>
     <span class='ocr_line' id='line_1_16' title="bbox 203 1417 1081 1468; baseline -0.003 -10"><span class='ocrx_word' id='word_1_94' title='bbox 203 1418 352 1458; x_wconf 89' lang='lat' dir='ltr'>liberis</span> <span class='ocrx_word' id='word_1_95' title='bbox 383 1420 452 1467; x_wconf 93' lang='lat' dir='ltr'>tu,</span> <span class='ocrx_word' id='word_1_96' title='bbox 487 1417 686 1466; x_wconf 82' lang='lat' dir='ltr'>servule,</span> <span class='ocrx_word' id='word_1_97' title='bbox 720 1417 1002 1468; x_wconf 90' lang='lat' dir='ltr'>praepositus</span> <span class='ocrx_word' id='word_1_98' title='bbox 1034 1426 1081 1455; x_wconf 93' lang='lat' dir='ltr'>es</span> 
     </span>
     <span class='ocr_line' id='line_1_17' title="bbox 203 1479 1083 1532; baseline -0.003 -12"><span class='ocrx_word' id='word_1_99' title='bbox 203 1481 259 1520; x_wconf 91' lang='lat' dir='ltr'>ad</span> <span class='ocrx_word' id='word_1_100' title='bbox 291 1491 445 1520; x_wconf 92' lang='lat' dir='ltr'>earum</span> <span class='ocrx_word' id='word_1_101' title='bbox 476 1491 612 1532; x_wconf 89' lang='lat' dir='ltr'>opera</span> <span class='ocrx_word' id='word_1_102' title='bbox 642 1480 807 1519; x_wconf 87' lang='lat' dir='ltr'>rustica</span> <span class='ocrx_word' id='word_1_103' title='bbox 827 1479 1083 1530; x_wconf 90' lang='lat' dir='ltr'>inspectan-</span> 
     </span>
     <span class='ocr_line' id='line_1_18' title="bbox 202 1542 1082 1593; baseline -0.002 -11"><span class='ocrx_word' id='word_1_104' title='bbox 202 1543 257 1582; x_wconf 90' lang='lat' dir='ltr'>da</span> <span class='ocrx_word' id='word_1_105' title='bbox 288 1553 340 1582; x_wconf 89' lang='lat' dir='ltr'>ac</span> <span class='ocrx_word' id='word_1_106' title='bbox 370 1543 564 1593; x_wconf 80' lang='lat' dir='ltr'>regenda</span> <span class='ocrx_word' id='word_1_107' title='bbox 597 1544 640 1582; x_wconf 90' lang='lat' dir='ltr'>et</span> <span class='ocrx_word' id='word_1_108' title='bbox 670 1542 727 1581; x_wconf 91' lang='lat' dir='ltr'>ad</span> <span class='ocrx_word' id='word_1_109' title='bbox 754 1542 949 1581; x_wconf 90' lang='lat' dir='ltr'>rationes</span> <span class='ocrx_word' id='word_1_110' title='bbox 979 1552 1082 1580; x_wconf 88' lang='lat' dir='ltr'>cum</span> 
     </span>
     <span class='ocr_line' id='line_1_19' title="bbox 199 1603 1081 1656; baseline -0.003 -11"><span class='ocrx_word' id='word_1_111' title='bbox 199 1606 268 1645; x_wconf 87' lang='lat' dir='ltr'>his</span> <span class='ocrx_word' id='word_1_112' title='bbox 290 1603 678 1656; x_wconf 86' lang='lat' dir='ltr'>patribusfamilias</span> <span class='ocrx_word' id='word_1_113' title='bbox 698 1603 962 1655; x_wconf 82' lang='lat' dir='ltr'>putandas.»</span> <span class='ocrx_word' id='word_1_114' title='bbox 990 1604 1081 1642; x_wconf 88' lang='lat' dir='ltr'>Nec</span> 
     </span>
     <span class='ocr_line' id='line_1_20' title="bbox 200 1665 1078 1717; baseline -0.001 -12"><span class='ocrx_word' id='word_1_115' title='bbox 200 1678 308 1707; x_wconf 82' lang='lat' dir='ltr'>vero</span> <span class='ocrx_word' id='word_1_116' title='bbox 339 1667 453 1706; x_wconf 84' lang='lat' dir='ltr'>haec</span> <span class='ocrx_word' id='word_1_117' title='bbox 484 1668 681 1717; x_wconf 81' lang='lat' dir='ltr'>pugnant</span> <span class='ocrx_word' id='word_1_118' title='bbox 710 1676 813 1705; x_wconf 91' lang='lat' dir='ltr'>cum</span> <span class='ocrx_word' id='word_1_119' title='bbox 843 1666 929 1705; x_wconf 90' lang='lat' dir='ltr'>Sat.</span> <span class='ocrx_word' id='word_1_120' title='bbox 954 1666 1005 1713; x_wconf 99' lang='grc'>2,</span> <span class='ocrx_word' id='word_1_121' title='bbox 1039 1665 1078 1713; x_wconf 87' lang='lat'>7,</span> 
     </span>
     <span class='ocr_line' id='line_1_21' title="bbox 202 1729 1083 1779; baseline -0.001 -12"><span class='ocrx_word' id='word_1_122' title='bbox 202 1729 308 1768; x_wconf 71' lang='lat'>448:</span> <span class='ocrx_word' id='word_1_123' title='bbox 372 1730 537 1768; x_wconf 82' lang='lat' dir='ltr'>accedes</span> <span class='ocrx_word' id='word_1_124' title='bbox 585 1739 743 1778; x_wconf 83' lang='lat' dir='ltr'>opera</span> <span class='ocrx_word' id='word_1_125' title='bbox 796 1739 902 1779; x_wconf 64' lang='lat' dir='ltr'>agro</span> <span class='ocrx_word' id='word_1_126' title='bbox 950 1738 1083 1767; x_wconf 77' lang='lat' dir='ltr'>nona</span> 
     </span>
     <span class='ocr_line' id='line_1_22' title="bbox 200 1790 1080 1830; baseline 0 -1"><span class='ocrx_word' id='word_1_127' title='bbox 200 1790 368 1830; x_wconf 80' lang='lat' dir='ltr'>Sabino.</span> <span class='ocrx_word' id='word_1_128' title='bbox 416 1792 590 1830; x_wconf 85' lang='lat' dir='ltr'>Etenim</span> <span class='ocrx_word' id='word_1_129' title='bbox 619 1792 663 1830; x_wconf 91' lang='lat' dir='ltr'>hi</span> <span class='ocrx_word' id='word_1_130' title='bbox 694 1793 792 1830; x_wconf 87' lang='lat' dir='ltr'>octo</span> <span class='ocrx_word' id='word_1_131' title='bbox 814 1791 931 1830; x_wconf 85' lang='lat' dir='ltr'>servi</span> <span class='ocrx_word' id='word_1_132' title='bbox 951 1790 1080 1829; x_wconf 91' lang='lat' dir='ltr'>unice</span> 
     </span>
     <span class='ocr_line' id='line_1_23' title="bbox 202 1851 1081 1904; baseline 0 -13"><span class='ocrx_word' id='word_1_133' title='bbox 202 1854 405 1903; x_wconf 89' lang='lat' dir='ltr'>occupati</span> <span class='ocrx_word' id='word_1_134' title='bbox 437 1855 563 1892; x_wconf 86' lang='lat' dir='ltr'>erant</span> <span class='ocrx_word' id='word_1_135' title='bbox 590 1854 635 1892; x_wconf 92' lang='lat' dir='ltr'>in</span> <span class='ocrx_word' id='word_1_136' title='bbox 664 1854 759 1904; x_wconf 91' lang='lat' dir='ltr'>ipsa</span> <span class='ocrx_word' id='word_1_137' title='bbox 784 1853 952 1892; x_wconf 86' lang='lat' dir='ltr'>Horatii</span> <span class='ocrx_word' id='word_1_138' title='bbox 981 1851 1081 1891; x_wconf 85' lang='lat' dir='ltr'>villa</span> 
     </span>
     <span class='ocr_line' id='line_1_24' title="bbox 202 1914 1081 1965; baseline -0.001 -11"><span class='ocrx_word' id='word_1_139' title='bbox 202 1915 431 1965; x_wconf 88' lang='lat' dir='ltr'>hortisque</span> <span class='ocrx_word' id='word_1_140' title='bbox 463 1914 768 1953; x_wconf 86' lang='lat' dir='ltr'>adiacentibus</span> <span class='ocrx_word' id='word_1_141' title='bbox 799 1917 909 1961; x_wconf 78' lang='lat' dir='ltr'>cet.;</span> <span class='ocrx_word' id='word_1_142' title='bbox 949 1916 1081 1964; x_wconf 88' lang='lat' dir='ltr'>quin-</span> 
     </span>
     <span class='ocr_line' id='line_1_25' title="bbox 202 1975 1078 2027; baseline -0.002 -11"><span class='ocrx_word' id='word_1_143' title='bbox 202 1988 288 2027; x_wconf 88' lang='lat' dir='ltr'>que</span> <span class='ocrx_word' id='word_1_144' title='bbox 320 1975 461 2016; x_wconf 90' lang='lat' dir='ltr'>coloni</span> <span class='ocrx_word' id='word_1_145' title='bbox 483 1987 585 2016; x_wconf 89' lang='lat' dir='ltr'>cum</span> <span class='ocrx_word' id='word_1_146' title='bbox 607 1975 779 2016; x_wconf 85' lang='lat' dir='ltr'>familiis</span> <span class='ocrx_word' id='word_1_147' title='bbox 806 1987 888 2027; x_wconf 90' lang='lat' dir='ltr'>per</span> <span class='ocrx_word' id='word_1_148' title='bbox 909 1976 1078 2026; x_wconf 81' lang='lat' dir='ltr'>tuguria</span> 
     </span>
     <span class='ocr_line' id='line_1_26' title="bbox 201 2037 1081 2088; baseline -0.001 -10"><span class='ocrx_word' id='word_1_149' title='bbox 201 2038 454 2078; x_wconf 85' lang='lat' dir='ltr'>habitantes</span> <span class='ocrx_word' id='word_1_150' title='bbox 485 2037 680 2088; x_wconf 91' lang='lat' dir='ltr'>reliquos</span> <span class='ocrx_word' id='word_1_151' title='bbox 719 2038 813 2077; x_wconf 92' lang='lat' dir='ltr'>eius</span> <span class='ocrx_word' id='word_1_152' title='bbox 844 2048 972 2088; x_wconf 82' lang='lat' dir='ltr'>agros</span> <span class='ocrx_word' id='word_1_153' title='bbox 1004 2049 1081 2077; x_wconf 86' lang='lat' dir='ltr'>co-</span> 
     </span>
     <span class='ocr_line' id='line_1_27' title="bbox 201 2100 1080 2140; baseline -0.001 0"><span class='ocrx_word' id='word_1_154' title='bbox 201 2100 365 2140; x_wconf 88' lang='lat' dir='ltr'>lebant.</span> <span class='ocrx_word' id='word_1_155' title='bbox 455 2101 684 2140; x_wconf 88' lang='lat' dir='ltr'>Portiones</span> <span class='ocrx_word' id='word_1_156' title='bbox 743 2103 892 2140; x_wconf 91' lang='lat' dir='ltr'>autem</span> <span class='ocrx_word' id='word_1_157' title='bbox 948 2101 1080 2140; x_wconf 81' lang='lat' dir='ltr'>totius</span> 
     </span>
     <span class='ocr_line' id='line_1_28' title="bbox 201 2162 1081 2215; baseline -0.002 -11"><span class='ocrx_word' id='word_1_158' title='bbox 201 2165 322 2205; x_wconf 84' lang='lat' dir='ltr'>fundi</span> <span class='ocrx_word' id='word_1_159' title='bbox 351 2167 456 2204; x_wconf 88' lang='lat' dir='ltr'>tunc</span> <span class='ocrx_word' id='word_1_160' title='bbox 478 2175 656 2215; x_wconf 91' lang='lat' dir='ltr'>quoque</span> <span class='ocrx_word' id='word_1_161' title='bbox 689 2163 855 2203; x_wconf 90' lang='lat' dir='ltr'>colonis</span> <span class='ocrx_word' id='word_1_162' title='bbox 885 2162 967 2203; x_wconf 87' lang='lat' dir='ltr'>illis</span> <span class='ocrx_word' id='word_1_163' title='bbox 989 2164 1081 2203; x_wconf 86' lang='lat' dir='ltr'>sin-</span> 
     </span>
     <span class='ocr_line' id='line_1_29' title="bbox 202 2224 1079 2277; baseline -0.002 -11"><span class='ocrx_word' id='word_1_164' title='bbox 202 2226 310 2277; x_wconf 79' lang='lat' dir='ltr'>gulis</span> <span class='ocrx_word' id='word_1_165' title='bbox 365 2225 609 2265; x_wconf 87' lang='lat' dir='ltr'>admodum</span> <span class='ocrx_word' id='word_1_166' title='bbox 667 2225 867 2264; x_wconf 91' lang='lat' dir='ltr'>modicas</span> <span class='ocrx_word' id='word_1_167' title='bbox 915 2224 1079 2264; x_wconf 86' lang='lat' dir='ltr'>locatas</span> 
     </span>
     <span class='ocr_line' id='line_1_30' title="bbox 202 2287 1078 2339; baseline -0.002 -11"><span class='ocrx_word' id='word_1_168' title='bbox 202 2300 323 2336; x_wconf 85' lang='lat' dir='ltr'>esse,</span> <span class='ocrx_word' id='word_1_169' title='bbox 359 2300 445 2339; x_wconf 87' lang='lat' dir='ltr'>quo</span> <span class='ocrx_word' id='word_1_170' title='bbox 477 2287 635 2328; x_wconf 90' lang='lat' dir='ltr'>melius</span> <span class='ocrx_word' id='word_1_171' title='bbox 667 2287 938 2335; x_wconf 82' lang='lat' dir='ltr'>colerentur,</span> <span class='ocrx_word' id='word_1_172' title='bbox 971 2298 1078 2327; x_wconf 89' lang='lat' dir='ltr'>sane</span> 
     </span>
     <span class='ocr_line' id='line_1_31' title="bbox 202 2352 1079 2401; baseline -0.002 -11"><span class='ocrx_word' id='word_1_173' title='bbox 202 2353 551 2391; x_wconf 87' lang='lat' dir='ltr'>consentaneum</span> <span class='ocrx_word' id='word_1_174' title='bbox 574 2352 664 2398; x_wconf 89' lang='lat' dir='ltr'>est,</span> <span class='ocrx_word' id='word_1_175' title='bbox 688 2360 872 2401; x_wconf 91' lang='lat' dir='ltr'>prorsus</span> <span class='ocrx_word' id='word_1_176' title='bbox 893 2352 942 2388; x_wconf 94' lang='lat' dir='ltr'>ut</span> <span class='ocrx_word' id='word_1_177' title='bbox 961 2360 1079 2388; x_wconf 90' lang='lat' dir='ltr'>nunc</span> 
     </span>
     <span class='ocr_line' id='line_1_32' title="bbox 201 2410 1079 2463; baseline -0.002 -11"><span class='ocrx_word' id='word_1_178' title='bbox 201 2412 343 2452; x_wconf 82' lang='lat' dir='ltr'>solent.</span> <span class='ocrx_word' id='word_1_179' title='bbox 385 2411 477 2451; x_wconf 87' lang='lat' dir='ltr'>ltali</span> <span class='ocrx_word' id='word_1_180' title='bbox 518 2410 760 2463; x_wconf 81' lang='lat' dir='ltr'>locupletes</span> <span class='ocrx_word' id='word_1_181' title='bbox 792 2412 883 2452; x_wconf 91' lang='lat' dir='ltr'>suis</span> <span class='ocrx_word' id='word_1_182' title='bbox 914 2410 1079 2451; x_wconf 88' lang='lat' dir='ltr'>colonis</span> 
     </span>
     <span class='ocr_line' id='line_1_33' title="bbox 201 2473 1079 2526; baseline -0.003 -11"><span class='ocrx_word' id='word_1_183' title='bbox 201 2477 256 2526; x_wconf 80' lang='lat' dir='ltr'>(a&#39;</span> <span class='ocrx_word' id='word_1_184' title='bbox 302 2475 391 2514; x_wconf 73' lang='lat' dir='ltr'>suoi</span> <span class='ocrx_word' id='word_1_185' title='bbox 432 2474 619 2525; x_wconf 71' lang='lat' dir='ltr'>massaJ&#39;).</span> <span class='ocrx_word' id='word_1_186' title='bbox 681 2473 991 2523; x_wconf 79' lang='lat' dir='ltr'>Dillenburger</span> <span class='ocrx_word' id='word_1_187' title='bbox 1036 2476 1079 2512; x_wconf 92' lang='lat' dir='ltr'>et</span> 
     </span>
     <span class='ocr_line' id='line_1_34' title="bbox 199 2535 1074 2587; baseline -0.003 -10"><span class='ocrx_word' id='word_1_188' title='bbox 199 2539 394 2577; x_wconf 76' lang='lat' dir='ltr'>Diiutzer</span> <span class='ocrx_word' id='word_1_189' title='bbox 437 2538 620 2587; x_wconf 88' lang='lat' dir='ltr'>propter</span> <span class='ocrx_word' id='word_1_190' title='bbox 648 2535 795 2575; x_wconf 91' lang='lat' dir='ltr'>locum</span> <span class='ocrx_word' id='word_1_191' title='bbox 827 2537 913 2575; x_wconf 89' lang='lat' dir='ltr'>Sat.</span> <span class='ocrx_word' id='word_1_192' title='bbox 947 2537 995 2584; x_wconf 90' lang='grc'>2,</span> <span class='ocrx_word' id='word_1_193' title='bbox 1030 2536 1074 2583; x_wconf 79' lang='lat'>7,</span> 
     </span>
     <span class='ocr_line' id='line_1_35' title="bbox 201 2597 1078 2649; baseline -0.002 -11"><span class='ocrx_word' id='word_1_194' title='bbox 201 2599 294 2638; x_wconf 69' lang='lat'>448.</span> <span class='ocrx_word' id='word_1_195' title='bbox 330 2601 373 2637; x_wconf 86' lang='lat' dir='ltr'>et</span> <span class='ocrx_word' id='word_1_196' title='bbox 402 2601 584 2649; x_wconf 89' lang='lat' dir='ltr'>propter</span> <span class='ocrx_word' id='word_1_197' title='bbox 613 2609 764 2637; x_wconf 73' lang='lat' dir='ltr'>vernas</span> <span class='ocrx_word' id='word_1_198' title='bbox 793 2597 887 2637; x_wconf 90' lang='lat' dir='ltr'>illos</span> <span class='ocrx_word' id='word_1_199' title='bbox 919 2609 1078 2647; x_wconf 80' lang='lat' dir='ltr'>proca-</span> 
     </span>
     <span class='ocr_line' id='line_1_36' title="bbox 199 2660 1077 2710; baseline -0.002 -10"><span class='ocrx_word' id='word_1_200' title='bbox 199 2672 262 2700; x_wconf 87' lang='lat' dir='ltr'>ces</span> <span class='ocrx_word' id='word_1_201' title='bbox 302 2662 387 2699; x_wconf 88' lang='lat' dir='ltr'>Sat.</span> <span class='ocrx_word' id='word_1_202' title='bbox 433 2662 480 2708; x_wconf 82' lang='grc'>2,</span> <span class='ocrx_word' id='word_1_203' title='bbox 523 2660 569 2708; x_wconf 88' lang='grc'>6,</span> <span class='ocrx_word' id='word_1_204' title='bbox 610 2660 676 2699; x_wconf 90' lang='grc'>66.</span> <span class='ocrx_word' id='word_1_205' title='bbox 723 2660 827 2699; x_wconf 90' lang='lat' dir='ltr'>satis</span> <span class='ocrx_word' id='word_1_206' title='bbox 875 2660 1077 2710; x_wconf 87' lang='lat' dir='ltr'>precario</span> 
     </span>
     <span class='ocr_line' id='line_1_37' title="bbox 201 2721 1078 2774; baseline -0.001 -12"><span class='ocrx_word' id='word_1_207' title='bbox 201 2722 446 2774; x_wconf 80' lang='lat' dir='ltr'>explicant:</span> <span class='ocrx_word' id='word_1_208' title='bbox 495 2721 716 2772; x_wconf 79' lang='lat' dir='ltr'>«agellum</span> <span class='ocrx_word' id='word_1_209' title='bbox 748 2721 874 2761; x_wconf 89' lang='lat' dir='ltr'>olim</span> <span class='ocrx_word' id='word_1_210' title='bbox 902 2722 1078 2761; x_wconf 87' lang='lat' dir='ltr'>habita—</span> 
     </span>
     <span class='ocr_line' id='line_1_38' title="bbox 199 2784 1077 2835; baseline 0 -13"><span class='ocrx_word' id='word_1_211' title='bbox 199 2787 292 2823; x_wconf 90' lang='lat' dir='ltr'>tum</span> <span class='ocrx_word' id='word_1_212' title='bbox 324 2785 519 2834; x_wconf 85' lang='lat' dir='ltr'>quinque</span> <span class='ocrx_word' id='word_1_213' title='bbox 551 2784 657 2823; x_wconf 84' lang='lat' dir='ltr'>focis</span> <span class='ocrx_word' id='word_1_214' title='bbox 689 2786 734 2823; x_wconf 90' lang='lat' dir='ltr'>et</span> <span class='ocrx_word' id='word_1_215' title='bbox 763 2784 958 2834; x_wconf 90' lang='lat' dir='ltr'>quinque</span> <span class='ocrx_word' id='word_1_216' title='bbox 996 2795 1077 2835; x_wconf 90' lang='lat' dir='ltr'>pa-</span> 
     </span>
     <span class='ocr_line' id='line_1_39' title="bbox 200 2845 1078 2894; baseline 0.001 -11"><span class='ocrx_word' id='word_1_217' title='bbox 200 2845 340 2885; x_wconf 85' lang='lat' dir='ltr'>tribus</span> <span class='ocrx_word' id='word_1_218' title='bbox 362 2845 605 2893; x_wconf 79' lang='lat' dir='ltr'>familia33»</span> <span class='ocrx_word' id='word_1_219' title='bbox 640 2845 808 2894; x_wconf 92' lang='lat' dir='ltr'>olim,</span> <span class='ocrx_word' id='word_1_220' title='bbox 842 2846 885 2885; x_wconf 92' lang='lat' dir='ltr'>id</span> <span class='ocrx_word' id='word_1_221' title='bbox 916 2849 996 2894; x_wconf 91' lang='lat' dir='ltr'>est,</span> <span class='ocrx_word' id='word_1_222' title='bbox 1030 2847 1078 2884; x_wconf 91' lang='lat' dir='ltr'>ut</span> 
     </span>
     <span class='ocr_line' id='line_1_40' title="bbox 201 2907 1076 2954; baseline 0.002 -9"><span class='ocrx_word' id='word_1_223' title='bbox 201 2908 345 2954; x_wconf 89' lang='lat' dir='ltr'>aiunt,</span> <span class='ocrx_word' id='word_1_224' title='bbox 393 2910 493 2946; x_wconf 84' lang='lat' dir='ltr'>ante</span> <span class='ocrx_word' id='word_1_225' title='bbox 538 2907 651 2947; x_wconf 89' lang='lat' dir='ltr'>bella</span> <span class='ocrx_word' id='word_1_226' title='bbox 697 2907 836 2947; x_wconf 86' lang='lat' dir='ltr'>civilia</span> <span class='ocrx_word' id='word_1_227' title='bbox 877 2910 1076 2947; x_wconf 71' lang='grc'>6131116-</span> 
     </span>
     <span class='ocr_line' id='line_1_41' title="bbox 201 2968 1076 3020; baseline 0.002 -14"><span class='ocrx_word' id='word_1_228' title='bbox 201 2979 335 3019; x_wconf 90' lang='lat' dir='ltr'>quam</span> <span class='ocrx_word' id='word_1_229' title='bbox 366 2968 526 3008; x_wconf 77' lang='lat' dir='ltr'>fundus</span> <span class='ocrx_word' id='word_1_230' title='bbox 556 2968 625 3008; x_wconf 91' lang='lat' dir='ltr'>ille</span> <span class='ocrx_word' id='word_1_231' title='bbox 657 2969 841 3009; x_wconf 87' lang='lat' dir='ltr'>Sabinus</span> <span class='ocrx_word' id='word_1_232' title='bbox 882 2970 1076 3020; x_wconf 89' lang='lat' dir='ltr'>primum</span> 
     </span>
     <span class='ocr_line' id='line_1_42' title="bbox 199 3031 1074 3081; baseline 0 -11"><span class='ocrx_word' id='word_1_233' title='bbox 199 3032 442 3070; x_wconf 84' lang='lat' dir='ltr'>Maecenati</span> <span class='ocrx_word' id='word_1_234' title='bbox 487 3033 757 3081; x_wconf 76' lang='lat' dir='ltr'>assignatus,</span> <span class='ocrx_word' id='word_1_235' title='bbox 809 3031 969 3071; x_wconf 87' lang='lat' dir='ltr'>deinde</span> <span class='ocrx_word' id='word_1_236' title='bbox 1019 3031 1074 3070; x_wconf 84' lang='lat' dir='ltr'>ab</span> 
     </span>
     <span class='ocr_line' id='line_1_43' title="bbox 201 3094 1074 3134; baseline 0.001 -3"><span class='ocrx_word' id='word_1_237' title='bbox 201 3094 283 3132; x_wconf 88' lang='lat' dir='ltr'>hoc</span> <span class='ocrx_word' id='word_1_238' title='bbox 333 3095 507 3132; x_wconf 86' lang='lat' dir='ltr'>Horatio</span> <span class='ocrx_word' id='word_1_239' title='bbox 558 3094 745 3133; x_wconf 85' lang='lat' dir='ltr'>donatus</span> <span class='ocrx_word' id='word_1_240' title='bbox 795 3097 927 3134; x_wconf 86' lang='lat' dir='ltr'>esset.</span> <span class='ocrx_word' id='word_1_241' title='bbox 990 3094 1074 3132; x_wconf 88' lang='lat' dir='ltr'>Sed</span> 
     </span>
     <span class='ocr_line' id='line_1_44' title="bbox 200 3155 1077 3206; baseline 0 -13"><span class='ocrx_word' id='word_1_242' title='bbox 200 3155 312 3194; x_wconf 87' lang='lat' dir='ltr'>haec</span> <span class='ocrx_word' id='word_1_243' title='bbox 364 3156 510 3193; x_wconf 89' lang='lat' dir='ltr'>omnia</span> <span class='ocrx_word' id='word_1_244' title='bbox 565 3155 680 3194; x_wconf 90' lang='lat' dir='ltr'>nullo</span> <span class='ocrx_word' id='word_1_245' title='bbox 723 3166 906 3206; x_wconf 88' lang='lat' dir='ltr'>prorsus</span> <span class='ocrx_word' id='word_1_246' title='bbox 951 3166 1077 3204; x_wconf 79' lang='lat' dir='ltr'>argu-</span> 
     </span>
     <span class='ocr_line' id='line_1_45' title="bbox 202 3216 1076 3267; baseline -0.001 -12"><span class='ocrx_word' id='word_1_247' title='bbox 202 3219 352 3256; x_wconf 87' lang='lat' dir='ltr'>mento</span> <span class='ocrx_word' id='word_1_248' title='bbox 383 3217 744 3267; x_wconf 84' lang='lat' dir='ltr'>comprobantur.</span> <span class='ocrx_word' id='word_1_249' title='bbox 782 3240 824 3244; x_wconf 85' lang='lat'>—</span> <span class='ocrx_word' id='word_1_250' title='bbox 856 3216 972 3267; x_wconf 87' lang='lat' dir='ltr'>focis]</span> <span class='ocrx_word' id='word_1_251' title='bbox 1008 3216 1076 3254; x_wconf 88' lang='lat' dir='ltr'>Sic</span> 
     </span>
     <span class='ocr_line' id='line_1_46' title="bbox 204 3274 1073 3330; baseline -0.002 -13"><span class='ocrx_word' id='word_1_252' title='bbox 204 3278 320 3317; x_wconf 80' lang='lat' dir='ltr'>Plato</span> <span class='ocrx_word' id='word_1_253' title='bbox 352 3280 480 3329; x_wconf 78' lang='lat' dir='ltr'>Legg.</span> <span class='ocrx_word' id='word_1_254' title='bbox 511 3280 547 3317; x_wconf 76' lang='lat'>⁴.</span> <span class='ocrx_word' id='word_1_255' title='bbox 571 3290 612 3330; x_wconf 89' lang='lat' dir='ltr'>p.</span> <span class='ocrx_word' id='word_1_256' title='bbox 638 3278 730 3318; x_wconf 62' lang='lat'>6&#39;42.</span> <span class='ocrx_word' id='word_1_257' title='bbox 755 3281 800 3318; x_wconf 90' lang='lat' dir='ltr'>B.</span> <span class='ocrx_word' id='word_1_258' title='bbox 823 3291 829 3316; x_wconf 76' lang='lat' dir='ltr'>t</span> <span class='ocrx_word' id='word_1_259' title='bbox 876 3274 1013 3330; x_wconf 75' lang='grc' dir='ltr'>ἡμῶν</span> <span class='ocrx_word' id='word_1_260' title='bbox 1044 3274 1073 3330; x_wconf 82' lang='grc' dir='ltr'><em>ἦ</em></span> 
     </span>
     <span class='ocr_line' id='line_1_47' title="bbox 201 3340 1072 3387; baseline 0.001 -9"><span class='ocrx_word' id='word_1_261' title='bbox 201 3340 357 3387; x_wconf 76' lang='grc' dir='ltr'>ἑστία,</span> <span class='ocrx_word' id='word_1_262' title='bbox 398 3340 582 3380; x_wconf 88' lang='lat' dir='ltr'>«domus</span> <span class='ocrx_word' id='word_1_263' title='bbox 613 3342 805 3379; x_wconf 78' lang='lat' dir='ltr'>nostra.»</span> <span class='ocrx_word' id='word_1_264' title='bbox 840 3340 998 3379; x_wconf 84' lang='lat' dir='ltr'>Herod.</span> <span class='ocrx_word' id='word_1_265' title='bbox 1036 3342 1072 3387; x_wconf 73' lang='lat'>4,</span> 
     </span>
     <span class='ocr_line' id='line_1_48' title="bbox 204 3396 1076 3455; baseline 0.003 -17"><span class='ocrx_word' id='word_1_266' title='bbox 204 3402 307 3439; x_wconf 72' lang='lat'><strong>476:</strong></span> <span class='ocrx_word' id='word_1_267' title='bbox 342 3402 394 3440; x_wconf 86' lang='grc' dir='ltr'>αἱ</span> <span class='ocrx_word' id='word_1_268' title='bbox 420 3401 469 3441; x_wconf 78' lang='grc' dir='ltr'>δὲ</span> <span class='ocrx_word' id='word_1_269' title='bbox 501 3396 778 3455; x_wconf 77' lang='grc' dir='ltr'><em>ὀγδώκοντα</em></span> <span class='ocrx_word' id='word_1_270' title='bbox 809 3402 955 3441; x_wconf 86' lang='grc' dir='ltr'><em>ἱστίαι</em></span> <span class='ocrx_word' id='word_1_271' title='bbox 976 3396 1076 3441; x_wconf 61' lang='grc' dir='ltr'><em>’ἔτυ-</em></span> 
     </span>
     <span class='ocr_line' id='line_1_49' title="bbox 200 3463 1075 3516; baseline 0 -15"><span class='ocrx_word' id='word_1_272' title='bbox 200 3474 291 3508; x_wconf 75' lang='grc' dir='ltr'>χον</span> <span class='ocrx_word' id='word_1_273' title='bbox 314 3463 650 3516; x_wconf 69' lang='grc' dir='ltr'><em>ἑκόημεόυσαι.</em></span> <span class='ocrx_word' id='word_1_274' title='bbox 678 3487 723 3492; x_wconf 91' lang='grc'><strong>-</strong></span> <span class='ocrx_word' id='word_1_275' title='bbox 754 3464 936 3515; x_wconf 64' lang='lat' dir='ltr'>Variam]</span> <span class='ocrx_word' id='word_1_276' title='bbox 971 3465 1075 3503; x_wconf 71' lang='lat' dir='ltr'>«Va-</span> 
     </span>
    </p>
   </div>
   <div class='ocr_carea' id='block_1_8' title="bbox 1139 981 2024 3514">
    <p class='ocr_par' dir='ltr' id='par_1_8' title="bbox 1144 981 2023 1212">
     <span class='ocr_line' id='line_1_50' title="bbox 1146 981 2021 1033; baseline 0.002 -13"><span class='ocrx_word' id='word_1_277' title='bbox 1146 982 1207 1021; x_wconf 89' lang='lat' dir='ltr'>ria</span> <span class='ocrx_word' id='word_1_278' title='bbox 1241 982 1456 1033; x_wconf 90' lang='lat' dir='ltr'>oppidum</span> <span class='ocrx_word' id='word_1_279' title='bbox 1485 983 1527 1021; x_wconf 89' lang='lat' dir='ltr'>in</span> <span class='ocrx_word' id='word_1_280' title='bbox 1552 981 1723 1022; x_wconf 86' lang='lat' dir='ltr'>Sabinis</span> <span class='ocrx_word' id='word_1_281' title='bbox 1745 981 1870 1028; x_wconf 73' lang='lat' dir='ltr'>olim,</span> <span class='ocrx_word' id='word_1_282' title='bbox 1902 993 2021 1022; x_wconf 90' lang='lat' dir='ltr'>nunc</span> 
     </span>
     <span class='ocr_line' id='line_1_51' title="bbox 1144 1044 2023 1084; baseline 0.001 -2"><span class='ocrx_word' id='word_1_283' title='bbox 1144 1044 1271 1083; x_wconf 82' lang='lat' dir='ltr'>vicus</span> <span class='ocrx_word' id='word_1_284' title='bbox 1299 1044 1536 1084; x_wconf 88' lang='lat' dir='ltr'>imminens</span> <span class='ocrx_word' id='word_1_285' title='bbox 1555 1045 1710 1084; x_wconf 89' lang='lat' dir='ltr'>Anieni</span> <span class='ocrx_word' id='word_1_286' title='bbox 1739 1044 1794 1083; x_wconf 92' lang='lat' dir='ltr'>ad</span> <span class='ocrx_word' id='word_1_287' title='bbox 1816 1046 2023 1083; x_wconf 87' lang='lat' dir='ltr'>octavum</span> 
     </span>
     <span class='ocr_line' id='line_1_52' title="bbox 1144 1104 2021 1156; baseline 0.001 -13"><span class='ocrx_word' id='word_1_288' title='bbox 1144 1104 1338 1156; x_wconf 89' lang='lat' dir='ltr'>lapidem</span> <span class='ocrx_word' id='word_1_289' title='bbox 1367 1104 1478 1145; x_wconf 89' lang='lat' dir='ltr'>ultra</span> <span class='ocrx_word' id='word_1_290' title='bbox 1500 1105 1634 1145; x_wconf 88' lang='lat' dir='ltr'>Tibur</span> <span class='ocrx_word' id='word_1_291' title='bbox 1653 1107 1697 1145; x_wconf 90' lang='lat' dir='ltr'>in</span> <span class='ocrx_word' id='word_1_292' title='bbox 1716 1106 1787 1144; x_wconf 88' lang='lat' dir='ltr'>via</span> <span class='ocrx_word' id='word_1_293' title='bbox 1805 1104 2021 1144; x_wconf 88' lang='lat' dir='ltr'>Valeria.»</span> 
     </span>
     <span class='ocr_line' id='line_1_53' title="bbox 1147 1167 1877 1212; baseline -0.001 -5"><span class='ocrx_word' id='word_1_294' title='bbox 1147 1168 1286 1207; x_wconf 72' lang='lat' dir='ltr'>Comi.</span> <span class='ocrx_word' id='word_1_295' title='bbox 1321 1168 1450 1212; x_wconf 79' lang='lat' dir='ltr'><strong>CRUQ.</strong></span> <span class='ocrx_word' id='word_1_296' title='bbox 1486 1168 1624 1207; x_wconf 87' lang='lat' dir='ltr'>Hodie</span> <span class='ocrx_word' id='word_1_297' title='bbox 1660 1167 1877 1208; x_wconf 84' lang='lat' dir='ltr'>Vicovaro.</span> 
     </span>
    </p>

    <p class='ocr_par' dir='ltr' id='par_1_9' title="bbox 1139 1228 2024 3380">
     <span class='ocr_line' id='line_1_54' title="bbox 1200 1228 2024 1281; baseline -0.002 -12"><span class='ocrx_word' id='word_1_298' title='bbox 1200 1228 1239 1269; x_wconf 80' lang='lat'>4.</span> <span class='ocrx_word' id='word_1_299' title='bbox 1263 1230 1303 1269; x_wconf 81' lang='lat'>5.</span> <span class='ocrx_word' id='word_1_300' title='bbox 1351 1229 1570 1281; x_wconf 85' lang='lat' dir='ltr'>Certemus]</span> <span class='ocrx_word' id='word_1_301' title='bbox 1618 1229 1845 1280; x_wconf 81' lang='lat' dir='ltr'>«Agedum</span> <span class='ocrx_word' id='word_1_302' title='bbox 1873 1228 2024 1268; x_wconf 81' lang='lat' dir='ltr'>videa-</span> 
     </span>
     <span class='ocr_line' id='line_1_55' title="bbox 1146 1291 2024 1342; baseline -0.001 -12"><span class='ocrx_word' id='word_1_303' title='bbox 1146 1302 1266 1338; x_wconf 91' lang='lat' dir='ltr'>mus,</span> <span class='ocrx_word' id='word_1_304' title='bbox 1312 1293 1462 1331; x_wconf 86' lang='lat' dir='ltr'>utrum</span> <span class='ocrx_word' id='word_1_305' title='bbox 1509 1302 1590 1342; x_wconf 81' lang='lat' dir='ltr'>ego</span> <span class='ocrx_word' id='word_1_306' title='bbox 1634 1291 1883 1342; x_wconf 82' lang='lat' dir='ltr'>diligentius</span> <span class='ocrx_word' id='word_1_307' title='bbox 1927 1291 2024 1332; x_wconf 86' lang='lat' dir='ltr'>ani—</span> 
     </span>
     <span class='ocr_line' id='line_1_56' title="bbox 1145 1353 2023 1405; baseline -0.001 -12"><span class='ocrx_word' id='word_1_308' title='bbox 1145 1365 1271 1393; x_wconf 90' lang='lat' dir='ltr'>mum</span> <span class='ocrx_word' id='word_1_309' title='bbox 1303 1364 1456 1393; x_wconf 89' lang='lat' dir='ltr'>meum</span> <span class='ocrx_word' id='word_1_310' title='bbox 1485 1355 1598 1394; x_wconf 89' lang='lat' dir='ltr'>vitiis</span> <span class='ocrx_word' id='word_1_311' title='bbox 1634 1363 1845 1405; x_wconf 80' lang='lat' dir='ltr'>purgem,</span> <span class='ocrx_word' id='word_1_312' title='bbox 1892 1364 1948 1392; x_wconf 89' lang='lat' dir='ltr'>an</span> <span class='ocrx_word' id='word_1_313' title='bbox 1976 1353 2023 1392; x_wconf 89' lang='lat' dir='ltr'>tu</span> 
     </span>
     <span class='ocr_line' id='line_1_57' title="bbox 1145 1415 2022 1467; baseline -0.003 -10"><span class='ocrx_word' id='word_1_314' title='bbox 1145 1418 1294 1467; x_wconf 89' lang='lat' dir='ltr'>spinas</span> <span class='ocrx_word' id='word_1_315' title='bbox 1327 1428 1380 1456; x_wconf 85' lang='lat' dir='ltr'>ex</span> <span class='ocrx_word' id='word_1_316' title='bbox 1409 1427 1514 1467; x_wconf 84' lang='lat' dir='ltr'>agro</span> <span class='ocrx_word' id='word_1_317' title='bbox 1541 1427 1643 1456; x_wconf 90' lang='lat' dir='ltr'>meo</span> <span class='ocrx_word' id='word_1_318' title='bbox 1667 1415 1854 1465; x_wconf 90' lang='lat' dir='ltr'>evellas;</span> <span class='ocrx_word' id='word_1_319' title='bbox 1888 1417 2022 1466; x_wconf 85' lang='lat' dir='ltr'>atque</span> 
     </span>
     <span class='ocr_line' id='line_1_58' title="bbox 1144 1477 2024 1528; baseline -0.002 -10"><span class='ocrx_word' id='word_1_320' title='bbox 1144 1480 1243 1518; x_wconf 89' lang='lat' dir='ltr'>utra</span> <span class='ocrx_word' id='word_1_321' title='bbox 1286 1479 1396 1518; x_wconf 89' lang='lat' dir='ltr'>ratio</span> <span class='ocrx_word' id='word_1_322' title='bbox 1439 1477 1598 1518; x_wconf 88' lang='lat' dir='ltr'>melior</span> <span class='ocrx_word' id='word_1_323' title='bbox 1626 1479 1706 1528; x_wconf 84' lang='lat' dir='ltr'>sit,</span> <span class='ocrx_word' id='word_1_324' title='bbox 1754 1489 1887 1527; x_wconf 88' lang='lat' dir='ltr'>eane,</span> <span class='ocrx_word' id='word_1_325' title='bbox 1935 1487 2024 1527; x_wconf 86' lang='lat' dir='ltr'>qua</span> 
     </span>
     <span class='ocr_line' id='line_1_59' title="bbox 1145 1540 2024 1592; baseline -0.003 -11"><span class='ocrx_word' id='word_1_326' title='bbox 1145 1551 1217 1581; x_wconf 89' lang='lat' dir='ltr'>me</span> <span class='ocrx_word' id='word_1_327' title='bbox 1255 1542 1349 1592; x_wconf 92' lang='lat' dir='ltr'>ipse</span> <span class='ocrx_word' id='word_1_328' title='bbox 1392 1552 1523 1590; x_wconf 88' lang='lat' dir='ltr'>curo,</span> <span class='ocrx_word' id='word_1_329' title='bbox 1571 1540 1693 1592; x_wconf 92' lang='lat' dir='ltr'>quod</span> <span class='ocrx_word' id='word_1_330' title='bbox 1728 1540 1784 1580; x_wconf 90' lang='lat' dir='ltr'>ad</span> <span class='ocrx_word' id='word_1_331' title='bbox 1811 1540 2024 1579; x_wconf 85' lang='lat' dir='ltr'>virtutem</span> 
     </span>
     <span class='ocr_line' id='line_1_60' title="bbox 1145 1602 2024 1653; baseline -0.003 -10"><span class='ocrx_word' id='word_1_332' title='bbox 1145 1603 1318 1653; x_wconf 89' lang='lat' dir='ltr'>attinet,</span> <span class='ocrx_word' id='word_1_333' title='bbox 1357 1604 1402 1643; x_wconf 90' lang='lat' dir='ltr'>in</span> <span class='ocrx_word' id='word_1_334' title='bbox 1445 1615 1498 1643; x_wconf 91' lang='lat' dir='ltr'>eo</span> <span class='ocrx_word' id='word_1_335' title='bbox 1530 1602 1787 1650; x_wconf 89' lang='lat' dir='ltr'>elaborans,</span> <span class='ocrx_word' id='word_1_336' title='bbox 1832 1603 1881 1641; x_wconf 89' lang='lat' dir='ltr'>ut</span> <span class='ocrx_word' id='word_1_337' title='bbox 1910 1612 2024 1652; x_wconf 90' lang='lat' dir='ltr'>quo-</span> 
     </span>
     <span class='ocr_line' id='line_1_61' title="bbox 1144 1663 2019 1716; baseline -0.002 -12"><span class='ocrx_word' id='word_1_338' title='bbox 1144 1665 1248 1704; x_wconf 90' lang='lat' dir='ltr'>tidie</span> <span class='ocrx_word' id='word_1_339' title='bbox 1297 1664 1455 1705; x_wconf 88' lang='lat' dir='ltr'>melior</span> <span class='ocrx_word' id='word_1_340' title='bbox 1497 1676 1550 1705; x_wconf 90' lang='lat' dir='ltr'>ac</span> <span class='ocrx_word' id='word_1_341' title='bbox 1590 1663 1864 1716; x_wconf 86' lang='lat' dir='ltr'>tranquillior</span> <span class='ocrx_word' id='word_1_342' title='bbox 1899 1663 2019 1712; x_wconf 87' lang='lat' dir='ltr'>fiam,</span> 
     </span>
     <span class='ocr_line' id='line_1_62' title="bbox 1146 1725 2023 1779; baseline -0.002 -12"><span class='ocrx_word' id='word_1_343' title='bbox 1146 1739 1202 1767; x_wconf 90' lang='lat' dir='ltr'>an</span> <span class='ocrx_word' id='word_1_344' title='bbox 1233 1739 1309 1777; x_wconf 92' lang='lat' dir='ltr'>ea,</span> <span class='ocrx_word' id='word_1_345' title='bbox 1344 1739 1430 1779; x_wconf 89' lang='lat' dir='ltr'>qua</span> <span class='ocrx_word' id='word_1_346' title='bbox 1460 1730 1531 1777; x_wconf 90' lang='lat' dir='ltr'>tu,</span> <span class='ocrx_word' id='word_1_347' title='bbox 1572 1728 1707 1767; x_wconf 89' lang='lat' dir='ltr'>homo</span> <span class='ocrx_word' id='word_1_348' title='bbox 1748 1736 1904 1766; x_wconf 88' lang='lat' dir='ltr'>socors</span> <span class='ocrx_word' id='word_1_349' title='bbox 1939 1725 2023 1778; x_wconf 78' lang='lat' dir='ltr'>(pi-</span> 
     </span>
     <span class='ocr_line' id='line_1_63' title="bbox 1144 1787 2020 1841; baseline -0.002 -12"><span class='ocrx_word' id='word_1_350' title='bbox 1144 1801 1268 1841; x_wconf 79' lang='lat' dir='ltr'>9rum</span> <span class='ocrx_word' id='word_1_351' title='bbox 1285 1791 1417 1829; x_wconf 87' lang='lat' dir='ltr'>vocat</span> <span class='ocrx_word' id='word_1_352' title='bbox 1431 1801 1472 1828; x_wconf 86' lang='lat' dir='ltr'>v.</span> <span class='ocrx_word' id='word_1_353' title='bbox 1493 1789 1595 1839; x_wconf 89' lang='grc'>29.),</span> <span class='ocrx_word' id='word_1_354' title='bbox 1619 1787 1726 1829; x_wconf 90' lang='lat' dir='ltr'>colis</span> <span class='ocrx_word' id='word_1_355' title='bbox 1745 1799 1836 1828; x_wconf 86' lang='lat' dir='ltr'>rem</span> <span class='ocrx_word' id='word_1_356' title='bbox 1855 1798 2020 1837; x_wconf 89' lang='lat' dir='ltr'>meam,</span> 
     </span>
     <span class='ocr_line' id='line_1_64' title="bbox 1145 1850 2023 1902; baseline -0.003 -11"><span class='ocrx_word' id='word_1_357' title='bbox 1145 1852 1189 1891; x_wconf 93' lang='lat' dir='ltr'>id</span> <span class='ocrx_word' id='word_1_358' title='bbox 1231 1853 1298 1892; x_wconf 92' lang='lat' dir='ltr'>est</span> <span class='ocrx_word' id='word_1_359' title='bbox 1339 1851 1523 1891; x_wconf 88' lang='lat' dir='ltr'>fundum</span> <span class='ocrx_word' id='word_1_360' title='bbox 1565 1850 1800 1901; x_wconf 87' lang='lat' dir='ltr'>Sabinum,</span> <span class='ocrx_word' id='word_1_361' title='bbox 1846 1850 2023 1902; x_wconf 86' lang='lat' dir='ltr'>praeci-</span> 
     </span>
     <span class='ocr_line' id='line_1_65' title="bbox 1145 1912 2020 1965; baseline -0.002 -13"><span class='ocrx_word' id='word_1_362' title='bbox 1145 1925 1280 1965; x_wconf 90' lang='lat' dir='ltr'>puam</span> <span class='ocrx_word' id='word_1_363' title='bbox 1300 1913 1556 1953; x_wconf 89' lang='lat' dir='ltr'>facultatum</span> <span class='ocrx_word' id='word_1_364' title='bbox 1575 1923 1776 1953; x_wconf 90' lang='lat' dir='ltr'>mearum</span> <span class='ocrx_word' id='word_1_365' title='bbox 1798 1912 2020 1964; x_wconf 70' lang='lat' dir='ltr'>partem‘P»</span> 
     </span>
     <span class='ocr_line' id='line_1_66' title="bbox 1146 1973 2022 2026; baseline 0 -12"><span class='ocrx_word' id='word_1_366' title='bbox 1146 1975 1281 2015; x_wconf 89' lang='lat' dir='ltr'>Simili</span> <span class='ocrx_word' id='word_1_367' title='bbox 1311 1976 1643 2026; x_wconf 87' lang='lat' dir='ltr'>comparatione</span> <span class='ocrx_word' id='word_1_368' title='bbox 1672 1976 1810 2015; x_wconf 81' lang='lat' dir='ltr'>utitur</span> <span class='ocrx_word' id='word_1_369' title='bbox 1830 1973 2022 2015; x_wconf 88' lang='lat' dir='ltr'>Velleius</span> 
     </span>
     <span class='ocr_line' id='line_1_67' title="bbox 1144 2036 2023 2089; baseline -0.001 -12"><span class='ocrx_word' id='word_1_370' title='bbox 1144 2038 1193 2086; x_wconf 90' lang='grc'>2,</span> <span class='ocrx_word' id='word_1_371' title='bbox 1219 2038 1294 2078; x_wconf 89' lang='lat'>68:</span> <span class='ocrx_word' id='word_1_372' title='bbox 1329 2039 1451 2087; x_wconf 80' lang='lat' dir='ltr'>peior</span> <span class='ocrx_word' id='word_1_373' title='bbox 1479 2038 1540 2076; x_wconf 86' lang='lat' dir='ltr'>illi</span> <span class='ocrx_word' id='word_1_374' title='bbox 1572 2039 1640 2089; x_wconf 89' lang='lat' dir='ltr'>(M.</span> <span class='ocrx_word' id='word_1_375' title='bbox 1667 2036 1827 2088; x_wconf 88' lang='lat' dir='ltr'>Caelio)</span> <span class='ocrx_word' id='word_1_376' title='bbox 1858 2048 1924 2076; x_wconf 86' lang='lat' dir='ltr'>res</span> <span class='ocrx_word' id='word_1_377' title='bbox 1950 2038 2023 2088; x_wconf 78' lang='lat' dir='ltr'>fa-</span> 
     </span>
     <span class='ocr_line' id='line_1_68' title="bbox 1143 2099 2023 2149; baseline 0 -11"><span class='ocrx_word' id='word_1_378' title='bbox 1143 2099 1323 2138; x_wconf 85' lang='lat' dir='ltr'>miliaris</span> <span class='ocrx_word' id='word_1_379' title='bbox 1365 2111 1492 2149; x_wconf 82' lang='lat' dir='ltr'>quam</span> <span class='ocrx_word' id='word_1_380' title='bbox 1526 2110 1640 2139; x_wconf 81' lang='lat' dir='ltr'>mens</span> <span class='ocrx_word' id='word_1_381' title='bbox 1679 2103 1783 2139; x_wconf 79' lang='lat' dir='ltr'>erat.</span> <span class='ocrx_word' id='word_1_382' title='bbox 1847 2099 2023 2139; x_wconf 88' lang='lat' dir='ltr'>Rectior</span> 
     </span>
     <span class='ocr_line' id='line_1_69' title="bbox 1143 2157 2022 2213; baseline -0.001 -12"><span class='ocrx_word' id='word_1_383' title='bbox 1143 2163 1256 2201; x_wconf 89' lang='lat' dir='ltr'>haec</span> <span class='ocrx_word' id='word_1_384' title='bbox 1276 2157 1518 2212; x_wconf 74' lang='grc' dir='ltr'><em>ἀντίθεσις</em></span> <span class='ocrx_word' id='word_1_385' title='bbox 1539 2161 1760 2212; x_wconf 88' lang='lat' dir='ltr'>simulque</span> <span class='ocrx_word' id='word_1_386' title='bbox 1781 2160 2022 2213; x_wconf 89' lang='lat' dir='ltr'>simplicior</span> 
     </span>
     <span class='ocr_line' id='line_1_70' title="bbox 1143 2225 2022 2275; baseline -0.001 -11"><span class='ocrx_word' id='word_1_387' title='bbox 1143 2225 1252 2264; x_wconf 89' lang='lat' dir='ltr'>ratio</span> <span class='ocrx_word' id='word_1_388' title='bbox 1282 2227 1435 2265; x_wconf 87' lang='lat' dir='ltr'>nostra</span> <span class='ocrx_word' id='word_1_389' title='bbox 1464 2225 1639 2264; x_wconf 83' lang='lat' dir='ltr'>videtur</span> <span class='ocrx_word' id='word_1_390' title='bbox 1669 2235 1803 2275; x_wconf 89' lang='lat' dir='ltr'>quam</span> <span class='ocrx_word' id='word_1_391' title='bbox 1833 2225 2022 2264; x_wconf 90' lang='lat' dir='ltr'>Doerin-</span> 
     </span>
     <span class='ocr_line' id='line_1_71' title="bbox 1143 2285 2020 2338; baseline -0.001 -12"><span class='ocrx_word' id='word_1_392' title='bbox 1143 2288 1296 2338; x_wconf 79' lang='lat' dir='ltr'>giana:</span> <span class='ocrx_word' id='word_1_393' title='bbox 1348 2289 1527 2327; x_wconf 85' lang='lat' dir='ltr'>«utrum</span> <span class='ocrx_word' id='word_1_394' title='bbox 1563 2286 1661 2338; x_wconf 90' lang='lat' dir='ltr'>plus</span> <span class='ocrx_word' id='word_1_395' title='bbox 1698 2285 1845 2327; x_wconf 82' lang='lat' dir='ltr'>valeat</span> <span class='ocrx_word' id='word_1_396' title='bbox 1880 2287 2020 2326; x_wconf 85' lang='lat' dir='ltr'>virtus</span> 
     </span>
     <span class='ocr_line' id='line_1_72' title="bbox 1143 2349 2020 2401; baseline -0.001 -12"><span class='ocrx_word' id='word_1_397' title='bbox 1143 2351 1310 2389; x_wconf 85' lang='lat' dir='ltr'>Horatii</span> <span class='ocrx_word' id='word_1_398' title='bbox 1340 2350 1382 2389; x_wconf 90' lang='lat' dir='ltr'>in</span> <span class='ocrx_word' id='word_1_399' title='bbox 1409 2349 1677 2401; x_wconf 89' lang='lat' dir='ltr'>repellendis</span> <span class='ocrx_word' id='word_1_400' title='bbox 1696 2349 2020 2400; x_wconf 85' lang='lat' dir='ltr'>vincendisque</span> 
     </span>
     <span class='ocr_line' id='line_1_73' title="bbox 1143 2410 2019 2463; baseline -0.001 -12"><span class='ocrx_word' id='word_1_401' title='bbox 1143 2413 1216 2461; x_wconf 91' lang='lat' dir='ltr'>iis,</span> <span class='ocrx_word' id='word_1_402' title='bbox 1251 2423 1364 2463; x_wconf 90' lang='lat' dir='ltr'>quae</span> <span class='ocrx_word' id='word_1_403' title='bbox 1395 2413 1593 2451; x_wconf 87' lang='lat' dir='ltr'>animum</span> <span class='ocrx_word' id='word_1_404' title='bbox 1624 2410 1826 2460; x_wconf 88' lang='lat' dir='ltr'>turbant,</span> <span class='ocrx_word' id='word_1_405' title='bbox 1870 2422 1925 2450; x_wconf 88' lang='lat' dir='ltr'>an</span> <span class='ocrx_word' id='word_1_406' title='bbox 1953 2411 2019 2450; x_wconf 90' lang='lat' dir='ltr'>vis</span> 
     </span>
     <span class='ocr_line' id='line_1_74' title="bbox 1142 2473 2021 2525; baseline -0.002 -12"><span class='ocrx_word' id='word_1_407' title='bbox 1142 2474 1236 2523; x_wconf 89' lang='lat' dir='ltr'>illa,</span> <span class='ocrx_word' id='word_1_408' title='bbox 1271 2485 1405 2525; x_wconf 90' lang='lat' dir='ltr'>quam</span> <span class='ocrx_word' id='word_1_409' title='bbox 1434 2484 1586 2513; x_wconf 91' lang='lat' dir='ltr'>rerum</span> <span class='ocrx_word' id='word_1_410' title='bbox 1607 2473 1914 2512; x_wconf 88' lang='lat' dir='ltr'>habendarum</span> <span class='ocrx_word' id='word_1_411' title='bbox 1947 2482 2021 2511; x_wconf 90' lang='lat' dir='ltr'>cu-</span> 
     </span>
     <span class='ocr_line' id='line_1_75' title="bbox 1140 2535 2019 2587; baseline -0.001 -12"><span class='ocrx_word' id='word_1_412' title='bbox 1140 2536 1346 2587; x_wconf 88' lang='lat' dir='ltr'>piditates</span> <span class='ocrx_word' id='word_1_413' title='bbox 1376 2546 1601 2586; x_wconf 85' lang='lat' dir='ltr'>curaeque</span> <span class='ocrx_word' id='word_1_414' title='bbox 1629 2537 1673 2575; x_wconf 92' lang='lat' dir='ltr'>in</span> <span class='ocrx_word' id='word_1_415' title='bbox 1711 2536 1907 2575; x_wconf 86' lang='lat' dir='ltr'>animum</span> <span class='ocrx_word' id='word_1_416' title='bbox 1937 2535 2019 2574; x_wconf 87' lang='lat' dir='ltr'>ha-</span> 
     </span>
     <span class='ocr_line' id='line_1_76' title="bbox 1141 2597 2015 2648; baseline -0.003 -10"><span class='ocrx_word' id='word_1_417' title='bbox 1141 2599 1291 2638; x_wconf 88' lang='lat' dir='ltr'>bent.»</span> <span class='ocrx_word' id='word_1_418' title='bbox 1319 2621 1363 2626; x_wconf 81' lang='lat'>—-</span> <span class='ocrx_word' id='word_1_419' title='bbox 1387 2598 1540 2648; x_wconf 86' lang='lat' dir='ltr'>spinas]</span> <span class='ocrx_word' id='word_1_420' title='bbox 1565 2597 1626 2637; x_wconf 87' lang='lat' dir='ltr'>Cf.</span> <span class='ocrx_word' id='word_1_421' title='bbox 1653 2598 1759 2648; x_wconf 86' lang='lat' dir='ltr'>Epp.</span> <span class='ocrx_word' id='word_1_422' title='bbox 1783 2598 1824 2645; x_wconf 88' lang='grc'>2,</span> <span class='ocrx_word' id='word_1_423' title='bbox 1848 2598 1888 2645; x_wconf 87' lang='grc'>2,</span> <span class='ocrx_word' id='word_1_424' title='bbox 1912 2597 2015 2636; x_wconf 73' lang='grc' dir='ltr'>242τ</span> 
     </span>
     <span class='ocr_line' id='line_1_77' title="bbox 1144 2658 2018 2710; baseline -0.003 -10"><span class='ocrx_word' id='word_1_425' title='bbox 1144 2662 1250 2710; x_wconf 81' lang='lat' dir='ltr'>Quid</span> <span class='ocrx_word' id='word_1_426' title='bbox 1279 2665 1316 2700; x_wconf 82' lang='lat' dir='ltr'>te</span> <span class='ocrx_word' id='word_1_427' title='bbox 1345 2664 1537 2709; x_wconf 58' lang='lat' dir='ltr'>exempta</span> <span class='ocrx_word' id='word_1_428' title='bbox 1564 2660 1682 2698; x_wconf 80' lang='lat' dir='ltr'>iuvat</span> <span class='ocrx_word' id='word_1_429' title='bbox 1709 2659 1838 2708; x_wconf 81' lang='lat' dir='ltr'>spinis</span> <span class='ocrx_word' id='word_1_430' title='bbox 1855 2659 1904 2698; x_wconf 85' lang='lat' dir='ltr'>de</span> <span class='ocrx_word' id='word_1_431' title='bbox 1916 2658 2018 2708; x_wconf 73' lang='lat' dir='ltr'>plu-</span> 
     </span>
     <span class='ocr_line' id='line_1_78' title="bbox 1140 2719 2016 2771; baseline -0.003 -9"><span class='ocrx_word' id='word_1_432' title='bbox 1140 2723 1254 2762; x_wconf 79' lang='lat' dir='ltr'>ribus</span> <span class='ocrx_word' id='word_1_433' title='bbox 1282 2722 1405 2762; x_wconf 80' lang='lat' dir='ltr'>una?</span> <span class='ocrx_word' id='word_1_434' title='bbox 1447 2723 1557 2761; x_wconf 86' lang='lat' dir='ltr'>Sunt</span> <span class='ocrx_word' id='word_1_435' title='bbox 1585 2722 1712 2771; x_wconf 81' lang='lat' dir='ltr'>igitur</span> <span class='ocrx_word' id='word_1_436' title='bbox 1743 2722 1787 2760; x_wconf 91' lang='lat' dir='ltr'>et</span> <span class='ocrx_word' id='word_1_437' title='bbox 1816 2721 1916 2759; x_wconf 89' lang='lat' dir='ltr'>vitia</span> <span class='ocrx_word' id='word_1_438' title='bbox 1947 2719 2016 2760; x_wconf 90' lang='lat' dir='ltr'>illa</span> 
     </span>
     <span class='ocr_line' id='line_1_79' title="bbox 1139 2782 2017 2833; baseline -0.001 -10"><span class='ocrx_word' id='word_1_439' title='bbox 1139 2785 1329 2832; x_wconf 82' lang='lat' dir='ltr'>minora,</span> <span class='ocrx_word' id='word_1_440' title='bbox 1362 2783 1523 2833; x_wconf 86' lang='lat' dir='ltr'>quibus</span> <span class='ocrx_word' id='word_1_441' title='bbox 1553 2793 1601 2823; x_wconf 86' lang='lat' dir='ltr'>sc</span> <span class='ocrx_word' id='word_1_442' title='bbox 1632 2782 1836 2821; x_wconf 90' lang='lat' dir='ltr'>laborare</span> <span class='ocrx_word' id='word_1_443' title='bbox 1859 2793 2017 2822; x_wconf 86' lang='lat' dir='ltr'>conce-</span> 
     </span>
     <span class='ocr_line' id='line_1_80' title="bbox 1142 2845 2015 2893; baseline 0 -8"><span class='ocrx_word' id='word_1_444' title='bbox 1142 2847 1204 2886; x_wconf 91' lang='lat' dir='ltr'>dit</span> <span class='ocrx_word' id='word_1_445' title='bbox 1233 2848 1320 2885; x_wconf 89' lang='lat' dir='ltr'>Sat.</span> <span class='ocrx_word' id='word_1_446' title='bbox 1346 2847 1361 2884; x_wconf 77' lang='grc'>4</span> <span class='ocrx_word' id='word_1_447' title='bbox 1383 2876 1390 2890; x_wconf 86' lang='grc'>,</span> <span class='ocrx_word' id='word_1_448' title='bbox 1415 2845 1463 2892; x_wconf 88' lang='grc'>3,</span> <span class='ocrx_word' id='word_1_449' title='bbox 1496 2845 1591 2893; x_wconf 87' lang='grc' dir='ltr'>2Ο.,</span> <span class='ocrx_word' id='word_1_450' title='bbox 1640 2847 1684 2884; x_wconf 91' lang='lat' dir='ltr'>et</span> <span class='ocrx_word' id='word_1_451' title='bbox 1711 2855 1850 2884; x_wconf 84' lang='lat' dir='ltr'>vanae</span> <span class='ocrx_word' id='word_1_452' title='bbox 1881 2855 2015 2885; x_wconf 89' lang='lat' dir='ltr'>curae</span> 
     </span>
     <span class='ocr_line' id='line_1_81' title="bbox 1141 2906 2015 2958; baseline 0 -11"><span class='ocrx_word' id='word_1_453' title='bbox 1141 2919 1193 2947; x_wconf 86' lang='lat' dir='ltr'>ac</span> <span class='ocrx_word' id='word_1_454' title='bbox 1233 2906 1563 2947; x_wconf 87' lang='lat' dir='ltr'>sollicitudines.</span> <span class='ocrx_word' id='word_1_455' title='bbox 1608 2928 1654 2933; x_wconf 89' lang='lat'><strong>—</strong></span> <span class='ocrx_word' id='word_1_456' title='bbox 1694 2906 1884 2958; x_wconf 83' lang='lat' dir='ltr'>Evellas]</span> <span class='ocrx_word' id='word_1_457' title='bbox 1936 2908 2015 2947; x_wconf 91' lang='lat' dir='ltr'>«In</span> 
     </span>
     <span class='ocr_line' id='line_1_82' title="bbox 1142 2969 2012 3017; baseline -0.001 -8"><span class='ocrx_word' id='word_1_458' title='bbox 1142 2969 1439 3009; x_wconf 86' lang='lat' dir='ltr'>enuntiatione</span> <span class='ocrx_word' id='word_1_459' title='bbox 1490 2969 1721 3008; x_wconf 89' lang='lat' dir='ltr'>coniuncta</span> <span class='ocrx_word' id='word_1_460' title='bbox 1771 2979 1855 3008; x_wconf 90' lang='lat' dir='ltr'>una</span> <span class='ocrx_word' id='word_1_461' title='bbox 1903 2979 2012 3017; x_wconf 87' lang='lat' dir='ltr'>vox,</span> 
     </span>
     <span class='ocr_line' id='line_1_83' title="bbox 1141 3030 2015 3082; baseline -0.001 -12"><span class='ocrx_word' id='word_1_462' title='bbox 1141 3042 1254 3082; x_wconf 90' lang='lat' dir='ltr'>quae</span> <span class='ocrx_word' id='word_1_463' title='bbox 1276 3036 1423 3069; x_wconf 89' lang='lat' dir='ltr'>tamen</span> <span class='ocrx_word' id='word_1_464' title='bbox 1446 3031 1640 3081; x_wconf 88' lang='lat' dir='ltr'>potentia</span> <span class='ocrx_word' id='word_1_465' title='bbox 1662 3030 1852 3070; x_wconf 91' lang='lat' dir='ltr'>duarum</span> <span class='ocrx_word' id='word_1_466' title='bbox 1872 3031 2015 3070; x_wconf 88' lang='lat' dir='ltr'>vicem</span> 
     </span>
     <span class='ocr_line' id='line_1_84' title="bbox 1140 3091 2015 3144; baseline -0.002 -11"><span class='ocrx_word' id='word_1_467' title='bbox 1140 3096 1286 3144; x_wconf 79' lang='lat' dir='ltr'>gerat,</span> <span class='ocrx_word' id='word_1_468' title='bbox 1311 3093 1478 3132; x_wconf 89' lang='lat' dir='ltr'>ratione</span> <span class='ocrx_word' id='word_1_469' title='bbox 1511 3092 1696 3143; x_wconf 85' lang='lat' dir='ltr'>duplicis</span> <span class='ocrx_word' id='word_1_470' title='bbox 1722 3091 1910 3132; x_wconf 85' lang='lat' dir='ltr'>subiecti</span> <span class='ocrx_word' id='word_1_471' title='bbox 1931 3092 2015 3132; x_wconf 92' lang='lat' dir='ltr'>du-</span> 
     </span>
     <span class='ocr_line' id='line_1_85' title="bbox 1140 3155 2009 3207; baseline -0.003 -12"><span class='ocrx_word' id='word_1_472' title='bbox 1140 3155 1299 3207; x_wconf 88' lang='lat' dir='ltr'>plicem</span> <span class='ocrx_word' id='word_1_473' title='bbox 1331 3156 1464 3194; x_wconf 89' lang='lat' dir='ltr'>etiam</span> <span class='ocrx_word' id='word_1_474' title='bbox 1508 3155 1725 3195; x_wconf 90' lang='lat' dir='ltr'>sustinere</span> <span class='ocrx_word' id='word_1_475' title='bbox 1762 3164 1944 3194; x_wconf 91' lang='lat' dir='ltr'>sensum</span> <span class='ocrx_word' id='word_1_476' title='bbox 1974 3163 2009 3192; x_wconf 91' lang='lat' dir='ltr'>s.</span> 
     </span>
     <span class='ocr_line' id='line_1_86' title="bbox 1141 3215 2011 3268; baseline -0.003 -12"><span class='ocrx_word' id='word_1_477' title='bbox 1141 3217 1505 3268; x_wconf 79' lang='lat' dir='ltr'>significationem</span> <span class='ocrx_word' id='word_1_478' title='bbox 1531 3218 1695 3267; x_wconf 91' lang='lat' dir='ltr'>potest,</span> <span class='ocrx_word' id='word_1_479' title='bbox 1728 3218 1776 3255; x_wconf 85' lang='lat' dir='ltr'>ut</span> <span class='ocrx_word' id='word_1_480' title='bbox 1804 3215 1874 3255; x_wconf 86' lang='lat' dir='ltr'>hic</span> <span class='ocrx_word' id='word_1_481' title='bbox 1897 3216 1941 3254; x_wconf 89' lang='lat' dir='ltr'>et</span> <span class='ocrx_word' id='word_1_482' title='bbox 1969 3215 2011 3253; x_wconf 90' lang='lat' dir='ltr'>in</span> 
     </span>
     <span class='ocr_line' id='line_1_87' title="bbox 1140 3278 2012 3326; baseline -0.005 -7"><span class='ocrx_word' id='word_1_483' title='bbox 1140 3279 1209 3319; x_wconf 92' lang='lat' dir='ltr'>illo</span> <span class='ocrx_word' id='word_1_484' title='bbox 1231 3279 1410 3326; x_wconf 77' lang='grc'>1061152,</span> <span class='ocrx_word' id='word_1_485' title='bbox 1439 3279 1510 3318; x_wconf 75' lang='lat'>43:</span> <span class='ocrx_word' id='word_1_486' title='bbox 1544 3278 1726 3317; x_wconf 80' lang='lat' dir='ltr'>Scindite</span> <span class='ocrx_word' id='word_1_487' title='bbox 1742 3288 1815 3316; x_wconf 87' lang='lat' dir='ltr'>cor</span> <span class='ocrx_word' id='word_1_488' title='bbox 1832 3280 2012 3316; x_wconf 78' lang='lat' dir='ltr'>vestrum</span> 
     </span>
     <span class='ocr_line' id='line_1_88' title="bbox 1139 3339 1980 3380; baseline -0.006 0"><span class='ocrx_word' id='word_1_489' title='bbox 1139 3346 1176 3380; x_wconf 71' lang='lat' dir='ltr'>et</span> <span class='ocrx_word' id='word_1_490' title='bbox 1194 3353 1276 3380; x_wconf 79' lang='lat' dir='ltr'>non</span> <span class='ocrx_word' id='word_1_491' title='bbox 1304 3341 1544 3380; x_wconf 81' lang='lat' dir='ltr'>vestimenta</span> <span class='ocrx_word' id='word_1_492' title='bbox 1567 3344 1747 3380; x_wconf 84' lang='lat' dir='ltr'>vestra.»</span> <span class='ocrx_word' id='word_1_493' title='bbox 1778 3339 1980 3377; x_wconf 68' lang='lat' dir='ltr'>RAvpoir.</span> 
     </span>
    </p>

    <p class='ocr_par' dir='ltr' id='par_1_10' title="bbox 1141 3398 2008 3514">
     <span class='ocr_line' id='line_1_89' title="bbox 1195 3398 2008 3452; baseline -0.005 -11"><span class='ocrx_word' id='word_1_494' title='bbox 1195 3403 1286 3441; x_wconf 86' lang='lat'>6-9.</span> <span class='ocrx_word' id='word_1_495' title='bbox 1318 3401 1504 3452; x_wconf 86' lang='lat' dir='ltr'>Lamiae]</span> <span class='ocrx_word' id='word_1_496' title='bbox 1537 3402 1611 3440; x_wconf 85' lang='lat' dir='ltr'>Est</span> <span class='ocrx_word' id='word_1_497' title='bbox 1637 3402 1682 3439; x_wconf 90' lang='lat' dir='ltr'>L.</span> <span class='ocrx_word' id='word_1_498' title='bbox 1706 3398 1853 3439; x_wconf 84' lang='lat' dir='ltr'>Aelius</span> <span class='ocrx_word' id='word_1_499' title='bbox 1885 3401 1928 3438; x_wconf 89' lang='lat' dir='ltr'>L.</span> <span class='ocrx_word' id='word_1_500' title='bbox 1966 3400 2008 3437; x_wconf 81' lang='lat' dir='ltr'>F.</span> 
     </span>
     <span class='ocr_line' id='line_1_90' title="bbox 1141 3461 2007 3514; baseline -0.006 -11"><span class='ocrx_word' id='word_1_501' title='bbox 1141 3465 1308 3511; x_wconf 81' lang='lat' dir='ltr'>Lamia,</span> <span class='ocrx_word' id='word_1_502' title='bbox 1344 3462 1494 3504; x_wconf 85' lang='lat' dir='ltr'>consul</span> <span class='ocrx_word' id='word_1_503' title='bbox 1526 3464 1677 3514; x_wconf 87' lang='lat' dir='ltr'>postea</span> <span class='ocrx_word' id='word_1_504' title='bbox 1705 3472 1741 3500; x_wconf 90' lang='grc'>3.</span> <span class='ocrx_word' id='word_1_505' title='bbox 1766 3472 1806 3499; x_wconf 86' lang='lat' dir='ltr'>u.</span> <span class='ocrx_word' id='word_1_506' title='bbox 1832 3472 1869 3499; x_wconf 86' lang='lat' dir='ltr'>c.</span> <span class='ocrx_word' id='word_1_507' title='bbox 1895 3461 2007 3507; x_wconf 58' lang='lat'>756„</span> 
     </span>
    </p>
   </div>
  </div>
 </body>
</html>
