2231 3787
187 168 242 221 20)

215 207 239 222 bd,

246 300 337 354 Vel
377 300 571 373 cyatho
613 309 664 354 et
702 301 879 355 dicas:
924 303 1115 373 Magno
1154 302 1223 355 de
1262 301 1482 355 flumine
1522 301 1735 356 mallem

245 404 419 467 Quam
457 420 523 456 ex
560 402 662 456 1100
700 402 952 456 fonticulo
992 403 1305 457 tantundem
1346 421 1579 458 sumere.

812 171 1028 212 HORATII
1059 172 1361 213 SATIRARUM

1934 305 1999 354 05

1657 405 1732 457 Eo
1772 403 1853 462 fit,

243 504 458 558 Plenior
496 513 553 557 ut
592 505 635 557 si
676 522 813 574 quos
853 504 1084 559 delectet
1122 506 1280 576 copia
1320 506 1485 568 iustO,

243 606 378 660 Cum
417 606 533 677 ripa
572 606 730 660 simul
769 606 984 660 avolsos
1023 607 1159 661 ferat
1195 607 1420 660 Aufidus
1459 624 1601 661 acer.

241 709 305 760 At
343 709 434 779 qui
477 707 657 761 tantuli
699 717 844 780 eget,
887 717 1088 780 quanto
1129 717 1212 763 est
1250 727 1412 780 opus,
1457 709 1501 762 is
1541 727 1720 781 neque
1760 709 1886 764 limo

280 860 347 898 55
380 859 548 898 mallem
576 858 753 898 BbScd:
799 859 947 897 malim
976 870 1018 910 p,
1044 858 1240 909 quinque
1279 858 1418 898 Codd.
1453 858 1676 908 Lambini,
1723 857 1872 914 βγιξω
1905 865 1946 902 et

226 932 294 972 pr.
328 934 356 960 κ
389 920 614 971 «aliique»

635 953 642 969 ,
690 920 936 969 Bentleius,
984 923 1091 970 Fea,
1139 922 1397 971 Pottierius,
1446 924 1500 963 M.

226 983 291 1022 57.
340 983 512 1022 delectat
541 983 567 1021 S
599 985 642 1022 et
685 993 849 1022 novem
889 983 1084 1023 Pottierii

226 1048 388 1086 avolsos
418 1048 514 1096 ripa
546 1046 619 1095 Sd,
654 1047 756 1087 Cum
785 1048 908 1086 simul
936 1048 1035 1098 ripa
1064 1048 1230 1087 avulsos
1249 1059 1291 1100 p.
1321 1069 1366 1076 —
1401 1050 1468 1088 59.
1503 1049 1664 1089 tantulo
1695 1049 1944 1101 bcdp,LCJ.

226 1110 391 1159 <tanetum
428 1110 562 1149 etiam
591 1107 624 1158 β
654 1111 698 1149 et
735 1121 803 1161 pr.
837 1123 865 1148 κ
899 1121 1028 1150 «011111
1066 1110 1219 1162 aliisn.)
1257 1133 1300 1139 -
1336 1116 1531 1161 quantost
1559 1113 1613 1162 Β,

226 1185 248 1212 0
283 1173 421 1212 Codd.
456 1172 725 1223 quibusdam
756 1172 978 1222 Lambini,
1012 1185 1100 1214 non
1131 1175 1242 1223 suis,
1276 1174 1517 1215 Bentleius.

226 1236 314 1275 mei
335 1237 378 1276 et
398 1236 525 1285 Pott.)
550 1234 728 1287 (tantulo
748 1239 856 1287 eqeb,
886 1240 1090 1286 quantum
1111 1241 1167 1277 est
1187 1237 1385 1289 praefert
1404 1238 1549 1289 Reisig

169 1364 334 1416 βοῦσα
363 1364 418 1408 τὸ
450 1363 598 1426 ὑγρὸν
627 1368 709 1409 καὶ
730 1363 787 1409 οὐ
810 1366 976 1422 διίησι.
1003 1392 1048 1398 —-

168 1443 302 1481 urna,
337 1431 517 1472 dimidia
544 1443 648 1484 pars
670 1433 930 1484 amphorae,
963 1432 1048 1472 XL.

168 1494 342 1546 pondo;
402 1496 576 1545 cyathus
633 1495 899 1535 duodecima
947 1506 1051 1547 pars

168 1558 360 1598 sextarii.
388 1579 433 1586 ——
457 1562 497 1598 et
525 1558 653 1608 dicas]
676 1559 944 1610 Suspectum
964 1558 1051 1598 hoc

168 1621 377 1671 Reisigio,
413 1621 470 1660 ita
500 1623 549 1660 ut
578 1621 683 1661 satis
713 1622 827 1661 mire
858 1621 1052 1661 coniice—

169 1685 257 1722 ret:
289 1687 336 1722 ut
365 1684 493 1722 dicas.
554 1684 650 1724 Est:
688 1686 758 1724 «et
788 1686 955 1732 tamen,
989 1684 1053 1724 ni-

167 1745 428 1795 hilominus,
477 1746 644 1787 dicas.»
689 1771 733 1776 —
772 1749 821 1787 de
864 1748 1050 1800 flumine]

167 1810 277 1848 Nota
297 1809 678 1860 praepositionum
699 1811 1046 1861 oppositionem:

170 1872 219 1910 de
239 1882 417 1911 summo
447 1872 630 1912 ssumine
662 1872 803 1922 facile,
839 1885 976 1925 quam
997 1885 1051 1913 ex

167 1934 256 1973 imo
295 1933 503 1974 fonticulo
548 1946 695 1985 aegre.
765 1936 889 1975 Conf.
922 1937 1050 1976 Hand

166 1997 290 2036 Turs.
306 1998 356 2036 II.
372 2008 414 2048 p.
434 1997 529 2037 647.
554 1997 895 2038 Similitudinem
913 2011 1052 2051 quan-

167 2059 272 2099 dam
302 2059 439 2099 habet
467 2061 659 2100 Socratis
689 2059 794 2101 illud
815 2062 935 2113 apud
957 2063 1052 2102 Sto-

165 2122 333 2162 baeum
363 2123 442 2162 Tit.
467 2123 514 2171 6,
548 2124 594 2163 9:
642 2119 945 2195 Σωκράτηςί
933 2120 1046 2179 ἔφη,

166 2195 279 2233 τοις
327 2181 536 2236 μοιχοὺς
585 2178 761 2238 ὅιιοιόν
799 2199 845 2227 τι
894 2193 1048 2228 ποιεῖν

166 2251 267 2298 τοῖς
287 2262 357 2300 μη
378 2246 596 2300 βουλοιιέ
599 2261 698 2299 νοις
719 2249 771 2290 ἐκ
792 2248 885 2290 τῶν
899 2248 1047 2309 ἀποό-

165 2306 383 2366 ρεοισῶν
414 2313 590 2360 πίνειν,
623 2307 724 2351 ἀλλ’
749 2312 802 2353 ἐκ
823 2311 908 2354 τοῦ
931 2290 1048 2355 ὕδα-

164 2387 248 2424 τος
290 2370 375 2414 τοῦ
422 2373 472 2415 ἐν
511 2372 575 2413 τῶ
620 2373 780 2425 βάθει,
825 2378 1048 2434 χείρονος

165 2433 483 2494 ὑπάοχοντος.
528 2461 572 2466 -
618 2439 798 2491 mallem]
845 2441 914 2480 Sic
958 2443 1047 2481 mei

165 2500 325 2549 (.odd.,
345 2502 389 2540 et
404 2500 609 2551 probavit.
630 2502 909 2543 HeinliChius
927 2504 1047 2555 apud

165 2563 439 2604 Huschkium
470 2563 527 2602 ad
546 2563 701 2603 Tibull.
726 2576 768 2615 p.
794 2566 907 2614 599„
940 2567 1047 2605 item

166 2626 293 2666 Hand
339 2625 395 2664 ad
436 2626 666 2676 Wopkens
704 2638 748 2677 p.
782 2628 883 2667 269:
933 2640 1047 2668 «non

164 2688 324 2730 falsum
355 2689 422 2727 est
459 2688 580 2738 quod
611 2688 793 2729 damnat
828 2691 1049 2730 Heindor-

164 2753 248 2791 fius
277 2751 460 2790 mallem.
521 2753 634 2791 Nam
663 2753 779 2791 dicas
809 2755 853 2792 et
881 2755 1048 2794 mallem

164 2826 253 2854 non
302 2814 545 2853 cohaerent
592 2816 951 2865 constructione,
1005 2819 1048 2856 et

162 2876 331 2916 mallem
360 2875 597 2925 significat:
649 2878 717 2916 «Si
760 2878 856 2917 fieri
899 2881 1047 2930 potest

164 2951 244 2979 seu
278 2940 461 2990 posset»
496 2938 605 2989 (quo
644 2941 765 2980 certe
805 2951 894 2981 non
925 2941 1047 2981 affir-

164 3003 331 3050 matur,
366 3001 410 3040 id
440 3001 534 3040 fieri
566 3013 654 3042 non
681 3003 855 3054 posse),
890 3006 1046 3056 «opta-

165 3075 261 3103 rem
305 3064 476 3115 potius»
522 3066 606 3103 cet.
679 3066 853 3115 (Contra
898 3067 1046 3106 malim

163 3126 421 3178 praeferunt
449 3128 594 3178 Reisig
625 3130 717 3168 Lat.
748 3130 970 3180 Sprachw.
998 3142 1040 3181 p.

163 3189 257 3228 513.
293 3191 335 3228 et
367 3191 578 3237 Diintzer;
618 3191 690 3230 hic
721 3192 904 3242 quidem
935 3192 1043 3234 fals-1

165 3254 333 3292 ratione
365 3252 545 3293 ductus:
581 3255 712 3303 «Der,
746 3255 820 3294 der
847 3255 1043 3296 hier-dte-

165 3325 232 3353 sen
259 3315 440 3354 Wunsch
458 3319 634 3361 classem,
656 3317 750 3367 yeht
767 3318 898 3368 yleich
918 3319 1052 3370 drauf

166 3389 218 3415 wi
252 3378 324 3417 (len
356 3378 576 3430 Aufidu33»
621 3379 664 3419 id
702 3380 822 3430 quod
860 3381 1042 3422 minime

1545 924 1610 974 (Ut
1652 935 1757 972 nos,
1802 925 1856 975 J.)
1901 949 1943 953 —

1139 987 1240 1036 (non
1280 984 1466 1037 Bbcdp).
1505 1010 1549 1015 —
1583 986 1650 1026 58.
1685 987 1788 1026 Cum
1826 988 1949 1026 simul

1657 1117 1862 1161 (sitantum
1892 1118 1949 1153 esc

1581 1176 1752 1227 (quanto
1787 1187 1944 1217 omnes

1569 1240 1615 1278 L.
1641 1239 1738 1292 Spr.
1762 1251 1805 1291 p.
1831 1240 1942 1289 622.)

1115 1371 1232 1410 inest
1270 1371 1313 1411 in
1353 1373 1512 1422 poetae
1543 1372 1716 1421 verbis,
1751 1373 1825 1424 qui
1855 1384 1897 1412 v.
1932 1374 1997 1412 57.

1114 1444 1197 1485 per
1227 1432 1562 1474 similitudinem
1593 1434 1648 1475 de
1671 1435 1903 1486 quibusvis
1925 1435 2004 1475 ho-

1115 1495 1332 1545 minibus,
1382 1508 1470 1536 non
1511 1497 1566 1537 de
1607 1509 1659 1538 eo
1698 1497 1815 1547 solo,
1864 1509 2001 1550 quem

1114 1559 1187 1598 hic
1217 1559 1436 1610 increpat,
1479 1558 1688 1611 loquitur.
1752 1562 1799 1601 In
1832 1562 2002 1601 mallem

1115 1622 1244 1672 igitur
1274 1621 1359 1660 hoc
1389 1622 1528 1662 inest:
1574 1623 1637 1663 «si
1669 1624 1787 1675 optio
1820 1623 2003 1663 daretur

1114 1695 1418 1735 magnumque
1458 1685 1628 1725 flumen
1672 1698 1812 1738 prope
1855 1689 1998 1735 esset,

1115 1759 1169 1788 ex
1206 1746 1277 1786 illo
1318 1748 1548 1788 haurirem
1584 1749 1731 1800 potius
1772 1761 1908 1801 quam
1947 1761 2002 1790 ex

1112 1811 1200 1850 1100
1222 1810 1431 1851 fonticulo
1454 1811 1511 1851 ad
1539 1812 1682 1862 pedes
1705 1824 1831 1853 meos
1854 1824 2002 1854 erum-

1112 1874 1306 1926 pente»)
1335 1897 1380 1901 —
1405 1875 1631 1925 Sequente
1654 1874 1788 1914 veluti
1812 1874 1999 1927 apologo

1111 1937 1303 1988 Aesopio
1321 1937 1362 1975 in
1385 1933 1581 1989 γνώμην
1599 1939 1749 1978 tamen
1766 1949 1872 1978 cum
1893 1939 2002 1978 ima-

1112 2000 1211 2050 gine
1234 2001 1462 2039 contracto
1483 2000 1702 2051 significat
1723 2012 1900 2041 summa
1923 2012 2001 2052 pe-

1112 2061 1248 2101 ricula
1281 2062 1332 2102 iis
1362 2063 1553 2112 instare,
1587 2064 1662 2114 qui
1692 2064 1999 2104 immoderatis

1112 2124 1427 2176 cupiditatibus
1453 2137 1501 2166 se
1524 2126 1790 2166 dediderint.
1813 2150 1858 2155 —-
1876 2128 2000 2167 Aufi-

1113 2187 1222 2227 dum
1237 2188 1453 2228 violentem
1472 2189 1565 2240 (Od.
1586 2189 1635 2238 3,
1660 2189 1727 2239 30,
1754 2190 1855 2241 lo),
1880 2191 2001 2241 lonae

1110 2255 1326 2290 sonantem
1349 2251 1441 2301 (Od.
1467 2251 1507 2300 4,
1532 2252 1571 2301 9,
1596 2253 1670 2303 9.),
1704 2253 1898 2304 patrium
1918 2253 2000 2292 ssu-

1113 2325 1240 2362 111011,
1282 2313 1451 2365 ubique
1492 2313 1685 2354 libenter
1716 2326 1998 2355 commemo-

1111 2378 1194 2415 rat.
1231 2397 1278 2404 -—
1320 2387 1451 2426 neque
1485 2377 1617 2417 vitam
1647 2378 1801 2418 amittit
1836 2378 1881 2417 in
1912 2390 1995 2418 un-

1110 2438 1185 2489 dis]
1217 2441 1266 2478 ut
1295 2439 1361 2487 fit,
1395 2440 1431 2479 si
1453 2451 1476 2479 e
1498 2440 1681 2480 flumine
1704 2451 1868 2491 aquam
1890 2441 1998 2480 hau-

1110 2503 1225 2549 rias;
1265 2503 1360 2542 sine
1382 2503 1599 2553 imagine:
1640 2502 1883 2543 «molestiis
1916 2503 1997 2544 illis

1112 2576 1164 2605 ac
1193 2564 1565 2606 sollicitudinibus
1597 2568 1739 2614 caret,
1781 2577 1896 2617 quae
1929 2567 1996 2606 ni-

1111 2629 1224 2668 mias
1255 2639 1363 2679 opes
1399 2629 1601 2668 comitari
1631 2627 1799 2678 solent,
1847 2640 1995 2680 neque

1110 2691 1319 2743 periculis
1337 2702 1440 2731 cum
1461 2691 1607 2731 subita
1628 2691 1830 2731 fortunae
1853 2693 1996 2731 muta-

1109 2755 1229 2793 tione
1258 2754 1505 2794 coniunctis
1536 2755 1761 2806 expositus
1793 2756 1904 2795 est.»

1165 2816 1314 2858 611-64.
1348 2816 1455 2856 bona
1477 2818 1598 2869 pars]
1634 2818 1764 2858 «satis
1785 2829 1989 2869 magna»,

1109 2882 1158 2920 ut
1189 2882 1364 2920 Lucret.
1389 2882 1437 2930 5,
1473 2881 1594 2922 4024..
1635 2883 1724 2922 Cic.
1759 2882 1814 2923 de
1847 2884 1916 2923 Or.
1940 2886 1988 2934 ⁶3,

1109 2944 1155 2992 3,
1192 2942 1257 2983 44.
1318 2944 1401 2983 Ars
1432 2946 1550 2994 po'et.
1584 2945 1680 2984 ⁶297.
1718 2968 1761 2972 -
1793 2945 1915 2998 falso]
1938 2947 1987 2987 V.

1107 3007 1257 3056 cupido
1274 3005 1393 3057 apud
1413 3007 1645 3047 Horatium
1657 3018 1839 3059 semper
1851 3020 1988 3050 masc.

1109 3080 1151 3107 v.
1184 3079 1224 3119 g.
1287 3067 1366 3107 Od.
1399 3069 1450 3117 2,
1486 3069 1562 3118 46,
1598 3070 1663 3109 45.
1727 3070 1814 3110 Cfr.
1846 3073 1992 3122 Reisig

1110 3132 1200 3170 Lat.
1245 3131 1530 3181 Sprachwiss.
1573 3142 1617 3182 p.
1660 3131 1752 3173 1¹47.
1801 3155 1844 3161 —
1886 3135 1993 3173 tanc-i

1109 3196 1312 3242 quantum
1341 3192 1508 3244 habeas]
1552 3194 1670 3234 Haec
1701 3194 1840 3234 verba
1873 3195 1985 3235 refe-

1108 3257 1210 3294 runt
1258 3255 1486 3306 antiquam
1535 3255 1653 3297 illam
1701 3254 1899 3310 γνώμην
1947 3257 1989 3297 111

1108 3319 1267 3370 Eiyxia
1288 3330 1331 3370 p.
1355 3319 1450 3360 396.
1477 3322 1533 3360 C:
1568 3315 1631 3360 ἀν
1658 3321 1748 3373 ιιέν
1778 3333 1822 3360 τι
1854 3315 1985 3378 ἑχῃς,

1106 3375 1244 3433 α’ξιός
1272 3394 1357 3423 τοι
1389 3379 1444 3431 εἶ
1477 3379 1562 3425 ἐὰν
1581 3382 1632 3425 δὲ
1651 3381 1738 3436 μή,
1772 3365 1983 3434 οὐδενός.
