2231 3787
176 279 279 331 47ss

780 278 996 319 HORATII
1027 276 1395 318 EPlSTOLARUM

246 410 540 463 Annuimus
579 408 779 481 pariter
816 407 978 462 vetuli
1018 407 1238 476 notique
1278 402 1527 458 columbi.
1963 402 1995 452 5

247 514 325 565 Tu>
360 510 544 564 nidum
584 528 798 575 servas3
840 527 940 580 ego
979 507 1141 561 laudo
1181 506 1320 559 ruris
1358 504 1570 558 amoeni

247 614 407 667 Rivos
446 622 499 667 et
537 629 723 666 musco
763 609 1060 665 circumlita
1099 625 1227 661 saxa
1264 623 1583 677 nemusque.

248 715 388 780 Quid
427 714 684 786 quaeris?
722 713 850 766 Vivo
894 719 946 765 et
983 726 1177 780 regno,
1220 708 1377 761 simul
1414 708 1514 761 ista
1551 705 1768 778 reliqui,

248 819 399 882 Quae
437 834 533 869 vos
572 815 640 869 ad
679 813 887 868 caelum
924 811 1070 866 fertis
1117 827 1335 864 rumore
1375 808 1640 863 secundo:

245 920 419 990 thue
459 916 756 971 sacerdotis
797 914 1048 985 fugitivus
1087 913 1195 967 liba
1242 929 1464 976 recuso;

1932 910 1998 964 49

285 1071 324 1108 5.
357 1068 504 1108 Δυεῑιιῐὶε
532 1067 718 1115 notisque
747 1065 944 1106 columbis
974 1076 997 1104 e
1029 1063 1137 1105 Cod.
1169 1061 1365 1103 Blandin.
1400 1063 1447 1103 C.
1485 1084 1529 1090 -
1572 1062 1611 1101 9.
1644 1062 1797 1113 effertis
1825 1060 1933 1102 Cod.

228 1131 379 1173 Bland.
405 1131 634 1182 antiquiss.
661 1131 705 1169 et
724 1130 821 1169 Div.
849 1128 1053 1179 Cruquii,
1077 1125 1219 1175 bScd,
1244 1136 1321 1166 sex
1342 1124 1550 1173 Pottierii,
1582 1124 1681 1164 LCt.
1718 1124 1936 1175 (Nostram

229 1195 329 1235 lect.
354 1193 576 1246 praebent
604 1194 652 1241 E,
686 1191 844 1243 reliqui
868 1190 1006 1231 Codd.
1031 1188 1246 1238 Pottierii,
1280 1186 1350 1227 alii
1370 1186 1488 1239 apud
1504 1187 1662 1236 Feam,
1694 1185 1804 1226 Edd.
1828 1187 1934 1226 vett.

180 1350 223 1357 —
247 1326 490 1378 An-nuimus]
512 1327 646 1365 «nutu
665 1324 953 1377 probamus;»
977 1323 1057 1364 sed

176 1389 306 1432 simul
336 1388 473 1429 refert
503 1387 735 1428 columbos
765 1389 886 1440 ipsos
911 1388 1057 1426 rostra

177 1452 479 1493 amantissime
502 1452 811 1498 conserentes,
845 1448 965 1499 quod
987 1460 1059 1487 co-

175 1515 356 1555 lumbari
387 1513 490 1553 dicit
530 1513 762 1552 Maecenas
794 1512 837 1550 in
866 1509 979 1550 libro
1011 1511 1059 1549 de

176 1578 295 1618 Cultu
325 1587 397 1615 suo
429 1575 547 1627 apud
577 1576 793 1614 Senecam
824 1574 934 1624 Epp.
960 1571 1055 1618 444,

175 1641 215 1679 5.
249 1639 405 1679 Matius
437 1637 555 1689 apud
576 1635 681 1676 Gell.
704 1636 778 1684 G20,
812 1635 862 1674 9.·
899 1634 1060 1674 Colum-

175 1702 382 1751 batimquc
417 1700 540 1739 labra
579 1708 794 1738 conserens
831 1696 973 1736 labris.
1011 1719 1055 1723 —

174 1764 312 1815 vetuli]
350 1765 401 1805 Ut
437 1773 682 1814 persaepe,
729 1761 791 1800 sic
828 1760 913 1799 hoc
953 1769 1060 1810 quo-

177 1837 263 1877 que
301 1825 397 1865 loco
436 1824 781 1876 comparationis
821 1820 1059 1874 particulas

177 1889 336 1928 omisit.
400 1886 462 1927 Cf.
500 1886 637 1937 Epod.
678 1887 724 1934 4,
772 1884 837 1925 34.
890 1884 1060 1924 Eodem

177 1951 268 1991 fere
328 1950 443 1990 redit
500 1948 686 1988 aliorum
742 1944 1056 2001 ἑπεξήγησις’

179 2015 281 2065 «qui
310 2013 457 2053 adhuc
487 2022 668 2063 semper
697 2011 859 2050 fuimus
881 2020 1061 2050 sumus—

179 2088 264 2127 que
296 2088 337 2115 V.
362 2088 405 2115 n.
431 2087 497 2115 c.»
524 2095 568 2102 —-
597 2073 785 2125 columbi]
820 2074 913 2113 Hoc
943 2072 1057 2121 loco,

178 2138 255 2178 ubi
299 2137 596 2178 masculinum
641 2147 780 2187 genus
820 2138 972 2187 utpote
1005 2134 1059 2174 de

179 2201 353 2241 duobus
376 2202 480 2240 viris
502 2200 809 2239 necessarium
832 2199 920 2246 est,
944 2196 1059 2237 male

179 2263 343 2304 abusos
384 2273 484 2302 esse
522 2260 856 2312 lexicographos
887 2259 943 2298 ad
981 2270 1060 2310 ge-

178 2324 378 2366 neralem
394 2324 760 2375 significationem
781 2322 951 2363 formae
968 2333 1060 2361 ma-

179 2387 373 2429 sculinae
402 2388 536 2427 etiam
566 2397 635 2438 ap.
661 2386 892 2426 Horatium
921 2384 1061 2424 vindi-

179 2450 371 2491 candam
401 2449 553 2489 docuit
581 2450 731 2488 Koene
753 2447 855 2487 uber
875 2448 940 2486 die
959 2448 1056 2497 Spr.

179 2515 218 2553 d.
247 2518 354 2553 ro'm.
388 2512 542 2563 Epiker
570 2524 613 2564 p.
645 2512 712 2550 29.
750 2533 793 2538 ——
826 2510 984 2562 nidum]
1016 2509 1060 2549 id

180 2578 270 2625 est,
317 2573 613 2614 «domicilium
642 2572 926 2621 urbanum3»
979 2573 1061 2612 sed

179 2642 351 2690 gratam
373 2637 682 2677 columborum
704 2636 941 2686 imaginem
963 2646 1061 2675 ser-

178 2702 309 2741 vavit.
346 2724 391 2728 —
432 2699 682 2750 circumlita]
731 2697 1056 2745 «circumdata,

180 2763 395 2811 obducta,
415 2778 433 2798 υ
490 2764 538 2802 ut
584 2762 701 2812 Virg.
754 2760 841 2800 Ecl.
887 2761 935 2810 6,
983 2761 1055 2800 62:

179 2826 526 2865 Phaethontiadas
539 2835 678 2863 musco
695 2824 929 2863 circumdat
943 2834 1062 2861 ama-

180 2899 257 2927 rae
286 2888 471 2927 Corlicis.
509 2910 552 2915 —-
589 2888 695 2936 Quid
725 2885 938 2936 quaer-ism
971 2885 1062 2925 for-

181 2948 298 2989 mula
330 2951 548 2989 sermonis
579 2949 822 2999 quotidiani
852 2948 971 2988 haud
991 2950 1062 2987 in-

182 3011 392 3061 frequens
444 3012 576 3050 etiam
631 3011 748 3062 apud
798 3011 1060 3051 Ciceronem

184 3073 253 3124 (ad
284 3075 366 3112 Att.
391 3074 440 3121 Ξ,
476 3074 520 3120 4,
554 3073 628 3121 2),
663 3083 776 3122 quae
807 3073 985 3124 proprie
1007 3072 1063 3111 si-

183 3134 378 3186 gnificat:
415 3145 527 3173 «non
558 3144 669 3184 opus
701 3136 788 3182 est,
827 3135 875 3173 ut
905 3144 957 3172 ex
988 3143 1060 3172 me

183 3207 396 3248 quaeras,
439 3195 552 3236 ultro
585 3196 662 3235 tibi
694 3196 840 3236 omnia
871 3194 1059 3234 dicam.»

184 3259 352 3299 Eodem
382 3257 516 3297 modo
548 3257 775 3297 dicebant:
807 3257 905 3296 Noli
929 3268 1058 3307 quae-

184 3332 296 3367 rere,
330 3331 412 3360 nec
442 3329 713 3371 magnopere
743 3318 913 3358 differt:
957 3320 1064 3368 Quid

1121 1323 1165 1362 et
1193 1321 1269 1361 vit.
1294 1320 1343 1361 4:
1376 1317 1639 1378 τρυφήσεις
1669 1317 1719 1359 ἐν
1749 1318 1886 1373 πενίᾳ
1918 1316 2002 1358 καὶ

1118 1379 1438 1434 βασιλεύσεις.
1501 1405 1546 1411 -
1600 1381 1739 1433 fertis]
1791 1381 2000 1429 Quamvis

1121 1447 1272 1488 Codex
1305 1446 1458 1486 Bland.
1511 1445 1864 1496 antiquissimus,
1910 1445 2001 1484 tres

1120 1510 1207 1549 mei
1230 1509 1337 1549 item
1358 1509 1673 1559 antiquissimi,
1708 1518 1786 1548 sex
1806 1507 2001 1546 Pottierii

1120 1573 1315 1613 habeant
1350 1573 1522 1624 effertis,
1570 1570 1854 1610 nihilominus
1884 1568 2002 1621 glos-

1121 1648 1244 1677 sema
1266 1637 1352 1676 hoc
1370 1635 1561 1675 videtur.
1596 1632 1753 1673 Salust.
1775 1632 1900 1673 Catil.
1924 1632 1998 1672 53:

1118 1701 1314 1740 virtulem
1357 1698 1490 1738 animi
1537 1698 1593 1736 ad
1639 1697 1801 1736 caelum
1844 1696 1999 1747 ferunt.

1122 1764 1253 1803 Corn.
1278 1763 1389 1813 Nep.
1412 1759 1630 1811 Lysandri
1659 1758 1708 1808 4,
1740 1760 1786 1798 2:
1833 1758 2005 1798 susmmis

1121 1837 1213 1865 eum
1247 1825 1330 1876 fert
1366 1823 1572 1863 laudibus.
1624 1822 1903 1872 Quamquam
1938 1819 2004 1860 al-

1123 1890 1268 1928 terum
1300 1897 1443 1938 aeque
1474 1888 1648 1925 rectum
1679 1886 1760 1925 est.
1826 1884 1916 1925 Cic.
1947 1883 2004 1922 ad

1122 1951 1241 1989 Fam.
1275 1949 1322 1997 9,
1357 1948 1434 1996 44,
1470 1949 1516 1987 4;
1551 1951 1588 1986 tc
1616 1948 1786 1986 summis
1813 1946 2005 1987 laudibus

1123 2013 1179 2050 ad
1198 2011 1359 2050 caelum
1378 2010 1631 2050 eoelulerunt.
1665 2011 1816 2049 Iuven.
1837 2010 1876 2058 6,
1901 2010 2001 2049 ⁴82:

1123 2074 1262 2122 illam,
1302 2083 1430 2121 quam
1460 2071 1651 2111 laudibus
1678 2073 1809 2122 effert.
1846 2094 1890 2099 —
1926 2082 2004 2110 ru-

1122 2146 1237 2175 more
1275 2134 1464 2185 secundo]
1507 2132 1667 2172 «Simul
1713 2135 1846 2184 atque
1889 2144 2004 2173 unus

1123 2199 1346 2245 vestrum,
1395 2196 1468 2247 qui
1512 2196 1642 2236 huius
1682 2195 1929 2236 sententiae
1961 2197 2006 2235 et

1124 2260 1341 2312 opinionis
1398 2259 1636 2310 participes
1695 2259 1821 2308 estis,
1877 2257 2004 2299 Urbis

1123 2323 1260 2362 vitam
1289 2321 1458 2370 laudat,
1506 2322 1761 2360 ceterorum
1804 2321 2004 2360 omnium

1123 2384 1305 2436 plausus
1337 2385 1381 2424 et
1417 2382 1636 2423 clamores
1666 2384 1860 2423 movet.»
1910 2384 2004 2423 Hoc

1125 2447 1242 2487 enim
1272 2447 1388 2487 inest
1416 2447 1459 2485 in
1490 2446 1671 2497 antiqua
1692 2444 1901 2486 formula:
1930 2457 2006 2495 po-

1117 2510 1209 2560 puli
1236 2520 1406 2549 rumore
1435 2509 1632 2557 secundo,
1680 2519 1767 2559 qua
1803 2509 1872 2549 usi
1902 2509 2005 2548 sunt

1122 2572 1288 2612 Ennius
1319 2573 1363 2611 et
1391 2569 1636 2611 Fenestella
1665 2569 1786 2622 apud
1813 2571 1923 2610 Non.
1955 2581 2000 2622 p.

1123 2636 1216 2675 385.
1251 2635 1436 2674 Suevius
1462 2633 1580 2685 apud
1609 2632 1803 2673 Macrob.
1829 2633 2000 2672 Saturn.

1124 2698 1169 2746 6,
1204 2698 1220 2736 4
1241 2709 1248 2735 :
1290 2697 1558 2747 referuntque
1579 2695 1716 2744 petila
1741 2705 1911 2734 rumore
1939 2705 2004 2734 sc-

1123 2760 1271 2798 cundo.
1325 2758 1417 2798 Cic.
1451 2757 1506 2796 de
1538 2758 1632 2796 Div.
1658 2757 1706 2805 4,
1740 2756 1815 2805 46,
1847 2756 1915 2796 29.
1950 2767 2003 2795 ex

1124 2822 1305 2871 antiquo
1335 2820 1489 2871 poeta:
1537 2818 1703 2857 Solvere
1732 2818 1912 2867 imperat
1939 2828 2003 2858 se-

1120 2883 1254 2921 cundo
1283 2891 1451 2920 rumore
1469 2881 1728 2929 adversaque
1745 2880 1828 2919 avi.
1872 2881 1999 2920 Tusc.

1124 2947 1173 2993 2,
1208 2945 1257 2993 4,
1290 2937 1337 2983 4‘:
1370 2943 1547 2982 secundo
1570 2942 1741 2992 populo.
1791 2941 1917 2982 Idem
1946 2941 2002 2982 de

1122 3005 1219 3056 lege
1250 3016 1341 3055 agr.
1365 3006 1409 3054 2,
1443 3004 1515 3052 37,
1550 3005 1649 3044 4Ο4;
1695 3004 1875 3043 secunda
1901 3015 2003 3044 con-

1123 3069 1244 3107 tione.
1296 3068 1412 3118 virg.
1440 3068 1548 3106 Aen.
1573 3066 1616 3115 8,
1650 3065 1726 3105 90:
1773 3066 1889 3117 Eryo
1925 3066 2004 3106 iter

1123 3132 1331 3180 inceptum
1372 3129 1554 3169 celerant
1600 3138 1769 3168 rumore
1809 3128 1998 3168 secundo.

1125 3193 1189 3233 Cf.
1214 3193 1347 3232 etiam
1376 3192 1484 3231 Aen.
1510 3191 1582 3239 40,
1615 3190 1718 3230 266:
1758 3190 2004 3241 fugiuntque

1126 3256 1283 3307 (grues)
1315 3257 1442 3295 Notos
1470 3255 1654 3293 clamore
1673 3253 1862 3292 secunda
1897 3251 2002 3302 (Ab—

1125 3317 1266 3358 solute
1309 3316 1450 3357 verbo
1493 3327 1641 3356 rumor
1683 3315 1746 3354 sic
1789 3324 1896 3354 usus
1935 3317 2002 3355 est

185 3381 346 3422 mulla?
379 3403 422 3409 -
453 3382 550 3421 Vivo
579 3385 617 3421 el
645 3382 788 3433 regno]
821 3382 933 3420 «vita
954 3392 1059 3420 vere
1124 3381 1297 3419 Tacitus
1328 3379 1435 3419 Hist.
1455 3379 1503 3427 2,
1536 3378 1608 3417 94:
1646 3386 1806 3416 omnem
1834 3376 2001 3428 infimae

186 3443 302 3484 vitali
321 3444 443 3484 fruor
459 3446 503 3483 et
522 3455 598 3484 rex
620 3443 725 3483 mihi
748 3453 846 3483 esse
863 3442 1059 3482 videor.»

1117 3441 1247 3491 plebis
1284 3451 1497 3482 rumorem
1533 3440 1577 3479 in
1607 3439 1766 3479 theatro
1793 3460 1816 3467 -
1842 3461 1864 3468 -
1895 3439 2000 3489 affe-

187 3508 255 3547 Sic
284 3503 570 3555 βασιλεύειν.
619 3505 836 3546 Plutarch.
876 3504 929 3545 de
962 3506 1056 3544 virt.
1122 3503 1279 3551 elavit.)
