2231 3787
831 247 926 286 LIB.
961 247 1011 286 11.

233 381 288 430 In
328 396 499 432 vacuo
540 378 710 432 laetus
750 395 933 431 sessor
970 377 1300 448 plausorque
1341 377 1573 439 theatro3

1073 246 1238 286 EPIST.
1273 248 1321 286 11.

1894 242 1995 294 667

1894 375 1995 427 1130

234 482 425 534 Cetera
464 481 554 552 qui
595 481 735 534 vitae
775 488 1018 534 servaret
1055 479 1238 533 munia
1278 487 1425 533 recto

232 584 401 643 More,
447 583 621 635 bonus
662 600 791 636 sane
831 583 1062 645 vicinuS,

1106 581 1350 635 amabilis
1390 581 1590 652 hospes
1608 625 1617 640 ,

234 685 413 738 Comis
453 685 504 736 in
543 702 794 746 uxorem,
836 694 1022 755 posset
1060 685 1151 756 qui
1194 685 1477 755 ignoscere
1517 683 1688 737 servis

236 788 294 839 Et
332 787 484 858 signo
525 785 673 840 laeso
713 804 818 840 non
866 787 1099 840 insanire
1139 786 1391 858 lagenae,

276 991 367 1032 l34.
401 992 513 1043 liano
542 1006 584 1045 γ,
618 993 731 1032 teste
761 990 959 1031 Bentleio
991 991 1047 1030 ad
1078 992 1165 1032 Sat.
1198 992 1238 1040 2,
1272 993 1311 1038 7,
1345 992 1411 1032 82.

162 1183 337 1229 rentur,
386 1191 473 1219 non
511 1191 625 1231 quae
665 1179 931 1231 decipiant.»
982 1180 1047 1220 De

161 1245 306 1283 semet
334 1244 430 1294 ipso
461 1243 574 1282 haec
605 1243 710 1282 dicit
745 1253 849 1282 cum
879 1243 1049 1294 perspi-

162 1317 242 1345 cua
273 1306 439 1354 ironia,
472 1305 613 1356 probe
647 1305 854 1345 conscius
884 1316 932 1345 se
963 1316 1048 1345 nec

161 1368 351 1408 delirum
410 1379 558 1418 neque
610 1369 811 1419 ineptum
866 1369 1047 1418 poetam

162 1442 277 1471 esse.
331 1429 441 1471 Male
474 1430 542 1469 alii
574 1430 685 1469 haec
713 1430 879 1469 Horatii
907 1429 1047 1469 verba

162 1491 373 1532 iocularia
415 1493 532 1532 serio
564 1492 765 1532 tribuunt
795 1493 946 1532 nescio
978 1493 1048 1532 cui

161 1557 320 1607 poetae
352 1554 492 1603 malo,
527 1556 602 1606 qui
627 1556 685 1595 ita
707 1566 807 1595 sese
831 1555 1049 1595 defende-

162 1619 229 1657 rit.
259 1641 303 1645 —
335 1617 470 1669 rinyi]
503 1618 683 1669 Proprie
707 1618 820 1669 rinssi
841 1617 1049 1657 dicuntur

162 1691 311 1728 canes,
336 1691 440 1720 cum
460 1681 622 1720 rictum
645 1680 912 1729 diducendo,
943 1680 1050 1720 den-

163 1747 228 1784 tes
260 1743 540 1784 ostendendo
573 1745 618 1783 et
646 1743 874 1784 hirriendo
904 1744 1048 1783 viato—

161 1806 285 1846 ribus
326 1817 503 1846 morsus
533 1806 819 1854 minitantur;
867 1807 1044 1846 Terent.

162 1869 340 1909 Phorm.
364 1869 414 1916 2,
445 1869 492 1916 2,
526 1869 602 1908 27:
648 1868 720 1908 Ille
747 1869 957 1920 rintqitur,
1005 1872 1050 1907 tu

161 1933 322 1978 rideam
370 1930 446 1970 ubi
484 1932 705 1971 Donatus:
755 1932 943 1983 «Ringyi
981 1933 1050 1971 est

163 1994 435 2034 stomachari
465 1995 673 2041 tacitum;
708 1995 775 2034 est
806 1995 925 2034 enim
957 1996 1050 2033 tra—

162 2056 264 2096 latio
296 2068 319 2095 a
352 2056 539 2097 canibus
570 2056 835 2096 latraturis.»
871 2057 962 2096 Cic.
993 2056 1049 2095 ad

162 2120 249 2158 Att.
282 2118 331 2167 4,
366 2120 413 2166 5,
447 2120 494 2158 ⁶3:
549 2120 583 2157 Ii
617 2119 929 2169 subringentur,
981 2119 1052 2167 qui

163 2182 308 2221 villam
336 2193 400 2221 me
428 2182 593 2221 moleste
612 2182 753 2231 ferunt
771 2181 934 2220 habere.
976 2181 1052 2219 Est

164 2255 293 2295 ergo:
329 2244 625 2285 «stomachari
647 2245 691 2282 et
712 2243 913 2291 cruciari,
947 2253 1049 2283 cum

163 2307 329 2356 sapiam
359 2307 567 2358 quidem,
601 2305 644 2345 id
677 2307 745 2346 est
774 2307 918 2345 norim
946 2306 1051 2345 artis

165 2368 366 2420 regulas,
406 2381 490 2411 000
529 2371 680 2409 tamen
711 2370 762 2408 iis
794 2368 1050 2408 satisfacere

166 2442 352 2482 queam,
386 2442 438 2471 ac
469 2434 707 2483 propterea
738 2432 943 2471 mihimet
968 2431 1053 2483 ipsi

166 2497 303 2536 iratus
333 2496 601 2548 perspiciam
629 2507 730 2535 mea
751 2496 855 2535 vitia
879 2497 922 2534 et
942 2506 1053 2546 pec-

168 2561 326 2605 cata;»
373 2557 536 2608 quibus
580 2570 737 2598 rursus
783 2558 1052 2598 adversariis

168 2622 259 2661 suis
290 2620 528 2671 significat,
574 2622 623 2659 ut
662 2622 705 2660 in
740 2620 948 2661 omnibus
979 2631 1054 2660 re—

167 2684 274 2730 bus,
318 2684 374 2722 ita
405 2683 622 2735 imprimis
651 2684 695 2722 in
724 2685 849 2736 poesi
880 2682 1054 2722 difficil-

167 2747 320 2788 limam
374 2757 475 2786 esse
529 2746 683 2797 optimi
731 2745 1055 2797 perfectionem

168 2811 302 2860 atque
323 2807 665 2849 absolutionem.
704 2808 1053 2858 Interrogatione

170 2873 320 2911 autem
353 2882 456 2911 cum
488 2870 706 2911 Glareano
738 2869 923 2921 aliisque
956 2871 1055 2921 post

168 2946 210 2973 v.
252 2934 366 2985 rinyi
410 2934 552 2985 posita
596 2935 736 2974 ironia
765 2934 902 2985 perit,
951 2944 1057 2973 sen-

170 2997 309 3037 tentia
339 2998 436 3048 ipsa
467 2997 748 3037 obscuratur.

228 3059 429 3098 428-1137.
453 3059 562 3110 Fun]
587 3059 725 3108 «Sic‚»
750 3059 905 3109 inquit,
927 3068 1054 3097 «cum

173 3122 302 3160 notus
333 3119 402 3159 ille
432 3120 613 3172 Argivus
642 3122 796 3160 delirus
818 3122 966 3159 mente
989 3130 1057 3158 re-

173 3184 299 3234 cepta
346 3194 502 3222 rursus
548 3183 756 3232 sapiebat,
812 3182 1058 3234 rinyebacur

176 3248 292 3295 (sese
315 3244 614 3294 excruciabat)
639 3246 822 3296 propter
842 3243 1058 3282 violenter

173 3307 257 3347 sibi
303 3309 519 3347 extortam
573 3308 782 3346 continuo
825 3305 1056 3357 spectandi

173 3370 424 3421 tragoedias
471 3369 794 3421 voluptatem.»
849 3392 893 3397 —
945 3370 1058 3408 haud

174 3432 378 3483 ignobilis]
424 3434 474 3473 Ut
518 3432 675 3472 Cicero
722 3431 954 3482 aliquoties
1000 3430 1055 3471 de

177 3495 519 3546 municipiorum
539 3493 692 3534 incolis
710 3505 716 3532 t
740 3494 807 3533 rii·
827 3494 938 3533 domi
958 3504 1057 3533 suae

1112 1178 1272 1218 nobilis.
1336 1180 1454 1218 «Hic
1500 1181 1640 1230 Lycas
1686 1180 1830 1220 dictus
1874 1182 1996 1220 est.»

1115 1242 1255 1281 Comi.
1293 1242 1423 1287 CnUQ.
1463 1265 1505 1269 *
1551 1242 1688 1293 Argyis]
1735 1244 1811 1283 Est
1854 1254 1906 1282 ex
1948 1244 1998 1283 iis

1112 1304 1330 1354 historiis,
1378 1316 1492 1356 quae
1534 1305 1576 1344 in
1609 1304 1771 1345 scholis
1801 1304 2000 1357 philoso—

1111 1368 1306 1419 phorum
1347 1369 1516 1407 narrari
1557 1367 1775 1408 solebant.
1836 1367 1997 1407 Similia

1113 1430 1249 1469 refert
1284 1431 1338 1470 de
1371 1429 1600 1481 Thrasyllo
1630 1431 1887 1470 Atheniensi
1917 1432 2000 1470 Ae-

1112 1491 1255 1533 lianus
1286 1494 1335 1533 V.
1361 1494 1411 1533 H.
1436 1493 1476 1543 4,
1501 1495 1595 1541 ⁶25.,
1637 1494 1758 1533 idem
1790 1494 1845 1533 de
1876 1493 2000 1544 Aby—

1113 1554 1231 1595 deno
1264 1555 1460 1607 quodam
1490 1556 1808 1596 Pseudaristot.
1842 1556 1898 1596 de
1921 1556 2001 1595 mi-

1112 1617 1208 1657 rab.
1242 1620 1374 1658 Ausc.
1401 1618 1467 1657 3⁴.
1499 1629 1541 1669 p.
1567 1619 1634 1658 70.
1667 1619 1872 1658 Beckm.:
1906 1617 1998 1658 Λέ-

1113 1692 1246 1734 γεται
1276 1679 1327 1721 δέ
1357 1693 1461 1720 τινα
1492 1681 1542 1721 ἐν
1571 1675 1748 1735 Ἀβύδῳ
1780 1678 1998 1738 παρακό-

1114 1750 1283 1795 ψαντα
1314 1742 1370 1801 τῇ
1402 1742 1593 1798 διανοίᾳ
1622 1745 1704 1784 καὶ
1725 1745 1793 1794 εἰς
1814 1740 1868 1783 τὸ
1891 1743 2001 1784 θέα-

1114 1818 1227 1862 τρον
1257 1803 1524 1863 ἐρχόμενον
1555 1807 1632 1846 ἐπὶ
1669 1803 1849 1856 πολλὰς
1879 1802 2001 1859 ἦμέ-

1115 1882 1203 1925 pag
1247 1869 1447 1926 θεωρεῖν
1495 1864 1560 1919 (ὃς
1610 1864 2001 1925 ὑποκρινομένων

1116 1926 1259 1971 τινῶν
1275 1932 1357 1972 καὶ
1375 1931 1784 1984 ἐπισημαίνεσθαι
1799 1945 1807 1952 ·
1834 1932 1915 1971 καὶ
1936 1927 2002 1981 (ὃς

1116 1995 1327 2047 κατέστη
1360 1991 1446 2047 τῆς
1475 1992 1784 2050 παρακοπῆς,
1817 1989 2002 2047 ’ἔφησεν

1117 2056 1303 2096 ἐκεῖνον
1332 2052 1463 2110 αὐτῷ
1495 2054 1580 2096 τὸν
1617 2055 1798 2113 χρόνον
1830 2052 2003 2108 ἥδιστα

1114 2117 1402 2167 βεβιῶσθαι.
1465 2121 1527 2158 Αο
1563 2119 1831 2159 simillimam
1862 2121 2002 2160 histo-

1116 2182 1228 2220 rIam
1262 2181 1317 2220 de
1339 2180 1474 2221 nobili
1497 2180 1782 2221 adolescente
1805 2183 2001 2233 Hispano

1117 2243 1344 2294 eleganter
1374 2245 1525 2283 narrat
1554 2244 1717 2282 Huarte
1739 2245 1934 2283 Eoeamen
1956 2245 2004 2283 de

1115 2307 1302 2358 inqenios
1338 2318 1457 2356 para
1499 2306 1562 2345 las
1604 2306 1797 2346 ciencias.
1856 2307 1922 2346 En
1961 2307 2003 2345 la

1117 2370 1186 2420 off.
1219 2369 1399 2408 Plan-tin.
1435 2368 1556 2408 4593.
1599 2367 1686 2408 Fol.
1717 2369 1783 2409 38.
1845 2369 2000 2408 Forma

1116 2432 1256 2483 Arqus
1285 2443 1367 2483 pro
1388 2431 1569 2482 Argivus
1591 2432 1658 2471 est
1679 2431 1861 2482 quidem
1884 2431 2002 2482 apud

1117 2493 1256 2534 Plaut.
1297 2494 1516 2545 Amphitr.
1559 2492 1673 2533 Prol.
1708 2494 1798 2542 98.‚
1845 2504 2003 2533 verum

1120 2557 1297 2597 Horatio
1329 2556 1461 2596 tribui
1482 2567 1569 2596 non
1590 2557 1752 2608 potest.
1781 2580 1825 2584 -
1857 2556 2003 2596 Cetera

1119 2619 1190 2668 qui
1221 2619 1324 2670 001.]
1357 2619 1594 2666 «Quamvis
1620 2630 1701 2670 per
1722 2618 1913 2658 eandem
1934 2619 2003 2657 in—

1119 2682 1292 2722 saniam
1324 2680 1494 2731 reliqua
1525 2682 1639 2720 vitae
1677 2681 1848 2730 negotia
1880 2681 2003 2720 recte-

1120 2754 1171 2783 ac
1200 2743 1448 2794 prudenter
1469 2744 1838 2792 exsequeretur.»
1863 2765 1910 2770 —
1933 2754 2004 2782 re—

1121 2810 1183 2845 cto
1203 2805 1335 2857 More]
1373 2816 1588 2856 «prorsus
1619 2805 1667 2844 ut
1696 2805 1834 2843 ceteri
1863 2804 2004 2844 homi-

1122 2879 1200 2907 nes
1232 2867 1327 2907 sani
1358 2878 1411 2906 ex
1441 2869 1621 2918 recepta
1654 2866 1795 2906 semel
1817 2877 2006 2906 consue-

1120 2931 1272 2971 tudine
1295 2931 1336 2969 in
1356 2930 1564 2971 omnibus
1581 2930 1718 2971 rebus
1735 2942 1782 2971 se
1800 2933 2001 2982 gerunt.»

1125 3017 1168 3021 —
1204 2992 1332 3032 bonus
1360 3004 1460 3033 sane
1495 2994 1670 3045 vicinus]
1719 2993 2002 3033 «Commoda

1122 3056 1360 3095 occasione
1391 3057 1611 3107 percurrit
1641 3057 1783 3097 officia
1806 3056 1908 3095 boni
1930 3067 2005 3106 pa-

1122 3118 1199 3157 tris
1221 3116 1452 3158 familias.»
1485 3120 1640 3158 Poura.
1669 3142 1712 3147 --
1739 3117 1889 3168 posset]
1920 3118 2005 3156 «fa-

1123 3179 1204 3220 cile
1250 3191 1273 3219 a
1312 3191 1360 3220 se
1401 3181 1706 3232 impetraret.»
1756 3181 1831 3219 Vis
1874 3180 2004 3218 huius

1120 3242 1246 3282 verbi
1279 3243 1523 3282 admodum
1556 3245 1742 3294 augetur
1772 3253 1848 3290 eo,
1882 3241 2003 3291 quod

1122 3305 1191 3346 bis
1212 3306 1425 3357 deinceps
1449 3305 1502 3356 (V.
1526 3305 1619 3345 433.
1647 3306 1748 3344 etv.
1771 3303 1881 3354 1135.)
1904 3314 2005 3354 pro-

1122 3369 1289 3408 nomini
1319 3368 1501 3408 relatix‘o
1526 3367 1830 3419 praepositum
1851 3367 1932 3405 est.
1955 3389 1999 3393 —

1121 3432 1238 3482 sigyno
1277 3431 1414 3480 laeso]
1462 3428 1846 3480 quemadmodum
1885 3429 2003 3468 servi

1120 3494 1261 3534 vinosi
1310 3493 1536 3534 interdum
1585 3491 1764 3543 lagenas
1804 3491 2004 3531 exsicca—
