2231 3787
237 259 336 310 3:54

870 257 1082 296 HORATII
1115 256 1413 297 SATlRARUM

304 393 665 443 Nomentanus
705 395 819 440 erat
857 404 1021 457 super
1059 387 1258 456 ipsum,
1303 385 1521 438 Porcius
1562 384 1719 445 infra,

308 489 581 544 Ridiculus
621 498 756 542 totas
795 488 960 542 semel
1003 486 1299 541 obsorbere
1341 485 1640 557 placentas3

305 593 666 645 Nomentanus
706 590 773 643 ad
812 589 934 648 hoc,
976 589 1093 659 qui,
1136 587 1179 639 si
1219 586 1350 658 quid
1388 587 1520 641 forte
1558 586 1776 649 lateret,

1978 586 2045 640 25

306 693 487 746 Indice
526 699 846 744 monstraret
890 689 1082 760 digito:
1135 706 1257 741 nam
1296 696 1477 742 cetera
1514 687 1691 750 turba,

306 797 438 854 Nos,
481 794 723 864 inquam,
767 807 1059 844 coenamus
1099 806 1248 852 aveS‚
1291 788 1595 862 conchylia,
1635 788 1834 860 pisceS,

311 897 490 965 Longe
530 891 843 946 dissimilem
881 899 1006 944 noto
1046 889 1275 944 celantia
1312 907 1526 954 sucum,

342 1044 409 1085 “242
442 1043 563 1083 semel
591 1042 674 1090 bE,
707 1040 777 1095 γὸ,
814 1042 1006 1082 Pottierii
1036 1044 1148 1082 tres:
1181 1041 1303 1081 simul
1332 1040 1544 1091 Scp,LCt‚
1578 1038 1800 1080 Bentleius
1831 1041 1876 1080 et
1903 1040 1983 1081 MJ.

292 1128 335 1135 —
369 1106 582 1146 obsorbere
611 1104 761 1156 bSEcp
785 1106 828 1143 et
848 1104 1039 1144 Pottierii
1070 1104 1180 1154 duo,
1214 1105 1320 1145 item
1350 1103 1474 1144 LCFJ
1491 1115 1498 1141 :
1542 1102 1759 1143 absorbere
1789 1105 1823 1151 t,
1855 1103 1991 1143 Bent-

290 1170 400 1210 leius
431 1172 471 1209 ct
503 1170 557 1209 M.
596 1191 640 1196 -—
673 1168 740 1207 ⁶27.
774 1167 868 1206 auis
896 1167 942 1206 E.

233 1312 353 1352 mino
398 1319 564 1349 coenae
614 1318 700 1347 non
749 1307 976 1356 invitatos,
1028 1306 1109 1347 sed

234 1384 346 1425 quos
377 1372 563 1411 comites
601 1380 757 1410 secum
800 1369 986 1408 duceret
1028 1380 1108 1408 eo-

232 1446 332 1474 rum
375 1433 552 1484 aliquis,
605 1432 677 1482 qui
727 1432 893 1471 invitati
938 1432 1104 1470 erant.»

231 1496 341 1537 Plut.
378 1496 573 1543 Quaestt.
610 1493 789 1533 ConviV.
826 1494 872 1542 7,
907 1493 943 1532 6.
995 1493 1104 1544 Epp.

234 1560 279 1607 l,
313 1560 360 1607 5,
394 1557 459 1596 28.
497 1580 540 1584 —
581 1554 878 1606 Nomentanus]
924 1554 1109 1594 Videtur

232 1621 350 1660 idem
382 1630 484 1659 cum
513 1620 673 1669 nepote
706 1616 775 1657 illo
796 1619 962 1657 Satirae
987 1618 1002 1656 4
1023 1649 1032 1666 ,
1067 1618 1104 1665 l,

231 1684 323 1723 102.
378 1684 752 1730 «Decumanum»,
786 1681 830 1720 id
853 1682 938 1729 est,
972 1680 1109 1720 decu-

229 1757 404 1786 marum
451 1746 494 1784 in
550 1742 691 1783 Sicilia
745 1742 1102 1795 redemptorem,

230 1808 332 1847 dicit
364 1808 696 1847 Commentator
726 1806 922 1857 Cruquii.
960 1828 1004 1835 —-
1040 1817 1108 1844 sa-

227 1869 315 1920 per]
356 1867 595 1908 Lambinus
627 1865 822 1906 malebat
858 1878 1014 1916 supra,
1058 1868 1107 1906 ut

232 1934 299 1972 est
329 1930 447 1983 apud
480 1929 568 1969 Cic.
608 1928 662 1967 ad
704 1930 821 1968 Fam.
861 1929 906 1977 9,
940 1929 1015 1977 26,
1050 1929 1065 1967 ’1
1094 1940 1101 1966 ;

229 2002 441 2043 suprame
459 1991 633 2039 Atticus,
666 1990 779 2040 infra
804 1990 984 2030 Verrius.
1019 1990 1106 2030 Sed

229 2055 415 2096 alterum
447 2063 588 2103 aeque
620 2055 793 2091 rectum
825 2054 891 2092 est
922 2053 963 2092 et
998 2052 1040 2090 h.
1074 2051 1100 2091 l.

230 2118 325 2159 soni
356 2116 569 2167 gratioris.
631 2113 786 2154 Salust.
820 2116 886 2154 Fr.
921 2115 1027 2154 Hist.
1052 2114 1101 2163 3,

228 2179 301 2220 43:
342 2179 476 2230 Issitw·
505 2176 766 2225 discubuere,
798 2177 1008 2216 Sertorius
1036 2177 1105 2214 in-

226 2242 357 2293 ferior
386 2242 427 2279 in
456 2239 614 2287 medio,
660 2249 783 2288 super
820 2249 912 2277 eum
940 2239 986 2277 L.
1018 2238 1104 2277 Fa-

230 2303 330 2343 bius.
377 2303 510 2342 Tacit.
533 2304 644 2340 Ann.
669 2300 714 2349 3,
751 2299 820 2340 44:
855 2301 898 2339 in
918 2300 1104 2339 convivio

229 2365 489 2414 Germanici,
521 2374 615 2402 cum
644 2374 768 2412 super
793 2374 887 2402 eum
914 2363 1005 2402 Piso
1027 2364 1107 2402 dis-

226 2427 445 2467 cumberet.
490 2448 535 2454 —
582 2423 730 2475 ipsum]
764 2424 1016 2474 dominum,
1058 2426 1106 2464 ut

229 2491 368 2530 servis
400 2488 578 2528 Graecis
609 2482 755 2537 αὐτὸς
787 2489 853 2526 est
883 2487 1031 2526 herus.
1057 2510 1102 2514 —

228 2551 407 2602 Porcius]
444 2548 774 2602 «publicanus»
809 2549 946 2589 Conni.
974 2550 1104 2595 CRUQ.

228 2615 454 2654 Dacierius
476 2612 669 2652 eundem
700 2614 847 2663 putat,
881 2612 954 2662 qui
986 2611 1106 2650 deri-

230 2676 358 2715 detur
388 2686 410 2714 a
444 2673 611 2713 Catullo
643 2673 726 2722 47„
760 2676 807 2712 ut
838 2672 965 2712 nobis
985 2672 1107 2712 vide-

231 2741 322 2785 tur,
355 2737 573 2788 precario.
600 2758 647 2764 —-
670 2736 805 2784 semel]
837 2736 905 2774 Sic
928 2736 1106 2786 praeter

233 2798 371 2839 Codd.
398 2809 521 2837 meos
543 2796 607 2836 bE
631 2797 737 2836 Cod.
762 2798 946 2847 Franeq.
972 2795 1103 2844 clare,

232 2862 345 2900 teste
383 2860 533 2907 Bosio,
581 2870 669 2898 non
710 2861 915 2909 corrupte
956 2858 1104 2905 semul,

231 2925 278 2961 ut
310 2922 368 2960 ait
397 2919 642 2967 Bentleius,
689 2921 764 2971 qui
803 2921 895 2971 ipse
929 2929 1106 2970 quoque

234 2986 281 3024 ut
312 2981 576 3023 Forcellinus
617 2983 659 3021 in
698 2994 740 3021 v,
772 2983 909 3021 Si-:mm
939 2982 995 3021 ad
1028 2993 1109 3021 no-

235 3047 372 3086 stram
403 3043 638 3084 lectionem
669 3043 925 3090 inclinabat;
960 3045 1003 3083 et
1036 3054 1109 3082 re-

238 3110 306 3147 cte
329 3106 528 3157 quidem:
563 3110 668 3144 totas
687 3105 828 3153 semel,
865 3115 976 3143 «uno
997 3105 1110 3143 hau-

239 3172 358 3216 stu,»
392 3169 540 3207 contra
567 3167 710 3216 plures
738 3166 883 3214 simul,
918 3165 960 3205 id
992 3165 1111 3217 quod

240 3229 334 3270 fieri
366 3230 434 3268 vix
464 3230 623 3279 potest.
685 3228 852 3266 Seneca
885 3227 1017 3278 Epist.
1042 3228 1107 3267 7¹1:

241 3293 341 3331 lana
380 3291 580 3341 quosdam
618 3290 774 3329 colores
815 3289 936 3328 semel
977 3290 1108 3337 (lacit,

243 3355 443 3402 quosdam
472 3353 550 3392 nisi
577 3351 741 3402 saepius
759 3355 975 3390 macerata
996 3356 1032 3391 et
1050 3363 1114 3392 re-

244 3420 361 3455 cocta
390 3427 469 3454 non
499 3413 690 3464 perbibit.
751 3414 841 3452 Nec
871 3411 1113 3452 refutamur

247 3477 352 3517 Livii
383 3476 428 3523 6,
462 3475 505 3517 4:

552 3477 682 3516 Roma
701 3497 719 3503 -
737 3496 754 3502 -
773 3478 858 3514 tota
888 3475 1009 3514 simul
1036 3485 1113 3514 ex-

1170 1317 1340 1357 surgere
1355 1306 1566 1358 aedificiis3
1586 1316 1688 1345 nam
1707 1307 1793 1345 est:
1815 1304 2045 1346 «omnibus

1172 1368 1405 1417 aedificiis,
1439 1367 1599 1419 quibus
1628 1366 1736 1407 urbs
1766 1367 2044 1407 constabat.»

1176 1456 1220 1460 —
1253 1431 1478 1483 obsorbere]
1511 1433 1573 1472 De
1606 1432 1690 1471 hoc
1720 1429 1860 1471 verbo
1886 1430 1964 1470 cfr.
1989 1430 2047 1470 ad

1172 1496 1259 1534 Sat.
1284 1495 1331 1542 ⁶2,
1365 1494 1411 1542 3,
1444 1493 1538 1534 240.
1599 1492 1867 1544 Plerumque
1898 1493 1953 1533 de
1993 1492 2046 1533 li-

1172 1556 1316 1607 quidis
1346 1557 1606 1607 usurpatur,
1640 1556 1683 1595 h.
1707 1555 1734 1596 l.
1759 1566 1840 1607 pro
1861 1555 2047 1595 celeriter

1171 1619 1390 1670 deqlatire,
1431 1619 1654 1666 devorare,
1695 1629 1783 1657 non
1813 1618 1907 1657 sine
1938 1617 2046 1656 ridi-

1171 1680 1255 1720 culi
1286 1681 1461 1732 specie,
1509 1681 1635 1731 quasi
1662 1691 1770 1719 vero
1800 1679 1946 1720 helluo
1975 1679 2044 1720 ille

1171 1742 1429 1793 deglutisset
1459 1741 1707 1794 placentas,
1754 1744 1802 1782 ut
1840 1741 1950 1784 alius
1979 1743 2046 1783 vi-

1169 1816 1275 1844 num
1303 1807 1377 1844 aut
1407 1805 1508 1854 ius„

1223 1867 1370 1907 25-28.
1419 1867 1474 1905 ad
1511 1865 1598 1917 hoc]
1633 1866 1714 1905 «ad
1752 1866 1838 1906 hoc
1868 1866 2042 1916 aderat,

1169 1929 1215 1967 ut
1244 1929 1592 1967 nomenclatorem
1624 1930 1813 1978 (Petron.
1837 1927 1921 1979 47.)
1944 1939 2047 1980 age-

1168 1991 1256 2039 ret,
1291 1991 1326 2030 si
1357 1989 1443 2029 cibi
1474 1989 1654 2040 aliquod
1684 2000 1823 2039 genus
1854 2000 1935 2030 nos
1965 1991 2047 2030 mi-

1169 2063 1250 2092 nus
1280 2053 1408 2104 periti
1438 2063 1525 2091 non
1546 2063 1936 2102 agnosceremus.»
1967 2055 2046 2093 Pa-

1168 2114 1289 2154 rasiti
1319 2115 1437 2153 enim
1459 2116 1553 2153 erat
1573 2110 1628 2153 τὸ
1649 2113 1942 2154 ἐπίστασθαι
1960 2110 2046 2165 τὰς

1168 2171 1340 2233 ἀρετὰς
1369 2176 1450 2216 καὶ
1469 2177 1642 2226 κακίας
1662 2174 1755 2215 τῶν
1776 2177 1940 2217 σιτίων
1961 2178 2043 2218 καὶ

1167 2236 1264 2278 τῶν
1302 2233 1459 2290 ὄψων.
1520 2239 1697 2278 Lucian.
1735 2241 1882 2279 Paras.
1921 2240 1961 2279 5.
1997 2263 2043 2268 -

1166 2301 1304 2340 Indice
1331 2323 1354 2329 -
1385 2299 1531 2351 digito]
1580 2301 1747 2341 «Certis
1792 2300 2045 2342 nominibus

1168 2362 1324 2414 singuli
1365 2363 1484 2414 digiti
1524 2363 1826 2402 nominantur:
1874 2363 2043 2414 polleas,

1167 2427 1316 2475 index,
1346 2425 1531 2476 famosus
1553 2423 1634 2475 (vel
1665 2425 1846 2474 medius,
1877 2424 1949 2465 vel
1976 2426 2046 2466 in-

1166 2488 1311 2539 famis,
1357 2489 1478 2527 Pers.
1515 2487 1564 2534 2,
1612 2486 1698 2534 33.,
1740 2487 1813 2537 qui
1856 2487 2046 2528 irrisioni

1169 2548 1462 2598 inserviebat,
1486 2550 1654 2589 Arrian.
1679 2549 1817 2599 Epict.
1844 2548 1890 2598 3,
1912 2550 1954 2598 2,
1974 2550 2042 2590 Μ.

1167 2610 1236 2651 vel
1280 2612 1512 2661 impudicus
1553 2609 1733 2651 Martial.
1771 2611 1817 2658 6,
1864 2611 1938 2659 70,
1986 2611 2043 2662 5.)

1167 2674 1349 2713 medicus
1380 2673 1435 2723 (in
1466 2683 1553 2723 quo
1591 2671 1772 2711 anulum
1808 2671 2041 2724 ferebant),

1168 2735 1404 2773 minimus.»
1454 2736 1608 2773 Pomm.
1645 2755 1689 2761 —
1729 2733 1827 2785 Nos]
1868 2732 2045 2774 «talium

1170 2795 1430 2836 deliciarum
1459 2795 1619 2843 rudes,
1653 2797 1831 2846 praeter
1852 2795 2047 2835 Nasidie-

1170 2868 1274 2898 num
1307 2868 1472 2897 coenae
1504 2857 1758 2906 dominum,
1804 2859 2046 2898 Nomenta-

1171 2930 1298 2968 num,
1340 2920 1384 2958 et
1420 2920 1454 2959 si
1493 2920 1567 2969 qui
1607 2921 1841 2970 praeterea
1871 2921 1913 2960 in
1943 2931 2045 2970 my-

1171 2982 1303 3022 steria
1334 2992 1516 3022 mensae
1539 2980 1874 3021 Nasidienianae
1896 2982 2046 3021 initiati

1173 3044 1340 3082 erant.»
1390 3043 1469 3082 Vv.
1494 3047 1631 3082 cetera
1660 3042 1783 3082 turba
1803 3053 1909 3083 sane
1930 3044 2047 3084 Mae-
2069 3048 2082 3060 ’

1173 3107 1375 3144 cenatcm
1398 3103 1649 3144 excludunt.
1674 3127 1718 3133 —
1737 3105 1930 3155 celantia]
1952 3105 2045 3145 Hoc

1173 3167 1318 3218 ipsum
1358 3167 1508 3217 utique
1548 3165 1727 3206 volebat
1756 3167 2044 3216 Nasidienus,

1174 3231 1222 3268 ut
1250 3239 1388 3268 novos
1419 3231 1551 3279 atque
1581 3227 1777 3269 insolitos
1807 3227 1930 3269 cibos
1965 3228 2048 3268 de-

1175 3291 1441 3330 mirarentur
1470 3291 1703 3330 Maecenas
1735 3290 1918 3341 eiusque
1940 3291 2049 3330 ami-

1176 3353 1235 3399 ci3
1282 3362 1439 3391 verum
1469 3351 1684 3392 malitiose
1716 3350 1846 3392 simul
1882 3351 2048 3403 signifi-

1176 3416 1245 3454 cat
1289 3413 1563 3462 Fundanius,
1610 3415 1699 3452 tam
1748 3414 1857 3453 mire
1899 3413 2047 3454 omnia

1174 3473 1400 3526 pulmenta
1418 3477 1541 3515 cocta
1558 3476 1688 3526 atque
1706 3474 1879 3514 condita
1895 3473 2044 3523 fuisse,
