2231 3787
207 288 308 338 200

846 286 1057 326 lloRATll
1094 285 1393 326 SATIRARUM

285 425 631 488 Augustoque
673 433 837 485 vagos
879 417 1056 485 pisces
1099 431 1293 483 urgere
1335 414 1524 466 catino.

278 521 463 587 Magna
505 527 681 570 movet
724 515 999 569 stomacho
1040 514 1274 568 fastidia.
1330 531 1427 566 seu
1465 530 1601 583 puer
1639 514 1812 567 unctis

278 620 535 673 Tractavit
576 618 794 671 calicem
838 616 1108 669 inanibus‘.

278 721 398 773 Sive
438 720 614 789 gravis
654 719 817 771 veteri
860 725 1099 770 craterae
1139 714 1296 768 limus
1335 714 1592 769 adhaesit.

1151 615 1278 667 (lum
1319 615 1454 667 furta
1493 614 1693 685 ligurit3

277 820 475 873 Vilibus
517 821 565 871 in
605 819 807 888 scopis,
853 820 902 869 in
942 817 1175 887 mappis,
1220 818 1270 868 in
1308 816 1473 870 scobe
1513 825 1745 888 quantus

279 921 529 975 Consistit.
568 919 850 989 sumptus?
890 917 1181 988 Negleetis,
1225 917 1480 990 flagitium
1520 919 1720 988 ingens.

279 1025 384 1075 Ten
423 1020 632 1091 lapides
672 1020 848 1073 varios
887 1019 1142 1072 lutulenta
1181 1018 1374 1073 radere
1414 1019 1588 1090 palma

276 1124 335 1176 Et
375 1123 561 1196 Tyrias
601 1120 730 1175 dare
770 1121 971 1175 circum
1013 1119 1176 1173 inluta
1216 1120 1401 1174 toralia
1437 1131 1638 1183 vesteS‚

313 1304 377 1343 78.
414 1306 573 1342 mot-ent
603 1313 654 1353 p,
688 1300 888 1352 plerique
921 1301 1138 1350 Pottierii,
1173 1301 1273 1340 LCt.
1327 1301 1390 1350 (L't
1420 1311 1522 1349 nos,
1556 1302 1714 1349 nostri,
1748 1298 1967 1354 λμξφψω

260 1368 541 1415 etquattuor
572 1364 796 1412 Pottierii.)
847 1386 891 1391 ——
938 1363 1004 1402 79.
1050 1364 1168 1414 furta
1213 1362 1302 1414 bSp
1347 1372 1450 1402 cum
1493 1363 1689 1403 Pottierii
1719 1362 1965 1416 plerisque,

261 1430 341 1468 Ltlt
375 1430 415 1467 et
449 1426 692 1472 Bentleius;
741 1427 846 1466 item
879 1437 924 1475 e,
957 1426 1038 1465 sed
1068 1434 1294 1477 superser.
1326 1435 1422 1472 rus,
1463 1435 1514 1464 ac
1544 1435 1731 1476 prorsus
1763 1426 1826 1466 sie
1857 1426 1963 1466 Cod.

261 1492 466 1540 Franeq.:
514 1489 651 1538 frusta
682 1489 890 1538 quattuor
921 1489 1136 1536 Pottierii,
1170 1487 1256 1526 ΡΜ.
1295 1509 1337 1514 -
1371 1486 1438 1527 80.
1471 1491 1680 1527 creterrae
1710 1489 1740 1528 C
1774 1499 1827 1528 ex
1859 1489 1965 1529 Cod.

258 1552 407 1592 Bland.
459 1575 500 1578 —
549 1551 615 1590 8⁴.
662 1549 845 1601 mappis]
889 1551 1049 1597 mattis,
1084 1566 1102 1584 υ
1118 1548 1276 1590 storeis
1306 1547 1551 1599 scirpeis,»
1583 1550 1685 1589 Tan.
1725 1549 1877 1590 Faber.
1922 1572 1966 1579 -

258 1613 323 1654 84.
359 1613 489 1652 inlata
523 1612 604 1656 bs.
640 1613 744 1652 item
781 1623 804 1651 c
839 1622 1065 1664 superscr.
1103 1623 1147 1659 o,
1179 1611 1310 1650 inlota
1337 1609 1582 1658 Bentle1us,
1615 1611 1733 1651 illota
1767 1612 1966 1653 LCtFMJ.

205 1769 271 1808 3¹.
307 1789 352 1796 —
386 1769 526 1818 cassos]
562 1768 629 1806 uin
662 1768 805 1807 catino
827 1777 1006 1818 quoque
1035 1769 1082 1806 ut

206 1833 246 1870 in
279 1831 387 1870 mari
419 1829 557 1869 libere
581 1832 733 1869 natare
757 1831 880 1880 quasi
904 1830 1083 1881 cupien-

208 1898 316 1933 tes.»
353 1916 397 1920 —
431 1891 577 1942 movet]
608 1891 810 1932 absolute
842 1894 885 1931 et
915 1893 1082 1943 imper-

207 1954 428 1995 sonaliter.
461 1954 681 2005 Mac-mig]
712 1958 899 2003 empo'rt
929 1965 977 1993 es
997 1955 1081 1992 den

206 2019 403 2069 Maqen.
436 2017 563 2056 Voss.
592 2037 635 2044 —
662 2016 806 2067 unctis]
841 2026 976 2066 «quas
997 2026 1082 2055 un-

206 2082 284 2130 git.
319 2080 424 2119 duni
456 2079 603 2118 furtim
635 2079 700 2118 ius
731 2078 906 2129 aliquod
933 2078 1079 2128 deglu-

208 2143 305 2180 titm
347 2141 634 2191 schmieriq.
685 2141 853 2179 Arrian.
892 2141 1077 2191 Epictet.

206 2204 254 2245 Ξ.
288 2203 333 2249 4,
367 2203 411 2241 8:
458 2198 542 2242 ἐὰν
571 2196 638 2254 μὴ
670 2199 785 2259 δύνῃ
816 2199 901 2242 τοῦ
931 2202 1081 2259 κρέως

204 2261 514 2311 ἀποσπάσαι,
548 2264 733 2304 >tamve
762 2260 876 2314 τοὺς
904 2261 1079 2304 δακτύ-

206 2328 317 2377 λους
338 2328 414 2366 καὶ
440 2325 685 2383 περίλειχε.
720 2327 800 2374 Qui
821 2338 907 2366 non
929 2325 1081 2366 intelli-

207 2391 382 2442 gebant,
408 2402 486 2441 pro
501 2390 617 2440 furta
635 2390 908 2440 scripserunt
924 2389 1076 2439 frusta,

1146 1767 1190 1814 4,
1224 1768 1270 1815 5,
1307 1767 1374 1806 57.
1428 1765 1514 1806 Cfr.
1546 1766 1715 1807 Becker
1759 1767 1904 1808 Gallus
1947 1769 2018 1808 111.

1143 1838 1185 1879 p.
1210 1827 1289 1867 2¹3
1321 1838 1388 1879 sq.
1448 1828 1576 1879 Apud
1607 1829 1835 1869 Horatium
1865 1841 1889 1869 a
1911 1839 2020 1870 con-

1142 1890 1339 1929 vivatore
1370 1889 1643 1941 praebentur
1674 1891 1800 1941 (conf.
1833 1892 1942 1943 Epp.
1967 1893 2015 1940 t,

1143 1953 1190 1999 5,
1223 1953 1323 2002 ⁶22.);
1357 1952 1476 2003 apud
1497 1951 1740 1993 Martialem
1762 1955 1812 1993 ⁴2
1829 1985 1838 2003 ,
1860 1954 1927 1994 29.
1951 1964 2021 1994 se-

1143 2024 1246 2053 eum
1278 2013 1467 2053 afferunt
1497 2016 1729 2064 convivae,
1763 2027 1804 2055 v.
1832 2016 1908 2055 24:
1958 2016 2020 2056 Ad

1142 2086 1313 2114 coenam
1333 2076 1605 2127 Hermogenes
1632 2087 1833 2126 mappam
1851 2089 1934 2117 non
1953 2082 2023 2117 at-

1143 2138 1235 2176 tulit
1263 2149 1470 2187 unquam,
1521 2139 1554 2177 A
1592 2149 1721 2178 coena
1749 2149 1908 2188 semper
1934 2143 2022 2179 ret—

1142 2199 1234 2238 tulit
1262 2200 1549 2251 Hermogenes.
1584 2223 1628 2229 —
1655 2203 1918 2241 «Praeterea
1937 2212 2023 2241 sco-

1136 2262 1204 2310 pis
1242 2264 1285 2300 et
1323 2261 1438 2302 scobe
1475 2265 1768 2313 purgamenta
1801 2273 1966 2303 coenae
1996 2275 2021 2303 a

1140 2324 1394 2374 pavimento
1424 2324 1673 2365 everrenda
1704 2327 1850 2365 sunt.»
1908 2324 2016 2366 Plin.

1142 2386 1192 2425 H.
1226 2386 1276 2424 N.
1310 2385 1384 2434 36,
1417 2386 1491 2435 25,
1525 2387 1603 2426 60:
1636 2387 2018 2439 Sosus-Pergami

206 2451 1082 2503 sedfrustumligurit-eproliquidumqua-
1140 2448 1291 2487 stravit
1339 2459 1459 2498 quem
1507 2453 1659 2488 vocant
1707 2443 2020 2506 ἀσείρωτον

204 2516 401 2563 tec-unque
442 2514 733 2553 vehementer
775 2511 927 2552 dubito
973 2523 1079 2552 num

206 2577 353 2616 Latine
375 2576 559 2615 dicatur.
586 2597 633 2603 —
656 2574 811 2626 gravis]
841 2584 1080 2615 «nauseam

206 2638 413 2678 faciens.»
443 2660 485 2665 -
508 2638 635 2677 veteri
655 2636 859 2688 craterae]
887 2636 1079 2675 «diutino

204 2710 288 2739 usu
332 2699 528 2745 attritae,
580 2699 741 2748 cuique
785 2696 853 2737 vel
897 2699 1080 2748 propter

206 2760 319 2800 hanc
355 2761 495 2811 ipsam
526 2761 794 2799 vetustatem
824 2757 990 2798 facilius
1026 2756 1080 2797 li-

207 2833 306 2862 mus
355 2822 616 2861 adhaeret.»
706 2820 1078 2871 Significationem

207 2883 374 2922 formae
388 2881 613 2922 obsoletae
628 2882 937 2932 (aaltmodischn
951 2881 1081 2921 Hein-

207 2945 331 2992 dorf„
367 2945 511 2983 inesse
544 2955 631 2983 non
661 2946 767 2995 puto
799 2953 944 2993 neque
976 2953 1079 2982 cum

207 3006 299 3046 aliis
330 3005 640 3056 explicaverim
665 3006 954 3057 «pretiosae»
1000 3005 1080 3044 Ce-

206 3072 351 3108 terum
381 3071 666 3106 creterrarum
697 3067 829 3106 etiam
861 3066 968 3106 Cod.
993 3067 1081 3106 Me-

207 3129 292 3169 dic.
319 3130 406 3168 Cie.
432 3128 486 3167 ad
512 3129 627 3167 Fam.
654 3129 701 3175 7,
737 3129 781 3174 ⁴,
813 3129 853 3167 ἓ.
887 3127 974 3167 Cfr.
997 3129 1082 3166 No-

206 3192 304 3231 nius
349 3201 389 3241 p.
427 3189 520 3230 547.
568 3190 652 3228 M.:
689 3189 901 3237 Creterra,
952 3199 1080 3237 quam

208 3264 315 3292 nune
344 3252 511 3291 situlam
540 3255 702 3290 cocant.
729 3274 773 3279 —
797 3249 996 3301 adhaesit]
1029 3261 1075 3290 aa

206 3314 345 3355 verbo
385 3314 675 3353 adhaerescere
704 3314 730 3351 i.
761 3323 802 3363 q.
837 3313 1076 3352 adhaeret.»

210 3377 356 3415 Hem).

261 3437 328 3476 81.
361 3437 426 3476 82.
469 3435 646 3487 mappis]
679 3435 922 3486 Quehlen,
956 3437 1078 3475 Ser-

207 3499 416 3544 vietten,
462 3509 556 3538 voc.
601 3497 827 3538 Punicum.
901 3497 1073 3545 Quintil.

1143 2506 1335 2558 οἷκον,
1381 2511 1580 2560 quoniam
1611 2515 1898 2563 purgamenta
1925 2521 2021 2550 coe-

1140 2583 1219 2612 nae
1250 2573 1292 2611 in
1314 2574 1553 2622 pavimento
1583 2584 1771 2624 quaeque
1798 2573 1933 2614 everri
1953 2583 2020 2613 so·

1140 2634 1222 2673 lent
1263 2634 1388 2674 veluti
1432 2635 1578 2674 relicta
1617 2636 1774 2686 fecerat
1809 2635 1958 2685 parvis
1997 2645 2019 2673 e

1144 2696 1298 2735 testulis
1334 2696 1551 2746 tinctisque
1587 2697 1631 2735 in
1670 2698 1812 2736 varios
1848 2697 2017 2736 colores.

1143 2758 1310 2796 Seneca
1343 2757 1550 2797 Controv.
1584 2758 1657 2798 25:
1708 2759 1820 2798 Inter
1852 2769 2020 2809 purya-

1140 2823 1280 2858 menta
1309 2823 1346 2858 et
1374 2819 1508 2858 iactus
1535 2821 1799 2860 coenantium
1827 2824 1865 2860 et
1891 2831 2020 2870 spar-

1140 2892 1230 2920 sam
1249 2881 1293 2920 in
1311 2882 1499 2920 convicio
1519 2882 1677 2922 scobem
1695 2883 1900 2922 humanus
1917 2893 2019 2922 san-

1140 2944 1234 2995 quis
1253 2945 1473 2983 everritur.
1517 2945 1608 2983 IuV.
1634 2944 1707 2994 44,
1741 2943 1816 2985 66:
1847 2946 1910 2985 Ne
1923 2955 2020 2995 per·

1139 3005 1236 3055 fusa
1265 3005 1349 3044 luto
1379 3006 1430 3045 sit
1453 3006 1664 3055 porticus,·
1699 3010 1737 3046 et
1765 3010 1904 3046 tamen
1934 3017 2018 3046 uno

1142 3067 1333 3107 Semodio
1362 3068 1491 3107 scobis
1518 3069 1618 3108 haec
1656 3069 1846 3108 emendat
1873 3079 2018 3108 servu-

1141 3129 1205 3167 lus
1232 3140 1352 3169 unus.
1414 3128 1608 3170 Ridicula
1639 3131 1708 3170 est
1736 3129 2019 3170 Trimalchio-

1142 3191 1210 3230 nis
1240 3190 1389 3231 scohis
1419 3203 1540 3231 croco
1568 3195 1606 3231 et
1632 3192 1762 3232 minio
1789 3192 1920 3231 tincta
1939 3193 2019 3232 Pe-

1142 3254 1255 3292 tron.
1280 3253 1346 3294 68.
1385 3253 1509 3294 Cous.
1534 3254 1668 3294 etiam
1687 3254 1910 3305 Lamprid.
1934 3255 2018 3295 He—

1141 3313 1299 3365 liogab.
1324 3325 1363 3354 e.
1393 3314 1438 3354 34
1462 3327 1471 3353 ;
1521 3315 1648 3355 Scobe
1676 3315 1774 3354 auri
1806 3316 2017 3365 porticum

1139 3377 1287 3415 stravit
1325 3379 1362 3415 el
1399 3377 1585 3427 arqenti,
1629 3376 1768 3416 dolens
1796 3377 1906 3426 quod
1932 3388 2017 3417 non

1134 3443 1270 3488 posset
1285 3442 1323 3479 et
1337 3438 1490 3478 electri.
1511 3461 1555 3467 —
1574 3438 1769 3490 quantus]
1802 3441 2015 3490 «quantu-

1140 3497 1228 3547 lus,
1262 3498 1539 3550 quantillus.»
1560 3521 1606 3528 —
1623 3500 1832 3551 slayitium
1850 3500 2008 3552 inqens]
