2231 3787
194 212 296 265 216
831 214 1046 254 ΙἸΟΒΑΤΙΙ
1077 214 1378 257 ΞΑΤΙΒΑΒΗΜ

265 344 358 397 Cui
402 343 558 398 Canis
599 361 663 398 ex
701 361 831 397 vero
871 344 1069 398 dictum
1109 361 1407 416 cognomen
1448 343 1727 402 adhaeret,

267 446 654 516 Quinquennes
695 445 843 499 oleas
883 456 963 499 est
1001 454 1054 500 et
1091 446 1356 499 silvestria
1395 462 1582 506 corna,

261 549 335 600 Ac
374 547 471 600 nisi
519 556 775 600 mutatum
814 547 983 618 parcit
1021 547 1317 600 defundere
1355 547 1537 600 vinum
1576 556 1650 607 et,

265 648 430 702 Cuius
470 648 693 702 odorem
733 647 835 701 olci
878 665 1116 718 nequeas
1156 648 1420 718 perferre,
1472 648 1653 702 licebit

261 748 351 802 Ille
393 750 622 820 repotia,
673 749 876 802 natales
917 748 1117 803 aliosve
1158 749 1369 803 dierum
1940 752 2007 803 60

259 853 446 904 Festos
487 850 694 904 albatus
735 849 996 912 celebret,
1040 867 1206 904 cornu
1248 851 1364 922 ipse
1404 850 1578 905 bilibri

295 1001 361 1040 56.
396 1002 549 1040 (lictum
578 1001 714 1040 nostri
738 1003 780 1040 et
798 1000 1041 1041 Bentleiani
1061 1012 1240 1051 omnes,
1265 1001 1340 1041 LtJ
1356 1013 1363 1040 :
1388 1003 1556 1042 ductum
1577 1013 1600 1042 e
1622 1002 1728 1042 Cod.
1752 1000 1950 1043 Blandin.

242 1065 468 1114 antiquiss.
505 1065 559 1112 C,
606 1063 829 1104 Bentleius
864 1063 974 1115 (coll.
1019 1065 1142 1105 Ovid.
1178 1065 1289 1104 Fast.
1331 1065 1367 1113 4,
1402 1064 1529 1115 467),
1564 1065 1650 1104 FM.
1688 1089 1731 1093 —
1769 1066 1955 1105 adhaesit

238 1137 352 1166 unus
384 1125 634 1176 Pulmanni‚
676 1126 765 1167 duo
807 1128 934 1167 Feae.
972 1151 1016 1156 —-
1050 1129 1117 1168 57.
1153 1128 1436 1178 Quinquennis
1465 1139 1502 1167 c.
1541 1151 1585 1156 —
1624 1127 1690 1168 58.
1725 1128 1954 1179 diffundere

237 1188 398 1240 bSp,C.
422 1212 466 1217 —
487 1190 552 1228 59.
576 1190 710 1230 oleum
728 1191 819 1231 tres
839 1191 1054 1230 Torrentii
1076 1190 1263 1231 Codices
1287 1202 1389 1230 cum
1409 1189 1592 1230 Bentleii
1616 1189 1870 1231 Colbertino
1887 1192 1947 1242 (ι).

179 1321 337 1361 talibus
375 1321 615 1361 haeserunt
650 1322 820 1368 Critici;
870 1323 926 1361 ita
958 1333 1061 1361 cum
1127 1323 1245 1362 niam
1291 1334 1520 1374 nunquam
1565 1322 1682 1363 aliud
1724 1324 1877 1364 vinum
1923 1325 2007 1364 nisi

179 1384 410 1434 Euripides
428 1383 585 1423 Troad.
601 1384 695 1423 227.
716 1395 935 1435 perquam
957 1388 1061 1435 poe·-

179 1446 263 1484 tice
282 1446 483 1485 dixisset.
502 1441 548 1485 Ο
566 1441 749 1497 ξανθὰν
765 1447 938 1493 χαῖται
952 1459 1012 1485 :cz
1017 1459 1062 1501 ο-

180 1508 292 1547 σαίι
296 1520 360 1545 ων
381 1505 588 1564 Ᾰοᾶθις,
622 1508 665 1547 id
688 1510 776 1557 est,
802 1505 858 1548 oi
864 1520 927 1547 τω
951 1521 1011 1549 :tz
1016 1523 1063 1566 0-

179 1564 498 1610 σαίιωνῶστε
520 1567 738 1621 ςἀνθὰν
724 1583 774 1624 γε
755 1585 822 1611 ωτι
812 1571 964 1620 σ,θαι
986 1583 1063 1623 pe-

179 1632 316 1672 destri
347 1633 480 1673 modo
510 1633 747 1673 xoluerunt
767 1635 1056 1692 ποοσαὶνων.

177 1695 347 1734 Eodem
369 1696 412 1734 h.
432 1694 457 1734 l.
475 1696 702 1735 schemate
720 1708 825 1737 usus
843 1699 911 1737 est
926 1699 1059 1748 atque

179 1757 307 1796 Hom.
328 1757 374 1797 Il.
394 1755 441 1807 ,3,
463 1757 540 1797 416
558 1770 564 1796 z
583 1753 834 1815 Ἑκτόρεον
855 1758 904 1799 δὲ
925 1756 1061 1806 χιτῶ-

179 1831 240 1857 να
275 1819 379 1875 περὶ
421 1816 652 1871 στήθεσσι
689 1818 847 1872 δαΐξαι
879 1819 1058 1875 Χαλκῷ

177 1876 457 1938 ῥωγαὶ.εόν,)
479 1904 524 1910 -
548 1883 783 1935 Avidienus]
807 1896 965 1925 avarus
987 1884 1061 1923 ali-

178 1945 276 1995 quis
320 1945 515 1995 ignotus;
564 1957 726 1986 nomen
772 1947 926 1987 fictum
971 1959 1055 1987 non

178 2009 273 2056 est,
325 2009 373 2046 ut
415 2007 565 2047 volunt
608 2008 835 2058 nonnulli,
887 2009 1056 2050 ridiculi

178 2079 312 2108 causa
357 2069 539 2110 ductum
585 2082 608 2109 a
643 2083 685 2110 v,
719 2073 889 2121 avidus,
937 2072 1057 2124 quod

175 2131 345 2181 primae
373 2131 569 2181 syllabae
592 2135 815 2184 quantitas
838 2146 925 2174 non
948 2146 1058 2175 con-

177 2192 307 2233 cedit.
341 2215 384 2221 —
412 2195 557 2244 Canis]
598 2199 780 2247 propter
812 2197 1056 2236 immundi-

174 2255 281 2295 tiam
312 2267 363 2295 ac
394 2257 565 2296 sordes.
595 2279 638 2285 ——
662 2270 715 2297 ea:
742 2259 854 2311 vero]
889 2271 941 2299 ex
962 2261 1056 2311 ipsa

176 2319 270 2358 eius
300 2319 409 2367 vita,
443 2319 581 2370 qualis
612 2332 660 2360 re
690 2332 796 2360 vera
828 2324 936 2361 erat.
968 2321 1052 2361 Sal.

175 2380 265 2430 Ing.
287 2381 356 2421 78:
391 2382 537 2430 quibus
554 2395 702 2423 nomen
724 2394 777 2423 eac
796 2396 843 2423 re
862 2385 1052 2424 inditum.

173 2441 314 2482 Plaut.
347 2444 479 2483 Stich.
516 2446 562 2494 4,
597 2445 643 2495 3,
676 2446 752 2485 88:
798 2447 919 2486 Nunc
947 2447 1057 2486 Mic-

173 2509 366 2556 cotroyus
383 2507 547 2546 *nomine
567 2519 620 2547 ex
639 2519 736 2547 vero
755 2520 896 2548 vocor.
930 2509 1052 2549 Ovid.

174 2567 288 2606 Fast.
315 2568 360 2615 Ξ,
394 2568 502 2608 859ε
537 2570 605 2608 Ex
624 2581 721 2610 vero
747 2572 929 2621 positum
953 2583 1056 2621 per-

173 2630 328 2668 mansit
367 2631 549 2680 Equiria
592 2644 753 2671 nomen.
826 2633 889 2672 Cf.
928 2633 1054 2673 Hand

175 2691 299 2730 Turs.
332 2692 380 2730 II.
410 2703 452 2743 p.
479 2693 572 2732 655.
610 2717 653 2722 —
689 2695 856 2746 dictum]
889 2696 937 2734 ut
966 2708 1054 2734 κα-

174 2749 294 2800 λεῖν,
328 2751 665 2805 ἐπονομάζειν,
707 2754 859 2809 λέγειν
896 2751 1055 2809 ὄνομά

171 2826 277 2854 τινι.
337 2815 426 2854 Liv.
453 2817 497 2864 4,
533 2817 578 2855 4;
632 2818 768 2868 Stirps
797 2819 950 2868 virilis,
988 2821 1055 2859 cui

173 2877 393 2916 Ascanium
410 2882 606 2926 parentes
626 2880 770 2919 elucere
789 2891 950 2920 nomen.
981 2882 1056 2922 Se-

176 2940 305 2978 cutus
335 2950 434 2979 sum
459 2939 595 2979 Codd.
623 2951 770 2989 meos,
819 2944 952 2994 atque
975 2945 1055 2982 du-

173 3005 285 3039 ctum
331 3003 477 3052 potius
527 3003 727 3053 speciem
777 3003 1053 3054 glossematis

1124 1384 1386 1426 vilissimum
1416 1384 1572 1425 bibit.»
1610 1409 1654 1413 —
1689 1386 1922 1438 defundere]
1953 1397 2006 1426 ex

1126 1447 1237 1486 cado
1267 1448 1310 1486 in
1341 1449 1561 1487 crateram
1592 1450 1724 1499 atque
1757 1460 1810 1488 ex
1847 1449 1930 1488 hac
1961 1450 2002 1488 in

1123 1507 1297 1560 pocula.
1358 1511 1422 1549 De
1465 1509 1750 1550 libationibus
1790 1511 1833 1550 h.
1866 1510 1911 1560 1.,
1958 1513 2007 1551 ut

1125 1572 1192 1611 est
1222 1571 1300 1610 Od.
1334 1571 1381 1622 4,
1414 1573 1460 1621 5,
1495 1572 1580 1621 33.,
1618 1571 1755 1612 nolim
1785 1573 2001 1624 cogitare:

1124 1635 1352 1684 diffundere
1394 1635 1466 1674 hic
1509 1634 1659 1675 locum
1702 1647 1790 1675 non
1839 1635 2000 1686 habet,

1123 1699 1183 1737 uti
1216 1699 1367 1737 contra
1398 1700 1573 1737 rectum
1605 1700 1671 1738 est
1701 1698 1820 1750 apud
1848 1700 1999 1739 Iuven.

1123 1761 1173 1807 5,
1213 1759 1287 1799 30:
1333 1761 1422 1810 Ipse
1450 1761 1648 1810 capillato
1679 1761 1875 1811 diffusum
1903 1773 2005 1800 con-

1121 1823 1206 1862 sule
1230 1827 1371 1872 potat,
1420 1824 1569 1863 vinum
1601 1835 1654 1863 ex
1684 1822 1782 1862 lacu
1812 1823 1855 1863 in
1886 1822 2000 1863 dolia

1121 1883 1191 1924 vel
1223 1896 1276 1924 ex
1296 1885 1363 1925 his
1386 1886 1428 1924 in
1452 1886 1690 1937 amphoras
1713 1885 1998 1926 transfusum.

1122 1946 1422 1998 (abziehen.)
1457 1969 1500 1975 —
1545 1948 1670 1987 Cuius
1705 1949 1873 1987 odorem
1908 1947 2000 1997 olei]

1123 2007 1318 2058 «oleum,
1359 2009 1484 2049 cuius
1521 2009 1707 2049 odorem
1738 2012 1875 2058 cet.»;
1924 2021 2002 2050 ea—

1122 2071 1225 2110 dem
1275 2071 1559 2121 attractione,
1612 2083 1699 2123 qua
1742 2072 1998 2113 Terentius:

1118 2134 1272 2182 Populo
1301 2137 1347 2172 ut
1369 2133 1585 2183 placerent
1615 2144 1719 2183 quas
1745 2134 1903 2185 fecisset
1926 2135 1999 2185 fa-

1120 2197 1251 2235 bulas.
1301 2194 1526 2246 Virgilius:
1579 2196 1725 2235 Urbem
1752 2208 1884 2246 quam
1909 2201 2000 2237 sta-

1120 2262 1189 2297 tuo
1204 2261 1345 2297 vestra
1362 2262 1431 2297 est.
1476 2256 1746 2308 Conf.Epod.
1776 2259 1823 2308 2,
1858 2259 1926 2299 37.
1950 2281 1995 2288 —-

1119 2322 1252 2360 licebit
1269 2342 1292 2348 -
1311 2343 1334 2349 -
1355 2319 1539 2373 celebret]
1573 2320 1695 2359 Ovid.
1722 2321 1897 2361 Metam.
1923 2321 1997 2370 44,

1120 2383 1219 2423 355:
1259 2384 1354 2422 Non
1383 2386 1521 2421 tamen
1550 2383 1737 2434 effugies,
1768 2387 1888 2422 vento
1922 2395 2001 2424 ra-

1113 2447 1238 2496 piare
1258 2445 1412 2493 licebit,
1436 2445 1482 2484 Si
1502 2445 1622 2484 modo
1642 2455 1706 2483 me
1725 2445 1836 2484 novi.
1869 2446 1996 2486 Trist.

1119 2510 1167 2557 5,
1202 2507 1276 2557 44,
1310 2508 1356 2547 ⁶2:
1402 2507 1608 2547 Detrahat
1634 2508 1797 2546 auctori
1825 2508 2001 2548 multum

1117 2573 1306 2611 Fortuna
1349 2570 1503 2619 licebit,
1552 2570 1609 2608 Tu
1653 2573 1791 2609 tamen
1835 2571 2000 2622 ingenio

1118 2634 1238 2672 clara
1261 2633 1395 2683 ferere
1422 2643 1526 2671 meo.
1581 2631 1704 2671 Conf.
1744 2632 1881 2683 Epod.
1923 2633 1996 2683 45,

1120 2695 1184 2734 49.
1223 2718 1266 2723 —-
1304 2693 1488 2744 repotia]
1530 2693 1778 2734 «Postridie
1823 2696 2000 2746 nuptias

1118 2756 1236 2808 apud
1280 2767 1443 2795 novum
1494 2757 1702 2797 maritum
1752 2759 1995 2807 coenatur,

1118 2819 1217 2868 quia
1237 2818 1364 2869 quasi
1384 2817 1581 2858 reficitur
1600 2819 1808 2870 potatio.»
1842 2820 1996 2859 Fsssws

1117 2881 1161 2919 et
1189 2882 1343 2919 Poura.
1399 2881 1561 2920 Contra
1592 2882 1763 2920 Aenon:
1800 2882 1996 2932 «Repotia

1117 2942 1323 2982 dicuntur
1353 2943 1569 2994 septimus
1599 2942 1719 2992 dies,
1767 2954 1855 2994 quo
1885 2943 1998 2984 solet

1117 3016 1229 3045 nova
1247 3006 1382 3056 nupta
1394 3005 1539 3044 redire
1554 3005 1610 3045 ad
1625 3007 1834 3057 parentes
1845 3016 1994 3046 suos.»

174 3062 309 3102 habet
345 3075 478 3114 quam
515 3063 631 3104 illud.
683 3066 803 3106 Cons
833 3078 924 3105 var.
951 3066 1050 3108 lect.
1084 3079 1086 3120 ς
1117 3067 1442 3119 (Vachlrinkem
1475 3067 1994 3119 Nachfeier.)—albatuvs]

172 3125 280 3176 Ερρ
308 3126 350 3168 4
422 3125 514 3174 93

1083 3127 1163 3172 lut
1202 3128 1405 3168 solebant
1444 3128 1603 3169 diebus
1643 3129 1765 3170 festis
1809 3129 1994 3170 induere

227 3187 318 3225 57-
335 3187 400 3226 62.
463 3188 751 3238 Quinquennes
808 3190 919 3229 oleas
971 3193 1086 3250 est]
1084 3182 1086 3211 '
1115 3192 1264 3240 togam
1294 3201 1452 3231 recens
1473 3192 1700 3231 cretatam.
1736 3191 1825 3230 Cic.
1848 3191 1990 3230 Vatin.

175 3247 326 3288 «Oleas
364 3249 567 3289 rancidas
600 3252 640 3289 et
687 3251 887 3301 putridas
919 3252 1050 3291 edit.»
1083 3254 1086 3302 1
1118 3252 1190 3301 43,
1225 3252 1298 3292 34;
1349 3264 1444 3292 cum
1472 3253 1557 3303 ipse
1585 3253 1693 3302 epuli
1723 3253 1912 3292 dominus
1943 3254 1990 3304 Q

175 3308 290 3349 Ultra
322 3321 488 3350 annum
525 3313 690 3352 seriari
736 3313 803 3351 xix
850 3317 1047 3365 possunt.

177 3393 222 3399 —
244 3374 474 3423 mutatum]
506 3384 637 3425 xapp
640 3384 718 3422 im
741 3370 907 3415 οἶνον
890 3373 1085 3438 ἐκτρο-

175 3434 301 3473 πίαν.
330 3457 374 3464 -
403 3436 609 3486 parcitJ«
593 3438 800 3488 «propter
826 3439 1084 3489 parcimo-

1083 3285 1263 3354 Ariius
1291 3315 1455 3355 albatus
1486 3319 1598 3355 esset.
1631 3337 1673 3343 —
1706 3326 1878 3354 cor-nu-
1899 3314 1995 3354 bili-

1082 3360 1234 3428 bri]‹
1236 3377 1422 3425 ‹Cornu,
1457 3377 1577 3428 quod
1597 3377 1835 3417 sextarium
1859 3377 1989 3428 capit.

1082 3432 1287 3479 Habent
1346 3440 1464 3479 enim
1524 3437 1734 3494 propolae
1794 3450 1989 3488 cornua,
