2231 3787
907 250 1004 288 LlB.
1038 249 1088 288 ll.

1152 249 1262 288 SAT.
1298 250 1346 286 V.
1943 244 2044 295 :297

294 384 393 433 Aut
433 398 586 451 spem
625 380 866 450 deponas
906 389 995 431 aut
1035 389 1202 432 artem
1242 378 1429 431 illusus
1471 379 1695 431 omittas,

296 484 483 553 Magna
522 476 763 535 minorve
804 482 917 534 soro
957 480 1000 533 si
1041 498 1129 533 res
1168 480 1461 533 certabitur
1500 479 1649 539 olim,

290 584 440 637 Vivet
477 592 596 636 uter
634 582 877 654 locuples
917 583 1031 635 sinc
1071 582 1267 653 gnatis,
1312 581 1615 652 improbus
1657 580 1795 633 ultro

294 685 395 749 Qui
436 683 715 737 meliorem
755 684 931 737 audax
967 692 1125 738 vocet
1164 684 1215 735 in
1255 683 1362 743 ius,
1406 682 1545 735 illius
1585 692 1700 736 esto

295 787 581 849 Det’eusom
624 786 759 839 sama
802 787 974 840 civem
1015 803 1289 856 causaque
1334 785 1570 856 priorem

1978 785 2045 835 30

290 889 524 959 Sperne,
569 888 713 941 (lomi
756 888 797 941 si
840 897 1029 958 gnatus
1070 888 1169 941 erit
1208 886 1504 940 secundave
1546 886 1757 940 coniux.

292 990 512 1054 Quinte,
557 999 707 1060 puta,
751 998 840 1042 aut
871 989 1047 1051 Publi,
1078 1022 1147 1027 —
1170 989 1404 1060 gaudent
1426 989 1775 1059 praenomine
1800 986 1991 1040 molles

288 1091 575 1150 Auriculae
600 1124 671 1130 —
697 1090 789 1144 tibi
831 1108 915 1144 me
956 1091 1123 1144 virtus
1163 1100 1252 1144 tua
1290 1076 1414 1145 fecit
1452 1090 1711 1153 amicum;

331 1276 396 1314 QG.
432 1285 573 1314 arcem
604 1276 694 1314 tres
717 1274 947 1314 Torrentii.
978 1296 1021 1301 —
1048 1272 1202 1324 illusus]
1234 1272 1345 1311 illius
1366 1271 1409 1310 b.
1440 1295 1482 1299 —
1507 1271 1573 1311 28.
1602 1272 1719 1310 Vivat
1747 1282 1788 1323 p.
1819 1295 1861 1299 —
1885 1272 1995 1310 natis

278 1338 303 1377 b
338 1338 439 1387 (non
470 1338 589 1387 ScE).

222 1495 339 1534 terea
374 1494 592 1544 ingratam
624 1493 781 1543 ingerit
816 1493 1097 1544 positionem.
1162 1491 1262 1541 buS,
1294 1491 1428 1540 ultro,
1461 1491 1622 1530 audam.
1653 1491 1837 1542 —putaj
1870 1502 2048 1531 «exem-

221 1556 307 1597 Cfr.
332 1557 475 1607 Reisig
505 1558 596 1596 Lat.
622 1557 717 1606 Spr.
742 1568 784 1607 p.
808 1555 904 1596 ⁶274.
930 1558 971 1595 et
999 1555 1097 1595 ⁶291.

221 1619 369 1670 ibique
409 1620 567 1659 Haase.
616 1642 660 1647 -
695 1617 1100 1669 praeroso-hamo]

222 1685 398 1722 «vorata
431 1694 561 1729 esca,
608 1682 884 1733 consumptis
930 1682 1016 1720 tuis
1059 1682 1103 1719 et

220 1745 404 1798 perditis
435 1744 741 1785 muneribus.»
792 1745 932 1784 Comi.
967 1745 1098 1789 Caro.

220 1807 326 1848 Plin.
351 1810 509 1858 Paneg.
534 1807 585 1848 4-:3
606 1819 613 1845 z
662 1807 890 1847 Caesarum
924 1817 1103 1845 munera

220 1871 342 1911 illitos
383 1872 484 1910 cibi-s
525 1871 692 1918 hamos,
739 1874 901 1919 opertos
938 1870 1103 1918 praeda

221 1935 390 1983 laqueos
434 1933 771 1972 aemulabantur.
832 1931 1015 1971 Martial.
1055 1932 1100 1980 6,

223 1996 298 2044 63,
355 1998 407 2036 5:
477 1998 659 2036 Munera
718 2007 878 2046 maana
939 1995 1103 2043 quidem

220 2059 350 2107 misit,
393 2059 461 2097 scd
498 2059 609 2097 misit
646 2058 690 2096 in
729 2058 866 2096 hamo.
920 2057 1099 2096 Lucian.

221 2121 272 2160 D.
307 2122 360 2159 M.
395 2121 439 2168 6,
473 2119 513 2160 4.
553 2120 814 2170 heredipeta
860 2119 914 2159 de
960 2130 1100 2158 sene:

223 2177 250 2222 ὁ
281 2181 330 2222 ὁὲ
362 2177 598 2221 τοσοῦτόν
635 2194 720 2234 μοι
751 2179 918 2238 δέλεαρ
956 2193 1104 2220 κατα-

223 2241 345 2285 πιών
375 2241 651 2296 ἐφειστήκει
675 2244 962 2297 θαπτοίιιόνῳ
985 2242 1105 2299 πρῴ-

223 2321 281 2360 ην
326 2304 568 2360 ἐπιγελῶν.
624 2330 668 2334 -
717 2306 873 2356 artem]
925 2307 1101 2345 Lucian.

224 2371 329 2410 ibid.
353 2371 402 2410 3:
452 2370 575 2420 (Vos,
609 2369 900 2419 captatores,)
933 2365 1105 2420 καινήν

222 2446 329 2473 τινα
360 2428 538 2483 ταύτην
568 2431 741 2482 τέχνην
767 2427 1106 2482 ἐπινενοήκατε

224 2493 383 2552 γραῶν
414 2495 493 2533 καὶ
525 2490 760 2549 γερόντων
781 2488 1002 2549 ἐρῶντες,
1025 2493 1107 2533 καὶ

223 2557 435 2612 μάλιστα
465 2560 507 2597 εἰ
544 2551 738 2596 ἄτεκνοι
776 2554 882 2595 εἶεν.
936 2558 1105 2596 Seneca

225 2622 280 2662 de
314 2622 462 2661 Benet'.
489 2621 533 2668 6,
567 2620 641 2660 38:
679 2620 929 2659 Arruntium
958 2621 1108 2659 etHa-

226 2685 376 2724 terium
405 2687 443 2722 et
470 2687 648 2730 ceteros,
694 2683 763 2731 qui
801 2683 1109 2731 captandorum

227 2750 562 2786 testamentorum
604 2749 737 2784 artem
774 2745 953 2795 professi
996 2749 1103 2784 sunt.

227 2809 316 2849 Etsi
362 2811 483 2848 recte
534 2807 696 2847 dicitur
738 2818 879 2846 arcem
923 2807 1110 2846 omittere

227 2881 308 2921 pro
331 2869 651 2920 «relinquere»,
687 2871 836 2909 tamen
868 2870 940 2909 hic
968 2881 1107 2921 prope

229 2931 440 2971 ridiculus
472 2934 540 2971 est
571 2943 696 2971 error
728 2933 867 2972 Codd.
893 2932 994 2984 aliq.

284 2993 430 3032 27-37.
472 2994 507 3032 si
536 3005 601 3033 res
630 2995 871 3047 certabitur]
905 2995 993 3035 Cfr.
1019 2996 1105 3034 Sat.

229 3058 276 3104 ’2,
311 3056 356 3101 rt,
390 3054 456 3095 4-9.
499 3056 589 3094 Liv,
614 3056 687 3104 25,
721 3057 766 3096 3:
814 3058 881 3096 cui
915 3056 1107 3108 (multae)

230 3118 452 3158 certandae
499 3128 594 3156 cum
642 3118 726 3158 dies
769 3120 1010 3159 advenisset.
1061 3141 1104 3147 -

231 3180 340 3232 olim]
375 3179 660 3231 «aliquand0‚
708 3183 829 3220 certo
860 3183 1108 3232 tempore.»

237 3267 280 3271 —
310 3243 457 3282 Vivet-
476 3264 494 3270 -
514 3242 739 3293 improbus]
763 3243 965 3282 Refertur
983 3254 1112 3294 prae-

233 3305 385 3345 sertim
424 3304 479 3343 ad
516 3303 655 3344 litium
693 3305 953 3345 iniustarum
989 3305 1112 3345 calu-

233 3367 543 3417 mniarumque
566 3365 775 3406 studium.
828 3365 907 3421 Alii
928 3367 1112 3417 iungunt

233 3440 275 3470 v.
306 3429 516 3479 improbus
558 3439 660 3468 cum
700 3440 740 3467 v.
774 3432 905 3475 vocet,
955 3439 1110 3468 verum

236 3492 297 3532 sic
329 3493 457 3533 nimis
489 3490 822 3533 cumularentur
854 3503 921 3529 vv.
954 3491 1111 3540 impro-

1162 1555 1221 1607 pli
1262 1565 1444 1601 causa»;
1488 1555 1561 1605 qui
1602 1555 1920 1606 Imperastvus,
1969 1555 2045 1594 ubi

1166 1619 1293 1670 quasi
1315 1616 1514 1657 adverbii
1535 1618 1657 1657 vices
1680 1618 1813 1668 gerit,
1848 1616 2048 1657 ultimam

1166 1679 1385 1731 syllabam
1417 1680 1610 1731 corripit.
1679 1680 2048 1730 Antiquissimum

1165 1743 1294 1782 huius
1327 1753 1433 1782 usus
1457 1741 1713 1793 exemplum
1736 1742 1777 1781 in
1798 1753 1927 1793 prosa
1953 1753 2050 1781 ora-

1166 1808 1282 1847 tione
1304 1807 1479 1846 videtur
1502 1817 1600 1846 esse
1623 1806 1749 1845 Rhet.
1775 1806 1831 1845 ad
1853 1807 2046 1845 l‘lerenn.

1166 1872 1189 1909 ⁴2
1210 1901 1219 1918 ‚
1255 1871 1328 1919 Μ,
1365 1870 1440 1909 46:
1488 1870 1534 1909 Si
1575 1869 1818 1920 ambiyuum
1857 1873 1915 1908 est
1944 1870 2050 1907 scri-

1159 1936 1301 1982 ptum,
1350 1936 1417 1980 ut,
1460 1935 1587 1981 puta,
1634 1932 1743 1981 quod
1771 1932 1814 1970 in
1845 1933 1950 1970 duas
1978 1936 2052 1971 aut

1159 1995 1304 2045 plures
1352 1995 1574 2034 sententias
1621 1995 1732 2033 trahi
1775 1995 1926 2044 possit,
1976 1995 2050 2034 hoc

1165 2059 1286 2097 modo
1312 2058 1583 2097 tractandum
1602 2061 1672 2096 est.
1707 2056 1875 2097 Pluries
1898 2058 1961 2097 sic
1982 2068 2052 2096 re-

1165 2121 1335 2172 peritur
1356 2120 1473 2171 apud
1497 2118 1690 2159 Celsum.
1727 2119 1789 2159 Cf.
1816 2118 1986 2159 Colum.
2008 2120 2048 2167 5,

1167 2185 1214 2231 ⁶2,
1248 2182 1293 2223 4:
1328 2184 1401 2224 Sin
1433 2187 1571 2221 autem
1601 2186 1802 2221 cuneatus
1830 2193 1933 2233 asser
1958 2182 2053 2232 fue-

1167 2247 1245 2295 rit,
1288 2250 1354 2295 ut,
1391 2249 1520 2295 puta,
1564 2245 1711 2295 longus
1735 2246 1859 2294 pedes
1889 2249 2052 2284 centum

1170 2309 1272 2355 cet.,
1320 2306 1395 2345 ubi
1440 2305 1570 2358 paulo
1617 2309 1717 2345 ante
1764 2309 1831 2346 est
1874 2307 2052 2356 exempli

1169 2381 1314 2408 causa.
1353 2390 1397 2395 —
1437 2368 1724 2420 praenomine]
1774 2371 2051 2408 praenomen

1170 2431 1252 2471 civi
1296 2430 1436 2470 libero
1476 2431 1705 2481 proprium
1747 2432 1789 2469 et
1830 2431 1944 2469 inter
1974 2442 2052 2470 co-

1169 2496 1324 2544 gnatos
1346 2492 1675 2543 familiaresque
1699 2494 1922 2532 usitatum.
1959 2492 2047 2532 Cfr.

1170 2558 1256 2595 Sat.
1278 2557 1317 2604 2,
1343 2556 1381 2604 6,
1407 2556 1472 2595 37.
1526 2556 1615 2595 Cic.
1636 2555 1691 2593 ad
1715 2556 1832 2594 Fam.
1855 2556 1892 2601 4,
1918 2555 1956 2600 9,
1983 2554 2048 2593 219.

1172 2620 1220 2666 Q.
1248 2619 1404 2658 Cicero
1427 2618 1481 2657 de
1506 2620 1594 2657 Pet.
1621 2618 1752 2657 Cons.
1779 2618 1823 2665 7,
1860 2618 1934 2658 ⁴28:
1971 2616 2051 2665 Qui

1170 2682 1344 2731 incipiat
1372 2681 1574 2720 Antonius
1594 2680 1823 2730 adiungere
1842 2683 1965 2729 atque
1986 2679 2053 2717 in-

1169 2744 1307 2783 vitare
1327 2744 1383 2782 ad
1402 2743 1658 2791 amicitiam,
1693 2753 1794 2792 quos
1816 2753 1896 2792 per
1921 2752 1961 2781 se
1980 2752 2053 2780 suo

1170 2807 1335 2846 nomine
1365 2806 1577 2856 adpellare
1604 2817 1687 2844 ‘non
1714 2804 1880 2855 possit?
1927 2806 2049 2844 Pers.

1171 2871 1216 2917 5,
1252 2869 1323 2908 79:
1358 2870 1531 2909 Marcus
1558 2869 1717 2908 Dama.
1780 2865 1940 2918 (Simile
1971 2868 2054 2907 Ar-

1172 2931 1300 2971 cadio
1332 2930 1563 2971 consilium
1609 2929 1797 2981 praebet
1840 2929 2052 2979 Synesius

1172 2996 1227 3035 de
1258 2996 1406 3046 Regno
1430 2993 1494 3034 44.
1519 3005 1561 3045 p.
1588 2994 1655 3033 22.
1702 2991 1927 3042 Krabing.,
1960 2994 2007 3030 ut
2029 3002 2053 3029 a

1173 3057 1286 3097 duce
1332 3068 1475 3108 usque
1520 3056 1576 3095 ad
1620 3056 1851 3106 signiferos
1897 3065 2053 3094 omnes

1173 3120 1254 3160 sibi
1288 3120 1415 3158 notos
1447 3118 1707 3158 nominatim
1740 3115 1963 3168 appellare
1998 3127 2053 3155 ne

1173 3182 1451 3232 dedignetur.
1523 3179 1646 3220 Conf.
1681 3179 1802 3219 Ovid.
1836 3180 1885 3218 A.
1917 3180 1965 3217 A.
2000 3179 2048 3224 ⁶2,

1173 3244 1276 3284 0253:
1310 3243 1485 3283 Nomine
1515 3253 1715 3292 quemque
1747 3241 1956 3291 (servum)
1979 3250 2052 3277 suo

1173 3305 1309 3357 (nulla
1338 3309 1399 3345 est
1429 3303 1614 3355 iactura)
1635 3302 1808 3353 saluta.)
1834 3326 1877 3330 —
1899 3300 2052 3351 molles]

1175 3379 1317 3419 «quae
1346 3366 1568 3406 blanditiis
1599 3364 1866 3417 permulceri
1904 3365 2054 3402 amant

1174 3433 1238 3478 et,
1272 3430 1307 3469 si
1330 3441 1419 3469 non
1441 3427 1793 3480 permulcentur‚
1817 3424 2053 3465 offendun-

1173 3493 1286 3531 tur.»
1347 3490 1452 3531 Plin.
1479 3493 1636 3540 Paneg.
1664 3489 1737 3528 68:
1777 3488 1912 3528 Scires
1944 3487 2052 3526 mot-
