2231 3787
773 264 869 303 LlB.
906 264 954 303 ll.
1017 263 1177 302 EPIST.
1212 265 1260 302 ll.

179 396 395 467 Singula
437 396 503 449 dc
546 396 699 449 nobis
741 395 859 448 anni
903 394 1228 465 praedantur
1268 402 1485 458 euntes,
1861 395 1925 443 33³5

176 499 435 569 Eripuere
478 498 651 559 iocos,
695 514 974 557 venerem,
1017 496 1283 557 convivia,
1327 495 1538 559 ludum,

175 600 419 653 Tendunt
456 608 778 671 extorquere
818 605 1091 670 poemata3
1132 598 1263 668 quid
1306 598 1491 651 faciam
1532 598 1651 650 vis?

174 702 421 772 Denique
463 719 568 754 non
609 718 797 754 omnes
837 701 1029 754 eadem
1068 701 1327 752 mirantur
1366 707 1677 770 amantque:

175 804 423 858 Carmine
462 811 515 856 tu
557 802 790 874 gaudeS,
832 802 918 856 hic
959 802 1255 856 delectatur
1287 800 1505 861 iambis,

172 905 264 960 Ille
303 906 518 960 Bioneis
557 904 898 960 sermonibus
938 913 990 957 et
1029 905 1140 958 sale
1179 906 1346 976 nigro.
1858 907 1925 957 60

103 1128 264 1167 minden
284 1127 465 1169 Merkel.
494 1151 538 1156 —
564 1129 664 1178 quid
691 1128 851 1179 faciam
870 1128 931 1166 vis
944 1125 978 1176 P]

101 1190 213 1231 «Sed
235 1191 489 1231 cedendum
506 1193 574 1231 est
594 1191 889 1231 necessitati.»
910 1191 978 1230 Sic

99 1252 213 1293 Itali:
263 1255 341 1294 Che
378 1255 475 1294 ναοὶ
514 1254 574 1293 ch’
612 1255 651 1293 io
690 1252 859 1305 faccia?
903 1253 980 1293 Che

96 1316 220 1366 fare?
251 1328 361 1365 non,
394 1318 442 1356 ut
471 1316 562 1356 alii:
613 1314 775 1364 «Quale
816 1316 979 1355 carmi-

99 1390 206 1419 num
236 1391 375 1430 genus
406 1391 479 1420 me
511 1381 702 1420 tractare
731 1380 859 1419 vis‘?»
912 1378 974 1418 Cf.

99 1443 186 1482 Sat.
211 1443 256 1492 ⁶2,
291 1443 336 1491 4,
370 1442 437 1483 ⁶24.

125 1503 128 1505 ’
157 1504 306 1545 59-64.
340 1505 547 1557 Carmine]
583 1516 772 1556 «genere
792 1504 977 1556 lyrico,»

98 1569 146 1607 ut
175 1567 230 1607 ad
261 1566 435 1609 Florum
471 1567 674 1608 scribens
705 1569 814 1619 Epp.
848 1569 894 1615 11,
929 1568 975 1617 3,

97 1629 171 1670 24:
205 1641 277 1669 seu
305 1631 446 1669 condis
475 1631 656 1670 amabile
683 1642 867 1670 carmen.
913 1629 974 1670 Cf.

97 1703 139 1732 v.
173 1692 238 1732 921.
286 1714 330 1721 -
377 1693 546 1745 iambis]
596 1693 684 1733 «ad
728 1692 977 1733 Archilochi

99 1755 328 1807 exemplar
371 1757 650 1808 compositis,
702 1758 750 1795 ut
793 1756 976 1808 Epodi.»

99 1817 161 1857 Cf.
186 1819 297 1870 Epp.
324 1820 339 1859 4
364 1851 372 1868 ,
407 1820 480 1869 119,
505 1820 572 1859 ⁶23.
601 1843 645 1847 -
670 1819 847 1871 Bioneis]
870 1820 977 1859 Bion

96 1881 461 1931 Borysthenites,
532 1881 774 1933 discipulus
833 1883 979 1922 Theo-

96 1943 287 1994 phrasti,
322 1945 551 1997 exemplar
580 1947 779 1995 Luciani,
831 1946 980 1985 ssoruit

16 2027 26 2036 ·
98 2005 214 2044 circa
246 2005 309 2045 ol.
344 2007 436 2047 430.
464 2008 572 2058 (256.
600 2019 638 2047 a.
664 2008 802 2058 Chr.),
837 2008 978 2059 Cyre-

98 2068 275 2114 naicae,
312 2071 413 2119 post
444 2070 636 2119 Cynicae
669 2072 818 2110 sectae
850 2070 979 2110 addi—

99 2132 210 2170 ctus.
243 2130 453 2171 Welcker
474 2133 613 2172 Praef.
635 2133 691 2172 ad
712 2133 907 2183 Theogn.
931 2144 973 2184 p.

99 2193 294 2232 LXXXV.
328 2194 422 2233 Van
445 2194 623 2234 Heusde
646 2194 778 2234 Lucil.
804 2206 847 2247 p.
871 2195 975 2234 298:

100 2255 221 2294 «Fuit
243 2256 372 2303 Bion,
404 2258 453 2295 ut
473 2257 807 2308 wyttenbachii
828 2257 978 2298 verbis

98 2319 210 2366 utar,
236 2317 536 2360 nobilissimus
557 2320 671 2360 inter
690 2320 979 2373 philosophos

98 2381 292 2432 sophista
326 2382 370 2420 et
399 2382 514 2422 inter
533 2383 754 2435 sophistas
781 2383 981 2436 philoso-

99 2443 236 2494 phus,
279 2442 409 2495 plane
449 2445 589 2486 factus
619 2446 677 2485 ad
714 2457 851 2486 vanas
882 2447 979 2498 opi—

98 2506 254 2545 niones
284 2517 535 2558 pravasque
567 2509 831 2560 cupiditates
862 2521 980 2549 mor-

100 2567 198 2608 daci
257 2567 487 2610 dicacitate
548 2571 853 2612 confutandas.
894 2595 917 2601 -
955 2595 978 2602 -

99 2630 306 2671 Welcker
326 2632 386 2670 ait
414 2634 599 2674 mixtum
621 2632 761 2675 soluta
786 2636 830 2674 et
848 2633 978 2686 ligata

101 2694 299 2734 oratione
357 2695 510 2735 Bionei
568 2698 789 2737 sermonis
838 2708 978 2748 genus

100 2754 247 2797 fuisse.
282 2758 374 2798 Hoc
394 2759 438 2798 in
459 2759 647 2800 dubium
663 2772 796 2809 voco3
821 2762 978 2802 satiras

102 2819 218 2860 enim
249 2820 382 2862 fuisse
413 2824 556 2863 metro
584 2825 853 2876 compositas
874 2824 976 2864 inde

102 2881 342 2933 efficimus,
382 2885 504 2936 quod
541 2888 749 2928 carminis
780 2885 904 2938 lyrici
936 2889 978 2927 et

101 2945 278 2985 iambici
298 2946 410 2987 facta
427 2950 594 2989 mentio
612 2949 768 3000 fuerat,
788 2952 978 3002 utroque

102 3009 251 3048 autem
281 3019 445 3059 genere
482 3022 571 3050 non
607 3013 752 3053 minus
788 3013 980 3064 praesti-

101 3072 216 3110 terat
244 3071 448 3112 Horatius
480 3083 616 3123 quam
645 3075 799 3124 tertio,
831 3075 874 3114 id
896 3076 977 3123 est,

102 3133 321 3172 satirico.»
359 3134 465 3184 (Hoc
485 3138 798 3185 argumentum
830 3139 979 3176 tamen

103 3196 346 3247 speciosius
363 3207 498 3248 quam
516 3199 665 3238 verius
688 3201 768 3248 est3
791 3201 982 3251 possunt

105 3259 224 3299 enim
257 3270 329 3299 vv.
355 3260 520 3299 Bioneis
543 3261 797 3301 sermonibus
827 3262 978 3312 utique

106 3320 373 3371 significare:
406 3323 737 3372 «sermonibus,
761 3323 981 3374 quemad-

107 3384 290 3424 modum
332 3385 421 3426 mei
464 3387 566 3426 sunt
608 3386 877 3426 hexametris
913 3386 982 3425 in-

109 3445 235 3498 clusi,
279 3448 440 3498 quihus
471 3449 572 3488 insit
599 3449 815 3488 Bioneum
843 3448 978 3497 virus,

109 3509 225 3561 quali
256 3511 416 3551 referta
437 3513 538 3552 sunt
566 3510 678 3551 illius
699 3511 882 3562 scripta,
906 3520 982 3562 pe-

1045 1125 1182 1167 destri
1214 1128 1257 1166 et
1276 1125 1405 1177 ligata
1422 1128 1618 1166 oratione
1641 1127 1773 1166 mixte
1797 1137 1923 1167 com-

1046 1189 1247 1241 posita»)
1280 1190 1403 1239 Diog.
1428 1190 1569 1228 Laert.
1595 1188 1633 1229 4.
1659 1189 1697 1240 S.
1722 1191 1798 1229 52:
1832 1184 1926 1229 Εὐ-

1044 1249 1174 1305 φυὴς
1196 1246 1255 1304 ἦν
1273 1252 1354 1291 καὶ
1375 1249 1674 1308 παρῳδῆσαι,
1695 1247 1774 1291 οἷά
1791 1251 1921 1292 ἐστιν

1044 1310 1193 1356 αὑτοῦ
1228 1314 1308 1354 καὶ
1346 1312 1520 1362 ταῦτα,
1559 1306 1618 1353 Ὦ
1647 1316 1798 1354 πέπον
1825 1309 1924 1371 Ἀρ-

1044 1375 1168 1426 χύτα
1233 1375 1556 1430 ψαλληγενές,
1627 1372 1891 1426 ὀλβιότυφε
1910 1408 1919 1426 ,

1044 1439 1140 1494 Τῆς
1170 1436 1357 1493 ὑπάτης
1400 1433 1557 1496 ῗὲριόος
1601 1436 1792 1478 πάντων
1836 1439 1922 1491 ἑμ-

1044 1501 1278 1561 πειρότατ’
1308 1499 1517 1558 ἀνδρῶν·
1564 1503 1647 1542 καὶ
1687 1496 1811 1552 ὅλως
1841 1504 1922 1542 καὶ

1042 1562 1286 1619 μουσικὴν
1316 1566 1398 1605 καὶ
1427 1566 1720 1621 γεωμετρίαν
1749 1563 1926 1605 διεπαι-

1043 1633 1132 1681 ζεν.
1209 1631 1350 1668 «Sunt
1399 1630 1550 1668 autem
1599 1627 1921 1679 disputationes

1043 1694 1187 1732 Bionis
1207 1691 1479 1744 philosophi,
1509 1690 1671 1742 quibus
1693 1689 1921 1730 stultitiam

1044 1756 1187 1806 arguit
1215 1753 1350 1804 volgi,
1386 1754 1457 1793 cui
1475 1763 1619 1805 paene
1641 1754 1923 1793 consentiunt

1045 1818 1243 1859 carmina
1274 1814 1542 1856 Luciliana.»
1584 1814 1717 1866 (Haec
1739 1815 1923 1865 quidem

1044 1880 1250 1920 divinatio
1271 1878 1448 1918 videtur
1477 1889 1532 1917 ex
1561 1877 1726 1918 Horatii
1754 1877 1920 1925 verbis,

1042 1944 1092 1982 ut
1129 1942 1225 1982 fieri
1265 1939 1430 1981 assolet
1467 1939 1588 1991 apud
1630 1938 1919 1989 Scholiastas,

1044 2004 1190 2044 ducta.
1244 2004 1307 2044 Cf.
1343 2003 1389 2043 C.
1424 2003 1465 2042 F.
1498 2002 1741 2042 Hermanni
1770 2005 1921 2053 Progr.

1043 2067 1361 2117 Marburgense
1408 2064 1528 2105 4844.
1571 2075 1613 2116 p.
1656 2064 1738 2115 33.)
1812 2066 1923 2105 «Hic

1043 2131 1194 2169 autem
1224 2129 1355 2177 Bion,
1389 2128 1464 2178 qui
1495 2127 1723 2178 Sophistes
1756 2138 1922 2178 cogno-

1043 2192 1234 2232 minatus
1266 2192 1353 2240 est,
1401 2191 1444 2229 in
1474 2188 1609 2238 libro,
1658 2200 1795 2240 quem
1825 2190 1923 2229 edi-

1044 2254 1126 2303 dit,
1155 2253 1505 2294 mordacissimis
1527 2250 1693 2292 salihus
1712 2262 1779 2300 ea,
1805 2263 1920 2303 quae

1044 2316 1162 2369 apud
1191 2318 1345 2368 poetas
1367 2316 1488 2363 sunt,
1523 2315 1580 2353 ita
1609 2312 1841 2363 laceravit,
1874 2316 1923 2354 ut

1044 2392 1099 2420 ne
1122 2381 1314 2419 Homero
1337 2377 1520 2429 quidem
1540 2378 1789 2428 parceret.»
1815 2378 1917 2416 Aen.

1043 2442 1322 2483 Metrodorus
1353 2441 1396 2480 in
1434 2438 1528 2479 Vol.
1562 2437 1737 2479 Hercul.
1774 2439 1844 2478 VI.
1874 2451 1916 2491 p.

1042 2507 1113 2546 QO:
1148 2504 1331 2554 Βίωνος
1350 2499 1436 2543 τοῦ
1457 2497 1581 2542 κατὰ
1603 2498 1921 2559 Θεόφραστον

1044 2565 1234 2625 πρώτου
1263 2565 1565 2616 φιλοσοφίαν
1591 2559 1809 2614 ἀνθίνοις
1837 2576 1921 2604 κο-

1044 2627 1342 2684 σμήσαντος.
1374 2629 1477 2668 Eius
1499 2627 1616 2667 dicta
1635 2626 1755 2666 haud
1775 2627 1834 2666 ita
1853 2638 1922 2666 ra-

1042 2707 1091 2734 ro
1123 2705 1147 2733 a
1168 2690 1490 2745 posterioribus
1513 2688 1727 2741 Sophistis
1751 2699 1922 2729 memo-

1043 2757 1278 2803 rabantur,
1312 2755 1361 2793 ut
1388 2753 1656 2805 perspicitur
1683 2761 1736 2790 ex
1769 2749 1918 2792 Telete

1043 2820 1160 2872 apud
1193 2817 1434 2858 Stobaeum
1464 2817 1511 2863 5,
1545 2815 1612 2854 67.
1654 2811 1770 2865 (Vol.
1803 2814 1836 2854 Ι.
1870 2825 1916 2867 p.

1045 2884 1137 2922 425.
1164 2882 1256 2920 429.
1283 2879 1354 2919 ed.
1377 2876 1586 2928 Tauchn.)
1608 2875 1731 2918 Stob.
1750 2877 1817 2927 40,
1839 2876 1916 2918 38:

1043 2945 1169 2984 Βίων
1214 2939 1240 2981 ὁ
1279 2936 1524 2993 σοφιστὴς
1566 2935 1656 2992 τὴν
1686 2937 1922 2997 φιλαργυ-

1044 3009 1150 3065 ρίαν
1180 3001 1479 3062 μητρόπολιν
1508 2998 1639 3057 ἔλεγε
1658 3000 1820 3056 πάσης
1839 3015 1922 3042 κα-

1044 3072 1151 3120 κίας
1181 3065 1317 3108 εἶναι.
1370 3069 1538 3107 Seneca
1569 3066 1623 3106 de
1661 3067 1822 3116 Tranq.
1845 3076 1916 3105 an.

1044 3134 1088 3173 8:
1122 3133 1228 3172 Bion
1257 3131 1464 3182 eleganter
1483 3130 1545 3169 ait
1572 3141 1653 3168 non
1672 3129 1810 3168 minus
1826 3138 1920 3167 mo-

1043 3197 1187 3236 lestum
1217 3205 1298 3234 esse
1327 3194 1458 3233 calvis
1487 3203 1616 3242 quam
1644 3190 1818 3230 comatis
1848 3190 1919 3239 pi-

1044 3259 1103 3298 los
1130 3257 1238 3297 velli.
1292 3256 1354 3296 Cs.
1380 3256 1470 3295 Cic.
1495 3255 1622 3294 Tusc.
1647 3253 1695 3300 3,
1728 3252 1803 3299 26,
1846 3251 1914 3291 62.

1044 3320 1154 3360 Plut.
1192 3319 1246 3359 de
1292 3330 1390 3359 sera
1437 3328 1557 3356 num.
1594 3314 1714 3354 vind.
1754 3314 1819 3353 49.
1869 3336 1915 3342 —

1043 3382 1129 3422 sale
1174 3381 1311 3433 nim-o]
1362 3380 1532 3419 acriore
1581 3377 1728 3427 igitur,
1781 3384 1918 3425 quam

1046 3444 1166 3496 quod
1196 3445 1335 3494 magis
1364 3443 1600 3494 purgatum
1631 3439 1712 3478 est.
1764 3438 1850 3476 Sat.
1873 3437 1914 3485 2,

1046 3508 1090 3556 4,
1124 3507 1190 3548 74.
1239 3507 1339 3546 Sine
1372 3505 1581 3555 imagine:
1627 3501 1796 3540 «satiris
1827 3502 1918 3540 tam
