2231 3787
883 242 981 282 Ans
1012 241 1254 281 POETlCA.
1896 240 1997 291 7553

230 373 531 426 Perfectum
572 372 756 426 decies
796 389 902 424 non
941 372 1219 443 castigavit
1257 371 1324 424 ad
1371 389 1618 442 unguem.

230 475 507 545 ingenium
548 475 744 528 misera
781 474 909 546 quia
955 474 1273 527 fortunatius
1314 483 1427 527 arte
1897 476 2000 526 <2955

231 576 412 630 Credit
450 584 502 629 et
541 576 779 630 excludit
818 594 978 629 sanos
1019 575 1275 630 Helicone
1318 581 1506 647 poetas
1576 612 1579 614 -

229 678 593 738 DemocrituS,
635 678 775 731 bona
815 696 941 749 pars
985 696 1092 731 non
1138 694 1346 749 ungues
1393 695 1595 748 ponere
1636 686 1810 735 curat,

230 782 346 834 Non
385 779 642 840 barbam,
686 788 898 833 secreta
936 780 1067 850 petit
1108 779 1252 843 loca,
1294 779 1488 833 balnea
1525 780 1667 833 vitat.

214 966 318 995 cum
347 954 508 1005 altero,
545 955 786 995 Lambinus
817 957 949 1007 atque
982 954 1219 995 Bentleius.
1258 955 1321 1004 (Ut
1343 966 1443 1000 nos,
1479 955 1663 1005 bSTcd.)
1704 980 1744 983 ἡ
1781 956 1940 995 deciens

215 1019 264 1057 B.
303 1041 346 1045 —
381 1018 475 1057 297.
509 1019 663 1069 unquis
692 1019 800 1057 BTc.
838 1042 882 1046 ——
916 1018 1011 1058 298.
1046 1017 1200 1057 barbas
1230 1019 1275 1057 B.

160 1175 245 1214 cios
275 1177 396 1214 ortos
428 1185 527 1214 esse
560 1186 584 1213 a
607 1176 818 1224 quattuor
839 1174 936 1214 filiis
958 1176 1049 1214 Nu-

162 1248 285 1285 mae,
319 1247 511 1287 quorum
534 1238 714 1276 nomina
745 1236 908 1276 fuerint
925 1238 1050 1277 Pom—

156 1311 235 1350 po,
266 1300 412 1347 Pinus,
447 1300 624 1350 Calpas,
647 1301 929 1341 Mamercus.»
953 1302 1051 1340 Du.-

163 1375 282 1403 LENB.
318 1386 362 1391 —
394 1363 785 1415 Multa--multaJ
832 1365 895 1404 De
929 1364 1050 1403 eius-

163 1426 268 1466 dem
298 1427 420 1466 vocis
441 1427 705 1478 repetitione
729 1427 782 1466 cf.
807 1428 917 1479 Epp.
944 1428 982 1475 4,
1008 1426 1046 1474 4,

162 1489 229 1529 20.
265 1489 404 1538 4,47,
429 1488 495 1529 40.
534 1512 577 1517 —-
611 1490 817 1539 coercuit]
865 1488 1049 1528 «omnia

163 1562 501 1603 supervacanea
534 1554 578 1591 et
611 1553 742 1592 nimis
773 1552 947 1602 turgida
978 1562 1052 1590 re-

163 1615 324 1664 movit,
368 1616 416 1653 ut
444 1614 492 1653 fit
522 1615 564 1654 in
594 1615 751 1654 vitium
782 1615 1047 1666 pampinis.»

165 1675 340 1725 Quintil.
366 1676 405 1724 9,
430 1675 469 1726 4,
495 1677 544 1716 5:
576 1677 678 1717 vites
698 1679 936 1717 coercemus
955 1688 1052 1716 ma-

165 1752 237 1780 nu.
273 1739 336 1779 Cf.
360 1740 470 1791 Epp.
493 1741 534 1789 2,
557 1741 598 1789 2,
625 1741 726 1779 422ῑ
761 1740 1052 1780 Luxia-ianua

164 1807 401 1853 compescet.
431 1826 477 1831 —
499 1803 742 1855 Perfectum]
778 1804 861 1842 «ita
887 1805 934 1842 ut
953 1814 1054 1854 per-

164 1866 331 1907 fectum
363 1867 439 1915 sit,
472 1866 795 1917 perfectionem
816 1866 1050 1916 attingat;»

165 1940 254 1969 non
285 1939 414 1968 vero:
454 1928 556 1968 «ubi
586 1929 675 1968 iam
704 1928 955 1980 perfectum
985 1927 1053 1965 vi-

165 1992 347 2040 deatur,
380 2002 536 2031 rursus
561 1995 710 2031 tamen
736 1989 1052 2042 expoliendum

166 2057 276 2095 est.»
296 2054 511 2094 Codicum
529 2053 696 2105 aliquot
713 2064 912 2093 errorem
927 2063 1056 2103 pra-e-

166 2122 321 2158 sectum
351 2117 547 2158 edItores
578 2116 775 2157 nonnulli
805 2127 857 2156 ac
883 2114 1056 2156 Forcel-

167 2180 303 2229 linus,
333 2179 600 2220 Lambinum
623 2181 665 2219 et
686 2178 937 2219 Bentleium
958 2189 1058 2230 spe-

169 2244 289 2284 ciosa
305 2242 496 2282 lectione
515 2242 729 2294 deceptos
746 2242 903 2290 secuti,
929 2252 1058 2292 prae-

169 2305 384 2353 tulerunt3
418 2305 499 2345 sed
529 2306 652 2344 recte
684 2306 767 2345 Fea
799 2304 952 2344 docuit
971 2315 1057 2343 un-

168 2370 265 2420 guis
296 2369 486 2420 praecisi
515 2369 558 2408 in
585 2369 670 2408 hac
691 2367 844 2407 ultima
867 2366 1057 2419 politura

170 2430 339 2472 nullum
375 2442 476 2472 esse
516 2443 693 2472 usum.»
735 2455 779 2460 —ae
820 2429 1055 2482 castigyavit]

172 2493 408 2545 «expolivit
427 2506 435 2541 3
454 2509 473 2529 »
524 2493 653 2535 simili
697 2494 961 2545 metaphora
1011 2495 1059 2532 ut

171 2557 356 2597 coercuit
404 2556 642 2608 desumpta
691 2555 746 2596 ab
802 2555 1054 2595 arboribus.

171 2619 395 2671 Theophr.
417 2621 464 2660 C.
486 2619 548 2660 Pl.
570 2620 585 2658 4
607 2633 615 2660 z
638 2615 859 2670 κολάζειν
875 2614 934 2658 τὰ
955 2616 1059 2658 δέν-

171 2680 275 2740 δρα.
309 2682 460 2722 Pollux
490 2683 538 2731 6,
574 2682 676 2723 444;
725 2693 1059 2739 παρεσκευασ-

172 2747 312 2798 μένα,
345 2757 446 2785 κεκ
465 2758 492 2784 ο
510 2744 534 2784 λ
551 2759 583 2784 α
599 2758 631 2785 σ
647 2760 683 2798 μ
699 2746 723 2785 ε’
739 2758 764 2784 ν
781 2758 812 2784 α
828 2775 838 2793 ,
879 2740 1059 2795 &bagao-

173 2809 298 2862 μένα
331 2806 430 2848 κτλ.
483 2807 687 2849 Philostr.
722 2809 800 2860 Ep.
836 2807 911 2847 73:
962 2804 1060 2856 (Αἰ-

175 2871 368 2923 σχίνου)
396 2866 487 2911 οὐκ
517 2864 721 2922 ἀφανῶς
750 2867 867 2919 τοὺς
896 2864 1060 2909 διαλό-

174 2947 291 2990 γους
312 2930 616 2985 κολάζοντος.
651 2933 850 2974 Verbum
873 2943 897 2971 e
918 2930 1060 2971 verbo

178 2997 431 3049 exprimere
471 2997 615 3048 potuit
643 2995 903 3037 Mollevaut:
951 2994 996 3034 Si
1027 2994 1063 3033 le

177 3064 306 3110 temps
324 3057 394 3099 n'a
415 3059 491 3098 dia:
518 3059 598 3110 fois
631 3058 810 3097 chatie‘
834 3068 908 3096 son
930 3056 1059 3102 e‘crit3

179 3124 338 3173 Goupy
352 3122 506 3161 contra
517 3120 724 3160 retouche'.
740 3143 782 3147 —
796 3120 853 3158 ad
866 3118 1061 3170 unquam]

180 3184 347 3224 Vid.ad
368 3184 456 3222 Sat.
482 3184 579 3232 4,5,
599 3182 677 3222 32;
711 3182 768 3221 ad
782 3192 965 3232 unyuem
985 3181 1066 3220 Fa—

180 3251 270 3286 ctus
288 3247 423 3285 homo.
461 3245 531 3284 Sic
553 3243 803 3295 Polycletus
824 3243 973 3283 dicere
996 3253 1068 3283 so-

182 3308 318 3358 lebat,
339 3305 679 3356 χαλεπτώτατον
696 3302 818 3347 εἶναι
832 3302 886 3345 τὸ
906 3299 1063 3362 ἔργον,

185 3365 303 3411 ὅταν
333 3371 383 3411 ἐν
413 3366 554 3420 ὄνυχι
585 3365 611 3410 ὁ
645 3365 797 3423 πηλὸς
829 3369 1062 3422 γίγνηται.

186 3434 368 3485 Dionys.
384 3433 519 3474 Halic.
534 3434 572 3473 6.
587 3444 630 3485 p.
644 3432 745 3473 994:
766 3431 1068 3485 ἐκμέμακται

188 3497 256 3546 εἰς
272 3491 440 3545 ὄνυχα.
464 3495 576 3538 Plut.
590 3497 743 3548 Symp.
758 3495 797 3545 6,
812 3494 860 3536 4;
889 3489 920 3547 ἦ
938 3488 1070 3550 ἀκρι-

1080 1204 1082 1213 ,
1112 1171 1209 1227 βῆς
1240 1170 1435 1230 σφόδρα
1465 1174 1547 1213 καὶ
1577 1172 1631 1214 δι’
1663 1169 1841 1224 ὄνυχος
1872 1172 1999 1228 λργω-

1079 1250 1082 1272 1
1112 1238 1235 1289 μένῃ
1266 1235 1438 1276 δίαιτα.

1169 1299 1373 1339 295-304.
1406 1299 1624 1350 Inyenium
1645 1299 1747 1351 cet]
1773 1299 1883 1339 «Sed
1902 1311 2000 1351 per-

1114 1360 1239 1401 multi
1256 1364 1464 1413 poemata
1484 1372 1563 1401 sua
1581 1362 1681 1401 ideo
1700 1373 1789 1401 non
1803 1361 1998 1410 elimant,

1115 1424 1217 1475 quia
1248 1425 1488 1464 Democriti
1509 1425 1769 1463 auctoritate
1792 1424 1918 1464 abusi
1942 1426 2004 1463 in-

1115 1487 1295 1537 genium
1313 1490 1447 1538 atque
1470 1483 1849 1539 ἑνθουσιασμόν,
1879 1486 2003 1526 furo—

1115 1560 1213 1588 rem
1232 1549 1482 1600 poeticum,
1503 1561 1640 1600 quem
1656 1550 1739 1601 ipsi
1760 1549 1843 1589 sibi
1867 1549 2004 1589 tribu-

1115 1614 1217 1661 unt,
1265 1611 1393 1662 longe
1426 1614 1699 1664 anteponere
1731 1611 1874 1652 solent
1903 1614 2000 1660 arti,

1117 1677 1251 1725 atque
1284 1673 1341 1714 illi
1373 1675 1522 1714 omnia
1553 1674 1687 1715 licere
1711 1676 2000 1725 contendunt,

1116 1739 1231 1777 hanc
1260 1738 1461 1777 miseram
1491 1749 1592 1778 esse
1611 1770 1620 1787 ,
1653 1739 1784 1778 nimis
1814 1737 2006 1778 laborio—

1117 1811 1215 1841 sam
1255 1811 1340 1840 nee
1380 1800 1583 1850 dignam,
1631 1811 1719 1850 qua
1750 1801 2004 1839 exercenda

1116 1865 1248 1915 poeta
1288 1863 1544 1912 ingeniosus
1584 1872 1686 1900 sese
1727 1861 1888 1901 frustra
1923 1873 2004 1901 ve-

1116 1927 1235 1965 xet.»
1278 1925 1418 1964 Vetus
1462 1926 1615 1963 autem
1656 1935 1706 1963 ea
1744 1924 2006 1976 disceptatio

1119 1989 1234 2028 inter
1251 1990 1460 2027 Graecos.
1487 1987 1779 2038 Epicharmus
1796 1998 1867 2038 ap.
1881 1986 2003 2026 Stob.

1118 2051 1187 2101 29,
1212 2050 1286 2091 54:
1315 2045 1359 2090 ‘A
1389 2048 1440 2089 ὁὲ-
1470 2048 1646 2102 μελέτα
1675 2045 1857 2100 φύσιος
1887 2044 2007 2103 ἀγα-

1119 2111 1215 2164 θᾶς
1245 2111 1425 2154 πλεῦνα
1454 2112 1696 2171 δωρεῖται,
1730 2111 1880 2162 φίλοι.
1916 2113 2008 2153 Cri-

1121 2177 1203 2217 tias
1235 2175 1341 2215 ibid.
1368 2176 1444 2215 40:
1471 2171 1553 2215 Ἔκ
1581 2174 1785 2228 μελέτης
1815 2173 2008 2224 πλείους

1122 2234 1154 2292 ἢ
1184 2235 1380 2288 φύσεως
1401 2234 1595 2292 ἀγαθοί.
1632 2237 1768 2278 Aliter
1790 2237 2006 2277 Pindarus

1123 2302 1295 2354 Olymp.
1320 2303 1360 2351 2,
1385 2302 1438 2342 86
1459 2312 1559 2353 sqq.
1596 2301 1719 2353 (Vide
1751 2301 1808 2341 ad
1829 2313 1872 2340 v.
1895 2299 2007 2349 408.)

1123 2366 1186 2406 Cf.
1222 2366 1355 2405 etiam
1386 2365 1564 2404 Aristot.
1590 2366 1712 2404 Poet.
1737 2365 1808 2412 47,
1841 2363 1887 2403 4;
1917 2356 2010 2402 Εὕ-

1122 2425 1282 2481 φυοῦς
1326 2423 1355 2480 ἦ
1388 2425 1615 2482 ποιητική
1647 2427 1777 2467 ἐστιν
1807 2421 1840 2478 ἢ
1866 2439 2010 2479 μανι-

1122 2492 1212 2534 κοῦ
1235 2505 1245 2514 ·
1292 2489 1476 2532 τούτων
1513 2487 1605 2548 γὰρ
1635 2490 1686 2529 οἱ
1710 2489 1802 2543 μὲν
1832 2484 2010 2530 εὔπλα-

1124 2569 1257 2605 στοι,
1305 2555 1356 2594 οἱ
1394 2552 1445 2594 δὲ
1475 2553 1751 2594 ἐκστατικοί
1781 2553 1916 2593 εἰσιν.
1962 2574 2005 2580 -

1122 2617 1401 2668 Democritus]
1434 2616 1496 2656 Cf.
1522 2617 1632 2668 Epp.
1660 2617 1698 2664 4,
1723 2617 1789 2665 42,
1815 2617 1880 2655 42.
1916 2616 2006 2656 Cic,

1125 2682 1181 2721 de
1204 2680 1275 2719 Or.
1300 2680 1341 2727 2,
1365 2678 1438 2728 46,
1465 2677 1565 2718 l194:
1599 2678 1732 2728 Saepe
1753 2678 2013 2728 audivipoe‘-

1125 2748 1212 2782 tam
1241 2741 1393 2781 bonum
1423 2741 1628 2780 neminem
1659 2740 1718 2792 (id
1748 2741 1858 2791 quod
1884 2752 1912 2780 a
1931 2742 2013 2780 De-

1124 2804 1301 2844 mocrito
1339 2807 1377 2842 et
1414 2803 1584 2843 Platone
1621 2803 1665 2842 ia
1704 2803 1870 2853 scriptis
1909 2802 2014 2842 reli-

1124 2872 1238 2907 ctum
1266 2877 1348 2906 esse
1378 2864 1536 2917 dicunt)
1567 2865 1653 2905 sine
1681 2866 2015 2918 inflammatione

1127 2930 1368 2970 animorum
1397 2928 1594 2967 exsistere
1613 2939 1733 2977 posse
1752 2931 1789 2967 et
1808 2928 1894 2967 sine
1915 2939 2015 2976 quo-

1127 2994 1226 3032 dam
1264 2991 1417 3044 afslatu
1461 2991 1580 3041 quasi
1622 2991 1794 3041 furoris.
1841 2991 1906 3029 De
1937 2990 2014 3029 Di-

1127 3056 1218 3095 vin.
1243 3055 1282 3103 4,
1305 3053 1373 3103 37,
1398 3054 1470 3094 80:
1504 3055 1640 3105 Neqat
1663 3054 1750 3093 sine
1768 3053 1915 3104 furore
1933 3053 2016 3092 De-

1126 3117 1328 3158 mocritus
1350 3126 1603 3166 quemquam
1620 3118 1794 3166 poetam
1815 3125 2017 3165 maynum

1130 3192 1212 3220 esse
1250 3190 1402 3230 posse:
1449 3180 1559 3229 quod
1602 3180 1711 3219 idem
1749 3178 1847 3217 dicit
1881 3176 2012 3215 Plato.

1130 3243 1315 3294 Scripsit
1346 3242 1498 3281 autem
1528 3240 1598 3280 ille
1636 3240 1741 3297 περὶ
1773 3234 2015 3289 ποιήσεως

1131 3307 1176 3345 et
1205 3299 1552 3362 περὶὉμήρου.
1586 3304 1710 3353 Diog.
1733 3303 1779 3340 L.
1804 3300 1844 3349 9,
1868 3299 1936 3340 48.
1965 3322 2009 3328 —

1131 3368 1241 3408 bona
1253 3367 1376 3419 pars]
1409 3376 1594 3419 prorsus
1616 3367 1666 3404 ut
1686 3375 1789 3412 nos,
1824 3363 1905 3402 ein
1932 3373 2018 3413 ²qu-

1133 3435 1208 3471 ter
1240 3431 1390 3471 Theil.
1427 3430 1490 3469 Cf.
1516 3428 1594 3469 Od.
1619 3427 1668 3477 4,
1692 3427 1734 3477 2,
1757 3425 1825 3466 46.
1859 3426 1947 3465 Sat.
1974 3426 2012 3473 4,

1133 3495 1149 3533 4
1174 3525 1181 3544 ,
1216 3493 1283 3534 64.
1321 3516 1365 3521 -
1397 3503 1481 3532 nou
1509 3501 1669 3542 unques
1692 3499 1849 3540 ponere
1877 3488 2014 3538 curat]
