2231 3787
843 284 940 323 LlB.
979 285 1004 323 l.

1068 285 1230 326 EPIST.
1266 289 1314 326 ll.

1893 290 1993 340 5309

240 413 433 482 Sponsi
476 412 804 484 Penelopae,
847 414 1166 478 nebulones,
1211 416 1525 490 Alcinoique

237 515 289 565 ln
328 522 449 567 cute
489 515 728 570 curanda
767 516 886 587 plus
926 535 1102 589 aequo
1142 528 1363 589 operata
1404 520 1679 583 iuventus,

237 615 332 669 Cui
373 615 657 687 pulchrum
696 618 790 671 fuit
829 619 879 671 in
917 618 1126 673 medios
1167 619 1405 675 dormire
1445 622 1562 677 dies
1603 634 1653 677 et
1924 630 1990 677 :30

233 717 311 770 Ad
351 718 633 789 strepitum
672 719 907 774 citharae
948 731 1219 775 cessatum
1258 722 1458 777 ducere
1499 742 1698 779 curam.

271 884 338 923 ⁶28.
372 884 438 923 29.
472 884 732 935 Alcinoique)
766 887 812 926 In
844 888 885 926 F.
925 911 967 915 —
1003 888 1071 928 3¹.
1106 893 1308 929 cessatum
1338 891 1486 930 (lucere
1513 902 1704 933 somnum
1726 894 1772 942 E,
1805 899 1934 945 quat-

218 947 316 985 tuor
345 945 561 992 Blandin„
597 959 684 999 mg.
718 947 771 997 β,
807 950 850 989 et
880 948 949 988 alii
981 951 1098 1001 apud
1132 953 1277 1002 Feam,
1311 958 1537 994 cessantem
1567 956 1714 997 ducere
1744 969 1930 997 somnum

216 1008 438 1050 Bentleius
471 1012 583 1051 coni.
621 1012 685 1061 (Ut
706 1022 802 1061 nos,
837 1011 969 1064 bScp,
994 1024 1081 1064 mg.
1107 1014 1136 1053 1⁴:
1160 1016 1204 1054 et
1225 1026 1381 1056 omncs
1404 1018 1629 1062 Pottierii.)

159 1148 242 1190 τὸν
272 1147 363 1190 σόν
384 1149 547 1191 παῖδα.
600 1151 757 1191 Troad.
783 1152 884 1193 475:
918 1147 1041 1193 Κάν-

157 1210 292 1254 vaae·
311 1209 608 1269 ἀριστεύοντ’
627 1211 885 1268 ἐγεινάμην
916 1216 1037 1255 τέκν’

157 1270 246 1316 οὐκ
261 1270 485 1333 Ἄριιῆιιὸν
514 1271 685 1328 ἄλλως,
718 1273 816 1317 ἀλλ’
838 1273 1040 1330 ὑπερτά-

156 1351 267 1390 τους
305 1335 514 1395 Φρυγῶν.
578 1340 773 1381 Eustath.
814 1340 871 1380 ad
911 1339 1032 1381 Iliad.

154 1413 197 1454 p.
221 1403 321 1442 QOrl:
356 1396 486 1442 ἔστιν
516 1396 596 1442 ὅτε
619 1397 646 1441 ὁ
677 1397 925 1460 ἀριθμὸς
955 1403 1036 1443 καὶ

154 1463 229 1505 ἐπὶ
279 1459 660 1519 οὖδαμινότητος
708 1463 1032 1518 λαμβάνεται,

153 1523 217 1578 (ὃς
247 1521 327 1568 ὅτε
369 1524 597 1581 Κωμικὸς
639 1529 875 1580 (Aristoph.
917 1528 1031 1569 Nub.

154 1590 291 1641 ⁴203.)
333 1589 481 1644 λέγει,
525 1584 600 1630 ὅτι
638 1591 688 1630 οἱ
719 1590 891 1631 θεαταὶ
929 1587 1034 1648 ἀρι-

152 1649 293 1705 θμός,
326 1651 527 1710 πρόβατ’
559 1647 716 1704 ἄλλως
746 1654 891 1704 εἰσιν,
925 1649 1034 1706 ἦτοι

151 1712 335 1767 πλῆθος
373 1713 553 1768 μόνον,
600 1717 682 1756 καὶ
723 1711 847 1757 αὐτὸ
887 1714 1033 1758 τοῦτο

150 1775 364 1831 ποσότης
411 1778 759 1832 ἐπινοουμένη,
818 1775 875 1820 οὐ
932 1777 1032 1833 μὴν

150 1835 313 1881 οὐσίαι
350 1840 472 1892 τινὲς
511 1836 885 1899 ἀριθμούμεναι.
937 1844 1032 1883 Me-

149 1903 320 1944 nander
358 1916 401 1956 p.
441 1906 508 1945 61¹.
542 1906 697 1945 Mein:
740 1899 893 1962 ὥςπερ
936 1903 1030 1944 τῶν

147 1964 307 2023 χορῶν
363 1962 429 2008 Οὐ
489 1965 664 2019 πάντες
712 1963 878 2023 ᾄδουσ’
926 1963 1027 2008 ἀλλ”

145 2023 336 2078 ἄφωνοι
364 2027 453 2071 δύο
484 2032 606 2082 τινές
625 2026 690 2071 ’‘JI
722 2036 846 2090 τρεῖς
884 2044 1030 2089 παρε-

146 2089 355 2144 στήκασι
385 2091 576 2133 πάντων
606 2089 807 2142 ἔσχατοι
836 2095 922 2145 Εἰς
943 2091 1027 2134 τὸν

145 2149 371 2209 ἀριθμόν.
419 2155 655 2196 Herodian.
682 2159 789 2198 Hist.
816 2159 830 2197 l
853 2190 860 2206 ‚
886 2159 929 2197 4:
960 2159 1027 2208 εἰς

146 2214 230 2256 τὸν
259 2214 410 2258 ,τολὺν
440 2212 613 2270 ὅμιλον
653 2214 1022 2276 ἀριθμούμενοι.

149 2300 192 2307 -
238 2281 382 2332 fruges
423 2292 662 2321 consumere
704 2282 814 2333 nali]
861 2283 1025 2334 Lepide

145 2342 368 2383 detortum
396 2345 464 2383 est
487 2355 541 2383 ex
562 2345 797 2384 Homerico
818 2341 1024 2402 βροτῶν,

145 2406 194 2445 οἳ
220 2401 432 2462 ἀρούρης
463 2402 649 2463 καρπὸν
680 2401 875 2447 ’ἷὸουσιν
899 2407 957 2459 (ll.
985 2413 1021 2460 ζ,

148 2467 253 2517 142.)
287 2469 329 2507 in
360 2479 458 2517 eos,
493 2470 567 2520 qui
598 2471 783 2521 propter
805 2471 1025 2520 ignaviam

143 2531 185 2568 et
230 2531 472 2581 nequitiam
520 2531 577 2570 ad
621 2531 725 2571 nihil
764 2531 881 2572 aliud
923 2533 1025 2574 facti

142 2591 348 2632 videntur
393 2603 529 2644 quam
573 2593 628 2633 ad
679 2594 826 2646 fruges
877 2597 1022 2637 terrae

143 2655 487 2696 consumendas.
525 2678 569 2684 —
604 2657 753 2706 Sponsa·
781 2659 1021 2712 Penelopae]

143 2717 334 2758 «similes
365 2719 541 2770 sponsis
572 2717 652 2759 illis
671 2735 708 2769 ‚»
748 2722 797 2760 ut
827 2731 851 2760 3
881 2723 1023 2772 po'e‘tis

140 2779 260 2819 haud
298 2791 400 2819 raro
441 2781 532 2830 vir,
580 2782 787 2832 maritus,
835 2785 1020 2834 coniux,

140 2851 295 2891 gener,
329 2842 561 2893 dicuntur,
595 2845 670 2895 qui
701 2844 810 2885 tales
833 2845 928 2885 fieri
950 2858 1025 2886 cu-

139 2903 264 2953 piunt
291 2903 362 2943 vel
393 2903 525 2943 futuri
555 2908 670 2945 sunt.
707 2929 752 2935 —
786 2907 946 2948 Alcinoi
973 2930 1024 2938 --

138 2964 340 3015 iuventus]
373 2975 487 3015 quae
509 2976 691 3018 semper
717 2970 837 3020 apud
867 2981 1022 3021 regem

140 3036 270 3065 suum
294 3025 555 3077 epulabatur
577 3039 629 3067 ac
650 3028 852 3071 saltando
868 3043 917 3072 se
939 3033 1021 3073 de-

139 3087 345 3128 lectabat.
371 3088 710 3139 Odyss.19,248:
734 3091 835 3133 Αἰεὶ
850 3092 885 3133 δ’
903 3088 1020 3147 ἧμιν

138 3149 242 3201 δαίς
280 3163 329 3190 τε
369 3149 513 3204 φίλη,
560 3152 752 3209 κίθαρίς
790 3168 839 3196 τε
878 3159 1021 3215 χοροί

138 3225 209 3252 τε·
240 3214 365 3253 «novi
386 3214 516 3264 igitur
537 3214 802 3263 Phaeaces,»
827 3229 1019 3268 quorum

139 3272 320 3332 τρυφή,
349 3274 458 3325 βίος
478 3270 839 3328 ἀπολαυστικὸς
859 3280 900 3319 in
919 3292 1021 3331 pro-

138 3336 343 3378 verbium
365 3337 548 3377 abierat.
582 3338 742 3378 Athen.
766 3340 781 3378 l
804 3371 812 3387 ‚
839 3340 905 3380 28.
938 3341 1014 3392 (Cf.

138 3397 248 3449 Epp.
274 3400 290 3438 4
312 3431 321 3449 ‚
355 3400 428 3449 45,
460 3398 545 3449 24.)
597 3400 738 3440 Minus
760 3402 883 3440 recte
904 3413 1019 3442 non-

139 3459 264 3510 nulli,
310 3461 631 3513 distinguentes
665 3462 927 3512 Alcinoique,
975 3465 1019 3503 in

141 3523 223 3560 cet.
241 3553 250 3570 ,
289 3523 447 3564 Alcinoi
477 3523 645 3564 habent
675 3535 755 3576 pro
783 3526 1018 3565 nominati-

1103 1165 1158 1193 vo
1182 1153 1257 1205 pl.,
1283 1158 1329 1194 ut
1356 1156 1568 1197 dicimus:
1613 1159 1719 1198 aller
1740 1160 1866 1211 Cato,
1891 1165 1986 1202 novi

1101 1216 1142 1254 hi
1172 1216 1349 1256 Camilli.
1385 1241 1427 1246 —
1463 1224 1553 1259 cute
1583 1223 1790 1275 curanda]
1823 1225 1910 1263 Sat.
1942 1225 1981 1271 ἱ),

1101 1278 1147 1325 5,
1183 1279 1257 1319 38:
1287 1280 1527 1320 Pellieulam
1556 1294 1732 1332 curare,
1769 1285 1985 1326 «molliter

1100 1342 1144 1380 et
1164 1340 1351 1382 delicate
1372 1343 1567 1384 vivere.»
1600 1346 1750 1386 Iuvcn.
1777 1349 1792 1387 sl
1812 1349 1820 1386 l
1844 1380 1851 1396 ,
1876 1349 1979 1388 ⁶203:

1098 1404 1254 1443 Nostra
1285 1405 1397 1445 bibat
1424 1418 1600 1446 vernum
1630 1413 1782 1448 curata
1802 1411 1985 1451 cuticula

1097 1467 1235 1506 solem.
1265 1491 1307 1497 —-
1343 1470 1534 1522 operam]
1579 1472 1704 1521 quasi
1735 1483 1840 1511 vcro
1872 1474 1983 1513 hace

1098 1527 1266 1568 luxuria
1289 1542 1425 1582 opera
1449 1534 1593 1579 esset;
1627 1533 1824 1574 festivius
1847 1547 1983 1587 quam

1097 1597 1315 1642 occupata.
1344 1614 1388 1621 —
1416 1594 1491 1634 Cui
1513 1596 1739 1645 pulchrum
1766 1597 1859 1649 fuit]
1885 1600 1981 1638 «cui

1097 1654 1358 1705 honestum,
1392 1657 1528 1697 immo
1550 1669 1778 1699 summum
1810 1659 1980 1702 honum

1095 1717 1355 1757 videbatur»
1404 1722 1488 1759 cet.
1541 1744 1585 1748 —
1630 1721 1693 1760 Aa
1736 1724 1975 1776 strepitum]

1095 1781 1188 1819 Non
1228 1792 1412 1832 prorsus
1451 1782 1596 1834 placet
1640 1785 1795 1823 Handii
1841 1787 1979 1825 inter-

1092 1844 1282 1893 pretatio
1313 1845 1436 1885 Turs.
1460 1847 1491 1884 Ι.
1517 1857 1560 1897 p.
1585 1846 1657 1886 98:
1694 1848 1833 1886 «inter
1861 1850 1979 1888 stre-

1092 1905 1282 1956 pitum3»
1332 1909 1401 1947 est
1430 1909 1574 1959 potIus
1612 1909 1694 1948 «ad
1724 1908 1848 1950 lenes
1883 1909 1977 1951 illos

1093 1969 1288 2008 citharae
1321 1970 1480 2010 modos
1512 1969 1781 2023 (Melodien),
1815 1972 1977 2023 quibus

1090 2031 1299 2083 paulatim
1359 2033 1559 2084 sopiatur
1624 2037 1976 2086 amoveatur-que

1091 2105 1241 2133 cura.»
1292 2096 1354 2134 De
1399 2106 1510 2134 voce
1553 2097 1748 2146 strepitus
1791 2097 1878 2136 vid.
1916 2098 1974 2138 ad

1091 2156 1168 2195 Od.
1206 2156 1254 2205 4,
1296 2156 1341 2206 3,
1389 2158 1454 2197 ⁴8.
1501 2181 1545 2186 ——
1587 2163 1791 2198 cessatum
1828 2160 1977 2200 (lucere

1088 2219 1249 2270 curam]
1282 2220 1330 2258 In
1352 2230 1483 2270 prosa
1507 2231 1570 2259 or.
1597 2221 1818 2261 «citharae
1841 2223 1974 2262 cantu

1090 2281 1297 2330 efficere,
1351 2283 1397 2320 ut
1447 2284 1596 2322 cesset
1644 2285 1788 2324 omnis
1839 2295 1969 2332 cura,

1090 2354 1271 2382 omnem
1303 2354 1459 2382 curam
1490 2343 1693 2394 abigere,
1741 2347 1973 2397 κοιμίζειν

1088 2401 1174 2455 τὰς
1212 2402 1515 2461 φροντίδας.»
1563 2407 1650 2445 Sat.
1685 2407 1733 2454 ⁶2,
1778 2408 1823 2456 7,
1868 2407 1967 2448 1114:

1087 2479 1228 2507 somno
1257 2467 1404 2518 fallere
1434 2478 1596 2506 curam.
1648 2469 1740 2507 lam
1769 2480 1851 2520 per
1872 2481 1972 2521 pro—

1087 2530 1361 2581 sopopoeian
1401 2530 1517 2569 Cura
1550 2529 1641 2579 (Od.
1672 2531 1720 2579 2,
1766 2531 1840 2579 46,
1885 2531 1968 2582 Μ.)

1087 2593 1364 2644 symphoniis
1407 2597 1634 2642 cessatum,
1687 2593 1743 2632 ad
1786 2604 1970 2634 cessan-

1087 2657 1194 2697 dum
1225 2656 1520 2707 aliquamdiu,
1555 2657 1746 2697 ducitur.
1801 2658 1892 2708 (Od.
1918 2658 1964 2707 3,

1089 2721 1103 2759 sl
1128 2752 1136 2769 ,
1168 2720 1249 2759 20:
1281 2720 1375 2759 Non
1406 2720 1550 2758 avium
1580 2720 1849 2768 citharaeque
1868 2732 1969 2760 can-

1068 2787 1150 2822 *cus
1190 2783 1393 2822 Somnum
1433 2783 1664 2834 reducent.)
1728 2783 1857 2823 Haud
1900 2784 1969 2823 in-

1085 2845 1195 2885 scite
1228 2844 1460 2886 Herhstius
1481 2847 1664 2897 propter
1684 2844 1967 2886 insolentiam

1085 2906 1300 2947 formulae
1332 2908 1583 2959 suspicatus
1616 2910 1706 2957 est,
1752 2919 1853 2949 eam
1883 2909 1967 2949 ioci

1085 2981 1220 3010 causa
1251 2970 1564 3022 depromptam
1596 2981 1694 3011 esse
1734 2982 1788 3011 ex
1828 2972 1966 3012 Ennio

1081 3031 1154 3072 vel
1185 3031 1373 3079 Lucilio;
1414 3033 1458 3072 in
1490 3044 1682 3084 quorum
1712 3034 1862 3073 tamen
1891 3045 1968 3074 re-

1081 3093 1226 3145 liquiis
1275 3105 1364 3133 non
1409 3096 1627 3145 superest.
1703 3095 1964 3146 Rutgersius

1082 3156 1357 3207 comparavit
1392 3156 1682 3196 Batavorum:
1729 3168 1805 3205 syn
1833 3157 1966 3208 Sorye

1079 3219 1216 3269 spelen
1236 3218 1388 3266 leiden,
1413 3218 1584 3258 amicus
1604 3229 1734 3258 meus
1751 3230 1832 3258 zur
1850 3220 1964 3259 Ruhe

1078 3281 1251 3332 fuhren,
1290 3280 1477 3331 brinqen.
1532 3280 1618 3320 Cfr.
1651 3279 1788 3319 Plaut.
1826 3282 1957 3319 Poen.

1080 3342 1193 3382 Prol.
1226 3342 1301 3382 ⁶20:
1346 3343 1439 3382 Neu
1483 3342 1765 3392 (designator)
1806 3352 1961 3381 sessum

1080 3405 1206 3444 ducat
1249 3406 1332 3443 cet.
1394 3403 1519 3451 Quod
1560 3403 1747 3443 Codices
1791 3402 1957 3453 aliquot

1081 3466 1293 3505 exhibent
1329 3469 1532 3505 cessatum
1570 3466 1718 3504 ducere
1746 3475 1956 3513 somnum,

1078 3529 1312 3578 receptum
1343 3526 1400 3566 ab
1431 3527 1623 3577 Hispano
1652 3526 1845 3576 Bmgos,
1890 3529 1958 3566 est
