2231 3787
888 237 983 276 LlB.
1020 238 1048 274 l.

1112 237 1223 275 SAT.
1259 237 1305 275 X.

1909 234 1989 286 171

255 367 503 423 Suavior,
548 376 604 419 ut
643 367 773 420 Chio
815 374 937 418 nota
977 366 1020 418 si
1061 366 1348 419 commixta
1390 364 1594 417 Falerni
1635 375 1729 418 cst.

256 468 388 520 Cum
428 485 616 521 versus
656 467 844 527 facias,
890 475 938 520 te
979 467 1157 538 ipsum
1198 475 1508 537 percontor,
1552 484 1618 519 an
1658 475 1710 520 et
1749 484 1869 520 cum
1934 467 1999 517 ⁸255

256 570 400 621 Dura
443 568 531 622 tibi
574 568 882 640 peragenda
922 575 1002 622 re'i
1042 569 1108 621 sit
1147 585 1312 622 causa
1351 566 1563 620 Petillii>

257 670 471 724 Scilicet
509 671 704 723 oblitus
742 671 1058 741 patriaeque
1097 670 1398 740 patrisque,
1440 669 1622 722 Latine

298 845 362 882 25.
395 848 643 892 percunctor
664 843 707 890 d,
733 846 762 883 t.
792 866 834 871 —
859 844 924 882 27.
950 843 1092 883 oblitos
1112 841 1295 882 Bentleii
1317 842 1508 893 suspicio
1541 843 1721 892 recepta
1743 841 1797 881 ab
1822 843 1950 883 llein-

243 905 384 945 dorlio
407 908 450 945 et
473 906 728 945 lx'irclmero.
759 930 801 934 --
827 907 964 944 Latini
986 906 1100 957 Scdp
1123 908 1166 945 et
1188 915 1300 944 corr.
1326 904 1370 952 l),
1405 905 1511 943 item
1534 905 1727 943 Pottierii
1752 904 1951 957 pleriqm¹

244 971 283 1007 et
325 979 427 1008 cum
466 969 556 1007 suis
588 969 804 1008 universis
836 967 1071 1008 Bentleius.

188 1103 246 1141 tit.
283 1104 320 1141 ls
353 1103 491 1149 enim,
533 1112 635 1140 cum
670 1111 832 1139 nomen
862 1100 1072 1139 Pitholaus

190 1166 228 1204 in
276 1165 583 1204 hexametrum
632 1173 813 1202 versum
858 1174 945 1202 non
990 1174 1070 1201 ve—

191 1229 321 1275 niret,
369 1227 423 1265 ab
465 1227 640 1265 lloratio
678 1226 885 1265 I'itholeon
924 1225 1069 1264 dictus

190 1292 279 1336 est,
323 1291 370 1327 ut
401 1284 665 1339 Τιμόλαος,
709 1285 975 1338 Τιμολέων,
1010 1287 1071 1325 si-

191 1351 321 1391 milia.
378 1351 580 1390 Libertus
635 1352 730 1389 crat
773 1351 827 1389 M.
877 1348 1067 1397 Otacilii,

191 1413 308 1453 unde
353 1412 574 1452 Macrobio
623 1413 795 1451 Saturn.
836 1412 883 1457 ⁶2,
930 1411 970 1449 2.
1023 1422 1066 1461 p.

190 1476 283 1515 325.
319 1475 477 1514 dit-itur
516 1476 573 1514 Μ.
607 1475 806 1513 Otacilius
843 1474 1066 1514 Pitholaus.

192 1559 238 1565 —
276 1537 513 1588 concinnus]
559 1540 758 1587 «gratum
802 1537 841 1575 in
883 1536 1070 1575 modum

192 1600 397 1639 mixtus.»
467 1600 575 1639 Chio
622 1600 739 1639 enim
786 1599 884 1638 vino
929 1597 1066 1646 dulci,

195 1663 263 1702 cui
316 1674 430 1713 aqua
474 1663 645 1701 marina
690 1673 776 1701 non
821 1661 1072 1700 addebatur

195 1726 344 1776 (Varro
377 1726 544 1775 Fragm.
578 1737 620 1776 p.
646 1725 739 1764 376.
773 1724 900 1775 ΒΨ),
934 1726 1072 1763 inter-

193 1789 299 1828 dum
344 1787 593 1827 miscebant
642 1786 875 1826 Falernum
920 1788 1073 1826 auste-

192 1861 316 1896 rum,
360 1849 478 1888 unde
517 1844 755 1900 utrumque
795 1860 929 1899 saepe
963 1860 1073 1887 con-

193 1913 382 1964 iungitur
425 1912 542 1963 apud
586 1915 754 1963 poetas.
807 1911 898 1951 Tib.
938 1912 982 1960 2,
1024 1913 1068 1958 1,

196 1976 273 2015 27:
306 1977 427 2014 Nune
457 1975 556 2014 milii
585 1975 766 2025 fumosos
794 1975 943 2013 veteris
966 1985 1074 2023 pro-

192 2038 294 2088 ferte
329 2038 528 2077 Falernos
568 2037 753 2077 Consulis
781 2040 818 2076 et
856 2036 953 2076 Chio
991 2035 1074 2074 sol-

194 2101 274 2140 vite
301 2101 440 2139 sinc-la
471 2100 589 2139 cacto.
627 2121 670 2126 —
706 2098 817 2149 nota]
852 2099 964 2136 «vini
997 2108 1075 2147 ge-

196 2174 277 2203 nus
324 2162 447 2202 titulo
494 2161 736 2213 amphorae
781 2161 1072 2200 indicatum.»

198 2225 368 2265 Colum.
395 2226 466 2274 12,
498 2225 570 2273 19,
604 2226 655 2263 2:
698 2235 966 2274 quaecunque
992 2223 1078 2262 ¹vini

198 2292 296 2326 nota
339 2285 659 2337 (uu'etnsorten)
697 2287 783 2324 sine
821 2287 1078 2324 condimento

197 2350 308 2389 valet
331 2359 581 2399 perennare.
624 2348 734 2387 Vide
755 2349 1002 2388 Excursum
1022 2346 1078 2386 ad

200 2411 278 2451 Od.
311 2412 357 2459 ⁵2,
391 2410 439 2458 3,
473 2411 512 2450 8.

253 2474 321 2513 25.
354 2473 421 2512 26.
474 2476 510 2512 te
549 2472 683 2522 ipsum
721 2471 958 2523 percontor]
1003 2472 1081 2513 «Ut

202 2535 447 2575 concedam
470 2546 522 2574 ex
551 2537 676 2586 parte
707 2534 821 2574 hanc
843 2536 1078 2574 mixturam

201 2597 348 2638 locum
378 2598 564 2637 fortasse
595 2596 763 2636 habere
795 2598 836 2636 in
863 2597 1080 2648 poematis

200 2660 402 2708 ludicris,
449 2660 630 2699 minime
677 2662 848 2705 tamen,
898 2660 945 2698 ut
988 2660 1079 2697 tute

202 2723 366 2763 fateare
398 2732 585 2762 necesse
608 2723 695 2767 est,
730 2720 904 2760 tolerari
935 2723 1083 2772 potest

203 2787 246 2825 in
286 2785 557 2836 argumentis
598 2783 900 2834 gravioribus,
946 2782 1082 2822 veluti

204 2848 246 2887 in
267 2847 559 2895 orationibus,
593 2856 739 2896 neque
761 2857 868 2886 vero
890 2857 969 2896 pro
991 2856 1085 2884 me-

205 2910 287 2949 rito
316 2908 461 2960 aliquo
493 2907 700 2959 singulari
739 2908 784 2948 id
823 2907 1083 2947 habendum

207 2971 288 3010 erit
307 2969 377 3009 vel
399 2970 441 3009 in
461 2969 666 3010 Lucilio.»
689 2993 733 2998 —
762 2971 1086 3010 Dura-—eausa

207 3031 349 3083 Petilli]
369 3032 507 3070 «Cum
524 3042 656 3071 causa
668 3030 811 3082 aliqua
829 3032 1084 3083 peragenda

209 3095 275 3134 951
318 3091 504 3132 difficilis
544 3103 596 3132 39
637 3104 780 3144 paene
821 3093 1082 3145 desperata,

210 3154 457 3195 cuiusmodi
488 3154 565 3193 fuit
593 3154 745 3194 Petillii
777 3155 1008 3207 Capitolini
1029 3155 1084 3194 de

209 3218 333 3258 furtis
378 3218 422 3256 in
465 3216 677 3256 iudicium
719 3219 911 3257 vocati.»
984 3217 1082 3257 Vid.

211 3280 298 3319 Sat.
331 3279 377 3327 i,
417 3278 459 3327 4,
500 3277 565 3318 94.
633 3279 711 3318 Hic
751 3289 858 3319 sane
896 3291 983 3319 non
1017 3280 1087 3318 ni-

212 3341 295 3381 mis
334 3340 576 3380 honorifice
618 3341 727 3379 dura
764 3341 858 3381 eius
898 3341 1087 3380 hominis

215 3414 346 3444 causa
376 3403 550 3442 dieitur.

268 3465 443 3505 27—30.
494 3465 655 3506 Scilicet
693 3463 920 3504 oblitus—-
942 3465 1088 3506 Latin-e

1133 970 1197 1019 (L't
1227 979 1328 1017 nos,
1375 970 1465 1007 tres
1497 966 1690 1006 Pottierii
1721 970 1764 1007 91
1792 980 1858 1020 pr.
1891 969 1952 1018 b.)

1134 1102 1236 1151 cet]
1270 1104 1408 1142 «Cum
1439 1104 1804 1154 praestantissimi
1831 1104 2008 1142 nostrae

1134 1165 1290 1204 aetatis
1312 1168 1510 1206 oratores
1534 1167 1693 1206 Pedius
1717 1168 1761 1205 ct
1781 1164 2008 1205 Messalla»

1135 1226 1260 1276 (quos
1300 1225 1350 1266 ἐν
1387 1225 1580 1285 παρόδῳ
1611 1229 1880 1268 dexterrime
1914 1226 2011 1266 lau-

1134 1288 1220 1337 dat)
1266 1290 1331 1328 «in
1371 1301 1422 1329 eo
1464 1301 1640 1329 summo
1681 1301 1815 1341 opere
1859 1288 2011 1329 elabo-

1134 1352 1253 1400 rent,
1299 1353 1347 1391 ut
1384 1363 1496 1403 puro
1535 1354 1666 1403 atque
1699 1352 1884 1402 eleganti
1916 1363 2013 1391 ser-

1134 1424 1266 1452 mone
1305 1414 1456 1453 Latino
1496 1425 1651 1454 causas
1690 1416 1838 1464 agant,
1882 1415 2009 1460 tune,

1133 1474 1294 1515 oblitus
1337 1478 1378 1515 te
1426 1477 1673 1515 Romanum
1716 1486 1839 1523 esse,
1887 1474 2014 1515 malis

1134 1538 1268 1577 etiam
1313 1538 1429 1589 apud
1480 1538 1649 1578 iudices
1693 1538 1831 1577 verba
1882 1550 2016 1589 pere-

1134 1601 1255 1650 grina
1276 1601 1429 1651 patriis
1454 1601 1738 1640 immiscere?
1768 1600 1891 1640 Adeo
1912 1599 2016 1639 siul-

1135 1665 1203 1701 tus
1236 1664 1356 1702 certe
1387 1663 1458 1701 vix
1490 1664 1598 1711 eris,
1643 1673 1745 1702 nam
1777 1673 2013 1713 compara—

1135 1727 1204 1764 tus
1236 1735 1338 1764 cum
1370 1723 1449 1764 illis
1480 1724 1534 1764 ab
1567 1724 1775 1764 omnibus
1807 1723 2014 1775 explode—

1135 1798 1280 1825 rere.»
1330 1786 1554 1827 Bentleius
1585 1787 1698 1826 coni.
1725 1798 1851 1826 suam
1875 1786 2018 1825 oblitos

1135 1850 1179 1887 91
1225 1846 1326 1888 1991.
1376 1849 1515 1887 Latini
1563 1849 1620 1887 ita
1670 1849 2013 1900 interpretatur:

1137 1910 1329 1951 «Probas
1359 1911 1497 1951 verba
1529 1913 1695 1951 Graeca
1736 1912 1896 1951 Latinis
1933 1911 2019 1950 mi-

1137 1973 1273 2020 sceri;
1308 1984 1469 2025 nempe
1499 1974 1540 2013 in
1562 1973 1766 2013 versibus
1789 1972 2016 2013 faciendis.

1138 2037 1283 2085 Rogo,
1336 2046 1390 2074 an
1436 2037 1480 2075 et
1522 2036 1564 2075 in
1609 2036 1755 2076 causis
1799 2034 2019 2085 agendis?

1139 2096 1314 2137 Scilicet
1353 2108 1456 2137 cum
1486 2098 1648 2137 Pedius
1690 2099 1734 2137 91
1772 2098 2017 2143 Corvinus,

1140 2158 1242 2198 clari
1275 2162 1496 2208 oratores,
1532 2170 1690 2199 causas
1712 2161 1859 2208 orant,
1893 2157 2021 2199 malis

1141 2233 1217 2262 eos
1256 2220 1416 2262 oblitos
1456 2223 1585 2273 patrii
1622 2222 1843 2262 sermonis
1882 2220 2021 2260 verba

1140 2286 1244 2326 foris
1285 2286 1421 2337 petita
1463 2285 1734 2325 orationibus
1774 2285 1864 2325 suis
1902 2285 2023 2324 inse-

1141 2349 1296 2387 rerestn
1329 2349 1427 2398 Ipse
1451 2350 1600 2387 tamen
1621 2346 1890 2397 ambigebat,
1916 2357 2025 2397 quo-

1143 2409 1277 2449 modo
1309 2408 1569 2460 explicanda
1599 2410 1751 2449 essent
1771 2420 1841 2447 vv.
1860 2408 2025 2458 patris-

1143 2482 1220 2521 que
1240 2472 1400 2518 Latini3
1425 2473 1599 2510 utrum:
1635 2471 1806 2510 «soceri
1826 2472 2021 2518 Aeneae,

1142 2534 1428 2573 vetustissimi
1461 2534 1591 2584 igitur
1620 2533 1758 2572 Latini
1788 2532 2022 2579 nominis3»

1144 2606 1198 2635 an
1248 2594 1496 2643 adiective,
1553 2597 1601 2634 ut
1642 2599 1768 2645 pater
1814 2596 2027 2634 Romanus

1142 2657 1261 2707 Virg.
1294 2659 1402 2697 Aen.
1437 2658 1485 2706 9,
1519 2656 1612 2697 449.
1664 2657 1830 2697 Verum
1861 2656 2027 2695 firmis-

1145 2719 1256 2759 sima
1301 2721 1478 2759 nostrae
1522 2718 1722 2759 lectionis
1764 2719 1914 2770 (quam
1953 2728 2027 2758 59-

1145 2782 1293 2832 quitur
1339 2782 1472 2821 etiam
1515 2781 1758 2821 Weichert.
1798 2781 1842 2820 in
1885 2781 2023 2820 Lectt.

1145 2845 1253 2884 Ven.
1278 2844 1318 2883 2.
1353 2855 1396 2895 p.
1430 2842 1514 2893 34.)
1548 2842 1748 2883 defensio
1779 2843 1822 2882 in
1853 2853 1905 2882 eo
1927 2843 2030 2882 niti-

1147 2908 1236 2955 tur,
1271 2905 1392 2956 quod
1413 2906 1560 2944 Latine
1578 2905 1621 2944 h.
1647 2904 1674 2944 l.
1697 2906 1882 2957 propter
1900 2915 2030 2955 prae-

1147 2968 1312 3008 cedens
1342 2979 1440 3007 voc.
1472 2968 1691 3017 patrisque
1719 2968 1762 3007 in
1793 2967 1933 3006 Latini
1963 2967 2030 3006 fa-

1148 3029 1228 3070 cile
1250 3030 1410 3070 mutari
1431 3031 1626 3081 poterat,
1661 3040 1749 3069 non
1772 3031 1926 3069 contra
1951 3030 2033 3068 La-

1147 3093 1223 3133 tini
1244 3093 1286 3131 in
1302 3092 1461 3131 Latine.
1488 3092 1579 3131 Hoc
1593 3092 1742 3130 autem
1761 3092 1865 3131 satis
1885 3090 2032 3129 firma-

1149 3157 1218 3194 tur
1234 3165 1258 3193 3
1280 3155 1431 3194 nostro
1453 3153 1561 3193 Cod.
1585 3152 1632 3202 b,
1665 3163 1689 3192 a
1712 3152 1852 3192 tribus
1872 3152 2032 3192 Pottie-

1148 3217 1222 3265 rii,
1247 3217 1291 3255 91
1307 3215 1482 3256 Codicis
1499 3214 1652 3255 Bland.
1673 3214 1901 3266 antiquiss.
1920 3212 2033 3263 glos-

1150 3289 1220 3318 sa:
1256 3288 1386 3317 «cum
1416 3277 1581 3318 sudore
1611 3278 1655 3316 et
1676 3276 1794 3316 omni
1826 3274 2030 3314 instantia

1149 3340 1299 3380 Latine
1321 3339 1500 3387 recitet,
1523 3339 1673 3378 Latine
1695 3335 1934 3389 proferat.»
1968 3338 2031 3375 Ae

1151 3403 1187 3443 si
1237 3402 1486 3442 accuratius
1534 3399 1684 3440 locum
1733 3398 2028 3447 examinaris,

1149 3463 1322 3505 videbis
1353 3464 1486 3504 etiam
1516 3460 1655 3503 multo
1685 3459 1898 3501 laxiorem
1930 3469 2032 3500 esse
