2231 3787
849 308 1063 348 HORATII
1093 309 1392 351 SATIRARUM

868 662 1217 711 SATmA
1248 663 1381 711 111.

293 791 378 844 Sic
418 807 538 842 raro
587 789 800 843 scribis,
843 798 899 841 ut
938 798 1046 841 toto
1085 805 1190 841 non
1229 795 1419 859 quater
1456 805 1594 841 anno

287 891 648 946 Membranam
687 907 903 961 poscaS,
947 890 1270 960 scriptorum
1309 905 1560 960 quaeque
1599 897 1877 953 retexenS,

325 1042 435 1081 SAT.
471 1042 537 1080 Ill.

608 1042 638 1078 t.
673 1040 741 1079 Sic
771 1051 874 1078 raro
904 1039 1046 1079 scribis
1076 1040 1161 1089 Scp
1193 1040 1237 1078 et
1268 1048 1380 1077 corr.
1414 1037 1467 1087 b,
1501 1039 1608 1078 item
1638 1039 1719 1079 LtF
1735 1051 1742 1077 :
1790 1040 1836 1080 Si
1866 1051 1970 1080 raro

267 1104 409 1143 scribis
438 1102 575 1142 Codd.
601 1100 798 1141 Blandin.
824 1104 868 1141 et
887 1112 952 1152 pr.
977 1101 1029 1149 b,
1063 1101 1108 1141 Si
1128 1112 1231 1140 raro
1251 1100 1438 1140 scribes-
1455 1123 1477 1129 -
1495 1101 1593 1150 quid
1619 1100 1720 1152 fiet?
1752 1112 1774 1141 e
1797 1101 1971 1143 duobus

266 1165 494 1206 Pulmanni
523 1163 745 1204 Bentleius
777 1166 819 1204 et
850 1165 904 1204 M.

264 1293 330 1330 111.
380 1291 498 1329 Haec
528 1290 661 1329 satira
693 1287 958 1339 colloquium
982 1299 1085 1328 con-

209 1355 312 1393 tinet
344 1355 501 1404 po'e'tae
532 1362 634 1391 cum
654 1351 942 1402 Damasippo,
976 1350 1084 1389 ridi-—

207 1414 303 1455 culo
335 1414 538 1461 homine,
573 1414 647 1464 qui
679 1424 781 1452 cum
810 1424 892 1464 per
913 1423 1084 1452 merca-

203 1482 350 1517 turam
380 1488 476 1516 rem
496 1474 757 1516 familiarem
778 1475 1083 1525 consumpsis-

204 1543 294 1582 set,
329 1538 432 1578 nihil
465 1540 552 1578 iam
581 1537 699 1577 aliud
729 1537 911 1588 agebat,
947 1547 1081 1588 quam

204 1606 249 1642 ut
288 1603 432 1641 Stoica
471 1600 612 1640 barba
655 1602 698 1640 et
735 1599 879 1640 abolla
920 1610 1082 1650 super-

202 1664 329 1703 biens
370 1662 748 1703 circumforaneus
791 1661 1081 1713 philosophus

202 1726 368 1776 ubique
418 1727 566 1765 sectae
623 1735 730 1764 suae
788 1722 1000 1763 formulas
1056 1734 1079 1761 a

202 1787 429 1835 Stertinio,
454 1788 707 1838 importuno
729 1784 972 1835 aretalogo,
997 1783 1080 1824 sibi

203 1849 384 1889 traditas
429 1849 701 1888 decantaret.
783 1849 910 1888 Hunc
952 1848 1082 1897 igitur

201 1912 521 1963 Damasippum
568 1910 737 1950 inducit
793 1912 923 1961 poeta
972 1910 1079 1961 ipsis

203 1973 505 2014 Saturnalibus
536 1974 579 2013 in
608 1972 756 2013 villam
787 1972 995 2012 Sabinam
1026 1974 1082 2011 ir-

201 2040 407 2076 ruentem
452 2038 493 2075 et
545 2035 833 2076 acerbissima
888 2046 965 2076 sua
1009 2034 1079 2075 vel

200 2099 346 2149 potius
396 2099 586 2138 Stertinii
634 2099 828 2149 magistri
882 2099 1078 2138 oratione

203 2164 343 2201 totum
373 2172 513 2212 genus
534 2161 803 2209 humanum,
837 2161 991 2201 Stoicis
1013 2171 1080 2201 sa-

201 2223 424 2275 pientibus
466 2224 685 2274 exceptis,
733 2222 964 2272 stultitiae,
1013 2225 1080 2262 at-

202 2299 287 2338 que
319 2287 431 2326 adeo
471 2297 524 2325 ex
562 2288 732 2326 Stoicae
773 2285 1079 2337 philosophiae

201 2349 444 2389 rationibus
462 2349 654 2388 insaniae
674 2350 946 2398 arguentem.
972 2349 1079 2386 ZELL

202 2424 254 2451 ex
286 2412 558 2451 Hssixnonrlo.
614 2411 799 2461 (Scripta
830 2421 929 2450 esse
960 2410 1081 2449 vide-

203 2478 271 2513 tur
302 2475 344 2512 in
380 2472 478 2512 villa
518 2473 684 2512 Horatii
722 2472 883 2512 Sabina
923 2483 1077 2513 mense

202 2535 440 2576 Decembri
470 2546 508 2574 a.
543 2546 585 2574 u.
610 2536 719 2585 722¹.)

258 2599 294 2636 4.
356 2598 424 2637 Sic
468 2608 571 2636 raro
617 2597 783 2648 scribis]
827 2596 1078 2637 Bentleiana

203 2659 330 2698 lectio
361 2660 405 2698 Si
436 2670 536 2698 raro
566 2659 734 2707 scribes,
772 2681 790 2686 -
809 2681 826 2686 -
853 2660 952 2708 quid
977 2658 1080 2710 fiet?

203 2722 287 2761 hoc
319 2721 541 2760 commodi
584 2721 741 2764 habet,
790 2721 909 2772 quod
953 2732 1079 2760 amo-

203 2786 330 2822 xetur
373 2782 547 2822 licentia
594 2782 688 2833 syll.
724 2783 782 2822 bis
825 2795 905 2834 pro
950 2782 1077 2835 longa

204 2847 436 2895 usurpata,
490 2844 567 2883 sed
624 2845 978 2895 languidissimus
1032 2845 1080 2883 fit

203 2917 370 2949 sermo.
420 2909 460 2945 et
499 2908 714 2946 correctio
752 2907 900 2946 scribes
937 2907 991 2946 ab
1025 2918 1077 2945 eo

203 2968 399 3019 profecta
430 2968 626 3008 xidetur.
668 2970 739 3019 qui
773 2972 914 3008 metro
948 2969 1079 3008 timc-

203 3033 284 3069 ret.
321 3029 624 3080 ‚'«Ple1·u1nque
647 3031 827 3081 quidem
848 3032 959 3070 haec
980 3043 1080 3082 pro-

204 3092 349 3131 ductio
382 3093 422 3131 in
457 3095 612 3142 quarto
651 3093 892 3133 hexametri
936 3093 1074 3144 pede,

203 3153 423 3192 interdum
464 3157 610 3193 tamen
652 3155 783 3193 ctiam
826 3156 864 3194 in
896 3154 1076 3204 reliquis

206 3216 438 3255 occurrit.»
462 3217 576 3254 hiis.
613 3216 706 3254 vid.
732 3218 817 3255 Sat.
845 3218 890 3264 Ξ,
915 3218 960 3264 Ξ,
995 3217 1075 3266 47.)

1149 1298 1202 1326 ex
1231 1286 1302 1326 tali
1334 1287 1503 1327 desidia
1525 1288 1740 1327 oriturum
1762 1288 1829 1328 sit.
1892 1290 2026 1329 Prae-

1146 1352 1269 1390 terea
1308 1351 1473 1402 optime
1515 1349 1598 1390 sibi
1642 1350 1917 1401 respondent
1957 1351 2028 1391 Sic

1145 1416 1375 1460 raro-ut,
1420 1423 1523 1451 cum
1560 1414 1603 1451 in
1644 1412 1790 1452 media
1830 1412 2025 1454 clausula

1144 1485 1364 1526 perquam
1394 1474 1504 1514 dura
1535 1474 1591 1514 sit
1620 1474 1800 1514 omissio
1829 1475 2026 1526 particu—

1145 1536 1212 1576 lae
1244 1538 1359 1576 adeo.
1423 1537 1622 1587 (Defendi
1650 1540 1804 1589 posset
1824 1549 1878 1578 ex
1897 1539 2026 1578 Bent-

1144 1598 1216 1638 leii
1237 1600 1456 1639 sententia
1478 1600 1611 1639 etiam
1641 1600 1753 1639 haec
1773 1599 1923 1640 lectio:
1955 1600 2025 1639 Sic

1143 1673 1246 1700 raro
1276 1662 1450 1711 scribes,
1473 1666 1519 1701 ut
1533 1684 1614 1691 ---
1629 1661 1788 1701 canas?
1810 1663 1917 1713 Quid
1932 1661 2026 1714 fiet?

1143 1725 1310 1764 Verum
1349 1725 1392 1763 in
1433 1726 1620 1775 utraque
1663 1725 1832 1764 ratione
1864 1737 1889 1764 a
1928 1725 2025 1765 Bri-

1144 1789 1278 1826 tanno
1306 1787 1535 1838 proposita
1566 1786 1711 1826 futuro
1741 1786 1867 1826 verbi
1909 1788 2025 1826 tem-

1143 1860 1251 1901 pore
1282 1849 1412 1889 nimis
1452 1848 1613 1888 lenitur
1641 1849 2020 1901 reprehensionis,

1144 1923 1258 1963 quae
1276 1912 1318 1950 in
1333 1913 1559 1963 praesenti
1582 1912 1715 1960 inest,
1751 1911 2021 1961 acrimonia.)

1198 1974 1290 2015 2-4.
1337 1975 1641 2027 Membranam]
1686 1976 1755 2016 «in
1793 1986 1927 2027 quam
1969 1986 2024 2015 ex

1144 2036 1315 2076 tabellis
1337 2038 1478 2077 cereis
1499 2036 1568 2077 vel
1586 2038 1719 2079 etiam
1734 2038 2023 2090 palimpsesto

1142 2099 1437 2140 transscribas
1469 2100 1630 2151 scripta
1664 2102 1780 2139 tua.»
1825 2122 1870 2128 —
1912 2104 2022 2140 rete—

1141 2162 1259 2210 oeens]
1285 2172 1351 2212 pr.
1379 2161 1539 2201 «telam
1561 2161 1839 2212 resolvens,»
1872 2162 1916 2202 id
1937 2164 2019 2211 est,

1145 2234 1286 2274 «quae
1331 2224 1476 2264 minus
1518 2227 1641 2264 recte
1682 2225 1914 2277 scripsisse
1943 2224 2023 2264 tibi

1142 2286 1328 2335 videris,
1363 2285 1517 2326 delens
1548 2297 1600 2326 ac
1621 2286 1769 2327 denuo
1792 2286 2020 2328 elimans.»

1143 2349 1303 2389 Mirum
1335 2350 1402 2389 est
1431 2347 1563 2399 gloss.
1588 2349 1632 2388 in
1664 2349 1801 2389 Codd.
1827 2348 1929 2401 aliq.
1951 2361 2022 2390 re-

1142 2421 1317 2450 censens.
1356 2434 1400 2440 —
1440 2412 1579 2450 Iratus
1621 2411 1693 2451 tibi
1737 2413 1841 2462 cet.]
1887 2411 2023 2452 «tibi-

1143 2476 1236 2514 met
1275 2474 1358 2525 ipsi
1397 2484 1694 2524 succensens,
1742 2475 1862 2526 quod
1891 2475 2022 2515 nimis

1143 2536 1271 2586 genio
1310 2535 1563 2586 indulgens,
1609 2539 1768 2588 potans
1807 2539 1939 2588 atque
1977 2538 2021 2577 in

1143 2598 1262 2637 diem
1293 2598 1544 2647 dormiens,
1582 2598 1683 2638 nihil
1716 2600 1802 2638 iam
1833 2610 2020 2651 compo-

1144 2670 1223 2699 nas
1254 2659 1457 2710 dignum,
1505 2660 1560 2699 de
1592 2671 1680 2710 quo
1710 2661 1915 2702 homines
1954 2661 2021 2701 lo-

1143 2723 1335 2772 quantur
1378 2717 1534 2772 (οῧόὲν
1563 2718 1709 2775 λόγου
1739 2716 1937 2774 agnovi»
1972 2745 2017 2752 —

1139 2784 1226 2822 vini
1253 2784 1465 2832 somnique
1493 2783 1703 2835 beniqnus]
1736 2785 1798 2823 De
1829 2786 2020 2834 genitivo

1143 2856 1354 2896 compara
1398 2844 1550 2885 similis
1600 2846 1788 2886 notionis
1833 2846 2020 2887 adiecti-

1142 2919 1247 2948 vum
1282 2908 1486 2958 prodigus
1524 2908 1660 2959 Epist.
1695 2909 1742 2957 4,
1783 2909 1828 2958 7,
1867 2908 1933 2950 42.
1971 2933 2015 2938 —

1140 2971 1191 3009 At
1218 2970 1330 3021 ipsis]
1365 2972 1465 3019 «At,
1497 2972 1545 3008 ut
1575 2972 1620 3009 tu
1651 2970 1781 3020 (licis,
1815 2972 2019 3012 Saturna-

1141 3031 1255 3072 libus
1305 3032 1409 3083 ipsis
1459 3033 1546 3071 huc
1594 3032 1763 3083 fugisti,
1810 3035 1858 3073 ut
1900 3045 2017 3075 nunc

1110 3135 1111 3138 ,
1142 3093 1298 3134 saltem
1329 3095 1478 3134 nescio
1510 3094 1614 3145 quid
1645 3095 1829 3146 perfecti
1863 3095 2018 3136 elabo-

1142 3166 1227 3195 res.
1290 3157 1468 3206 Utique,
1515 3156 1594 3196 sed
1639 3155 1742 3195 nihil
1773 3157 1892 3208 quod
1920 3156 2017 3198 lau-

1142 3218 1245 3257 dem
1267 3221 1516 3265 mereatur,
1551 3219 1696 3258 adhuc
1715 3219 2014 3270 praestitisti.»

205 3280 364 3317 Contra
398 3278 437 3316 in
470 3279 615 3317 nostra
648 3279 813 3317 ratione
846 3278 1078 3329 Damasip-
1142 3280 1262 3318 Hanc
1284 3291 1400 3319 nunc
1421 3279 1657 3320 lectionem
1678 3279 1887 3332 praetuli,
1918 3291 2018 3332 par-

203 3351 284 3390 pus
316 3341 509 3390 primum
541 3340 776 3391 exprobrat
809 3342 985 3380 Horatio
1018 3341 1077 3379 in-

205 3400 477 3441 tolerabilem
527 3401 862 3452 negligentian];
916 3402 1075 3442 deinde

206 3463 351 3510 brevi,
388 3464 465 3503 scd
507 3464 595 3503 acri
626 3465 964 3515 interrogatione
997 3467 1075 3516 ipsi
1108 3479 1110 3515 g

207 3525 545 3575 expendendum
577 3527 805 3578 proponit,
841 3526 943 3577 quid
975 3525 1074 3566 mali
1107 3528 1110 3564 ἶ

1143 3342 1217 3380 tim
1249 3342 1382 3381 ctiam
1403 3343 1585 3392 propter
1605 3342 1912 3381 auctoritatem
1929 3342 2016 3382 Co-

1141 3403 1249 3443 dicis
1267 3402 1462 3443 Blantlin.
1482 3403 1788 3454 antiquissimi,
1812 3403 1886 3453 qui
1907 3413 2014 3442 sane

1141 3465 1313 3504 xidctur
1342 3466 1455 3504 inter
1483 3464 1886 3516 praestantissimos
1907 3463 2015 3504 fuis-

1140 3538 1201 3566 se.
1262 3527 1408 3567 Altera
1439 3530 1587 3568 autem
1617 3527 1766 3575 lec-tim
1814 3526 1868 3566 ab
1901 3527 2014 3578 opti-
