2231 3787
250 283 351 335 368

321 411 565 466 Herculis
606 411 672 464 ad
712 419 919 481 postem
958 409 1075 462 fixis
1114 408 1238 462 latet
1278 407 1491 460 abditus
1531 424 1685 477 agro,

851 281 1064 322 HORATII
1094 279 1460 321 EPISTOLARUM

2029 406 2059 455 Ut

322 516 397 567 Nc
438 512 694 584 populum
735 520 972 564 extrema
1011 510 1165 562 toties
1205 517 1391 562 exoret
1427 525 1605 562 arena.

326 616 416 668 Est
454 613 580 667 mihi
620 620 898 684 purgatam
938 609 1129 664 crebro
1168 609 1259 680 qui
1301 617 1556 680 personet
1594 625 1805 663 aurem:

363 767 401 805 6.
435 765 578 805 totiens
606 761 737 803 bScd.

252 893 341 931 Non
375 894 489 929 aetas
519 888 683 935 eadem,
728 897 811 925 non
839 895 973 931 mens,
1022 894 1126 924 cum
1189 896 1261 940 ρις
1285 877 1550 924 Ἐνυαλίου.
1600 884 1699 935 Ipse
1737 884 1940 925 Horatius
1979 883 2065 925 mi—

254 958 295 993 in
326 956 578 992 ceterorum
610 949 763 989 ordine
794 948 914 988 notio
949 947 1124 999 praeci-
1190 945 1278 985 litia
1310 945 1453 986 fessus
1485 945 1563 986 Od.
1587 945 1635 994 3,
1669 945 1743 995 26,
1776 945 1815 986 3.
1848 957 1974 986 arma
1992 947 2066 987 de—

254 1027 339 1068 pua
369 1015 529 1060 eadem,
576 1015 623 1051 ut
667 1011 821 1059 decet,
868 1009 1123 1061 praecedat.

258 1101 300 1105 —
333 1075 459 1126 mens]
490 1085 598 1113 non:
641 1072 827 1124 «ingenii
855 1072 972 1119 visp)
1019 1071 1125 1111 sed:

256 1138 482 1178 «voluntas
504 1136 810 1188 studiumque,
835 1132 1023 1187 γνώμη,
1046 1134 1130 1184 qei-

253 1203 353 1253 stigye
373 1201 656 1250 Stetmmunqm
687 1200 737 1237 ut
765 1199 887 1237 recte
917 1198 1125 1236 Diintzer.

254 1263 332 1304 Od.
357 1263 400 1311 4,
436 1263 509 1311 10,
543 1262 590 1299 7:
638 1261 752 1310 Quae
780 1270 891 1299 mens
920 1263 976 1298 est
995 1258 1127 1306 hodie,

254 1338 330 1366 cur
349 1326 491 1366 eadem
519 1335 599 1363 non
625 1334 759 1372 puero
787 1321 898 1372 fuit?
935 1345 978 1349 —
1012 1320 1132 1360 Veia-

254 1391 360 1439 nius]
395 1388 654 1435 «Veianius,
704 1386 860 1426 nobilis
891 1384 1127 1436 gladiator,

256 1456 355 1505 post
376 1451 534 1492 multas
550 1449 720 1501 palmas
737 1447 1007 1489 consecratis
1025 1447 1132 1485 Her-

256 1514 342 1556 culi
373 1512 581 1554 Fundano
615 1511 745 1563 (apud
775 1509 949 1550 Fundos
980 1510 1023 1548 in
1049 1510 1132 1547 La-

257 1579 314 1617 tio
345 1574 489 1616 culto:
535 1576 673 1614 Inscr.
708 1584 766 1612 m.
797 1574 891 1617 Lat.
919 1574 968 1612 N.
995 1569 1130 1619 4539.)

257 1640 391 1679 armis
422 1637 602 1677 tandem
641 1636 685 1675 in
715 1634 905 1686 agellum
945 1645 992 1674 se
1025 1644 1133 1673 con-

258 1701 394 1742 tulit.»
440 1702 646 1739 PORPHYR.
693 1699 862 1737 Vitrux.
884 1698 928 1746 1,
994 1697 1134 1736 :Hei-

258 1765 359 1813 culi,
405 1764 447 1801 in
480 1761 625 1811 quibus
661 1759 894 1799 cunalibus
921 1730 1004 1798 ynon
1040 1762 1135 1797 sunt

257 1825 481 1877 gymnasia
523 1834 652 1872 neque
695 1822 1027 1871 amphitheatra,
1078 1820 1133 1859 ad

258 1889 413 1928 circum
447 1885 605 1936 (aedes
644 1883 959 1932 exstruantur).
1021 1883 1133 1921 Her-

259 1951 369 1999 culi,
425 1951 473 1988 ut
520 1947 774 1987 nominatur
821 1946 864 1985 in
912 1946 1131 1995 Inscriptt.

261 2015 589 2055 CoxsERvArom.
650 2010 902 2048 DEFExsoni.
963 2009 1135 2046 SALvu-

261 2086 398 2123 riano„
446 2072 679 2112 dedicasse
722 2070 898 2109 videtur
941 2068 1135 2120 gladium

261 2137 488 2178 Veianius:
535 2143 638 2172 nam
677 2131 939 2183 gladiatores
975 2132 1137 2170 Roma-

262 2211 342 2240 nos
363 2200 410 2238 ut
431 2195 539 2236 tales
561 2196 603 2234 in
626 2193 824 2234 Herculis
846 2191 979 2232 tutela
1002 2192 1134 2232 fuisse

263 2260 380 2302 nullo
411 2262 531 2300 certo
572 2257 822 2297 testimonio
860 2255 1028 2294 firmari
1061 2265 1138 2305 po-

263 2326 365 2364 test.
426 2323 489 2361 De
534 2318 707 2359 athletis
748 2318 930 2369 quidem
961 2317 1137 2357 Graecis

262 2387 400 2426 Varro
423 2385 464 2423 in
485 2381 714 2423 Eumenid.
734 2391 805 2432 ap.
829 2381 938 2420 Non.
962 2391 1006 2431 p.
1031 2379 1133 2419 528:

264 2450 332 2488 Ea:
369 2444 727 2486 his—-t'nstitutis
767 2454 817 2482 ac
852 2443 941 2481 vita
978 2442 1042 2481 vel
1084 2442 1139 2480 ad

263 2509 450 2551 Herculis
492 2507 606 2545 athla
642 2505 819 2544 athletae
861 2504 963 2554 facti
1002 2507 1136 2543 erant.

266 2575 475 2613 Ceterum
517 2569 777 2620 saepissime
822 2567 865 2606 in
908 2567 1140 2618 Epigram-

265 2635 394 2674 matis
443 2632 604 2671 artium
645 2640 784 2681 prope
828 2629 1028 2668 omnium
1071 2628 1140 2667 in-

266 2697 511 2738 strumenta
557 2693 623 2733 dis
665 2692 926 2732 dedicantur
967 2690 1021 2730 ab
1063 2691 1135 2739 iis,

268 2760 343 2810 qui
372 2760 515 2798 artem
544 2754 775 2796 desinendi
805 2752 1033 2794 consilium
1063 2764 1140 2793 ce-

268 2822 441 2872 perunt.
502 2819 570 2858 Sic
598 2817 776 2858 Anthol.
800 2814 887 2855 Pal.
910 2817 941 2855 Ι.
964 2826 1009 2866 p.
1032 2814 1135 2854 2⁴6:

263 2878 517 2939 Αρπαλὶων
547 2875 574 2918 ὁ
606 2876 836 2948 πρέσβυς,
878 2872 905 2915 ὁ
937 2874 1028 2926 πᾶς
1058 2871 1139 2931 ῥυ-

269 2946 363 2993 τίς,
425 2937 635 2982 οὑπιὶινε
614 2917 774 2992 ευτής,
834 2935 979 2978 Τόνόε
1037 2938 1141 2995 παρ’

264 3001 458 3062 H9az).c
447 3007 486 3042 ῐ
524 3001 647 3055 θῆκέ
684 2997 868 3054 μετὸν
908 2997 1137 3052 σιβύνην,

266 3063 345 3106 Ἐκ
385 3059 562 3105 :conob
604 3062 684 3103 πλε
673 3060 831 3113 ιῶνος
861 3061 940 3103 εἴτε
927 3063 961 3103 ὶ
989 3059 1142 3119 βάρος

272 3124 432 3170 οὐκέτι
475 3140 528 3175 χε
516 3130 601 3184 [95
581 3139 628 3176 eg
654 3120 800 3166 37εΕσθ
788 3137 911 3174 νον,
959 3125 1024 3175 εἰς
1063 3137 1141 3164 κε-

271 3187 434 3243 φαλὴν
476 3187 511 3228 ὁ
553 3165 703 3240 ἤλυθε
750 3186 1048 3244 2ευκοτέρην.
1094 3198 1138 3239 p.

271 3253 373 3294 244:
418 3247 560 3302 Δέξαι
591 3250 658 3301 μ’,
686 3244 952 3320 Ἡράκλεις,
987 3244 1117 3306 Αρχε
1120 3272 1143 3279 -

274 3311 480 3372 στράτου
513 3313 550 3352 ic
538 3308 640 3369 ρὸν
666 3287 838 3359 ὅπλον,
857 3305 1014 3367 'Ocp9a
1034 3312 1143 3351 ποτὶ

274 3376 321 3430 ξε
303 3374 445 3418 εστὰν
475 3370 696 3415 παστάδα
733 3386 785 3412 κε
773 3342 927 3425 κ2.ιαε’
930 3386 1008 3421 να,
1050 3373 1143 3426 Γη-

275 3438 421 3504 ρα2.εά
467 3437 564 3478 vae)
562 3437 727 3489 ’θοιιιι,
788 3434 916 3489 χορῶ
966 3431 1144 3477 ἀίουσα

277 3502 353 3541 καὶ
390 3498 563 3541 ἱιιιων·
591 3495 717 3557 ’Λρκς
705 3499 803 3540 ίτω
836 3495 1036 3555 στυγερὰ
1068 3496 1146 3550 δῆ-

1187 1008 1456 1058 sanctumque
1484 1007 1584 1048 bello
1603 1007 1804 1047 Barbiton
1834 1008 1889 1048 ad
1918 1009 2067 1049 Vene-

1190 1071 1250 1110 ris
1289 1071 1507 1121 parietem
1546 1069 1712 1110 fixurus
1753 1072 1834 1110 est.
1880 1094 1925 1099 —
1967 1071 2068 1111 latet

1191 1132 1367 1183 abditus]
1413 1132 1642 1172 Summam
1685 1130 1967 1172 solitudinem
2005 1133 2068 1173 si-

1192 1193 1386 1245 gnificat,
1420 1194 1463 1233 in
1494 1204 1628 1245 quam
1657 1193 1727 1234 ille
1759 1195 1965 1235 causatus
1995 1193 2070 1234 ali-

1193 1256 1298 1307 quid
1328 1255 1448 1296 velut
1482 1256 1582 1306 fuga
1613 1258 1739 1307 capta
1761 1267 1809 1296 se
1831 1256 2065 1297 abdiderit.

1194 1317 1401 1358 Similiter
1423 1319 1578 1358 Cicero
1599 1320 1757 1358 Accus.
1781 1319 1839 1367 2,
1860 1319 1932 1368 73,
1967 1319 2038 1359 181
2058 1331 2066 1357 ;

1194 1381 1335 1420 omnia
1373 1381 1434 1419 ita
1472 1381 1640 1420 condita
1678 1381 1804 1431 fuisse
1842 1385 1968 1429 atque
2001 1377 2070 1420 ’ita

1195 1443 1365 1483 abdite
1394 1443 1620 1483 latuisse.
1673 1441 1826 1483 Tibull.
1851 1444 1897 1492 2,
1922 1443 1968 1492 3,
1993 1444 2065 1483 65:

1193 1507 1318 1545 Haud
1345 1505 1513 1555 impune
1542 1506 1633 1545 licet
1660 1506 1865 1556 formosas
1888 1505 2072 1545 tristibus

1196 1570 1312 1620 ayt-is
1338 1569 1507 1608 Abdere.
1545 1591 1589 1598 -
1621 1570 1683 1608 Ne
1703 1568 1804 1620 cet]
1838 1570 1913 1610 «Ut
1934 1571 2070 1608 totam

1196 1643 1291 1671 rem
1333 1630 1473 1672 semel
1513 1631 1727 1681 transigat
1763 1642 1847 1671 nec
1883 1631 2071 1671 fortasse

1197 1695 1252 1735 de
1283 1696 1452 1746 integro
1482 1696 1526 1735 in
1548 1706 1730 1735 arenam
1750 1695 1951 1735 revocari
1975 1697 2071 1746 ipse

1197 1769 1245 1798 se
1275 1758 1466 1809 patiatur
1494 1756 1645 1809 populi
1681 1756 1839 1809 plausu
1867 1756 1937 1797 vel
1974 1767 2073 1796 ma-

1197 1831 1281 1871 gno
1313 1821 1647 1860 auctoramento
1683 1819 1933 1860 inductus.»
1984 1819 2070 1860 Cfr.

1196 1884 1374 1922 Sueton.
1398 1881 1490 1921 Tib.
1514 1882 1561 1921 7:
1594 1883 1748 1922 Munus
1771 1882 2073 1933 yladiatoriwm

1196 1966 1215 1973 -
1231 1967 1250 1973 -
1269 1944 1400 1992 dedit,
1423 1965 1441 1972 -
1459 1966 1478 1972 -
1496 1944 1702 1983 rudiariis
1730 1955 1892 1994 quoque
1911 1943 2076 1994 quibus-

1198 2007 1297 2045 dam
1338 2006 1541 2045 revocatis
1582 2010 1895 2046 auctoramento
1937 2010 2076 2046 cente-

1197 2080 1299 2108 num
1326 2068 1501 2107 milium.
1537 2090 1583 2096 —
1624 2072 1813 2108 extrema
1830 2090 1855 2098 -
1873 2091 1896 2098 -
1917 2069 2072 2121 arena]

1200 2134 1320 2171 stans
1351 2131 1406 2170 ad
1438 2130 1712 2182 crepidinem
1743 2131 1870 2179 Circi,
1904 2142 1940 2171 s.
1965 2142 2074 2182 pro-

1198 2195 1314 2233 xime
1340 2193 1545 2245 podium,
1578 2192 1654 2232 ubi
1676 2195 1802 2232 erant
1821 2193 1950 2244 primi
1970 2203 2077 2244 spe-

1201 2258 1391 2296 ctatores
1422 2257 1466 2294 et
1494 2256 1684 2294 maxime
1715 2254 1919 2294 honorati
1947 2255 2071 2306 prin-

1202 2321 1323 2370 cipes
1368 2318 1567 2357 civitatis.
1618 2340 1662 2345 —
1710 2318 1846 2367 toties]
1895 2328 2074 2369 «neque

1201 2382 1321 2421 idem
1356 2380 1561 2419 frustra.»
1621 2379 1803 2430 Optimis
1834 2380 1954 2419 enim
1983 2380 2078 2430 qui-

1201 2443 1375 2494 busque
1407 2441 1721 2493 gladiatoribus
1750 2444 1934 2493 propter
1961 2441 2076 2481 hanc

1201 2507 1344 2558 ipsam
1387 2504 1704 2556 praestantiam
1742 2503 1960 2544 difficilius
1999 2515 2077 2544 ru-

1202 2569 1307 2608 dem
1337 2567 1444 2607 dare
1473 2565 1675 2618 popellus
1705 2565 1897 2616 solebat,
1933 2566 2076 2606 donec

1200 2629 1410 2682 precibus
1439 2628 1640 2679 fatigatus
1670 2628 1849 2668 tandem
1878 2628 2079 2669 vincere-

1201 2695 1287 2732 tur.
1346 2693 1639 2742 Nequaquam
1675 2689 1870 2741 loquitur
1897 2689 1953 2730 de
1983 2689 2078 2742 gla-

1203 2754 1372 2793 diatore
1404 2753 1577 2801 saucio,
1609 2752 1746 2792 vitam
1775 2763 1799 2791 a
1819 2751 1984 2804 populo
2005 2764 2079 2794 ex-

1204 2816 1379 2863 orante,
1412 2815 1461 2853 ut
1489 2812 1582 2854 aliis
1603 2814 1748 2854 visum
1778 2816 1846 2854 est
1874 2826 1962 2855 non
1982 2816 2078 2856 ani-

1204 2875 1607 2925 madvertentibus,
1641 2877 1815 2927 signum
1845 2877 1929 2916 hoc
1958 2877 2078 2917 futu-

1204 2949 1304 2978 rum
1352 2937 1486 2978 fuisse
1530 2937 1623 2978 vilis
1667 2937 1917 2990 gladiatoris
1962 2940 2081 2980 toties

1203 3002 1339 3040 vitam
1377 3001 1613 3052 precaturi.
1680 3002 1820 3040 Immo
1859 3011 2078 3053 perquam

1204 3063 1434 3115 probabile
1466 3064 1556 3112 est,
1603 3062 1722 3113 quod
1762 3062 1894 3103 tradit
1933 3064 2080 3103 Acron

1207 3129 1251 3166 et
1280 3127 1452 3166 Comm.
1487 3125 1692 3175 Cruquii:
1739 3125 1873 3173 «Quia
1912 3123 2079 3176 gladia-

1206 3190 1326 3229 tores
1354 3188 1534 3240 petituri
1562 3186 1722 3227 rudem
1742 3197 1793 3226 ex
1815 3186 1963 3226 media
1984 3197 2081 3227 are-

1206 3261 1261 3291 na
1293 3250 1621 3291 consueverunt
1649 3260 1696 3289 se
1718 3248 1774 3288 ad
1804 3248 2079 3300 crepidinem

1209 3313 1322 3353 Circi
1343 3312 1399 3351 ita
1422 3311 1622 3351 conferre
1644 3310 1890 3361 proximos,
1913 3312 1960 3350 ut
1978 3320 2081 3361 pos-

1207 3377 1307 3415 sent
1345 3372 1558 3425 populum
1587 3373 1698 3412 tristi
1734 3370 1855 3411 voltu
1883 3370 2077 3412 velocius

1209 3446 1406 3476 exorare.
1467 3433 1620 3474 Stabat
1643 3435 1792 3473 autem
1814 3432 2001 3485 populus
2021 3433 2077 3472 ad

1207 3498 1409 3550 podium,
1443 3496 1560 3537 unde
1593 3496 1683 3536 sere
1715 3494 1967 3547 spectabat,
2000 3493 2079 3534 ibi-
