2231 3787
225 235 326 287 2022

296 364 547 419 Offendet
584 364 756 419 solido
787 407 796 418 .
828 408 838 418 .
872 408 881 418 .
913 408 921 418 .

294 466 572 520 Dissentis.

296 566 404 621 Sed
441 576 618 621 tamen
655 576 713 620 ut
748 568 979 621 monitus
1018 583 1238 626 caveaS‚
1279 583 1346 619 ne
1383 565 1518 619 forte
1556 566 1736 636 negoti

863 236 1076 277 lIORATII
1106 236 1406 279 SATIRARUM

964 366 1064 419 nisi
1104 364 1235 436 quid
1274 372 1358 428 111,
1399 363 1555 418 docte
1595 364 1829 427 Trebati,

650 466 914 537 Equidem
951 466 1079 518 nihil
1116 466 1239 519 hinc
1277 464 1558 518 diffindere
1596 482 1835 536 possum.

1970 566 2038 617 80

296 668 517 722 Incutiat
554 668 645 722 tibi
683 668 815 739 quid
853 676 1157 722 sanctarum
1195 667 1404 720 inscitia
1441 667 1642 738 legum:

333 864 396 903 78.
433 864 607 913 offendit
637 864 678 902 S.
723 887 766 891 —
811 864 875 903 79.
910 863 973 902 hic
1004 863 1091 902 LCt
1121 863 1165 902 et
1193 862 1417 902 Heindorf.

285 949 327 952 —
369 926 582 975 diffindere
627 924 766 964 Codd.
800 924 900 975 aliq.
935 925 1047 964 Feae
1092 925 1137 964 et
1178 924 1393 973 Pottierii‚
1442 925 1583 964 LCtF:

1486 862 1673 913 (Habent
1709 862 1803 902 hinc
1833 862 1982 914 bScp.)

1641 925 1829 976 diffidere
1872 936 1896 964 0
1941 926 1984 964 01

279 987 365 1026 duo
397 987 611 1031 Pottierii.
660 988 876 1037 diffingere
903 986 963 1026 bS
995 988 1040 1026 01
1081 988 1290 1037 quattuor
1332 987 1552 1036 Pottierii,
1598 987 1705 1027 item
1746 985 1983 1034 Bentleius,

281 1048 492 1088 Heindorf
518 1051 561 1088 et
591 1049 676 1097 MJ,
710 1049 941 1099 defringere
972 1048 1080 1088 Cod.
1115 1048 1296 1099 Cruquii
1325 1049 1553 1088 Tonsanus
1585 1050 1629 1088 et
1660 1047 1874 1089 Wieland.
1910 1046 1988 1098 (his

276 1111 462 1161 diffidere
492 1109 674 1151 Bentleii
704 1110 837 1150 dubia
870 1110 1096 1162 suspicio.)
1134 1133 1173 1140 —
1211 1110 1278 1150 80.
1310 1110 1369 1162 ut]
1401 1111 1444 1150 id
1474 1110 1581 1151 Cod.
1614 1112 1744 1152 Tons.

223 1282 382 1322 frustra
413 1292 485 1321 me
516 1292 805 1333 aggressurus
827 1283 924 1322 sit.»
953 1303 996 1311 —-
1019 1282 1099 1320 nisi

222 1345 320 1394 quid
350 1344 406 1395 tu]
451 1345 595 1384 «Haec
625 1346 747 1392 sunt,
787 1355 901 1394 quae
933 1343 988 1383 de
1023 1354 1097 1383 me

220 1407 537 1458 propositoque
568 1417 669 1446 meo
700 1405 848 1446 dicere
880 1417 1020 1458 queo;
1056 1407 1100 1445 et

222 1469 329 1508 mihi
358 1468 514 1507 videor
543 1479 647 1508 vere
680 1479 732 1508 ac
762 1469 885 1507 recte
924 1467 1098 1507 locutus

223 1541 343 1579 esse,
378 1531 459 1570 nisi
488 1530 598 1570 sorte
623 1532 668 1569 tu
698 1530 740 1569 in
771 1530 855 1569 hoc
876 1528 1004 1569 illove
1026 1528 1100 1568 ali-

222 1594 290 1630 ter
319 1593 479 1640 sentis,
514 1592 557 1630 id
588 1590 707 1642 quod
738 1592 846 1630 mihi
877 1591 998 1631 dicas
1025 1602 1100 1630 ve-

221 1652 318 1701 lim,
352 1656 418 1702 ut,
443 1654 479 1693 si
499 1655 572 1692 tua
594 1654 812 1693 sententia
832 1654 981 1693 verior
1000 1654 1096 1702 erit,

223 1726 326 1765 ego,
371 1717 419 1754 ut
455 1726 535 1766 par
574 1718 661 1764 est,
709 1715 787 1755 tibi
817 1726 991 1755 morem
1021 1726 1100 1765 ge-

222 1788 361 1817 ram.»
415 1779 477 1818 Cf.
505 1778 631 1818 Hand
661 1779 786 1818 Turs.
811 1780 841 1817 Ι.
866 1789 909 1829 p.
932 1777 1027 1817 259.

275 1839 343 1878 79.
388 1840 481 1878 hinc
521 1840 748 1891 diffindere]
792 1841 915 1879 Hanc
943 1839 1101 1880 100110-

223 1912 328 1941 nem
350 1904 529 1941 tuentur
544 1904 689 1941 Acron
713 1903 756 1941 et
774 1902 945 1941 Comm.
963 1901 1098 1952 Cruq.

224 1964 286 2003 sic
309 1962 602 2015 explicantes:
639 1964 910 2012 «infirmare,
945 1964 1100 2004 contra

223 2026 395 2073 dicere,
445 2029 489 2066 et
529 2027 613 2066 1100
648 2026 880 2066 Trebatius
911 2036 1102 2077 respon-

224 2089 312 2129 det.
373 2089 482 2129 Iuris
502 2089 640 2128 verbo
671 2099 779 2128 usus
802 2090 882 2128 est.
920 2089 1103 2127 Praetor

224 2151 342 2190 enim
375 2150 523 2190 dicere
555 2150 753 2190 solebat:
799 2151 875 2189 Hic
914 2150 998 2188 dies
1027 2149 1105 2200 dif-

220 2214 341 2263 fissus
359 2217 483 2251 esto.»
519 2212 604 2251 Cfr.
623 2213 711 2251 XII.
738 2210 888 2251 Tabul.
913 2212 1101 2251 Dirksen

223 2285 265 2325 p.
290 2275 383 2313 725.
431 2276 479 2314 A.
505 2272 609 2313 Gell.
636 2273 708 2322 44,
732 2275 779 2322 2,
815 2274 830 2312 4
854 2285 862 2311 :
895 2274 939 2311 in
957 2284 1103 2312 rerum

223 2336 387 2386 quidem
429 2335 718 2387 diffissionibus
757 2335 1102 2384 comperendina-

223 2397 479 2447 manibusque
524 2399 608 2437 cet.
682 2398 835 2448 Utique
876 2395 1100 2437 Bentleius

224 2460 330 2500 satis
385 2459 731 2507 demonstravit,
783 2458 1100 2509 significatione

225 2520 312 2569 illa,
348 2532 434 2572 qua
460 2520 703 2560 utebantur
731 2521 818 2560 ICti
840 2522 884 2560 et
903 2521 1097 2572 praetor,

221 2582 362 2622 verbo
379 2584 592 2634 diffindere
611 2583 682 2622 1110
701 2582 849 2623 10011111
872 2594 959 2622 11011
980 2593 1095 2630 0550;

225 2645 463 2684 dicendum
492 2645 648 2684 fuisse:
698 2645 940 2696 «Equidem
981 2645 1100 2686 diem

224 2707 455 2747 diffindere
507 2708 625 2757 (rem
675 2707 1098 2759 comperendinare)

223 2779 310 2808 non
340 2779 584 2819 possum;»
627 2771 669 2808 et
707 2780 762 2809 ne
799 2770 886 2809 1100
917 2770 1099 2820 quidem

224 2832 376 2881 aptum
399 2842 517 2879 esse,
544 2841 646 2870 cum
667 2831 897 2871 Trebatius
918 2832 989 2871 hic
1010 2843 1097 2871 non

224 2894 458 2944 praetoris,
493 2893 573 2932 sed
604 2892 914 2941 iureconsulti,
958 2895 1099 2934 Hora—

224 2956 307 2994 tius
340 2953 622 3002 consultoris,
671 2966 757 2994 non
786 2956 984 3006 petitoris
1015 2967 1097 2995 nec

224 3019 307 3061 rei,
356 3018 504 3066 partes
535 3019 646 3066 agat.
709 3019 986 3068 Responsum
1016 3019 1097 3068 igi-

223 3080 293 3117 tur
322 3078 550 3128 prudentis
578 3080 647 3118 hic
670 3079 976 3130 exspectabat,
1010 3092 1097 3120 non

225 3140 377 3179 iudicis
429 3142 707 3180 sententiam.
779 3143 1096 3183 Verumtamen

224 3203 398 3241 servata
420 3202 660 3242 difficiliore
691 3202 901 3249 lectione,
936 3215 986 3243 ex
1010 3216 1096 3255 qua

225 3274 312 3302 non
352 3263 567 3304 intellecta
610 3266 786 3304 ceterae
823 3276 977 3306 omnes
1009 3267 1098 3317 (de-

222 3326 398 3375 findere,
421 3326 656 3377 diffingere,
687 3327 911 3378 defingere,
939 3328 1097 3379 defrin-

225 3397 340 3437 ῃενε,
374 3388 624 3437 diffundere,
657 3389 862 3440 disfiqere,
896 3389 1096 3442 diffidere)

1162 1281 1597 1332 interpretationem,
1633 1292 1749 1332 quae
1782 1279 1940 1321 clarius
1972 1291 2043 1321 ex-

1159 1353 1317 1394 pressa
1336 1344 1425 1383 huc
1446 1343 1580 1383 redit:
1607 1345 1775 1384 «Senex
1795 1342 1970 1395 lepidus
1992 1345 2038 1383 et

1163 1405 1330 1446 facetus
1361 1406 1497 1445 utitur
1526 1405 1708 1457 quidem
1734 1405 1874 1446 verbo
1907 1415 2042 1458 saepe

1161 1478 1185 1506 a
1217 1477 1264 1506 se
1296 1466 1444 1507 audito
1476 1468 1520 1506 et
1548 1469 1760 1519 usurpato
1791 1468 1835 1507 in
1864 1468 1959 1508 iure
1981 1468 2041 1507 ci-

1160 1529 1248 1579 vili,
1268 1529 1348 1569 sed
1365 1540 1499 1570 sensu
1516 1531 1712 1581 proprio:
1734 1529 2042 1577 «abscindere,

1162 1603 1396 1632 removere
1425 1603 1477 1632 00
1507 1592 1738 1632 rejicere.»
1789 1593 1883 1632 Hoc
1913 1593 2046 1643 igitur

1163 1654 1289 1694 dicit:
1345 1654 1555 1693 «omnino
1610 1655 1734 1693 tuam
1777 1654 2045 1694 sententiam

1162 1715 1348 1767 prob0.»
1381 1715 1638 1755 Lectionem
1658 1716 1894 1767 diffinqere,
1928 1725 2043 1766 quae

1163 1789 1188 1817 a
1219 1777 1359 1817 Codd.
1401 1789 1488 1817 non
1533 1778 1754 1817 minorem
1785 1788 1920 1828 quam
1962 1788 2045 1816 no-

1163 1842 1253 1881 stra
1274 1839 1411 1880 habet
1430 1840 1743 1879 auctoritatem
1757 1871 1766 1889 ,
1799 1839 2040 1892 explicant:

1164 1902 1316 1942 «aliter
1357 1902 1573 1951 formare,
1630 1904 1831 1950 mutare,
1888 1913 2045 1942 emen-

1164 1965 1315 2004 dare.»
1370 1964 1461 2015 (Od.
1488 1964 1537 2013 3,
1570 1964 1646 2013 29,
1680 1963 1753 2004 46:
1790 1975 1922 2014 neque
1948 1964 2046 2015 Dif-

1160 2029 1288 2079 finyet
1315 2027 1591 2077 infectumque
1617 2027 1779 2076 reddet,
1813 2026 1915 2077 001.)

1219 2088 1364 2129 80-83.
1399 2089 1480 2128 Sed
1509 2092 1650 2127 tamen
1679 2088 1781 2140 cet]
1816 2089 1931 2128 «Etsi
1966 2099 2045 2128 ae—

1165 2161 1252 2201 qua
1284 2152 1328 2189 et
1355 2161 1461 2189 vera
1493 2151 1615 2199 sunt,
1659 2160 1773 2200 quae
1805 2149 1937 2199 dieis,
1978 2151 2046 2189 ta-

1164 2224 1288 2261 men,
1322 2223 1377 2251 ne
1408 2213 1590 2263 propter
1619 2212 1736 2251 onata
1765 2213 1960 2252 carmina
1987 2212 2045 2264 (id

1165 2276 1255 2322 est,
1289 2273 1486 2313 famosos
1516 2272 1701 2325 libellos)
1727 2275 1840 2314 actio
1872 2275 2047 2314 iniuria-

1164 2347 1265 2376 rum
1294 2335 1530 2386 aliquando
1560 2336 1638 2376 tibi
1667 2338 1931 2386 intentetur,
1963 2347 2044 2388 pro

1165 2399 1356 2439 amicitia
1394 2400 1546 2439 nostra
1590 2399 1894 2439 necessarium
1937 2399 2044 2450 puto

1164 2463 1206 2502 te
1249 2472 1460 2502 monere»
1502 2462 1586 2501 cet.
1648 2463 1751 2501 Post
1791 2472 1863 2501 vv.
1897 2461 2046 2512 quoti-

1165 2524 1282 2563 diani
1312 2524 1533 2564 sermonis
1564 2524 1645 2563 Sed
1673 2527 1810 2563 tamen
1828 2546 1889 2552 --
1909 2523 2044 2574 leqwm

1164 2587 1426 2637 cogitatione
1448 2584 1678 2637 supplebis
1702 2587 1860 2635 «scito,
1884 2587 1948 2626 sic
1968 2586 2044 2626 ha-

1162 2648 1325 2688 beto:»
1370 2649 1418 2687 ut
1463 2658 1613 2698 saepe.
1673 2648 1782 2699 Epp.
1817 2649 1861 2698 4,
1896 2650 1940 2698 4,
1974 2648 2039 2688 43.

1165 2711 1210 2758 4,
1246 2710 1320 2757 48,
1354 2710 1420 2749 58.
1474 2710 1520 2758 4,
1556 2710 1627 2758 49,
1668 2710 1734 2749 26.
1787 2712 1832 2759 2,
1866 2712 1912 2760 4,
1945 2712 2038 2751 208.

1165 2771 1393 2823 (Equidem
1424 2770 1569 2810 Schol.
1597 2772 1729 2822 Cruq.
1754 2773 1882 2824 sequi
1908 2772 2038 2821 malo,

1162 2836 1209 2875 ut
1238 2833 1373 2873 verba
1405 2837 1451 2872 uc
1486 2833 1667 2872 monitus
1696 2835 1802 2873 sint:
1858 2846 1986 2875 «cum
2017 2845 2040 2874 a

1161 2906 1233 2935 me
1256 2896 1315 2935 sis
1337 2896 1529 2935 monitus
1543 2910 1579 2943 ,n
1613 2896 1676 2934 als
1693 2897 1759 2935 ein
1780 2897 2038 2936 Gewarnter.

1162 2958 1480 2997 Coniunctivus
1510 2969 1660 2997 caveas
1688 2969 1771 3009 per
1791 2969 1839 2998 se
1870 2959 2040 3010 positus

1161 3021 1255 3066 est,
1309 3031 1397 3059 non
1442 3030 1464 3058 e
1515 3030 1624 3058 voce
1678 3024 1724 3059 ut
1777 3031 2036 3072 suspensus.

1160 3081 1305 3121 Verba
1327 3082 1372 3121 Si
1390 3081 1508 3120 mala
1527 3082 1756 3121 condiderit
1785 3083 1869 3122 cet.
1891 3081 2039 3132 legum

1160 3145 1415 3183 sanctarum
1437 3144 1581 3194 ipsum
1603 3146 1915 3194 argumentum
1937 3155 2041 3184 con-

1161 3207 1300 3247 tinent
1338 3208 1381 3246 et
1419 3205 1565 3257 legum
1606 3206 1829 3257 quandam
1869 3205 2039 3245 formu-

1159 3267 1259 3308 lam.
1330 3270 1422 3308 lam
1467 3268 1582 3307 hanc
1627 3268 1893 3308 sententiam
1938 3278 2036 3307 esse

1161 3332 1292 3381 puto:
1340 3330 1427 3370 Sed
1458 3330 1675 3369 monitum
1706 3331 1747 3369 te
1780 3340 1879 3369 esse
1909 3327 2034 3378 volo,

1161 3393 1209 3431 ut
1238 3401 1424 3441 caveas,
1458 3402 1512 3431 ne
1544 3390 1664 3442 leges
1685 3390 1925 3441 ignorando
1946 3388 2038 3430 lae—

226 3451 345 3490 ortae
368 3453 491 3498 sunt,
516 3449 693 3492 inclinat
714 3451 886 3492 animus
908 3451 963 3492 ad
985 3453 1094 3494 Feae
1161 3453 1239 3495 das
1282 3455 1368 3495 hoc
1409 3453 1790 3506 praescribentes:
1838 3454 1883 3494 Si
1919 3453 2037 3493 mala
