2231 3787
860 249 955 286 ΑΗΒ
997 247 1236 287 POETlffl.

1862 244 1960 296 709

222 377 432 430 Proiicit
471 376 731 448 ampullas
770 385 821 430 et
859 375 1258 447 sesquipedalia
1298 375 1486 429 verba.

217 478 269 530 Si
311 487 460 531 curat
499 496 591 532 cor
632 479 920 548 spectantis
961 477 1197 547 tetigisse
1238 476 1474 548 querela.

198 679 234 714 el
267 674 407 722 ecsul,
440 678 612 722 uterque
640 671 915 724 Peerlkamp.
954 696 996 701 -
1030 672 1095 712 98.
1130 673 1313 721 querella
1346 672 1434 719 ΒΕ,
1469 673 1643 722 querelis
1674 672 1782 713 Cod.
1817 674 1904 713 Mo-

198 746 295 776 nac.
329 737 496 775 tertius.
546 736 620 783 <De
652 735 866 785 scriptura
900 734 986 773 vid.
1022 735 1215 786 Wagner
1246 735 1436 786 Orlhoyr.
1479 735 1625 786 l'ergyil.
1660 746 1700 785 p.
1735 733 1828 774 467.
1864 738 1903 773 et

198 798 452 837 Lachmann
485 796 540 836 ad
573 798 744 837 Lucret.
778 806 818 847 p.
856 795 962 836 aot*

145 982 287 1024 cando
309 981 390 1024 sibi
411 981 711 1033 undecunque
736 982 901 1022 victum
920 991 1023 1021 con-

143 1046 386 1097 quirerent,
415 1045 590 1085 omissis
610 1044 760 1085 verbis
781 1043 1022 1095 grandibus

143 1109 187 1148 et
217 1107 391 1158 regiis.»
424 1107 564 1147 Comi.
590 1107 721 1153 Caco.
758 1128 802 1134 -
839 1106 1019 1158 pauper]

142 1167 263 1209 Salse
286 1168 513 1208 deridetur
533 1167 764 1220 Euripides
789 1167 1021 1219 aliquoties

142 1229 199 1271 ab
243 1230 560 1282 Aristophane,
613 1229 732 1282 quod
775 1229 1019 1282 Telephum

141 1303 390 1344 pannosum
421 1294 463 1332 et
493 1291 748 1332 mendicum
770 1292 1017 1342 induxerat,

141 1364 228 1406 quo
249 1356 550 1406 spectatorum
575 1353 927 1394 misericordiam
947 1365 1021 1393 ve-

141 1415 392 1456 hementius
414 1418 629 1456 moveret.
662 1415 870 1456 Prodibat
900 1417 1019 1456 enim

139 1475 296 1526 Πτώχ’
340 1472 626 1531 ἆμφίβλητα
670 1475 898 1531 σώματος
934 1476 1020 1517 λα-

138 1537 240 1590 βών
261 1535 385 1597 ῥάκη
403 1534 652 1598 Ἀρκτήοια
673 1538 835 1594 τύχης,
869 1541 1017 1592 Eurip.

141 1604 207 1643 Fr
231 1602 410 1655 Telephi
440 1603 482 1642 2.
514 1603 642 1643 Dind.
667 1606 711 1644 et
742 1602 848 1643 ibid
875 1603 942 1643 Fr.
967 1603 1014 1643 7.

138 1661 216 1718 Μή
235 1677 323 1718 μοι
342 1661 635 1718 φθονήσητ’,
657 1659 826 1722 α’νὸοες
851 1659 1018 1717 Ἑλλή-

139 1740 233 1767 νων
261 1722 426 1785 ἄκροι,
457 1727 518 1768 Εἰ
536 1725 727 1779 πτωχὸς
747 1723 813 1767 ι’)’ν
835 1726 1016 1780 τέτληκ’

137 1788 190 1831 ἐν
209 1788 459 1830 ἐσθλοῖσιν
474 1788 639 1845 λέγειν.
671 1789 878 1831 Similiter
898 1789 1016 1842 apud

142 1852 330 1893 Ennium
350 1852 476 1893 Both.
501 1854 548 1894 P.
572 1853 640 1892 Sc.
663 1863 707 1905 p.
731 1851 798 1893 64.
831 1853 1017 1904 Reynum

140 1915 310 1965 reliqui,
332 1915 494 1966 inquit,
516 1919 682 1966 saeptus
700 1914 876 1955 mendici
890 1914 1012 1954 stola.

136 1977 269 2017 Accio
300 1976 406 2016 ibid.
425 1987 469 2028 p.
492 1975 588 2016 242.
621 1978 688 2017 est
708 1980 874 2026 opertus
893 1987 1018 2026 squa-

136 2038 251 2080 litate
279 2039 471 2089 luctuque
497 2038 784 2091 lton-ificabili.
841 2030 1017 2079 Poterat

137 2103 288 2142 autem
317 2101 437 2142 exsul
475 2100 560 2142 dici
590 2100 810 2153 Telephus
840 2103 884 2142 et
913 2112 1016 2142 cum

137 2175 192 2205 ex
225 2163 412 2204 Arcadia
454 2162 619 2203 oraculi
660 2165 782 2204 iussu
826 2166 1015 2205 matrem

137 2227 390 2279 quaesitum
413 2227 454 2267 in
481 2227 668 2278 Mysiam
698 2225 755 2266 ad
775 2225 1018 2267 Teuthran-

136 2291 227 2330 tem
263 2299 418 2340 regem
447 2292 516 2329 est
543 2287 793 2341 profectus,
841 2290 884 2329 et
914 2300 1016 2330 cum

134 2349 392 2392 volneratus
427 2350 483 2390 ab
517 2348 683 2391 Achille
718 2350 843 2402 Argis
880 2352 1018 2391 Grae-

137 2423 291 2454 corum
322 2413 573 2465 principum
598 2411 857 2463 concilium,
881 2415 930 2453 ut
959 2411 1016 2453 ab

138 2474 299 2516 eodem
319 2476 575 2525 sanaretur,
607 2476 815 2528 precatus
841 2477 921 2516 est.
961 2475 1012 2515 V.

137 2537 275 2578 Vater
302 2536 329 2578 l.
352 2536 379 2578 l.

192 2663 259 2702 97.
283 2662 352 2703 98.
390 2661 573 2715 Proiicil]
604 2663 822 2714 «respuit,
856 2661 1015 2703 talibus

138 2735 227 2766 non
254 2726 432 2766 utitur.»
460 2747 506 2754 -
529 2725 754 2776 ampullas]
785 2724 873 2766 Csr.
896 2726 1016 2766 Wei-

137 2787 264 2828 cbert
282 2788 328 2828 P.
351 2787 396 2827 L.
420 2797 464 2839 p.
488 2785 583 2828 387.
614 2787 787 2827 Primus
809 2787 1013 2828 Horatius

136 2849 286 2890 verbis
305 2849 467 2890 Latinis
500 2849 689 2900 ampulla
712 2851 757 2890 et
785 2850 1014 2900 ampullari

139 2912 262 2965 (Epp.
287 2912 302 2952 l
323 2943 333 2961 ‚
363 2911 410 2961 3,
436 2911 519 2963 44.)
550 2911 711 2953 eodem
741 2923 875 2953 sensu
906 2923 1013 2953 usus

139 2983 238 3014 esse
268 2972 463 3023 videtur,
497 2983 584 3024 quo
616 2974 770 3014 Graeci
800 2971 1013 3026 λήκυθος

138 3037 184 3076 et
212 3033 480 3089 ληκυθὶζειν
518 3034 690 3085 (Strabo
722 3034 793 3084 43,
826 3047 869 3087 p.
901 3036 1010 3087 609.)

137 3097 412 3150 usurpabant
441 3096 523 3137 «de
553 3097 749 3137 oratione
781 3098 909 3138 nimis
939 3108 1014 3137 or-

138 3161 239 3200 nata
270 3159 410 3210 (quasi
440 3170 493 3199 ex
524 3157 722 3199 colorum
743 3169 794 3198 ac
816 3159 1015 3210 pigmen·

137 3224 282 3262 torum
303 3231 424 3270 vase,
443 3217 693 3274 ληκύθῳ),
717 3220 949 3261 ambitiosa
970 3222 1014 3260 et

138 3285 371 3336 pigmentis
402 3282 534 3324 veluti
565 3283 776 3324 tumida.»
823 3284 951 3324 «Hoc
986 3294 1011 3323 a

139 3344 405 3386 Callimacho
450 3344 673 3386 sustulit.»
718 3347 872 3386 Poura.
937 3344 1010 3386 Ille

140 3408 257 3448 enim
277 3407 550 3460 tragoediam
571 3404 774 3448 Μοῦσαν
789 3404 1012 3460 ληκύθει-

1087 983 1174 1023 Cic.
1202 983 1255 1023 ad
1279 986 1362 1024 Att.
1391 986 1427 1034 l,
1455 984 1519 1034 44,
1543 985 1589 1025 3:
1617 984 1759 1024 Totum
1777 985 1884 1024 hunc
1904 984 1961 1023 lo-

1084 1057 1200 1095 cum,
1233 1057 1354 1096 quem
1382 1057 1456 1099 eqo
1483 1048 1602 1087 varie
1634 1048 1734 1088 meis
1761 1047 1963 1086 oratio-ni-

1085 1106 1236 1147 bus--
1257 1108 1363 1148 soleo
1395 1109 1640 1161 pinyere,
1683 1110 1730 1148 de
1767 1111 1958 1160 flamma,

1084 1170 1132 1210 de
1168 1170 1306 1220 ferro,
1354 1170 1483 1221 (nosti
1528 1171 1622 1210 illas
1664 1167 1959 1222 ληκύθους,)

1082 1231 1203 1272 valde
1219 1233 1409 1283 gyrat-icet·
1430 1233 1657 1282 perlem-uit.
1691 1232 1797 1272 Plin.
1822 1232 1957 1283 Epist.

1083 1294 1099 1333 4
1123 1324 1131 1340 ,
1155 1293 1204 1332 2:
1237 1293 1331 1333 Non
1360 1297 1497 1333 lamen
1529 1293 1694 1334 omnino
1723 1293 1861 1332 Marci
1891 1304 1960 1332 no-

1080 1355 1157 1393 stri
1177 1351 1420 1407 ληκύθοι·ς
1448 1356 1651 1407 fugimus,
1674 1355 1831 1405 quoties
1852 1365 1961 1404 pau-

1081 1417 1211 1457 lulum
1246 1418 1390 1457 itinere
1430 1418 1621 1458 decedere
1648 1429 1727 1457 non
1760 1418 1961 1466 intempe-

1079 1480 1194 1519 stivis
1240 1480 1558 1520 amoenitatibus
1617 1479 1958 1519 acl-monebamur.

1081 1541 1285 1582 Similiter
1305 1541 1361 1582 ad
1383 1544 1605 1582 tumorem
1622 1541 1960 1593 significandum

1081 1605 1256 1644 *vesicae
1297 1606 1473 1645 nomine
1515 1615 1621 1645 usus
1658 1607 1725 1644 est
1753 1601 1960 1644 Martialis

1081 1665 1130 1715 4,
1165 1666 1237 1715 49,
1262 1667 1307 1706 7:
1341 1667 1371 1706 Α
1404 1667 1554 1706 nostris
1577 1666 1728 1715 procul
1752 1671 1809 1705 esl
1828 1665 1961 1704 omnus

1081 1729 1215 1768 vesica
1244 1728 1406 1778 libellis,
1438 1729 1561 1768 Musa
1591 1739 1663 1768 nec
1693 1728 1839 1767 insano
1868 1739 1958 1777 syr-

1078 1795 1188 1831 mate
1217 1796 1362 1831 nostra
1381 1794 1520 1830 tumel.
1558 1789 1857 1839 Hieronymus
1878 1790 1954 1841 Ep.

1079 1852 1127 1894 4:
1168 1853 1329 1894 Onasus
1364 1865 1471 1892 cava
1498 1851 1625 1892 verba
1653 1855 1689 1891 el
1718 1853 1761 1890 in
1789 1853 1958 1891 alodum

1077 1918 1312 1958 vesicarum
1342 1916 1542 1955 tumentia
1571 1914 1707 1953 buccis
1727 1915 1959 1954 trutinatur

1079 1979 1248 2031 inflatis.
1271 2000 1315 2005 —
1333 1977 1649 2027 sesquipedalia]
1668 1977 1822 2017 Crates
1839 1977 1957 2028 apud

1079 2041 1265 2082 Meinek.
1287 2041 1353 2080 Fr.
1380 2042 1503 2080 Com.
1522 2041 1572 2079 11.
1592 2041 1623 2079 1.
1646 2050 1690 2091 p.
1710 2038 1781 2080 244
1800 2051 1808 2078 :
1830 2034 1955 2092 ''Ertry

1079 2099 1288 2160 τριπήχη
1333 2099 1629 2151 Θετταλικῶς
1666 2102 1953 2154 τετμημένα,

1078 2162 1379 2216 polysyllaba‚
1422 2162 1563 2215 qualia
1603 2159 1840 2216 ἁμαξιαῖα
1876 2176 1957 2204 vo-

1080 2229 1150 2266 cat
1170 2225 1500 2278 Aristophanes.
1538 2226 1796 2266 Huiusmodi
1816 2226 1956 2267 verba

1078 2288 1341 2341 praesertim
1377 2288 1420 2327 in
1451 2288 1844 2339 compositionibus
1874 2300 1956 2328 vo-

1079 2351 1338 2393 cabulorum
1365 2352 1617 2391 Latinorum
1639 2351 1757 2402 apud
1778 2354 1955 2391 veteres

1081 2415 1269 2466 tragicos
1312 2414 1462 2453 nescio
1503 2413 1608 2464 quid
1644 2413 1833 2453 affectati
1874 2414 1956 2453 ha-

1078 2477 1186 2518 bent
1216 2477 1451 2527 minusque
1473 2476 1672 2527 apposita
1697 2478 1798 2515 sunt
1818 2487 1953 2517 verae

1080 2539 1324 2579 maestitiae
1355 2548 1407 2577 ac
1433 2538 1591 2577 timori.
1639 2535 1799 2577 Gellius
1823 2537 1888 2584 119,
1911 2538 1949 2577 7.

1080 2612 1131 2641 ex
1164 2601 1307 2640 Laevii
1328 2599 1510 2639 Alcesti:
1542 2598 1712 2638 Aurora
1725 2599 1955 2649 pudor-ico-

1077 2664 1141 2703 lor
1166 2686 1209 2692 -
1240 2663 1352 2702 curis
1380 2660 1692 2701 intolerantibus
1722 2683 1767 2690 —-
1804 2662 1953 2702 Nestor

1076 2725 1354 2766 trisecliseneae
1382 2728 1418 2763 et
1448 2723 1791 2773 dulcioreloquus.
1824 2723 1951 2764 Adde

1076 2786 1404 2834 rudentisibilus‚
1450 2785 1794 2825 velivolilanlibus
1828 2787 1953 2825 naei-

1076 2850 1168 2899 bus,
1200 2848 1372 2890 similia.
1399 2871 1443 2876 —
1473 2848 1518 2888 Si
1537 2852 1659 2887 curat
1678 2847 1764 2899 cor]
1796 2847 1951 2888 Dedita

1076 2922 1208 2963 opera
1240 2913 1370 2962 poeta
1396 2920 1629 2950 caesuram
1651 2910 1691 2949 in
1714 2909 1799 2950 hoc
1818 2920 1951 2949 versu

1076 2971 1289 3024 neglexit,
1334 2975 1380 3012 ut
1426 2973 1519 3023 ipso
1565 2982 1698 3012 versu
1738 2970 1950 3012 dissoluto

1075 3035 1413 3076 sollicitudinem
1444 3035 1691 3075 imitaretur
1719 3035 1853 3074 animi
1885 3044 1952 3074 re-

1075 3098 1160 3138 bus
1190 3098 1389 3138 adversis
1419 3097 1594 3146 afflicti;
1640 3108 1724 3137 nec
1754 3096 1951 3137 debebat

1075 3159 1246 3201 Schelle
1269 3171 1321 3200 ex
1342 3159 1576 3201 Piscatoris
1595 3159 1674 3200 Ed.
1698 3160 1743 3199 et
1761 3169 1847 3198 uno
1869 3159 1950 3199 Co-

1075 3222 1172 3263 dice
1203 3223 1314 3263 Feae
1345 3222 1575 3274 recipere:
1607 3221 1654 3261 Si
1671 3232 1745 3260 cor
1762 3225 1949 3270 spectan-

1074 3286 1126 3326 tis
1151 3289 1274 3325 curat
1302 3285 1479 3336 leliqisse
1508 3283 1688 3333 querela.
1732 3282 1795 3323 Cf.
1824 3284 1945 3324 Pers.

1076 3349 1114 3397 i,
1137 3347 1181 3388 9⁴
1203 3358 1211 3386 :
1251 3347 1330 3398 Qui
1357 3357 1422 3386 me
1447 3346 1553 3385 volet
1579 3345 1818 3384 incurvasse
1847 3355 1949 3394 que-

1073 3409 1176 3450 rela.
1200 3432 1243 3438 -
1272 3407 1461 3460 tetigisse]
1478 3402 1728 3465 ἀορίστως.
1753 3405 1816 3447 Cf.
1834 3406 1943 3458 Epp.

140 3481 195 3509 ον
214 3469 449 3523 appellavit
463 3471 634 3523 Fragm.
651 3470 743 3512 3⁴9.
764 3469 1008 3511 Blomfield.
1074 3471 1114 3514 4.
1140 3471 1205 3521 Π,
1227 3472 1266 3511 5;
1294 3471 1404 3521 quod
1420 3480 1538 3511 cures
1554 3470 1774 3520 proprium
1791 3468 1943 3519 fecisse..
