2231 3787
906 253 1002 292 Llss.
1037 253 1066 291 1.
1129 253 1240 291 SAT.
1275 253 1362 291 vii.
1954 248 2055 301 1135

306 386 608 448 Conventu3
651 382 831 436 laudat
867 384 1090 435 Brutum
1128 381 1420 452 laudatque
1460 381 1758 436 cohortem:

305 485 486 539 Solem
523 486 682 539 Asiae
720 486 942 538 Brutum
988 483 1242 555 appellat,
1286 482 1578 555 stellasque
1617 482 1862 538 salubres

301 587 546 659 Appellat
584 587 834 650 comiteS‚
877 594 1102 658 excepto
1142 588 1315 657 Rege3
1357 602 1546 640 canem
1585 585 1758 648 illum,
1989 587 2056 639 <25

1394 687 1624 747 Ruebat,

301 791 525 845 Flumen
564 800 621 844 ut
657 791 971 852 hibernum,
1013 790 1179 844 fertur
1217 807 1327 861 quo
1368 806 1489 842 rara
1527 790 1749 843 securis.

301 690 536 743 Invisum
576 688 825 760 agricolis
865 689 1043 751 sidu5‚
1084 688 1317 741 venisse.

301 895 431 947 Tum
472 892 852 947 Praenestinus
892 891 1033 946 salso
1072 891 1349 962 multoque
1390 890 1572 944 fluenti

302 997 571 1067 Expressa
609 995 829 1049 arbusto
869 995 1068 1065 regerit
1105 993 1370 1056 convicia,
1413 992 1581 1045 durus

302 1097 666 1151 vindemiator
705 1105 757 1150 et
795 1096 1052 1157 invictus,
1094 1096 1179 1149 cui
1220 1112 1385 1165 saepe
1425 1094 1596 1147 viator
1987 1095 2054 1147 30

302 1199 592 1257 Cessisset‚
634 1215 827 1269 magna
865 1196 1194 1269 compellans
1233 1213 1367 1250 voce
1407 1195 1673 1250 cuculum.

338 1327 405 1367 Γ28.
439 1327 697 1376 multamque
727 1337 750 1365 c
781 1326 826 1365 et
854 1337 921 1377 pr.
956 1326 1007 1374 S,
1041 1326 1142 1365 LCt.

1207 1324 1272 1375 (Ut
1301 1334 1404 1372 nos,
1451 1322 1544 1375 bdp
1575 1325 1620 1364 et
1649 1336 1764 1365 corr.
1798 1326 1845 1374 S,
1878 1322 1999 1377 μξυ,

282 1391 478 1440 itemque
509 1390 704 1429 Pottierii
735 1387 941 1440 septem.)
978 1412 1023 1416 —
1057 1388 1123 1428 34.
1157 1386 1365 1427 cucullum
1394 1385 1452 1426 bc
1483 1388 1527 1426 et
1556 1397 1623 1438 pr.
1653 1387 1702 1435 S,
1737 1388 1846 1436 LCt‚
1879 1398 2003 1427 cucu-

282 1453 389 1502 lum,
423 1462 646 1504 superscr.
680 1451 910 1500 cucullam,
944 1450 986 1490 d.

228 1556 351 1594 cant:
401 1553 635 1593 «irridetur
663 1553 885 1593 Persius.»
922 1575 965 1580 ——
1001 1551 1110 1592 Con-

225 1618 364 1667 venta]
397 1618 595 1657 «Corona
625 1616 881 1656 auditorum
919 1615 963 1655 in
994 1614 1110 1654 iudi-

228 1681 340 1720 cio.»
367 1701 410 1708 —
436 1679 658 1730 cohortem]
691 1678 941 1718 amicorum
973 1679 1017 1717 et
1038 1688 1110 1717 co-

227 1744 385 1784 mitum
406 1743 550 1792 Bruti,
585 1743 659 1793 qui
680 1741 850 1781 iudices
872 1739 1105 1781 sedebant.

231 1830 274 1835 ——
307 1806 443 1846 Solem
474 1805 577 1856 cet]
608 1803 804 1844 Tumidis
835 1802 1108 1854 metaphoris

228 1871 272 1909 et
312 1867 497 1909 ridicula
527 1864 769 1908 ἀντιθέσει
809 1867 922 1906 inter
959 1864 1108 1906 stellas

227 1931 444 1973 salutares
475 1934 518 1972 et
559 1930 818 1972 Caniculam
848 1939 979 1980 agros
1015 1931 1111 1968 tor-

228 1998 401 2036 rentem
422 1995 633 2036 utebatur
652 1993 829 2041 rabula3
862 1991 998 2039 unde,
1033 1990 1109 2041 qui

227 2059 431 2108 aderant,
465 2059 580 2098 risus
611 2057 776 2098 fecere.
803 2079 847 2084 —-
870 2055 1008 2106 fertur
1028 2063 1110 2101 quo

226 2134 333 2162 rara
365 2121 533 2172 secaris]
576 2132 655 2160 «eo
692 2119 812 2168 loco,
860 2117 957 2165 ubi,
1006 2116 1110 2167 quia

226 2195 445 2237 praeceps
477 2185 545 2223 est
580 2183 700 2234 ripa,
748 2182 955 2221 torrentis
994 2179 1111 2231 (χει-

227 2241 434 2304 μάρῥου)
465 2247 658 2297 impetus
696 2247 764 2285 est
798 2243 1112 2283 vehementior

231 2311 422 2360 ideoque
453 2309 497 2348 in
526 2307 624 2347 loco
649 2306 900 2358 periculoso
921 2316 1022 2344 raro
1044 2315 1112 2343 ar-

228 2373 363 2412 bores
409 2371 697 2410 caeduntur.»
761 2370 912 2408 Fertur
941 2369 1106 2415 autem,

228 2437 277 2474 ut
315 2433 547 2484 aliquoties
589 2433 632 2471 in
671 2432 791 2471 Actis
832 2431 965 2470 Fratr.
1004 2431 1106 2468 Arv.

231 2499 287 2547 (v.
322 2508 360 2537 c.
394 2495 498 2535 Tab.
533 2494 616 2545 42.)
647 2494 752 2545 ferri
790 2493 936 2533 inlatio
965 2492 1010 2532 in
1044 2491 1111 2531 la-

230 2571 324 2600 cum
352 2561 467 2599 Deae
494 2559 616 2598 Diae.
665 2558 743 2605 Qui
766 2556 954 2596 verbum
975 2556 1112 2607 fertur

228 2623 414 2674 iungunt
444 2632 547 2661 cum
579 2633 618 2660 v.
649 2622 825 2673 flumen,
858 2622 1047 2660 haerent
1067 2620 1110 2660 in

231 2684 501 2737 explicandis
545 2695 619 2723 vv,
654 2695 734 2734 qao
776 2695 887 2723 rara
929 2683 1108 2731 securis,

230 2750 274 2789 et
304 2749 367 2788 sic
396 2747 643 2798 infringitur
664 2746 860 2787 efficacia
881 2758 922 2786 v.
945 2746 1108 2786 ruebat.

228 2812 466 2851 Praeterea
490 2820 704 2850 caesurae
725 2810 792 2850 vis
822 2810 1031 2861 requir1t‚
1064 2810 1113 2849 ut

231 2873 553 2923 distinguamus
574 2884 581 2910 :
623 2871 795 2912 Flumen
823 2876 871 2912 ut
897 2872 1113 2912 hibernum

235 2936 254 2982 ΙΙ
285 2935 421 2986 fertur
449 2936 533 2975 cet.

286 2997 434 3037 28-35.
485 2997 616 3047 salso]
659 3008 847 3037 «amaro
889 2999 932 3037 et
971 2996 1112 3036 male-

233 3059 377 3100 dico.»
413 3082 458 3087 —-
496 3061 706 3110 multoque
738 3061 903 3113 fluenti]
943 3060 1109 3100 Persio.

232 3124 309 3164 Est
352 3123 539 3163 dativus.
599 3124 717 3174 Virg.
752 3125 908 3175 Georg.
948 3123 995 3173 3,
1042 3123 1109 3163 28.

231 3196 514 3239 maqnumque
560 3187 753 3237 fluentem
799 3187 956 3226 Nilum.
1033 3188 1114 3227 So-

234 3249 379 3303 phocl.
409 3250 551 3300 Antig.
586 3249 684 3288 429:
719 3247 877 3303 πολλῷ
910 3245 1114 3306 ῥεύματι

235 3313 700 3370 προσνισσομένους.
735 3313 912 3352 Euenus
934 3314 1116 3353 Schnei-

236 3377 346 3417 dew.
393 3375 487 3417 Del.
534 3387 577 3428 p.
626 3375 731 3415 435:
785 3376 827 3414 εἰ
870 3373 921 3415 δὲ
965 3373 1114 3427 πολὺς

237 3437 481 3480 πνεύσειεν
525 3437 623 3478 κτλ.
676 3439 744 3478 Sic
789 3438 844 3479 de
884 3440 1112 3480 minitante

236 3503 384 3555 Eurip.
419 3504 488 3543 Or.
524 3503 628 3543 11200
656 3515 662 3539 :
697 3496 756 3553 ἢν
789 3497 936 3552 πολὺς
967 3499 1109 3560 παρῇ.

1172 1552 1370 1590 Demetr.
1426 1549 1601 1590 Phaler.
1648 1563 1692 1603 p
1743 1551 1835 1592 446.
1885 1553 2052 1592 Fisch.:

1172 1613 1254 1653 καὶ
1292 1609 1383 1670 γὰρ
1420 1627 1479 1665 με
1467 1611 1759 1671 ταφέροντά
1789 1613 1891 1655 ἐστι
1925 1612 1973 1654 ὃς
1961 1613 2056 1655 ινὰ

1172 1681 1330 1716 ποιεῖν
1361 1671 1427 1726 (ὃς
1455 1672 1533 1725 τό,
1578 1674 1678 1716 «Τῶ
1709 1675 1908 1717 mmm
1937 1677 2057 1735 θρα-

1173 1751 1355 1791 συνοιιε
1360 1752 1424 1792 νῳ
1455 1739 1537 1778 καὶ
1568 1717 1726 1779 πολιλῶ
1757 1734 1914 1796 ῥέοντι
1949 1740 2057 1779 καθ

1173 1797 1309 1855 ὑμῶν
1355 1797 1445 1842 οὐκ
1489 1798 1635 1853 eiga.»
1699 1803 1951 1853 (Demosth.
2000 1803 2056 1843 de

1175 1865 1351 1905 Corona
1397 1864 1436 1916 g.
1485 1865 1578 1905 436.
1625 1876 1668 1916 p.
1715 1866 1810 1906 ⁶272.
1856 1866 1917 1916 R.)
1982 1867 2058 1906 Se-

1173 1938 1285 1967 neca
1317 1928 1528 1967 Controv.
1562 1928 1665 1967 Exc.
1703 1939 1756 1967 ex
1786 1930 1832 1968 L.
1856 1927 1896 1969 4.
1920 1930 2057 1969 Prae—

1171 1990 1244 2030 fat.
1279 1989 1334 2030 de
1367 1991 1570 2029 Haterio:
1615 1991 1753 2030 Multa
1789 1995 1911 2031 erant
1950 2003 2058 2042 quae

1169 2054 1515 2104 reprehenderes,
1560 2055 1695 2094 multa
1736 2066 1844 2105 quae
1871 2057 2056 2106 suspice-

1170 2127 1260 2166 res,
1293 2128 1388 2155 cum
1409 2118 1605 2156 torrentis
1623 2118 1745 2157 modo
1764 2129 1945 2170 maynus
1964 2120 2057 2168 qui-

1172 2179 1284 2228 dem,
1326 2179 1395 2218 sed
1434 2179 1623 2219 turbidus
1659 2182 1820 2232 flueret.
1880 2183 1968 2222 Sat.
2005 2184 2053 2233 4,

1172 2240 1221 2290 li,
1256 2242 1299 2280 Μ
1327 2253 1335 2280 ;
1384 2242 1488 2282 Cum
1514 2244 1662 2294 flueret
1694 2243 1909 2295 (Lucilius)
1942 2245 2057 2285 lutu-

1171 2304 1315 2343 lentus.
1363 2305 1470 2345 Mire
1492 2305 1726 2346 Turnebus
1758 2307 1896 2346 iunxit
1912 2310 2059 2359 fluenti

1173 2366 1357 2405 arbusto.
1395 2390 1439 2394 —
1482 2368 1698 2417 Expressa
1738 2368 1921 2420 arbusto]
1966 2370 2056 2410 «al-

1175 2429 1344 2469 tissimo
1367 2427 1563 2469 clamore
1587 2442 1639 2469 ex
1661 2429 1866 2479 arbusto,
1901 2432 1945 2471 in
1966 2443 2055 2482 quo

1172 2491 1309 2531 ramis
1356 2493 1595 2543 coopertus
1639 2493 1790 2542 sedet,
1839 2493 2054 2545 prolata.»

1178 2576 1221 2582 —-
1247 2554 1413 2605 reqerit]
1447 2555 1752 2606 «respondens
1782 2556 1986 2607 ingerit.»
2007 2580 2053 2587 --

1176 2617 1473 2669 Vindemiator]
1519 2617 1881 2669 tetrasyllabum,
1929 2619 2058 2671 quasi

1171 2681 1478 2729 vindemjator,
1525 2681 1568 2721 h.
1603 2679 1630 2720 l.
1664 2681 1820 2721 vineae
1860 2682 2053 2734 putator.

1173 2742 1270 2783 Vid.
1306 2742 1363 2782 ad
1402 2743 1489 2782 Sat.
1524 2744 1567 2793 2,
1602 2743 1648 2794 8,
1693 2744 1730 2784 l.
1768 2765 1812 2772 -
1847 2745 2054 2798 cuculum]

1174 2805 1280 2846 Plin.
1314 2807 1366 2845 H.
1400 2808 1449 2846 N.
1484 2806 1558 2855 48,
1593 2806 1663 2856 66,
1707 2808 1753 2847 2:
1799 2808 1886 2847 XV.
1917 2808 2059 2848 diebus

1167 2869 1322 2920 primis
1353 2869 1467 2920 (post
1496 2870 1829 2920 aequinoctium
1850 2870 2061 2921 vernuml

1174 2932 1388 2984 agricolae
1415 2932 1627 2982 rapienda
1662 2937 1757 2972 sunt
1794 2944 1865 2983 ea,
1911 2933 2057 2983 quibus

1167 2996 1420 3047 peragyendis
1471 3000 1569 3036 ante
1620 2997 1930 3046 aequinoctium
1975 3009 2059 3037 non

1173 3059 1400 3110 suffecerit,
1432 3060 1531 3098 dum
1559 3060 1663 3099 sciat
1691 3061 1785 3100 inde
1812 3064 1961 3099 natam
1981 3071 2060 3100 θω-

1167 3122 1486 3173 probrationem
1504 3123 1671 3174 foedam
1694 3124 1940 3173 putantium
1957 3123 2059 3163 vites

1170 3198 1250 3237 per
1278 3187 1553 3227 imitationem
1582 3191 1730 3227 cantus
1760 3187 1872 3226 alitis
1899 3191 2059 3236 tempo-

1177 3249 1309 3298 rarii,
1349 3260 1469 3299 qaem
1505 3249 1698 3289 cuculum
1737 3253 1902 3289 vocant.
1971 3250 2058 3288 De—

1177 3313 1298 3351 decus
1341 3312 1449 3352 enim
1492 3312 1666 3352 habetur
1709 3311 2060 3362 opprobriumque

1175 3375 1392 3424 meritum,
1437 3376 1588 3426 falcem
1626 3375 1678 3414 ab
1716 3375 1791 3413 illa
1819 3374 1986 3412 volnere
2016 3373 2060 3411 in

1174 3439 1257 3478 vite
1277 3440 1547 3490 deprehendi,
1580 3443 1625 3478 ut
1655 3438 1703 3476 ob
1734 3438 1775 3476 id
1798 3436 2060 3486 petulantiae

1179 3503 1281 3543 sales
1311 3502 1435 3542 etiam
1465 3513 1558 3541 cum
1595 3501 1737 3551 primo
1772 3510 1866 3539 vere
1905 3499 2060 3539 ludan-
