2231 3787
885 202 981 241 ARS
1020 202 1262 242 POETlCA.

1890 202 1988 253 7539

239 331 529 402 Respicere
570 331 845 402 exemplar
885 332 1023 384 vitae
1065 349 1385 403 morumque
1429 332 1626 386 iubebo

236 433 464 486 Doctum
507 434 826 486 imitatorem
867 441 919 485 et
958 433 1104 486 vivas
1144 432 1266 486 hinc
1306 434 1508 487 ducere
1548 452 1726 488 voces,

238 534 509 587 Interdum
549 535 798 605 speciosa
837 533 969 588 locis
1010 543 1327 605 morataque
1369 545 1513 589 recte

235 634 435 688 Fabula
475 634 669 687 nullius
707 636 950 694 veneris,
993 637 1108 690 sine
1149 636 1390 707 pondere
1429 646 1481 690 et
1519 646 1655 697 arte,

1828 651 1831 653 ’
1887 639 1987 690 320

234 735 449 790 Valdius
489 735 719 789 oblectat
757 737 1016 807 populum
1058 737 1360 809 meliusque
1400 747 1638 791 moratur

234 838 407 902 Quam
447 855 639 891 versus
679 838 869 908 inopes
911 855 1092 891 rerum
1132 857 1418 910 nugaeque
1459 857 1705 893 canorae.

217 987 283 1027 42.
317 989 361 1028 et
390 998 504 1027 corr.
531 988 615 1035 47.,
641 987 795 1027 Lamb.
843 987 906 1037 (Ut
938 998 1040 1035 nos,

1074 987 1280 1036 BbSTcd,
1317 988 1454 1028 Codd.
1490 987 1692 1038 Bentleii,
1741 991 1930 1030 Pottierii

215 1051 260 1089 et
288 1049 538 1089 Hochederi
570 1050 809 1100 quattuor.)
846 1072 891 1078 —
927 1049 1087 1101 ducere]
1121 1052 1290 1090 reddere
1320 1050 1361 1089 d.
1392 1075 1433 1079 —
1462 1051 1555 1090 319.
1580 1053 1680 1091 iocis
1709 1053 1797 1092 STc
1830 1053 1929 1102 (non

214 1111 309 1160 Bb).
346 1135 391 1140 —
425 1111 518 1151 322.
552 1123 698 1163 requm
728 1113 773 1151 B.

160 1244 377 1294 easemplar
403 1245 537 1297 vitae]
573 1246 706 1294 «vita,
740 1243 881 1296 qualis
916 1244 1043 1285 nobis

160 1305 561 1358 contemplantibus
602 1309 829 1359 apparet.»
866 1328 911 1335 —
951 1308 1043 1347 Do-

159 1368 283 1420 ctum]
318 1369 418 1420 «qui
440 1370 521 1409 arti
542 1369 827 1410 satisfaciat.»
852 1392 899 1398 —-
924 1371 1044 1410 vivas

159 1451 181 1459 -
203 1453 225 1459 —
244 1431 383 1483 voces]
415 1443 556 1483 aquae
587 1428 646 1471 τὰ
677 1427 774 1485 ἤθη
796 1433 878 1472 καὶ
907 1430 1042 1486 πάθη

159 1495 283 1534 recte
335 1496 468 1544 atque
519 1493 710 1535 dilucide
769 1496 1039 1547 exprimant,

158 1567 267 1597 vere
290 1557 558 1599 naturales.»
595 1558 688 1599 Alia
711 1559 894 1611 quidem
915 1560 1044 1611 signi-

161 1619 390 1670 ficatione,
434 1621 516 1661 sed
552 1621 712 1662 iisdem
741 1621 890 1662 verbis
921 1620 1041 1661 Plato

160 1682 349 1722 Phaedr.
373 1694 416 1734 p.
432 1684 528 1723 276.
552 1685 603 1724 Α.
627 1683 734 1724 dixit
760 1680 905 1737 λόγον
926 1681 1040 1734 ζῶν-

157 1756 218 1784 τα
247 1746 330 1785 καὶ
360 1739 606 1799 ἔμψυχον.
655 1747 745 1787 Cic.
783 1746 840 1786 ad
869 1748 954 1786 Att.
989 1747 1037 1794 2,

158 1808 233 1847 42;
272 1808 345 1848 Ubi
373 1812 488 1858 sunt,
522 1810 593 1859 qul
613 1810 732 1849 aiunt
757 1806 914 1862 ζώσης
934 1822 1040 1859 φω-

155 1867 272 1922 νῆςὶ)
301 1872 468 1911 Verum
490 1871 610 1923 apud
632 1872 858 1912 Horatium
890 1875 957 1911 est
984 1868 1038 1910 τὸ

154 1931 385 1985 ἐμπαθές,
421 1930 477 1973 τὸ
507 1933 703 1991 ἐναργὲς
738 1936 1035 1980 Graecorum3

153 2006 300 2043 veras,
348 1995 469 2047 quod
510 1995 580 2035 alii
617 1996 1038 2047 praeferunt,·non

158 2059 229 2097 est
245 2057 325 2097 nisi
345 2056 585 2108 glossema,
610 2069 693 2098 nec
711 2059 817 2098 satis
838 2059 1034 2105 rectum;

155 2130 260 2159 nam
276 2131 403 2160 verae
415 2132 533 2160 voces
557 2121 747 2160 Lucretii
769 2120 807 2169 3,
828 2121 912 2169 572,
932 2133 1037 2170 φω-

157 2177 217 2234 νὴ
249 2177 440 2235 ἀληθὴς
470 2184 649 2224 Luciani
669 2184 785 2234 Nigr.
815 2183 901 2232 29.,
935 2186 1038 2224 sunt

154 2246 300 2297 potius
331 2256 437 2294 eae,
485 2256 600 2296 quae
637 2246 895 2297 conspirant
934 2257 1037 2286 cum

155 2307 308 2347 intimo
339 2306 522 2349 alicuius
553 2318 712 2355 sensu,
747 2307 852 2348 alias
883 2307 1036 2349 occul—

155 2371 271 2419 tato,
304 2380 356 2409 ac
385 2370 664 2422 respondent
693 2373 799 2420 ταῖς
818 2367 905 2423 τῆς
933 2376 1036 2422 ψυ-

154 2429 247 2484 χῆς
295 2436 483 2483 φωναῖς
530 2434 705 2473 Maximi
749 2435 851 2484 Tyr.
884 2432 960 2481 40,
993 2434 1032 2473 6.

1109 1245 1284 1296 phyrio:
1322 1246 1395 1285 «Si
1426 1245 1552 1285 verbi
1582 1248 1719 1297 gratia
1751 1246 1986 1288 circulator

1106 1306 1270 1347 referat
1301 1307 1355 1347 de
1378 1307 1558 1359 Regulo,
1583 1309 1809 1360 quomodo
1831 1312 1985 1361 captus

1107 1370 1162 1409 sit
1184 1371 1228 1408 et
1249 1370 1449 1421 punitus,
1482 1369 1618 1410 verba
1643 1372 1820 1412 sordida
1843 1373 1878 1412 si
1900 1383 1986 1412 non

1107 1429 1353 1478 delectant,
1389 1433 1584 1472 attamen
1616 1443 1688 1473 res
1720 1436 1878 1474 avocat
1906 1445 1988 1473 au-

1107 1492 1199 1533 ditu
1229 1493 1412 1544 digna.»
1454 1494 1516 1534 Cf.
1561 1493 1735 1543 Quintil.
1761 1496 1808 1545 7,
1834 1497 1876 1544 4,
1901 1495 1945 1536 44
1973 1508 1980 1532 ε

1098 1556 1290 1606 plerique
1310 1579 1333 1585 -
1354 1579 1376 1585 -
1397 1558 1575 1596 contenti
1595 1562 1689 1597 sunt
1708 1558 1807 1598 locis
1826 1558 1985 1608 specio-

1103 1619 1158 1657 sis
1198 1619 1319 1658 'modo
1362 1618 1426 1658 vel
1468 1620 1570 1658 nihil
1608 1620 1664 1658 ad
1694 1620 1986 1670 probationem

1104 1681 1417 1731 conferentibus.
1456 1704 1498 1710 —
1542 1683 1738 1735 morata]
1788 1684 1864 1723 «in
1896 1694 1983 1734 qua

1104 1755 1255 1784 mores
1273 1743 1546 1795 singularum
1563 1756 1858 1796 personarum
1876 1746 1985 1796 opti-

1103 1816 1175 1845 me
1208 1807 1559 1858 exprimuntur.»
1592 1811 1723 1847 Aeno.
1752 1831 1795 1835 -
1828 1808 1984 1845 nullius

1099 1869 1288 1919 veneris]
1333 1869 1560 1907 «ceterum
1593 1868 1798 1907 destituta
1830 1868 1980 1920 lepore

1101 1927 1171 1967 illo
1203 1928 1473 1969 Menandreo
1504 1939 1651 1979 neque
1681 1927 1810 1969 valde
1841 1940 1983 1969 venu-

1101 1993 1211 2031 sta.»
1249 2014 1292 2018 -
1329 1991 1416 2030 sine
1437 1992 1643 2041 pondere]
1689 1992 1814 2032 «sine
1845 2003 1981 2043 argu-

1102 2055 1240 2094 menti
1261 2055 1305 2094 et
1325 2055 1501 2104 generis
1524 2054 1700 2094 dicendi
1723 2055 1980 2106 gravitate.»

1103 2116 1190 2156 Cic.
1230 2116 1285 2156 de
1322 2116 1438 2156 Orat.
1475 2118 1522 2165 2,
1563 2118 1635 2166 47,
1673 2117 1745 2157 73:
1798 2118 1982 2157 omnium

1099 2179 1398 2218 sententiarum
1418 2179 1648 2230 yravilale,
1682 2181 1868 2219 omnium
1890 2191 1982 2220 ver—

1100 2242 1247 2282 borum
1275 2241 1530 2292 ponderibus
1577 2246 1634 2281 est
1679 2242 1890 2281 utendwm.
1933 2266 1976 2270 —

1099 2305 1213 2357 arte]
1255 2305 1448 2344 refertur
1478 2304 1669 2344 maxime
1700 2303 1757 2343 ad
1792 2305 1978 2345 actionis

1099 2366 1445 2419 implicationem
1493 2367 1538 2404 et
1594 2365 1874 2407 solutionem.
1929 2391 1973 2396 ——

1099 2429 1297 2481 oblectat]
1331 2428 1553 2468 Oblectatio
1584 2439 1766 2480 semper
1795 2431 1977 2470 actuosa

153 2493 372 2535 luvenalis
410 2494 459 2544 4,
494 2495 568 2534 90:
617 2496 689 2545 qui
731 2495 863 2536 libera
900 2500 1067 2546 posset
1064 2470 1067 2514 ⁴
1099 2495 1180 2539 est,
1202 2503 1253 2532 ea
1270 2489 1603 2541 significatione,
1638 2501 1722 2542 qua
1747 2491 1903 2532 Cicero
1924 2494 1974 2532 N.

159 2558 251 2598 Ver
260 2557 322 2597 ba
351 2557 509 2597 animi
531 2558 739 2607 proferre.

1064 2553 1148 2598 ;.[)
1183 2555 1228 2601 4,
1269 2552 1344 2601 40,
1387 2553 1480 2592 440.
1525 2553 1722 2593 virtutem
1763 2558 1977 2594 actuosam

1064 2611 1228 2661 'dixit;
1262 2615 1475 2655 delectatio
1497 2616 1561 2664 iis,
1587 2627 1701 2667 quae
1722 2618 1844 2667 grata
1866 2617 1977 2657 offe-

209 2682 314 2723 349-
318 2648 411 2723 322.
444 2684 657 2723 Interdum
687 2683 790 2735 cet]
822 2684 1034 2723 Monstrat
1097 2679 1269 2725 runtur,
1289 2678 1384 2718 sine
1404 2679 1580 2728 propria
1603 2678 1780 2718 actione
1803 2678 1971 2719 fruitur.

154 2743 224 2785 vel
260 2746 454 2785 maxime
489 2746 792 2785 necessarium
833 2754 952 2792 esse,
985 2746 1034 2783 ut
1098 2740 1162 2780 Cf.
1188 2751 1352 2780 moxv.
1376 2739 1470 2779 333.
1508 2763 1551 2767 —
1584 2741 1855 2793 mor-‹a·tw]
1856 2742 1974 2792 ‹fes—

152 2817 450 2859 personarum
470 2817 620 2848 mores
640 2809 761 2848 recte
785 2807 1034 2858 expriman-
1063 2803 1066 2856 1
1096 2803 1209 2849 selt3
1242 2802 1411 2842 detinet
1440 2813 1492 2842 ae
1523 2802 1646 2852 facit,
1680 2805 1889 2855 utusque
1917 2806 1973 2845 ad

153 2871 247 2916 tur,
294 2869 396 2920 quia
439 2868 495 2909 ab
540 2870 624 2909 hae
663 2881 711 2909 re
751 2869 1065 2920 potissimum
1063 2857 1066 2929 l
1096 2864 1232 2905 finem
1263 2866 1533 2916 spectetur.»
1524 2864 1629 2905 ›.Cf
1666 2877 1707 2904 v.
1731 2866 1826 2906 223.
1862 2867 1970 2919 Ερρ.

153 2931 349 2982 pendeat
377 2930 550 2971 fabulae
587 2941 825 2972 successus
855 2933 1064 2983 specta—
1098 2929 1143 2976 1,
1183 2927 1256 2975 43,
1294 2927 1360 2966 47.
1411 2950 1455 2954 —
1501 2938 1720 2979 nuyaeque
1761 2931 1970 2980 canorae]

154 2996 390 3045 torumque
444 2992 697 3044 applausus.
753 3015 798 3021 —
849 2994 1064 3043 speciosa
1097 3001 1278 3031 «versus
1307 2988 1450 3039 leves,
1492 2990 1614 3040 quod
1642 2990 1699 3030 ad
1729 2993 1972 3032 sententias

153 3054 274 3106 locis]
318 3055 411 3094 mit
456 3054 676 3094 scho'nen
725 3055 1027 3105 Gedanken,
1094 3053 1310 3105 pertinet,
1343 3053 1627 3104 quantumvis
1657 3055 1884 3094 numerosi
1918 3065 1970 3094 ac

153 3117 424 3156 einzelnen
471 3116 649 3155 hochsl
703 3117 1027 3169 ¹qelunyenen
1059 3144 1063 3192 Ι
1094 3116 1293 3156 sonori.»
1326 3114 1416 3155 Cic.
1443 3113 1499 3155 de
1517 3114 1588 3155 Or.
1612 3116 1651 3163 4,
1676 3115 1741 3163 42,
1764 3116 1830 3154 54;
1866 3116 1972 3165 Quid

151 3178 383 3225 Pan-ciem
419 3193 439 3214 «
453 3177 561 3219 locis
583 3178 898 3219 communibus
921 3180 1023 3230 (Cic.
1093 3182 1149 3218 est
1178 3182 1266 3218 tam
1292 3177 1500 3228 furiosum
1518 3187 1646 3228 quam
1668 3176 1889 3216 verborum
1908 3178 1972 3217 vel

151 3240 272 3280 Brut.
290 3239 436 3289 42,46.
461 3241 577 3280 Orat.
597 3240 665 3289 36,
687 3241 814 3291 426.),
837 3235 1025 3297 ῥήσεσι,
1092 3242 1344 3292 optimorum
1368 3244 1494 3290 atque
1521 3239 1882 3280 ornatissimorum
1902 3250 1970 3278 so—

153 3300 315 3352 quibus
336 3302 485 3342 insunt
503 3298 691 3355 γνῶμαι
708 3302 928 3343 evidentia
948 3314 1028 3344 sua
1090 3304 1201 3344 nitus
1234 3304 1393 3352 inanis,
1439 3302 1557 3342 nulla
1593 3301 1773 3340 subiecta
1807 3305 1969 3341 senten-

152 3374 204 3403 ac
246 3365 430 3405 veritate
474 3363 712 3407 allicientes
751 3368 795 3405 et
830 3366 1030 3418 permul—
1091 3365 1179 3406 lia‘?
1223 3365 1286 3407 Cs.
1312 3366 1421 3418 Epp.
1454 3366 1504 3413 2,
1541 3365 1586 3411 2,
1624 3363 1696 3403 76:
1742 3363 1764 3402 I
1794 3374 1903 3403 nune
1932 3367 1968 3403 et

154 3427 307 3467 centes
350 3427 604 3468 auditorum
653 3429 867 3469 animos.»
920 3431 1028 3469 Por·
1088 3439 1232 3469 versus
1259 3432 1391 3469 tecam
1420 3427 1619 3467 meditare
1646 3436 1835 3465 canoros.
