2231 3787
238 254 337 304 74⁷8

1036 254 1248 295 HORATII

307 388 404 436 Aut
444 400 641 454 operae
683 383 874 437 celeris
915 384 1134 437 nimium
1176 400 1414 454 curaque
1456 383 1685 436 carentis

307 488 407 537 Aut
446 485 718 555 ignoratae
759 486 951 556 premit
990 486 1116 538 artis
1156 484 1378 537 crimine
1420 484 1575 554 turpi.

306 589 419 639 Non
463 587 637 658 quivis
677 585 822 639 videt
862 584 1206 638 immodulata
1245 590 1494 654 poemata
1533 583 1717 645 iudex,

308 688 367 740 Et
406 687 528 740 data
567 687 816 740 Romanis
855 686 1011 738 venia
1051 694 1133 739 est
1171 685 1388 756 indigna
1430 686 1619 756 po'etiS.

311 788 585 842 idcircone
624 805 788 857 vager
818 786 1160 857 scribamque
1201 786 1467 840 licenter?
1508 804 1574 839 an
1613 803 1801 840 omnes

1957 787 2060 840 ⁶265

344 930 440 969 026¹.
474 929 645 968 nimium
682 929 824 968 celeris
858 928 886 967 d
927 929 969 967 et
1007 926 1172 978 aliquot
1208 927 1276 967 alii
1310 928 1448 968 Codd.
1494 928 1557 978 (Ut
1587 940 1689 978 nos,
1729 928 1918 979 BbSTc.)
1956 951 2000 957 —

292 991 382 1031 264.
417 995 473 1030 est
502 1001 590 1030 om.
628 991 674 1029 B.
714 1013 756 1018 —
790 990 884 1029 265.
918 1001 971 1028 an
1003 988 1217 1041 BbSpo‚
1261 991 1453 1030 Pottierii
1489 989 1712 1042 plerique,
1755 990 2008 1030 Hochederi

291 1065 467 1094 omncs:
501 1058 546 1093 at
576 1066 622 1101 c,
656 1057 700 1092 ut
732 1053 877 1092 Codex
902 1053 1045 1100 Statii,
1078 1063 1170 1091 var.
1196 1051 1295 1091 lect.
1321 1066 1379 1101 ω,
1413 1053 1607 1092 Pottierii
1629 1052 1768 1093 Codd.
1804 1052 1842 1093 4.
1869 1053 1914 1092 et
1935 1052 2000 1102 48,

292 1115 510 1156 Bentleius
542 1118 583 1155 et
615 1116 675 1163 M,
709 1119 744 1154 et
768 1115 809 1154 F.
841 1138 882 1142 —
908 1114 1039 1153 omnis
1069 1115 1175 1154 BTc.
1206 1137 1247 1142 ——
1283 1115 1378 1154 266.
1411 1119 1448 1154 et
1477 1119 1602 1154 extra
1633 1114 1871 1154 Lambinus
1894 1124 2003 1154 con-

237 1240 361 1292 pcdis
393 1240 689 1291 frequentiam
721 1240 849 1278 nimis
878 1250 1036 1289 graves
1067 1249 1118 1278 ac

238 1303 401 1343 tardos.
431 1326 472 1330 —-
505 1313 597 1341 cam
618 1313 773 1353 mayno
787 1302 987 1351 pondere]
1021 1301 1120 1341 «Mi-

237 1377 319 1405 nus
352 1365 459 1404 scitc
493 1364 680 1404 Codices
712 1375 805 1403 cum
836 1375 989 1415 magno
1013 1375 1119 1414 pon-

237 1428 357 1475 dere,
391 1427 531 1477 inquit
559 1427 884 1466 Bersmannus:
919 1437 1006 1465 non
1038 1426 1119 1465 ad—

237 1491 366 1529 vertit
395 1488 563 1529 scilicet
585 1492 627 1528 et
649 1488 754 1529 alias
784 1489 846 1528 sic
869 1487 1011 1529 solere
1030 1490 1120 1528 No-

238 1555 379 1591 strum
412 1551 524 1602 (vide
548 1552 687 1591 Serm.
716 1552 753 1600 4,
780 1551 846 1599 10,
877 1550 959 1602 49.)
984 1552 1027 1589 et
1047 1551 1119 1590 hic

235 1625 449 1653 venerem
473 1613 697 1664 quandam
727 1614 769 1652 in
801 1614 895 1664 ipsa
921 1624 1121 1664 pronun—

239 1677 413 1715 tiatione
437 1675 581 1715 studio
605 1676 851 1726 quaesitam
873 1686 996 1715 esse:
1027 1687 1120 1715 cum

239 1750 390 1790 magsno
415 1739 622 1788 pondera
663 1749 777 1789 quae
801 1738 907 1778 dum
928 1737 1115 1789 profers,

238 1802 384 1852 ipsum
415 1799 518 1839 illud
550 1800 724 1851 pondus
756 1802 799 1839 et
826 1799 943 1839 lente
967 1799 1121 1839 ambu-

239 1862 381 1901 lantes
404 1861 629 1913 spondeos
648 1873 758 1901 voce
782 1864 825 1900 et
845 1862 1001 1912 spiritu
1021 1872 1122 1912 per—

240 1924 493 1964 sentiscis.»
538 1925 693 1963 BENTL.
759 1925 806 1962 In
850 1921 1031 1962 Marcilii
1080 1924 1122 1961 et

239 1985 424 2026 Bentleii
455 1986 566 2025 coni.
590 1986 737 2024 missus
753 1996 932 2023 —versas
960 1996 1000 2023 v,
1019 1996 1121 2035 pre-

238 2050 311 2087 mit
355 2050 477 2087 caret
521 2046 719 2094 obiecto,
777 2046 896 2097 quod
941 2046 1116 2094 dicunt3

238 2109 460 2150 Bentleius
493 2109 675 2160 quidem
706 2119 785 2147 suo
813 2108 1030 2147 arbitratu
1053 2108 1121 2147 di-

238 2174 297 2212 xit
328 2170 626 2223 supplendum
661 2181 759 2211 esse
790 2172 1047 2221 scriptorem.
1071 2194 1114 2198 -

234 2236 386 2285 premit
407 2257 425 2263 -
443 2233 634 2284 crimine]
683 2234 751 2272 Sic
783 2235 871 2273 Liv.
898 2234 943 2284 3,
976 2234 1045 2283 «13,
1072 2236 1114 2273 4:

237 2296 497 2337 Premebat
540 2307 659 2335 vreum
694 2300 869 2345 praeter
907 2296 1121 2347 volyatam

237 2360 442 2398 invidiam
470 2359 668 2397 crimen
696 2369 840 2397 unum.
905 2357 1119 2398 «Iambus

241 2433 294 2462 ex
323 2420 505 2461 sedibus
537 2421 628 2460 suis
661 2419 870 2471 expulsus
900 2420 1021 2461 velut
1051 2431 1122 2460 ac-

241 2486 418 2523 cusator
441 2483 659 2522 convincit
681 2483 805 2521 Ennii
826 2493 1008 2523 versus»
1033 2486 1117 2523 cet.

241 2547 314 2586 His
346 2547 496 2585 autem
526 2545 656 2584 tacite
684 2544 1016 2596 quodammodo
1039 2557 1122 2597 op-

241 2609 465 2659 ponuntur
493 2607 702 2658 Augustei
740 2608 954 2658 temporis
986 2608 1121 2658 tragi-

247 2682 402 2712 corum
431 2681 588 2711 versus
624 2669 680 2710 ad
711 2671 982 2710 Graecorum
1016 2681 1122 2709 nor-

247 2744 368 2773 mam
412 2733 660 2772 accuratius
704 2732 859 2772 directi
903 2734 945 2771 et
980 2733 1120 2783 magis

248 2796 382 2847 politi.
431 2796 634 2835 «Ovidius
663 2795 817 2835 Medea
849 2795 967 2846 apud
992 2796 1123 2843 Quin-

249 2858 305 2898 til.
331 2859 368 2906 8,
393 2860 438 2898 5:
486 2859 666 2897 Seri-are
689 2858 832 2908 potui,
859 2859 1036 2907 perdere
1065 2869 1121 2897 an

237 2922 389 2970 possim
421 2920 577 2972 rogas?
607 2921 763 2961 Varius
785 2921 977 2970 Thyeste
1011 2919 1116 2959 ibid.

241 2984 339 3032 3‚8:
374 2985 462 3023 Iam
486 2985 574 3034 fero
602 2984 905 3034 infandissima,
937 2984 1027 3022 Iam
1055 2983 1120 3033 fa-

242 3057 332 3086 cere
361 3058 500 3097 casser.
543 3046 766 3086 Gracchus
788 3046 979 3096 Thyeste
1001 3044 1118 3096 apud

241 3109 530 3149 Priscian.V[.
547 3108 695 3159 p.719.
717 3110 774 3155 (T.
795 3109 824 3146 Ι.
844 3119 886 3159 p.
903 3108 995 3147 278.
1012 3106 1115 3157 Kr.):

241 3173 384 3211 Mersit
404 3172 605 3221 sequentis
623 3171 837 3209 humidam
854 3170 1028 3219 plantas
1047 3170 1121 3209 hu-

243 3245 368 3272 mum.
403 3233 526 3273 Idem
545 3231 744 3272 Atalanta
766 3231 933 3271 ibidem
955 3243 996 3283 p.
1023 3231 1114 3271 638.

246 3295 388 3343 (227ss
425 3296 455 3333 Ο
475 3299 601 3346 grata
631 3295 774 3343 cardo,
800 3295 960 3345 regium
982 3305 1119 3345 egres-

241 3369 328 3396 sam
360 3358 559 3397 indicans.
594 3358 644 3397 Hi
675 3357 884 3403 trimetri,
933 3358 1004 3407 qui
1038 3355 1117 3396 soli

1185 1240 1454 1279 Graecorum
1468 1246 1482 1288 ;v
1499 1241 1547 1279 ut
1564 1250 1617 1279 ex
1638 1239 1705 1280 his
1723 1238 1778 1278 de
1798 1238 1978 1289 integris
1995 1237 2062 1278 fa-

1183 1299 1298 1341 bulis
1315 1301 1434 1340 idem
1453 1302 1704 1341 existimare
1721 1300 1894 1340 liceat.»
1905 1301 2060 1340 BENTL.

1238 1363 1331 1403 ⁶263.
1356 1363 1449 1403 264.
1493 1364 1588 1403 Non
1617 1364 1751 1413 quivis
1780 1362 1885 1415 cet.]
1932 1363 2063 1402 «Non

1185 1426 1326 1476 quivis
1371 1426 1546 1465 auditor
1589 1427 1679 1465 tam
1719 1425 1926 1465 accurate
1967 1424 2064 1464 ani-

1184 1484 1421 1527 madvertit
1448 1488 1646 1538 rhythmi
1667 1488 1789 1537 vitia,
1813 1489 1861 1527 ut
1881 1487 2064 1539 propter

1184 1550 1296 1590 haec
1316 1552 1456 1590 totam
1477 1549 1672 1591 fabulam
1690 1549 1921 1602 explodat3
1945 1548 2065 1589 ideo-

1185 1624 1271 1663 que
1311 1613 1476 1653 factum
1515 1614 1604 1662 est,
1645 1615 1693 1653 ut
1729 1613 1890 1653 Latinis
1919 1611 2064 1663 poetis

1185 1676 1510 1716 concederetur
1539 1675 1607 1723 id,
1642 1675 1763 1727 quod
1783 1674 1935 1715 Atticis
1955 1685 2066 1713 nun-

1186 1750 1321 1790 quam
1351 1732 1651 1779 condonatum
1690 1738 1844 1778 foret.»
1892 1736 1955 1777 Cf.
1990 1737 2065 1776 Ci-

1186 1813 1398 1842 ceronem
1420 1802 1475 1842 de
1499 1801 1679 1850 Orat.⁴3,
1703 1801 1796 1849 50.;
1831 1801 1875 1840 et
1897 1800 1940 1839 in
1961 1800 2066 1839 Ora-

1185 1866 1280 1904 tore
1312 1865 1379 1912 51,
1405 1864 1505 1903 473:
1537 1864 1585 1903 In
1612 1874 1736 1904 versu
1765 1863 1930 1911 quidem
1948 1861 2065 1901 thea-

1186 1930 1255 1965 tra
1286 1929 1370 1965 tota
1403 1926 1667 1975 exclamant,
1699 1925 1733 1964 si
1761 1925 1841 1976 fuit
1868 1936 1958 1964 una
1978 1924 2065 1974 syl-

1186 1987 1284 2026 laba
1319 1991 1393 2026 aut
1443 1987 1606 2027 brevior
1645 1991 1719 2026 aut
1761 1987 1949 2038 lon9i07·‚·
1991 1997 2066 2026 nec

1184 2061 1282 2088 vero
1310 2049 1530 2088 multitudo
1564 2050 1690 2099 pedes
1717 2049 1831 2088 novit
1859 2059 1933 2089 nec
1960 2048 2066 2087 ullos

1184 2123 1379 2151 mimeros
1410 2115 1515 2151 tenet
1545 2112 1648 2161 cet,
1686 2110 1729 2150 id
1762 2112 1852 2160 est,
1885 2109 2064 2161 singulis

1185 2174 1226 2212 in
1258 2173 1444 2214 vocibus
1476 2172 1749 2224 syllabarum
1778 2173 1998 2224 quantitas
2017 2173 2066 2212 ut

1186 2237 1410 2285 servetur,
1444 2236 1683 2287 imperiose
1713 2234 1907 2288 postulat
1932 2236 2065 2275 etiam

1184 2297 1336 2350 plebs,
1383 2299 1643 2350 neutiquam
1672 2309 1780 2338 vero
1816 2299 2066 2338 metrorum

1185 2359 1306 2411 leges
1329 2362 1535 2400 accurate
1557 2361 1692 2400 novit.
1733 2360 1938 2400 Horatius
1956 2370 2064 2399 vero

1184 2425 1368 2475 propter
1387 2423 1502 2463 hanc
1525 2424 1667 2475 ipsam
1684 2425 1931 2463 metrorum
1946 2423 2067 2473 igno-

1185 2487 1404 2525 rationem
1448 2497 1472 2525 a
1516 2484 1643 2537 volgo
1682 2487 1879 2525 Romano
1922 2483 2065 2536 poetis

1187 2549 1320 2588 etiam
1350 2547 1580 2588 manifesta
1602 2548 1706 2588 vitia
1727 2546 1970 2587 condonari
1995 2546 2065 2585 in-

1186 2611 1403 2661 dignatur.
1465 2608 1660 2650 Similem
1703 2608 1852 2649 locum
1887 2619 1929 2649 v.
1971 2608 2060 2648 Cic.

1185 2673 1398 2713 paradox.
1423 2672 1470 2722 3,
1494 2673 1538 2721 ⁶2,
1564 2672 1631 2712 26.
1681 2672 1892 2712 Ceterum
1923 2671 2065 2710 Hora—

1185 2736 1270 2775 tius
1303 2736 1346 2774 in
1375 2735 1462 2774 hoc
1500 2735 1597 2786 ipso
1626 2744 1759 2774 versu
1797 2744 1885 2773 non
1915 2731 2065 2784 effugit

1184 2799 1340 2837 crimen
1369 2798 1591 2848 ignoratae
1618 2795 1688 2836 vel
1729 2794 1887 2836 saltem
1917 2793 2065 2846 negle-

1185 2861 1281 2899 ctae
1327 2859 1445 2899 artis.
1493 2858 1802 2898 Lachmannus
1847 2858 1965 2898 enim
2005 2857 2063 2897 ad

1185 2923 1358 2961 Lucret.
1383 2922 1421 2970 6,
1448 2921 1578 2961 4067:
1626 2921 1816 2961 «Versus
1846 2920 2062 2960 hexame-

1184 2986 1274 3024 tros
1313 2994 1400 3023 non
1441 2982 1632 3034 legitime
1671 2983 1835 3023 incisos
1866 2983 1909 3022 in
1939 2983 2063 3034 po'esi

1185 3046 1334 3086 Latina
1358 3045 1452 3096 (sed
1474 3046 1547 3095 qui
1568 3043 1940 3097 postluvenalem
1955 3045 2065 3085 scri-

1183 3109 1392 3160 pserunt,
1427 3117 1504 3147 eos
1527 3118 1615 3147 non
1637 3107 1757 3158 curo)
1787 3108 1943 3159 paucis
1973 3108 2062 3148 En-

1183 3172 1323 3211 nianis
1365 3171 1561 3222 exceptis
1601 3170 1682 3210 hos
1713 3168 1829 3210 solos
1860 3170 2059 3221 cognovi,

1184 3234 1348 3273 Horatii
1380 3233 1513 3280 duos,
1565 3232 1751 3272 Vestrum
1784 3235 1982 3283 praetor,
2027 3231 2063 3271 is

1182 3295 1424 3335 intestabilis
1453 3299 1491 3334 et
1519 3305 1638 3334 sacer
1675 3298 1757 3334 esto
1797 3294 1897 3343 (Sat.
1930 3294 1980 3342 2,
2017 3292 2057 3342 3,

1185 3358 1317 3407 1¹84),
1364 3359 1457 3397 Non
1487 3357 1622 3406 quivis
1649 3357 1758 3396 videt
1786 3353 2061 3395 immodulata

244 3430 358 3459 nunc
389 3422 555 3460 restant
578 3431 630 3460 ex
651 3420 827 3460 Horatio
851 3418 1118 3471 supparibus
1177 3422 1379 3470 poemata
1406 3420 1552 3469 iridem,
1587 3428 1724 3458 unum
1749 3416 1835 3457 Silii
1859 3415 1994 3457 Italici
2015 3417 2059 3458 in

245 3483 441 3533 tragiciS‚
477 3483 755 3523 exactissime
790 3485 965 3523 servant
998 3481 1118 3533 leges
1183 3482 1228 3531 8,
1264 3481 1365 3530 530,
1404 3481 1652 3521 Vulturnum
1672 3490 1855 3530 quasque
1881 3482 2061 3520 evertere
