2231 3787
361 255 453 307 ¹12)

985 259 1195 298 imRATll
1226 259 1523 299 SA'HRARUM

422 386 662 440 Deiicerc
701 403 731 438 e
770 404 898 439 saxo
937 388 1081 441 cives
1121 397 1210 439 aut
1249 388 1459 439 tradere
1500 385 1746 439 Cadmo?

420 490 481 539 At
518 488 715 541 Novius
753 487 955 556 collega
995 488 1162 557 gradu
1201 496 1321 557 post
1358 504 1444 539 ine
1485 486 1637 539 sedet
1667 501 1802 548 uno;

2089 484 2156 536 40

420 590 659 658 Namque.
687 598 767 641 est
794 588 892 644 illc.
936 598 1087 658 pater
1112 587 1257 658 quod
1287 596 1401 639 erat
1427 604 1594 639 meus.
1636 587 1748 638 Hoc
1776 584 1868 638 tibi
1895 583 2112 638 Paullus

424 690 481 741 Et
522 688 764 741 Messalla
803 688 1037 741 rideris?
1076 691 1138 740 At
1175 688 1284 747 hic,
1327 688 1369 739 si
1411 686 1609 757 plostra
1648 685 1876 739 ducenta

422 792 858 860 Concurruntque
899 789 1010 841 soro
1051 789 1149 840 tria
1189 788 1374 840 funcra
1411 803 1626 857 magna,
1670 785 1880 839 sonabit

421 892 631 942 Cornua
673 889 817 960 quod
858 890 1139 959 vincatque
1179 888 1358 952 tubas3
1400 887 1584 940 saltem
1625 895 1768 940 tenet
1804 886 1906 940 hoc
1945 903 2058 940 nos.

420 992 566 1043 Nunc
605 989 671 1042 ad
710 1007 795 1042 ine
839 989 1003 1042 redeo
1044 988 1289 1042 libertino
1330 997 1478 1058 patre
1518 995 1724 1050 natum,

2090 987 2157 1039 45

457 1131 521 1169 39.
557 1131 726 1170 Deicere
770 1131 818 1169 de
862 1141 914 1181 cp
961 1132 1001 1169 et
1034 1141 1098 1181 pr.
1133 1129 1159 1168 d
1205 1129 1390 1180 (Deicere
1419 1140 1439 1168 e
1470 1140 1582 1168 corr.
1618 1128 1675 1179 d),
1716 1127 1918 1169 notabilis
1948 1126 2101 1178 lectio,

403 1205 536 1244 quain
569 1197 715 1232 tamen
747 1205 828 1232 nec
863 1194 943 1232 Fea
975 1204 1119 1243 neque
1152 1193 1382 1232 Pottierius
1410 1192 1450 1230 in
1471 1190 1556 1230 ullo
1578 1202 1761 1231 suorum
1782 1190 1987 1231 videntur
2006 1201 2107 1242 rep-

403 1257 593 1306 perisse;
628 1259 748 1295 certe
783 1267 868 1294 non
891 1257 1136 1294 enotarunt.

1201 1255 1320 1293 lianc
1344 1253 1471 1292 unice
1495 1251 1655 1304 probat
1675 1252 1979 1292 Schneidewin
2009 1252 2107 1292 Phi-

402 1316 471 1356 lol.
506 1318 574 1356 111.
608 1328 651 1368 p.
685 1317 781 1357 541.
832 1337 874 1344 -
925 1316 989 1356 42.
1018 1317 1211 1365 plaustra
1241 1317 1315 1367 dp.
1368 1338 1411 1343 —-
1462 1314 1528 1355 44.
1568 1317 1751 1355 Nostrae
1791 1313 1965 1355 lectioni
2003 1314 2048 1353 in
2077 1314 2104 1353 S

403 1391 624 1430 superscr.
668 1382 762 1419 est:
808 1380 955 1418 saltem
996 1380 1068 1418 hoc
1115 1380 1232 1417 iurat
1274 1382 1310 1418 et
1352 1388 1439 1417 nos.
1487 1377 1644 1428 (saltim
1673 1378 1732 1428 p.)

351 1502 394 1506 —
430 1480 615 1518 Deficere
635 1480 668 1528 e]
700 1479 864 1519 Eadem
893 1480 1219 1518 constructione

349 1542 572 1580 Lucretius
620 1543 668 1583 5,
728 1540 855 1580 ¹¹24:

345 1666 505 1702 Invidia
551 1686 573 1692 -
610 1686 633 1692 -
676 1665 715 1703 in
769 1665 949 1703 Tartara
996 1669 1115 1703 tetra.
1171 1684 1215 1690 —

345 1727 465 1778 saco]
499 1727 700 1777 Tarpeio,
748 1725 815 1765 vel
848 1729 893 1765 ut
925 1726 1123 1765 triumvir
1144 1737 1220 1765 ca-

346 1788 510 1839 pitalis,
544 1787 612 1827 rel
644 1789 787 1838 potius
827 1791 870 1827 ut
912 1791 1088 1838 praetor
1127 1789 1218 1827 sive

347 1851 571 1900 quaesitor
600 1861 749 1888 reruni
780 1849 1044 1900 capitalium.

348 1910 524 1962 pliciuin
567 1914 714 1949 autem
760 1910 863 1950 illud
907 1923 992 1950 non
1038 1922 1218 1962 prorsus

348 1972 568 2012 insolitum
606 1973 843 2012 etiamtunc
886 1973 1043 2020 fuisse,
1092 1983 1219 2011 inon-

346 2038 451 2074 strat
482 2033 732 2084 exemplum
766 2037 808 2073 P.
844 2033 1093 2073 Dolabellae
1117 2045 1220 2073 con-

347 2094 474 2141 sulis,
523 2096 597 2145 qui
643 2107 681 2134 a.
722 2107 763 2134 u.
806 2107 842 2134 c.
883 2097 975 2135 7210.
1017 2096 1217 2135 homines

345 2157 541 2208 perditos
572 2170 622 2196 ac
660 2157 912 2205 seditiosos,
960 2156 1122 2197 liberos
1162 2157 1216 2197 de

345 2230 449 2259 saxo
481 2220 664 2270 Tarpeio
687 2219 833 2268 deiici,
871 2231 1024 2259 servos
1056 2221 1098 2258 in
1121 2231 1219 2259 cru—

345 2291 443 2319 cem
474 2282 540 2330 agi
572 2282 709 2320 iussit.
753 2282 840 2320 Cic.
865 2281 922 2320 ad
942 2284 1026 2320 Att.
1052 2280 1122 2329 44,
1149 2282 1213 2330 45,

345 2343 383 2381 Ξ.
418 2363 464 2369 -
498 2343 662 2382 tradere
700 2342 867 2393 Cadmo]
909 2343 978 2382 Sic
1018 2342 1216 2394 Diphilus

344 2404 543 2443 Meinekii
589 2405 657 2443 lv.
705 2415 745 2455 p.
796 2404 903 2444 389:
953 2403 1016 2457 τῷ
1060 2403 1215 2458 δημίῳ

344 2463 623 2522 παρέδωκαν
652 2461 815 2505 αὐτόν.
869 2467 1089 2508 «Cadmus
1115 2468 1219 2507 dici-

345 2531 414 2567 tur
444 2539 496 2567 eo
527 2530 727 2578 tempore
759 2528 891 2568 fuisse
914 2529 1105 2569 carnifex
1135 2541 1216 2569 no-

345 2593 413 2628 tae
445 2588 758 2629 crudelitatis.»
803 2592 953 2628 Senior..
991 2614 1034 2618 -
1058 2591 1215 2630 fulvo-

341 2653 434 2690 vius
475 2650 583 2702 cet]
629 2652 790 2690 Novius
834 2652 963 2702 Niger
1005 2656 1215 2703 quaestor

345 2713 518 2752 circiter
554 2724 592 2750 a.
626 2723 668 2750 u.
702 2724 739 2751 c.
773 2713 884 2760 69¹„
927 2724 1063 2763 quem
1103 2726 1215 2753 non—

344 2773 446 2813 nulli
477 2774 563 2812 huc
600 2774 797 2821 trahunt,
844 2786 949 2814 sane
979 2775 1034 2814 ab
1075 2776 1215 2815 Hora-

345 2837 460 2874 tiano
491 2835 690 2876 diversus
721 2839 802 2876 est.
863 2838 954 2876 Hoc
983 2839 1131 2877 autem
1153 2839 1215 2877 di-

344 2898 400 2935 cit
440 2900 593 2946 poeta:
642 2899 719 2936 «At
755 2908 836 2947 ego
875 2896 1030 2937 saltem
1070 2899 1214 2939 minus

344 2958 536 2997 obscuro
566 2957 662 2997 loco
692 2960 814 2997 ortus
845 2970 944 2998 sum
968 2970 1102 3009 quam
1132 2961 1215 2999 No-

343 3021 463 3065 vius,
511 3018 671 3069 collega
711 3031 838 3059 meus
882 3020 925 3059 in
967 3020 1210 3070 tribunatu3

344 3093 424 3131 ego
442 3081 667 3121 libertinus
687 3093 800 3130 sum,
834 3081 901 3121 ille
924 3081 1148 3123 libertus.»
1167 3106 1210 3112 —

341 3145 478 3195 yradu
499 3149 591 3193 post
616 3155 677 3182 me
696 3145 801 3183 sedec
821 3144 917 3195 uno]
941 3156 1053 3184 auno
1074 3146 1210 3195 gradu

343 3206 572 3245 deterioris
595 3209 662 3245 est
682 3206 996 3255 condicionis»,
1030 3207 1213 3247 transla-

343 3268 458 3306 tione
488 3270 660 3318 sumpta
691 3279 712 3306 a
744 3268 926 3309 sedibus
956 3270 1128 3310 theatri.
1164 3294 1206 3298 -α

342 3329 564 3369 Eiusmodi
595 3331 742 3368 autem
773 3332 916 3369 terrae
940 3330 1034 3380 filii,
1067 3332 1211 3371 homi-

344 3402 422 3429 nes
464 3392 661 3442 prorupti
705 3394 836 3442 atque
872 3392 1085 3440 audaces,
1131 3395 1209 3432 Sa-

345 3464 524 3501 sernae,
578 3453 780 3493 Decidius
826 3455 961 3501 Saxa,
1009 3454 1209 3494 Volusie-

916 1542 968 1580 Et
1016 1545 1152 1579 lamen
1201 1551 1221 1578 e

346 1614 525 1650 summo„
574 1603 692 1651 quasi
733 1603 910 1651 fulmen,
958 1603 1093 1641 delicit
1124 1603 1221 1640 ictos

1108 1852 1221 1900 Sup-

1287 1488 1390 1524 nus‚
1424 1477 1596 1517 Licinus
1619 1479 1788 1525 tonsor,
1817 1488 1899 1529 per
1919 1477 2158 1517 Caesarem

1286 1539 1341 1578 ad
1372 1539 1641 1579 senatoriam
1662 1538 1915 1590 dignitatem
1937 1548 2160 1590 pervene-

1286 1603 1403 1649 rant,
1438 1612 1522 1651 qua
1554 1600 1608 1640 de
1639 1612 1685 1639 re
1717 1611 1850 1652 saepe
1871 1599 2160 1651 conqueritur

1285 1664 1440 1703 Cicero
1463 1664 1504 1702 in
1526 1662 1791 1714 Philippicis.
1853 1662 1928 1702 His
1951 1660 2157 1702 sordibus

1286 1726 1490 1776 (Orcinos
1538 1724 1692 1775 volgus
1738 1723 1947 1773 vocabat)
2003 1724 2159 1774 postea

1284 1788 1544 1827 Octavianus
1593 1787 1793 1827 ordinem
1838 1785 2158 1838 amplissimum

1283 1850 1497 1900 purgavit.
1558 1851 1737 1889 Sueton.
1790 1850 1937 1889 Octav.
1981 1848 2047 1888 35.
2105 1871 2150 1877 —

1282 1912 1366 1950 Hoc
1383 1911 1453 1950 libi
1472 1911 1573 1962 cet.]
1596 1910 1788 1950 Tribuno
1805 1909 2047 1962 respondet
2072 1911 2159 1950 Ho-

1284 1973 1418 2012 ratius
1440 1971 1587 2024 populi
1608 1973 1777 2021 verbis,
1804 1973 1873 2012 cui
1893 1973 1978 2012 hoc
1992 1984 2033 2012 v.
2054 1974 2154 2012 etv.

1284 2034 1351 2074 44.
1399 2046 1499 2074 sese
1549 2036 1781 2084 aggregat:
1835 2035 2034 2074 «Verum
2083 2034 2157 2073 hoc

1285 2097 1467 2146 («ideo»)
1500 2095 1585 2136 noli
1616 2099 1659 2136 te
1690 2097 1980 2148 aequiparare
2011 2095 2157 2136 Aemi-

1282 2158 1347 2198 liis
1371 2158 1549 2207 Paullis,
1582 2158 1765 2200 Valeriis
1785 2157 2018 2208 Messallis,
2050 2158 2155 2198 viris

1283 2219 1608 2260 nobilissimis.»

1336 2281 1402 2322 43.
1450 2282 1791 2333 concurrantque
1819 2305 1842 2312 -
1870 2305 1893 2311 -
1921 2281 2154 2333 vincatque]

1280 2346 1351 2385 Bis
1406 2344 1617 2396 deinceps
1670 2344 1861 2384 verbum
1914 2344 1957 2383 in
2008 2343 2155 2396 priore

1281 2405 1485 2446 membro
1507 2407 1722 2446 omissum
1744 2418 1796 2446 ex
1826 2407 2072 2458 posteriore
2093 2407 2157 2446 in-

1279 2467 1564 2518 telligendum
1596 2470 1683 2508 est:
1729 2470 1764 2508 si
1790 2469 1952 2519 plostra
1979 2469 2157 2509 ducenta

1280 2531 1545 2569 concurrant
1574 2529 1666 2568 soro
1694 2530 2034 2580 Concurrantque
2060 2530 2154 2581 foro

1280 2592 1365 2630 tria
1402 2592 1555 2641 funera
1584 2593 1628 2630 et
1668 2592 1836 2631 Cornua
1865 2593 1973 2641 quod
2010 2592 2156 2632 vincat

1273 2654 1494 2702 vincatque
1521 2652 1652 2691 tubas.
1690 2674 1733 2681 —-
1763 2654 1872 2703 soro]
1901 2652 1976 2693 ubi
2011 2653 2155 2694 habe-

1279 2715 1437 2754 bantur
1466 2714 1740 2756 laudationes
1771 2716 2003 2765 sunebres;
2051 2729 2154 2758 cre-

1279 2776 1515 2816 mabantur
1570 2779 1730 2817 mortui
1787 2778 2051 2830 plerumque
2108 2781 2151 2820 in

1279 2839 1445 2888 Campo
1491 2839 1657 2878 Martio.
1701 2861 1746 2867 —
1784 2840 1936 2890 funera
1976 2841 2148 2893 magna]

1278 2901 1346 2939 Sic
1391 2900 1661 2950 iungendum
1701 2912 1804 2941 cum
1851 2901 2149 2953 Ahlemeyero

1278 2964 1322 3001 et
1366 2961 1591 3010 Herbstio,
1643 2973 1731 3002 non
1763 2975 1923 3015 magna
1964 2964 2147 3013 sonabit3

1277 3036 1421 3075 neque
1463 3026 1580 3065 enim
1625 3027 1734 3076 quod
1776 3038 1877 3068 cum
1916 3039 1959 3068 v.
1991 3039 2150 3080 magna

1276 3086 1379 3125 satis
1410 3088 1511 3137 apte
1542 3087 1774 3138 cohaeret,
1808 3099 1953 3140 neque
1984 3090 2028 3129 in
2055 3089 2149 3131 aliis

1276 3148 1356 3188 nisi
1386 3149 1550 3199 maqnis
1579 3149 1806 3190 funeribus
1827 3160 1991 3190 cornua
2011 3151 2056 3190 et
2084 3153 2151 3191 tu-

1274 3209 1357 3248 bae
1400 3210 1739 3250 adhibebantur.
1800 3212 2009 3252 Ceterum
2051 3223 2149 3252 ma-

1273 3283 1356 3322 qna
1386 3283 1534 3312 sonare
1569 3284 1650 3324 per
1687 3284 1735 3313 se
1768 3272 1870 3313 nihil
1909 3273 2045 3314 habet
2079 3275 2147 3315 os-

1274 3332 1496 3373 sensionis.
1559 3334 1681 3373 Conf.
1715 3335 1801 3374 Sat.
1837 3335 1880 3384 4,
1912 3334 1959 3384 4,
1991 3335 2065 3376 43;
2103 3349 2148 3377 os

1271 3395 1433 3444 Magna
1460 3399 1716 3435 sanaturum.
1776 3397 1923 3436 luven.
1956 3398 2002 3446 7,
2042 3398 2141 3438 ⁴08:

1271 3457 1351 3506 lpse
1389 3468 1547 3507 maqna
1574 3462 1735 3497 sonant.
1795 3457 1886 3497 Val.
1922 3457 2059 3498 Flacc.
2094 3459 2139 3508 3,
