<?xml version="1.0" encoding="UTF-8"?>
<!DOCTYPE html PUBLIC "-//W3C//DTD XHTML 1.0 Transitional//EN"
    "http://www.w3.org/TR/xhtml1/DTD/xhtml1-transitional.dtd">
<html xmlns="http://www.w3.org/1999/xhtml" xml:lang="en" lang="en">
 <head>
  <title>
</title>
<meta http-equiv="Content-Type" content="text/html;charset=utf-8" />
  <meta name='ocr-system' content='tesseract 3.04.00' />
  <meta name='ocr-capabilities' content='ocr_page ocr_carea ocr_par ocr_line ocrx_word'/>
</head>
<body>
  <div class='ocr_page' id='page_1' title='image "./qhoratiusflaccus02horauoft_0188.png"; bbox 0 0 2231 3787; ppageno 0'>
   <div class='ocr_carea' id='block_1_1' title="bbox 212 217 302 269">
    <p class='ocr_par' dir='ltr' id='par_1_1' title="bbox 212 217 302 269">
     <span class='ocr_line' id='line_1_1' title="bbox 212 217 302 269; baseline 0.022 -2"><span class='ocrx_word' id='word_1_1' title='bbox 212 217 302 269; x_wconf 71' lang='lat'>172</span> 
     </span>
    </p>
   </div>
   <div class='ocr_carea' id='block_1_2' title="bbox 838 222 1377 265">
    <p class='ocr_par' dir='ltr' id='par_1_2' title="bbox 838 222 1377 265">
     <span class='ocr_line' id='line_1_2' title="bbox 838 222 1377 265; baseline 0.002 -4"><span class='ocrx_word' id='word_1_2' title='bbox 838 222 1049 262; x_wconf 73' lang='lat' dir='ltr'>llORATll</span> <span class='ocrx_word' id='word_1_3' title='bbox 1080 223 1377 265; x_wconf 77' lang='lat' dir='ltr'>SATIRARUM</span> 
     </span>
    </p>
   </div>
   <div class='ocr_carea' id='block_1_3' title="bbox 272 349 1647 422">
    <p class='ocr_par' dir='ltr' id='par_1_3' title="bbox 272 349 1647 422">
     <span class='ocr_line' id='line_1_3' title="bbox 272 349 1647 422; baseline 0.001 -20"><span class='ocrx_word' id='word_1_4' title='bbox 272 351 402 402; x_wconf 85' lang='lat' dir='ltr'>Cum</span> <span class='ocrx_word' id='word_1_5' title='bbox 443 349 640 403; x_wconf 84' lang='lat' dir='ltr'>Pedius</span> <span class='ocrx_word' id='word_1_6' title='bbox 681 368 872 404; x_wconf 78' lang='lat' dir='ltr'>causas</span> <span class='ocrx_word' id='word_1_7' title='bbox 913 352 1139 406; x_wconf 85' lang='lat' dir='ltr'>exsudet</span> <span class='ocrx_word' id='word_1_8' title='bbox 1176 351 1446 422; x_wconf 81' lang='lat' dir='ltr'>Poplicola</span> <span class='ocrx_word' id='word_1_9' title='bbox 1487 361 1647 421; x_wconf 85' lang='lat' dir='ltr'>atque</span> 
     </span>
    </p>
   </div>
   <div class='ocr_carea' id='block_1_4' title="bbox 271 451 1395 523">
    <p class='ocr_par' dir='ltr' id='par_1_4' title="bbox 271 451 1395 523">
     <span class='ocr_line' id='line_1_4' title="bbox 271 451 1395 523; baseline 0 -19"><span class='ocrx_word' id='word_1_10' title='bbox 271 451 558 513; x_wconf 66' lang='lat' dir='ltr'>Corvinus,</span> <span class='ocrx_word' id='word_1_11' title='bbox 600 453 784 522; x_wconf 85' lang='lat' dir='ltr'>patriis</span> <span class='ocrx_word' id='word_1_12' title='bbox 826 452 1192 507; x_wconf 79' lang='lat' dir='ltr'>intermiscere</span> <span class='ocrx_word' id='word_1_13' title='bbox 1232 452 1395 523; x_wconf 85' lang='lat' dir='ltr'>petita</span> 
     </span>
    </p>
   </div>
   <div class='ocr_carea' id='block_1_5' title="bbox 270 551 1636 624">
    <p class='ocr_par' dir='ltr' id='par_1_5' title="bbox 270 551 1636 624">
     <span class='ocr_line' id='line_1_5' title="bbox 270 551 1636 624; baseline 0.001 -21"><span class='ocrx_word' id='word_1_14' title='bbox 270 551 440 605; x_wconf 75' lang='lat' dir='ltr'>Verba</span> <span class='ocrx_word' id='word_1_15' title='bbox 479 552 606 605; x_wconf 83' lang='lat' dir='ltr'>soris</span> <span class='ocrx_word' id='word_1_16' title='bbox 645 552 823 613; x_wconf 86' lang='lat' dir='ltr'>malis,</span> <span class='ocrx_word' id='word_1_17' title='bbox 867 554 1117 607; x_wconf 82' lang='lat' dir='ltr'>Canusini</span> <span class='ocrx_word' id='word_1_18' title='bbox 1155 571 1305 606; x_wconf 89' lang='lat' dir='ltr'>more</span> <span class='ocrx_word' id='word_1_19' title='bbox 1344 552 1636 624; x_wconf 81' lang='lat' dir='ltr'>bilinguis?</span> 
     </span>
    </p>
   </div>
   <div class='ocr_carea' id='block_1_6' title="bbox 1943 557 2010 606">
    <p class='ocr_par' dir='ltr' id='par_1_6' title="bbox 1943 557 2010 606">
     <span class='ocr_line' id='line_1_6' title="bbox 1943 557 2010 606; baseline -0.015 0"><span class='ocrx_word' id='word_1_20' title='bbox 1943 557 2010 606; x_wconf 85' lang='lat'>30</span> 
     </span>
    </p>
   </div>
   <div class='ocr_carea' id='block_1_7' title="bbox 268 654 1850 724">
    <p class='ocr_par' dir='ltr' id='par_1_7' title="bbox 268 654 1850 724">
     <span class='ocr_line' id='line_1_7' title="bbox 268 654 1850 724; baseline 0.002 -20"><span class='ocrx_word' id='word_1_21' title='bbox 268 656 438 723; x_wconf 72' lang='lat' dir='ltr'>Atque</span> <span class='ocrx_word' id='word_1_22' title='bbox 483 671 583 724; x_wconf 77' lang='lat' dir='ltr'>ego</span> <span class='ocrx_word' id='word_1_23' title='bbox 624 671 745 707; x_wconf 87' lang='lat' dir='ltr'>cum</span> <span class='ocrx_word' id='word_1_24' title='bbox 785 654 1019 708; x_wconf 86' lang='lat' dir='ltr'>Graecos</span> <span class='ocrx_word' id='word_1_25' title='bbox 1060 655 1294 708; x_wconf 84' lang='lat' dir='ltr'>facerem</span> <span class='ocrx_word' id='word_1_26' title='bbox 1332 663 1488 708; x_wconf 90' lang='lat' dir='ltr'>natus</span> <span class='ocrx_word' id='word_1_27' title='bbox 1530 672 1678 709; x_wconf 89' lang='lat' dir='ltr'>mare</span> <span class='ocrx_word' id='word_1_28' title='bbox 1720 655 1850 708; x_wconf 87' lang='lat' dir='ltr'>citra</span> 
     </span>
    </p>
   </div>
   <div class='ocr_carea' id='block_1_8' title="bbox 268 754 1549 820">
    <p class='ocr_par' dir='ltr' id='par_1_8' title="bbox 268 754 1549 820">
     <span class='ocr_line' id='line_1_8' title="bbox 268 754 1549 820; baseline 0.002 -14"><span class='ocrx_word' id='word_1_29' title='bbox 268 754 598 808; x_wconf 57' lang='lat' dir='ltr'>Versiculos</span> <span class='ocrx_word' id='word_1_30' title='bbox 640 755 806 808; x_wconf 70' lang='lat' dir='ltr'>vetuit</span> <span class='ocrx_word' id='word_1_31' title='bbox 843 773 928 808; x_wconf 91' lang='lat' dir='ltr'>me</span> <span class='ocrx_word' id='word_1_32' title='bbox 970 755 1055 808; x_wconf 90' lang='lat' dir='ltr'>tali</span> <span class='ocrx_word' id='word_1_33' title='bbox 1094 772 1228 809; x_wconf 75' lang='lat' dir='ltr'>voce</span> <span class='ocrx_word' id='word_1_34' title='bbox 1267 755 1549 820; x_wconf 85' lang='lat' dir='ltr'>QuirinuS,</span> 
     </span>
    </p>
   </div>
   <div class='ocr_carea' id='block_1_9' title="bbox 251 896 1957 1010">
    <p class='ocr_par' dir='ltr' id='par_1_9' title="bbox 251 896 1957 1010">
     <span class='ocr_line' id='line_1_9' title="bbox 308 896 1957 949; baseline 0.002 -15"><span class='ocrx_word' id='word_1_35' title='bbox 308 896 372 935; x_wconf 67' lang='lat'>28.</span> <span class='ocrx_word' id='word_1_36' title='bbox 422 898 598 935; x_wconf 60' lang='lat' dir='ltr'>cni-sudat</span> <span class='ocrx_word' id='word_1_37' title='bbox 631 909 710 947; x_wconf 74' lang='grc' dir='ltr'>κμ.</span> <span class='ocrx_word' id='word_1_38' title='bbox 753 918 797 924; x_wconf 88' lang='grc'>-</span> <span class='ocrx_word' id='word_1_39' title='bbox 833 897 1043 936; x_wconf 77' lang='lat' dir='ltr'>Publicola</span> <span class='ocrx_word' id='word_1_40' title='bbox 1073 896 1236 948; x_wconf 88' lang='lat' dir='ltr'>bScdp.</span> <span class='ocrx_word' id='word_1_41' title='bbox 1278 919 1324 938; x_wconf 70' lang='lat'>—‚</span> <span class='ocrx_word' id='word_1_42' title='bbox 1363 897 1429 937; x_wconf 70' lang='grc'>31.</span> <span class='ocrx_word' id='word_1_43' title='bbox 1462 898 1593 947; x_wconf 80' lang='lat' dir='ltr'>Atque</span> <span class='ocrx_word' id='word_1_44' title='bbox 1621 897 1790 947; x_wconf 87' lang='lat' dir='ltr'>bSc,tJ:</span> <span class='ocrx_word' id='word_1_45' title='bbox 1834 899 1957 949; x_wconf 76' lang='lat' dir='ltr'>Atqui</span> 
     </span>
     <span class='ocr_line' id='line_1_10' title="bbox 251 957 1952 1010; baseline 0.002 -14"><span class='ocrx_word' id='word_1_46' title='bbox 251 958 411 1010; x_wconf 43' lang='lat' dir='ltr'>illim«,</span> <span class='ocrx_word' id='word_1_47' title='bbox 447 958 586 997; x_wconf 82' lang='lat' dir='ltr'>Codd.</span> <span class='ocrx_word' id='word_1_48' title='bbox 621 959 842 1006; x_wconf 86' lang='lat' dir='ltr'>Pottierii,</span> <span class='ocrx_word' id='word_1_49' title='bbox 878 960 969 1007; x_wconf 91' lang='lat' dir='ltr'>LC,</span> <span class='ocrx_word' id='word_1_50' title='bbox 1004 957 1242 1009; x_wconf 91' lang='lat' dir='ltr'>Bentleius‚</span> <span class='ocrx_word' id='word_1_51' title='bbox 1275 961 1361 1000; x_wconf 85' lang='lat' dir='ltr'>FM.</span> <span class='ocrx_word' id='word_1_52' title='bbox 1391 983 1434 988; x_wconf 94' lang='lat'><strong>—</strong></span> <span class='ocrx_word' id='word_1_53' title='bbox 1460 960 1525 1000; x_wconf 75' lang='lat'>32.</span> <span class='ocrx_word' id='word_1_54' title='bbox 1563 961 1638 1000; x_wconf 81' lang='lat' dir='ltr'>tall</span> <span class='ocrx_word' id='word_1_55' title='bbox 1666 972 1731 1002; x_wconf 71' lang='lat' dir='ltr'>vme</span> <span class='ocrx_word' id='word_1_56' title='bbox 1760 973 1814 1001; x_wconf 82' lang='lat' dir='ltr'>ex</span> <span class='ocrx_word' id='word_1_57' title='bbox 1845 961 1952 1001; x_wconf 91' lang='lat' dir='ltr'>Cod.</span> 
     </span>
    </p>
   </div>
   <div class='ocr_carea' id='block_1_10' title="bbox 253 1020 872 1071">
    <p class='ocr_par' dir='ltr' id='par_1_10' title="bbox 253 1020 872 1071">
     <span class='ocr_line' id='line_1_11' title="bbox 253 1020 872 1071; baseline 0 -10"><span class='ocrx_word' id='word_1_58' title='bbox 253 1021 357 1062; x_wconf 84' lang='lat' dir='ltr'>Coll.</span> <span class='ocrx_word' id='word_1_59' title='bbox 392 1023 504 1061; x_wconf 86' lang='lat' dir='ltr'>Trin.</span> <span class='ocrx_word' id='word_1_60' title='bbox 541 1021 603 1071; x_wconf 67' lang='lat' dir='ltr'>(cp)</span> <span class='ocrx_word' id='word_1_61' title='bbox 637 1020 872 1062; x_wconf 89' lang='lat' dir='ltr'>Bentleius.</span> 
     </span>
    </p>
   </div>
   <div class='ocr_carea' id='block_1_11' title="bbox 182 1146 1069 3493">
    <p class='ocr_par' dir='ltr' id='par_1_11' title="bbox 182 1146 1069 3493">
     <span class='ocr_line' id='line_1_12' title="bbox 195 1146 1069 1186; baseline 0 0"><span class='ocrx_word' id='word_1_62' title='bbox 195 1146 512 1186; x_wconf 83' lang='lat' dir='ltr'>sententiarum</span> <span class='ocrx_word' id='word_1_63' title='bbox 565 1146 814 1186; x_wconf 85' lang='lat' dir='ltr'>iuncturam</span> <span class='ocrx_word' id='word_1_64' title='bbox 852 1147 895 1186; x_wconf 93' lang='lat' dir='ltr'>in</span> <span class='ocrx_word' id='word_1_65' title='bbox 934 1147 1069 1186; x_wconf 86' lang='lat' dir='ltr'>Bent-</span> 
     </span>
     <span class='ocr_line' id='line_1_13' title="bbox 194 1208 1065 1258; baseline 0.001 -11"><span class='ocrx_word' id='word_1_66' title='bbox 194 1209 331 1248; x_wconf 80' lang='lat' dir='ltr'>lciana</span> <span class='ocrx_word' id='word_1_67' title='bbox 371 1219 506 1258; x_wconf 89' lang='lat' dir='ltr'>quam</span> <span class='ocrx_word' id='word_1_68' title='bbox 545 1208 588 1248; x_wconf 90' lang='lat' dir='ltr'>in</span> <span class='ocrx_word' id='word_1_69' title='bbox 619 1209 853 1248; x_wconf 85' lang='lat' dir='ltr'>Horatiana</span> <span class='ocrx_word' id='word_1_70' title='bbox 882 1209 1065 1249; x_wconf 89' lang='lat' dir='ltr'>ratione.</span> 
     </span>
     <span class='ocr_line' id='line_1_14' title="bbox 194 1270 1064 1310; baseline 0.001 -1"><span class='ocrx_word' id='word_1_71' title='bbox 194 1273 428 1310; x_wconf 85' lang='lat' dir='ltr'>Praeterea</span> <span class='ocrx_word' id='word_1_72' title='bbox 476 1270 640 1309; x_wconf 90' lang='lat' dir='ltr'>rectius</span> <span class='ocrx_word' id='word_1_73' title='bbox 690 1270 894 1309; x_wconf 78' lang='lat' dir='ltr'>obiicitur</span> <span class='ocrx_word' id='word_1_74' title='bbox 949 1273 1064 1310; x_wconf 84' lang='lat' dir='ltr'>tanta</span> 
     </span>
     <span class='ocr_line' id='line_1_15' title="bbox 193 1331 1068 1384; baseline 0.001 -13"><span class='ocrx_word' id='word_1_75' title='bbox 193 1344 292 1371; x_wconf 79' lang='lat' dir='ltr'>cum</span> <span class='ocrx_word' id='word_1_76' title='bbox 316 1332 507 1371; x_wconf 83' lang='lat' dir='ltr'>efficacia</span> <span class='ocrx_word' id='word_1_77' title='bbox 531 1331 689 1371; x_wconf 69' lang='lat' dir='ltr'>oblivio</span> <span class='ocrx_word' id='word_1_78' title='bbox 716 1334 882 1384; x_wconf 81' lang='lat' dir='ltr'>patriae</span> <span class='ocrx_word' id='word_1_79' title='bbox 905 1334 1068 1384; x_wconf 83' lang='lat' dir='ltr'>patris-</span> 
     </span>
     <span class='ocr_line' id='line_1_16' title="bbox 192 1394 1067 1446; baseline 0.002 -13"><span class='ocrx_word' id='word_1_80' title='bbox 192 1406 277 1445; x_wconf 87' lang='lat' dir='ltr'>que</span> <span class='ocrx_word' id='word_1_81' title='bbox 310 1394 565 1434; x_wconf 71' lang='lat' dir='ltr'>adversario</span> <span class='ocrx_word' id='word_1_82' title='bbox 597 1395 723 1443; x_wconf 88' lang='lat' dir='ltr'>ficto,</span> <span class='ocrx_word' id='word_1_83' title='bbox 757 1406 891 1446; x_wconf 90' lang='lat' dir='ltr'>quam</span> <span class='ocrx_word' id='word_1_84' title='bbox 921 1398 969 1434; x_wconf 93' lang='lat' dir='ltr'>ut</span> <span class='ocrx_word' id='word_1_85' title='bbox 996 1395 1067 1435; x_wconf 88' lang='lat' dir='ltr'>vel</span> 
     </span>
     <span class='ocr_line' id='line_1_17' title="bbox 191 1451 1069 1508; baseline 0.003 -14"><span class='ocrx_word' id='word_1_86' title='bbox 191 1468 271 1507; x_wconf 83' lang='lat' dir='ltr'>per</span> <span class='ocrx_word' id='word_1_87' title='bbox 302 1451 535 1496; x_wconf 64' lang='grc' dir='ltr'>ὑπόθεσιν</span> <span class='ocrx_word' id='word_1_88' title='bbox 566 1459 793 1508; x_wconf 87' lang='lat' dir='ltr'>tamquam</span> <span class='ocrx_word' id='word_1_89' title='bbox 825 1455 951 1508; x_wconf 90' lang='lat' dir='ltr'>culpa</span> <span class='ocrx_word' id='word_1_90' title='bbox 975 1468 1069 1497; x_wconf 91' lang='lat' dir='ltr'>me-</span> 
     </span>
     <span class='ocr_line' id='line_1_18' title="bbox 191 1519 1069 1570; baseline 0.002 -13"><span class='ocrx_word' id='word_1_91' title='bbox 191 1522 412 1566; x_wconf 79' lang='lat' dir='ltr'>moretur,</span> <span class='ocrx_word' id='word_1_92' title='bbox 446 1530 560 1569; x_wconf 86' lang='lat' dir='ltr'>quae</span> <span class='ocrx_word' id='word_1_93' title='bbox 591 1530 615 1558; x_wconf 91' lang='lat' dir='ltr'>a</span> <span class='ocrx_word' id='word_1_94' title='bbox 646 1519 779 1558; x_wconf 89' lang='lat' dir='ltr'>Pedio</span> <span class='ocrx_word' id='word_1_95' title='bbox 800 1522 933 1570; x_wconf 88' lang='lat' dir='ltr'>atque</span> <span class='ocrx_word' id='word_1_96' title='bbox 955 1521 1069 1560; x_wconf 87' lang='lat' dir='ltr'>Mes-</span> 
     </span>
     <span class='ocr_line' id='line_1_19' title="bbox 190 1579 1059 1633; baseline 0.001 -13"><span class='ocrx_word' id='word_1_97' title='bbox 190 1579 316 1628; x_wconf 84' lang='lat' dir='ltr'>salla,</span> <span class='ocrx_word' id='word_1_98' title='bbox 360 1582 434 1630; x_wconf 88' lang='lat' dir='ltr'>qui</span> <span class='ocrx_word' id='word_1_99' title='bbox 464 1592 563 1620; x_wconf 92' lang='lat' dir='ltr'>eam</span> <span class='ocrx_word' id='word_1_100' title='bbox 594 1592 822 1632; x_wconf 89' lang='lat' dir='ltr'>nunquam</span> <span class='ocrx_word' id='word_1_101' title='bbox 858 1582 1059 1633; x_wconf 84' lang='lat' dir='ltr'>profecto</span> 
     </span>
     <span class='ocr_line' id='line_1_20' title="bbox 190 1641 1066 1691; baseline 0.002 -10"><span class='ocrx_word' id='word_1_102' title='bbox 190 1643 232 1681; x_wconf 92' lang='lat' dir='ltr'>in</span> <span class='ocrx_word' id='word_1_103' title='bbox 263 1654 309 1681; x_wconf 89' lang='lat' dir='ltr'>se</span> <span class='ocrx_word' id='word_1_104' title='bbox 348 1641 642 1691; x_wconf 80' lang='lat' dir='ltr'>admiserant,</span> <span class='ocrx_word' id='word_1_105' title='bbox 690 1642 874 1683; x_wconf 83' lang='lat' dir='ltr'>fortasse</span> <span class='ocrx_word' id='word_1_106' title='bbox 917 1644 1066 1683; x_wconf 91' lang='lat' dir='ltr'>tamen</span> 
     </span>
     <span class='ocr_line' id='line_1_21' title="bbox 190 1704 1066 1757; baseline 0.002 -14"><span class='ocrx_word' id='word_1_107' title='bbox 190 1704 424 1755; x_wconf 86' lang='lat' dir='ltr'>aliquando</span> <span class='ocrx_word' id='word_1_108' title='bbox 465 1705 678 1744; x_wconf 83' lang='lat' dir='ltr'>committi</span> <span class='ocrx_word' id='word_1_109' title='bbox 715 1706 867 1757; x_wconf 84' lang='lat' dir='ltr'>possit.</span> <span class='ocrx_word' id='word_1_110' title='bbox 909 1729 953 1734; x_wconf 89' lang='lat'>—-</span> <span class='ocrx_word' id='word_1_111' title='bbox 980 1717 1066 1755; x_wconf 78' lang='lat' dir='ltr'>pa-</span> 
     </span>
     <span class='ocr_line' id='line_1_22' title="bbox 189 1767 1067 1817; baseline 0.002 -12"><span class='ocrx_word' id='word_1_112' title='bbox 189 1767 294 1805; x_wconf 75' lang='lat' dir='ltr'>triae</span> <span class='ocrx_word' id='word_1_113' title='bbox 320 1767 547 1816; x_wconf 74' lang='lat' dir='ltr'>patrisque]</span> <span class='ocrx_word' id='word_1_114' title='bbox 581 1767 748 1806; x_wconf 87' lang='lat' dir='ltr'>dictum</span> <span class='ocrx_word' id='word_1_115' title='bbox 778 1769 865 1817; x_wconf 88' lang='lat' dir='ltr'>est,</span> <span class='ocrx_word' id='word_1_116' title='bbox 909 1769 958 1807; x_wconf 87' lang='lat' dir='ltr'>ut</span> <span class='ocrx_word' id='word_1_117' title='bbox 988 1767 1067 1807; x_wconf 90' lang='lat' dir='ltr'>ali-</span> 
     </span>
     <span class='ocr_line' id='line_1_23' title="bbox 191 1828 1063 1879; baseline 0.003 -12"><span class='ocrx_word' id='word_1_118' title='bbox 191 1829 363 1879; x_wconf 84' lang='lat' dir='ltr'>quoties</span> <span class='ocrx_word' id='word_1_119' title='bbox 404 1829 523 1879; x_wconf 89' lang='lat' dir='ltr'>apud</span> <span class='ocrx_word' id='word_1_120' title='bbox 562 1828 798 1868; x_wconf 87' lang='lat' dir='ltr'>Salustium</span> <span class='ocrx_word' id='word_1_121' title='bbox 842 1828 989 1879; x_wconf 88' lang='lat' dir='ltr'>(Catil.</span> <span class='ocrx_word' id='word_1_122' title='bbox 1024 1830 1063 1872; x_wconf 87' lang='lat'>6.</span> 
     </span>
     <span class='ocr_line' id='line_1_24' title="bbox 189 1891 1062 1941; baseline 0.002 -12"><span class='ocrx_word' id='word_1_123' title='bbox 189 1892 255 1929; x_wconf 72' lang='grc'>52.</span> <span class='ocrx_word' id='word_1_124' title='bbox 290 1892 379 1940; x_wconf 81' lang='lat' dir='ltr'>lug.</span> <span class='ocrx_word' id='word_1_125' title='bbox 412 1891 494 1941; x_wconf 76' lang='lat'>87.)</span> <span class='ocrx_word' id='word_1_126' title='bbox 525 1891 677 1940; x_wconf 72' lang='lat' dir='ltr'>patria</span> <span class='ocrx_word' id='word_1_127' title='bbox 701 1895 989 1940; x_wconf 78' lang='lat' dir='ltr'>parentesque.</span> <span class='ocrx_word' id='word_1_128' title='bbox 1018 1914 1062 1920; x_wconf 85' lang='lat'><em>-</em></span> 
     </span>
     <span class='ocr_line' id='line_1_25' title="bbox 189 1952 1066 1993; baseline 0.002 -2"><span class='ocrx_word' id='word_1_129' title='bbox 189 1954 278 1992; x_wconf 76' lang='lat' dir='ltr'>Nec</span> <span class='ocrx_word' id='word_1_130' title='bbox 316 1954 522 1992; x_wconf 52' lang='lat' dir='ltr'>exsudare</span> <span class='ocrx_word' id='word_1_131' title='bbox 561 1964 710 1992; x_wconf 82' lang='lat' dir='ltr'>causas</span> <span class='ocrx_word' id='word_1_132' title='bbox 744 1954 891 1993; x_wconf 78' lang='lat' dir='ltr'>Latine</span> <span class='ocrx_word' id='word_1_133' title='bbox 930 1952 1066 1993; x_wconf 90' lang='lat' dir='ltr'>ullam</span> 
     </span>
     <span class='ocr_line' id='line_1_26' title="bbox 189 2014 1066 2063; baseline 0.002 -10"><span class='ocrx_word' id='word_1_134' title='bbox 189 2014 325 2054; x_wconf 85' lang='lat' dir='ltr'>habet</span> <span class='ocrx_word' id='word_1_135' title='bbox 354 2014 679 2063; x_wconf 75' lang='lat' dir='ltr'>disticultatffln3</span> <span class='ocrx_word' id='word_1_136' title='bbox 722 2016 803 2056; x_wconf 90' lang='lat' dir='ltr'>sed</span> <span class='ocrx_word' id='word_1_137' title='bbox 833 2018 955 2057; x_wconf 87' lang='lat' dir='ltr'>recte</span> <span class='ocrx_word' id='word_1_138' title='bbox 986 2027 1066 2055; x_wconf 82' lang='lat' dir='ltr'>ex-</span> 
     </span>
     <span class='ocr_line' id='line_1_27' title="bbox 188 2076 1060 2129; baseline 0.001 -13"><span class='ocrx_word' id='word_1_139' title='bbox 188 2076 398 2127; x_wconf 88' lang='lat' dir='ltr'>plicatum</span> <span class='ocrx_word' id='word_1_140' title='bbox 436 2079 503 2117; x_wconf 89' lang='lat' dir='ltr'>est</span> <span class='ocrx_word' id='word_1_141' title='bbox 539 2079 582 2117; x_wconf 88' lang='lat' dir='ltr'>in</span> <span class='ocrx_word' id='word_1_142' title='bbox 622 2078 728 2118; x_wconf 90' lang='lat' dir='ltr'>Cod.</span> <span class='ocrx_word' id='word_1_143' title='bbox 766 2076 917 2117; x_wconf 90' lang='lat' dir='ltr'>Bland.</span> <span class='ocrx_word' id='word_1_144' title='bbox 958 2077 1060 2129; x_wconf 89' lang='lat' dir='ltr'>(Liv.</span> 
     </span>
     <span class='ocr_line' id='line_1_28' title="bbox 188 2138 1061 2190; baseline 0.002 -13"><span class='ocrx_word' id='word_1_145' title='bbox 188 2139 234 2185; x_wconf 76' lang='grc'>4,</span> <span class='ocrx_word' id='word_1_146' title='bbox 273 2138 351 2178; x_wconf 57' lang='lat'>113:</span> <span class='ocrx_word' id='word_1_147' title='bbox 405 2140 545 2190; x_wconf 67' lang='lat' dir='ltr'>laycus</span> <span class='ocrx_word' id='word_1_148' title='bbox 587 2144 797 2180; x_wconf 78' lang='lat' dir='ltr'>certamen</span> <span class='ocrx_word' id='word_1_149' title='bbox 839 2141 1061 2180; x_wconf 71' lang='lat' dir='ltr'>coesudare.</span> 
     </span>
     <span class='ocr_line' id='line_1_29' title="bbox 187 2201 1063 2254; baseline 0.002 -14"><span class='ocrx_word' id='word_1_150' title='bbox 187 2203 231 2248; x_wconf 83' lang='grc'>5,</span> <span class='ocrx_word' id='word_1_151' title='bbox 266 2202 313 2240; x_wconf 94' lang='grc'>5.</span> <span class='ocrx_word' id='word_1_152' title='bbox 349 2203 556 2241; x_wconf 62' lang='lat' dir='ltr'>exsudare</span> <span class='ocrx_word' id='word_1_153' title='bbox 585 2201 803 2253; x_wconf 77' lang='lat' dir='ltr'>laborem.)</span> <span class='ocrx_word' id='word_1_154' title='bbox 829 2224 873 2230; x_wconf 84' lang='lat'>-</span> <span class='ocrx_word' id='word_1_155' title='bbox 904 2202 1063 2254; x_wconf 82' lang='lat' dir='ltr'>Pedius]</span> 
     </span>
     <span class='ocr_line' id='line_1_30' title="bbox 188 2262 1065 2311; baseline 0.002 -10"><span class='ocrx_word' id='word_1_156' title='bbox 188 2263 236 2310; x_wconf 87' lang='lat' dir='ltr'>Q.</span> <span class='ocrx_word' id='word_1_157' title='bbox 271 2263 450 2311; x_wconf 86' lang='lat' dir='ltr'>Pedius,</span> <span class='ocrx_word' id='word_1_158' title='bbox 485 2262 598 2303; x_wconf 89' lang='lat' dir='ltr'>filius</span> <span class='ocrx_word' id='word_1_159' title='bbox 630 2275 683 2303; x_wconf 89' lang='lat' dir='ltr'>ex</span> <span class='ocrx_word' id='word_1_160' title='bbox 712 2275 865 2304; x_wconf 86' lang='lat' dir='ltr'>sorore</span> <span class='ocrx_word' id='word_1_161' title='bbox 898 2265 944 2304; x_wconf 94' lang='lat' dir='ltr'>C.</span> <span class='ocrx_word' id='word_1_162' title='bbox 970 2263 1065 2304; x_wconf 91' lang='lat' dir='ltr'>Iulii</span> 
     </span>
     <span class='ocr_line' id='line_1_31' title="bbox 188 2326 1065 2376; baseline 0.002 -12"><span class='ocrx_word' id='word_1_163' title='bbox 188 2326 389 2365; x_wconf 84' lang='lat' dir='ltr'>Caesaris</span> <span class='ocrx_word' id='word_1_164' title='bbox 420 2328 552 2376; x_wconf 88' lang='lat' dir='ltr'>atque</span> <span class='ocrx_word' id='word_1_165' title='bbox 584 2337 698 2366; x_wconf 92' lang='lat' dir='ltr'>unus</span> <span class='ocrx_word' id='word_1_166' title='bbox 729 2337 783 2365; x_wconf 81' lang='lat' dir='ltr'>ex</span> <span class='ocrx_word' id='word_1_167' title='bbox 821 2326 1065 2367; x_wconf 87' lang='lat' dir='ltr'>heredibus</span> 
     </span>
     <span class='ocr_line' id='line_1_32' title="bbox 187 2388 1065 2434; baseline 0.002 -8"><span class='ocrx_word' id='word_1_168' title='bbox 187 2388 304 2434; x_wconf 83' lang='lat' dir='ltr'>cius,</span> <span class='ocrx_word' id='word_1_169' title='bbox 352 2398 391 2426; x_wconf 88' lang='lat' dir='ltr'>a.</span> <span class='ocrx_word' id='word_1_170' title='bbox 433 2399 477 2426; x_wconf 94' lang='lat' dir='ltr'>u.</span> <span class='ocrx_word' id='word_1_171' title='bbox 521 2399 558 2427; x_wconf 90' lang='lat' dir='ltr'>e.</span> <span class='ocrx_word' id='word_1_172' title='bbox 607 2388 699 2428; x_wconf 74' lang='lat'>744.</span> <span class='ocrx_word' id='word_1_173' title='bbox 747 2389 789 2428; x_wconf 94' lang='lat' dir='ltr'>in</span> <span class='ocrx_word' id='word_1_174' title='bbox 834 2388 1065 2429; x_wconf 84' lang='lat' dir='ltr'>consulatu</span> 
     </span>
     <span class='ocr_line' id='line_1_33' title="bbox 187 2450 1065 2498; baseline 0.003 -10"><span class='ocrx_word' id='word_1_175' title='bbox 187 2451 409 2498; x_wconf 86' lang='lat' dir='ltr'>mortuus,</span> <span class='ocrx_word' id='word_1_176' title='bbox 443 2460 631 2490; x_wconf 81' lang='lat' dir='ltr'>uxorem</span> <span class='ocrx_word' id='word_1_177' title='bbox 660 2450 815 2490; x_wconf 88' lang='lat' dir='ltr'>habuit</span> <span class='ocrx_word' id='word_1_178' title='bbox 843 2450 1065 2491; x_wconf 84' lang='lat' dir='ltr'>Valeriam</span> 
     </span>
     <span class='ocr_line' id='line_1_34' title="bbox 186 2510 1065 2564; baseline 0.005 -15"><span class='ocrx_word' id='word_1_179' title='bbox 186 2513 319 2561; x_wconf 83' lang='lat' dir='ltr'>atque</span> <span class='ocrx_word' id='word_1_180' title='bbox 358 2522 381 2550; x_wconf 91' lang='lat' dir='ltr'>e</span> <span class='ocrx_word' id='word_1_181' title='bbox 419 2510 507 2551; x_wconf 89' lang='lat' dir='ltr'>filio</span> <span class='ocrx_word' id='word_1_182' title='bbox 539 2513 696 2560; x_wconf 88' lang='lat' dir='ltr'>Quinto</span> <span class='ocrx_word' id='word_1_183' title='bbox 733 2514 945 2564; x_wconf 90' lang='lat' dir='ltr'>nepotem</span> <span class='ocrx_word' id='word_1_184' title='bbox 981 2524 1065 2553; x_wconf 90' lang='lat' dir='ltr'>na-</span> 
     </span>
     <span class='ocr_line' id='line_1_35' title="bbox 188 2574 1064 2626; baseline 0.006 -15"><span class='ocrx_word' id='word_1_185' title='bbox 188 2576 284 2612; x_wconf 90' lang='lat' dir='ltr'>tura</span> <span class='ocrx_word' id='word_1_186' title='bbox 321 2575 509 2613; x_wconf 89' lang='lat' dir='ltr'>mutum.</span> <span class='ocrx_word' id='word_1_187' title='bbox 568 2574 805 2625; x_wconf 75' lang='lat' dir='ltr'>Adoptavit</span> <span class='ocrx_word' id='word_1_188' title='bbox 842 2576 973 2626; x_wconf 82' lang='lat' dir='ltr'>igitur</span> <span class='ocrx_word' id='word_1_189' title='bbox 1010 2576 1064 2616; x_wconf 88' lang='lat' dir='ltr'>fi-</span> 
     </span>
     <span class='ocr_line' id='line_1_36' title="bbox 185 2634 1059 2687; baseline 0.006 -14"><span class='ocrx_word' id='word_1_190' title='bbox 185 2634 292 2673; x_wconf 91' lang='lat' dir='ltr'>lium</span> <span class='ocrx_word' id='word_1_191' title='bbox 336 2634 525 2675; x_wconf 90' lang='lat' dir='ltr'>alterum</span> <span class='ocrx_word' id='word_1_192' title='bbox 581 2635 809 2676; x_wconf 81' lang='lat' dir='ltr'>Messallae</span> <span class='ocrx_word' id='word_1_193' title='bbox 859 2638 1059 2687; x_wconf 87' lang='lat' dir='ltr'>maioris,</span> 
     </span>
     <span class='ocr_line' id='line_1_37' title="bbox 187 2696 1061 2750; baseline 0.006 -16"><span class='ocrx_word' id='word_1_194' title='bbox 187 2697 260 2747; x_wconf 85' lang='lat' dir='ltr'>qui</span> <span class='ocrx_word' id='word_1_195' title='bbox 290 2696 392 2735; x_wconf 86' lang='lat' dir='ltr'>inde</span> <span class='ocrx_word' id='word_1_196' title='bbox 420 2697 579 2738; x_wconf 89' lang='lat' dir='ltr'>Pedius</span> <span class='ocrx_word' id='word_1_197' title='bbox 602 2697 745 2738; x_wconf 87' lang='lat' dir='ltr'>dictus</span> <span class='ocrx_word' id='word_1_198' title='bbox 767 2700 847 2739; x_wconf 88' lang='lat' dir='ltr'>est.</span> <span class='ocrx_word' id='word_1_199' title='bbox 907 2700 1061 2750; x_wconf 88' lang='lat' dir='ltr'>Itaque</span> 
     </span>
     <span class='ocr_line' id='line_1_38' title="bbox 185 2758 1062 2801; baseline 0.003 -3"><span class='ocrx_word' id='word_1_200' title='bbox 185 2758 303 2798; x_wconf 88' lang='lat' dir='ltr'>Pedii</span> <span class='ocrx_word' id='word_1_201' title='bbox 334 2758 469 2798; x_wconf 85' lang='lat' dir='ltr'>frater</span> <span class='ocrx_word' id='word_1_202' title='bbox 500 2760 716 2800; x_wconf 75' lang='lat' dir='ltr'>Corvinus</span> <span class='ocrx_word' id='word_1_203' title='bbox 747 2760 826 2800; x_wconf 86' lang='lat' dir='ltr'>fuit</span> <span class='ocrx_word' id='word_1_204' title='bbox 855 2762 899 2801; x_wconf 91' lang='lat' dir='ltr'>et</span> <span class='ocrx_word' id='word_1_205' title='bbox 938 2763 1062 2801; x_wconf 86' lang='lat' dir='ltr'>uter—</span> 
     </span>
     <span class='ocr_line' id='line_1_39' title="bbox 185 2818 1057 2872; baseline 0.006 -15"><span class='ocrx_word' id='word_1_206' title='bbox 185 2830 271 2870; x_wconf 83' lang='lat' dir='ltr'>quc</span> <span class='ocrx_word' id='word_1_207' title='bbox 318 2818 563 2870; x_wconf 81' lang='lat' dir='ltr'>Poplicolae</span> <span class='ocrx_word' id='word_1_208' title='bbox 605 2832 850 2872; x_wconf 81' lang='lat' dir='ltr'>cognomen</span> <span class='ocrx_word' id='word_1_209' title='bbox 889 2822 1057 2862; x_wconf 89' lang='lat' dir='ltr'>habuit.</span> 
     </span>
     <span class='ocr_line' id='line_1_40' title="bbox 188 2880 1056 2934; baseline 0.007 -16"><span class='ocrx_word' id='word_1_210' title='bbox 188 2883 245 2920; x_wconf 52' lang='lat' dir='ltr'>:ln</span> <span class='ocrx_word' id='word_1_211' title='bbox 277 2880 463 2931; x_wconf 77' lang='lat' dir='ltr'>legendo</span> <span class='ocrx_word' id='word_1_212' title='bbox 495 2883 624 2932; x_wconf 72' lang='lat' dir='ltr'>iunge</span> <span class='ocrx_word' id='word_1_213' title='bbox 654 2884 800 2922; x_wconf 78' lang='lat' dir='ltr'>Pedius</span> <span class='ocrx_word' id='word_1_214' title='bbox 827 2884 1056 2934; x_wconf 74' lang='lat' dir='ltr'>Poplicola,</span> 
     </span>
     <span class='ocr_line' id='line_1_41' title="bbox 184 2944 1054 2996; baseline 0.003 -14"><span class='ocrx_word' id='word_1_215' title='bbox 184 2954 267 2982; x_wconf 92' lang='lat' dir='ltr'>non</span> <span class='ocrx_word' id='word_1_216' title='bbox 313 2944 522 2992; x_wconf 74' lang='lat' dir='ltr'>Poplicola</span> <span class='ocrx_word' id='word_1_217' title='bbox 564 2949 688 2993; x_wconf 77' lang='lat' dir='ltr'>atque</span> <span class='ocrx_word' id='word_1_218' title='bbox 732 2945 965 2996; x_wconf 76' lang='lat' dir='ltr'>Corvinus.)</span> <span class='ocrx_word' id='word_1_219' title='bbox 1013 2970 1054 2974; x_wconf 85' lang='lat'><strong>—</strong></span> 
     </span>
     <span class='ocr_line' id='line_1_42' title="bbox 184 3005 1061 3059; baseline 0.005 -15"><span class='ocrx_word' id='word_1_220' title='bbox 184 3005 398 3057; x_wconf 70' lang='lat' dir='ltr'>Corvinus]</span> <span class='ocrx_word' id='word_1_221' title='bbox 422 3007 474 3045; x_wconf 73' lang='grc' dir='ltr'>Μ.</span> <span class='ocrx_word' id='word_1_222' title='bbox 496 3006 693 3047; x_wconf 86' lang='lat' dir='ltr'>Valerius</span> <span class='ocrx_word' id='word_1_223' title='bbox 711 3006 928 3059; x_wconf 87' lang='lat' dir='ltr'>Poplicola</span> <span class='ocrx_word' id='word_1_224' title='bbox 949 3009 1061 3049; x_wconf 84' lang='lat' dir='ltr'>Mes-</span> 
     </span>
     <span class='ocr_line' id='line_1_43' title="bbox 184 3066 1058 3121; baseline 0.006 -16"><span class='ocrx_word' id='word_1_225' title='bbox 184 3066 286 3106; x_wconf 65' lang='lat' dir='ltr'>salla</span> <span class='ocrx_word' id='word_1_226' title='bbox 318 3068 554 3114; x_wconf 71' lang='lat' dir='ltr'>Corvinus,</span> <span class='ocrx_word' id='word_1_227' title='bbox 589 3069 644 3108; x_wconf 89' lang='lat' dir='ltr'>de</span> <span class='ocrx_word' id='word_1_228' title='bbox 677 3080 764 3120; x_wconf 87' lang='lat' dir='ltr'>quo</span> <span class='ocrx_word' id='word_1_229' title='bbox 796 3070 894 3109; x_wconf 64' lang='lat' dir='ltr'>vide</span> <span class='ocrx_word' id='word_1_230' title='bbox 927 3081 1058 3121; x_wconf 80' lang='lat' dir='ltr'>argu-</span> 
     </span>
     <span class='ocr_line' id='line_1_44' title="bbox 184 3128 1060 3173; baseline 0.003 -5"><span class='ocrx_word' id='word_1_231' title='bbox 184 3130 384 3168; x_wconf 87' lang='lat' dir='ltr'>mentum</span> <span class='ocrx_word' id='word_1_232' title='bbox 407 3128 484 3169; x_wconf 91' lang='lat' dir='ltr'>Od.</span> <span class='ocrx_word' id='word_1_233' title='bbox 506 3129 543 3173; x_wconf 67' lang='lat'>3,</span> <span class='ocrx_word' id='word_1_234' title='bbox 570 3131 635 3169; x_wconf 71' lang='lat'>2¹.</span> <span class='ocrx_word' id='word_1_235' title='bbox 662 3154 703 3158; x_wconf 77' lang='lat'>-</span> <span class='ocrx_word' id='word_1_236' title='bbox 725 3131 955 3171; x_wconf 79' lang='lat' dir='ltr'>Canusini·</span> <span class='ocrx_word' id='word_1_237' title='bbox 971 3154 987 3160; x_wconf 90' lang='lat'>-</span> <span class='ocrx_word' id='word_1_238' title='bbox 1003 3132 1060 3171; x_wconf 73' lang='lat' dir='ltr'>bt·</span> 
     </span>
     <span class='ocr_line' id='line_1_45' title="bbox 182 3191 1059 3245; baseline 0.005 -15"><span class='ocrx_word' id='word_1_239' title='bbox 182 3191 344 3243; x_wconf 69' lang='lat' dir='ltr'>linquis]</span> <span class='ocrx_word' id='word_1_240' title='bbox 369 3192 559 3240; x_wconf 88' lang='lat' dir='ltr'>Canusii,</span> <span class='ocrx_word' id='word_1_241' title='bbox 592 3191 772 3243; x_wconf 78' lang='lat' dir='ltr'>Apuliae</span> <span class='ocrx_word' id='word_1_242' title='bbox 804 3194 991 3245; x_wconf 84' lang='lat' dir='ltr'>oppido,</span> <span class='ocrx_word' id='word_1_243' title='bbox 1017 3196 1059 3234; x_wconf 91' lang='lat' dir='ltr'>et</span> 
     </span>
     <span class='ocr_line' id='line_1_46' title="bbox 184 3253 1058 3296; baseline 0.006 -5"><span class='ocrx_word' id='word_1_244' title='bbox 184 3254 334 3292; x_wconf 82' lang='lat' dir='ltr'>Graeci</span> <span class='ocrx_word' id='word_1_245' title='bbox 367 3256 409 3293; x_wconf 90' lang='lat' dir='ltr'>et</span> <span class='ocrx_word' id='word_1_246' title='bbox 440 3254 536 3294; x_wconf 87' lang='lat' dir='ltr'>Osci</span> <span class='ocrx_word' id='word_1_247' title='bbox 575 3253 831 3294; x_wconf 84' lang='lat' dir='ltr'>habitabant</span> <span class='ocrx_word' id='word_1_248' title='bbox 863 3257 905 3295; x_wconf 86' lang='lat' dir='ltr'>ct</span> <span class='ocrx_word' id='word_1_249' title='bbox 936 3258 1058 3296; x_wconf 85' lang='lat' dir='ltr'>utro—</span> 
     </span>
     <span class='ocr_line' id='line_1_47' title="bbox 185 3318 1054 3368; baseline 0.005 -15"><span class='ocrx_word' id='word_1_250' title='bbox 185 3326 269 3364; x_wconf 83' lang='lat' dir='ltr'>que</span> <span class='ocrx_word' id='word_1_251' title='bbox 300 3326 528 3361; x_wconf 80' lang='lat' dir='ltr'>sermone,</span> <span class='ocrx_word' id='word_1_252' title='bbox 571 3318 737 3356; x_wconf 86' lang='lat' dir='ltr'>Graeco</span> <span class='ocrx_word' id='word_1_253' title='bbox 769 3319 900 3368; x_wconf 83' lang='lat' dir='ltr'>atquc</span> <span class='ocrx_word' id='word_1_254' title='bbox 923 3319 1054 3367; x_wconf 85' lang='lat' dir='ltr'>Osco,</span> 
     </span>
     <span class='ocr_line' id='line_1_48' title="bbox 186 3376 1059 3429; baseline 0.005 -14"><span class='ocrx_word' id='word_1_255' title='bbox 186 3376 434 3417; x_wconf 84' lang='lat' dir='ltr'>utebantur.</span> <span class='ocrx_word' id='word_1_256' title='bbox 510 3379 579 3417; x_wconf 87' lang='lat' dir='ltr'>Sic</span> <span class='ocrx_word' id='word_1_257' title='bbox 623 3378 821 3429; x_wconf 77' lang='lat' dir='ltr'>bilingues</span> <span class='ocrx_word' id='word_1_258' title='bbox 863 3380 1059 3420; x_wconf 78' lang='lat' dir='ltr'>Brulales</span> 
     </span>
     <span class='ocr_line' id='line_1_49' title="bbox 199 3438 1057 3493; baseline 0.008 -17"><span class='ocrx_word' id='word_1_259' title='bbox 199 3438 400 3487; x_wconf 66' lang='lat' dir='ltr'>Bruttios)</span> <span class='ocrx_word' id='word_1_260' title='bbox 441 3442 623 3493; x_wconf 87' lang='lat' dir='ltr'>propter</span> <span class='ocrx_word' id='word_1_261' title='bbox 654 3440 845 3482; x_wconf 84' lang='lat' dir='ltr'>eandem</span> <span class='ocrx_word' id='word_1_262' title='bbox 876 3452 1057 3483; x_wconf 84' lang='lat' dir='ltr'>causam</span> 
     </span>
    </p>
   </div>
   <div class='ocr_carea' id='block_1_12' title="bbox 1126 1146 2012 2691">
    <p class='ocr_par' dir='ltr' id='par_1_12' title="bbox 1126 1146 2012 2691">
     <span class='ocr_line' id='line_1_50' title="bbox 1134 1146 2007 1188; baseline 0.002 -2"><span class='ocrx_word' id='word_1_263' title='bbox 1134 1146 1336 1187; x_wconf 79' lang='lat' dir='ltr'>dixerant</span> <span class='ocrx_word' id='word_1_264' title='bbox 1384 1148 1427 1186; x_wconf 81' lang='lat' dir='ltr'>et</span> <span class='ocrx_word' id='word_1_265' title='bbox 1481 1147 1646 1187; x_wconf 92' lang='lat' dir='ltr'>Ennius</span> <span class='ocrx_word' id='word_1_266' title='bbox 1703 1148 1747 1187; x_wconf 87' lang='lat' dir='ltr'>et</span> <span class='ocrx_word' id='word_1_267' title='bbox 1804 1146 2007 1188; x_wconf 86' lang='lat' dir='ltr'>Lucilius.</span> 
     </span>
     <span class='ocr_line' id='line_1_51' title="bbox 1134 1206 2011 1263; baseline 0.001 -14"><span class='ocrx_word' id='word_1_268' title='bbox 1134 1208 1396 1249; x_wconf 89' lang='lat' dir='ltr'>Huiusmodi</span> <span class='ocrx_word' id='word_1_269' title='bbox 1416 1208 1604 1260; x_wconf 88' lang='lat' dir='ltr'>populos</span> <span class='ocrx_word' id='word_1_270' title='bbox 1625 1206 1910 1263; x_wconf 76' lang='grc' dir='ltr'><em>διγλώττους</em></span> <span class='ocrx_word' id='word_1_271' title='bbox 1930 1209 2011 1250; x_wconf 81' lang='grc' dir='ltr'>καὶ</span> 
     </span>
     <span class='ocr_line' id='line_1_52' title="bbox 1130 1268 2007 1325; baseline 0.001 -15"><span class='ocrx_word' id='word_1_272' title='bbox 1130 1268 1337 1325; x_wconf 75' lang='grc' dir='ltr'><em>μιγάδας</em></span> <span class='ocrx_word' id='word_1_273' title='bbox 1365 1274 1494 1311; x_wconf 82' lang='lat' dir='ltr'>vocat</span> <span class='ocrx_word' id='word_1_274' title='bbox 1530 1273 1611 1312; x_wconf 93' lang='lat' dir='ltr'>Dio</span> <span class='ocrx_word' id='word_1_275' title='bbox 1644 1273 1803 1323; x_wconf 84' lang='lat' dir='ltr'>Chrys.</span> <span class='ocrx_word' id='word_1_276' title='bbox 1839 1273 1908 1312; x_wconf 90' lang='lat' dir='ltr'>Or.</span> <span class='ocrx_word' id='word_1_277' title='bbox 1941 1272 2007 1313; x_wconf 78' lang='lat'>53.</span> 
     </span>
     <span class='ocr_line' id='line_1_53' title="bbox 1130 1334 1926 1386; baseline 0 -13"><span class='ocrx_word' id='word_1_278' title='bbox 1130 1345 1174 1386; x_wconf 92' lang='lat' dir='ltr'>p.</span> <span class='ocrx_word' id='word_1_279' title='bbox 1208 1334 1302 1373; x_wconf 75' lang='lat'>⁶277.</span> <span class='ocrx_word' id='word_1_280' title='bbox 1337 1335 1384 1373; x_wconf 91' lang='lat' dir='ltr'>R.</span> <span class='ocrx_word' id='word_1_281' title='bbox 1420 1334 1542 1374; x_wconf 87' lang='lat' dir='ltr'>Conf.</span> <span class='ocrx_word' id='word_1_282' title='bbox 1577 1335 1665 1374; x_wconf 87' lang='lat' dir='ltr'>Sat.</span> <span class='ocrx_word' id='word_1_283' title='bbox 1701 1335 1745 1383; x_wconf 75' lang='lat'>4,</span> <span class='ocrx_word' id='word_1_284' title='bbox 1779 1335 1827 1382; x_wconf 81' lang='lat'>5,</span> <span class='ocrx_word' id='word_1_285' title='bbox 1859 1334 1926 1373; x_wconf 69' lang='lat'>91¹.</span> 
     </span>
     <span class='ocr_line' id='line_1_54' title="bbox 1186 1395 2009 1447; baseline 0.001 -12"><span class='ocrx_word' id='word_1_286' title='bbox 1186 1395 1332 1435; x_wconf 72' lang='lat'>34-35.</span> <span class='ocrx_word' id='word_1_287' title='bbox 1378 1395 1522 1447; x_wconf 82' lang='lat' dir='ltr'>Atque]</span> <span class='ocrx_word' id='word_1_288' title='bbox 1569 1396 1638 1435; x_wconf 89' lang='lat' dir='ltr'>Sic</span> <span class='ocrx_word' id='word_1_289' title='bbox 1674 1396 1763 1435; x_wconf 90' lang='lat' dir='ltr'>mei</span> <span class='ocrx_word' id='word_1_290' title='bbox 1805 1396 2009 1445; x_wconf 84' lang='lat' dir='ltr'>Codices,</span> 
     </span>
     <span class='ocr_line' id='line_1_55' title="bbox 1129 1457 2010 1508; baseline 0.002 -11"><span class='ocrx_word' id='word_1_291' title='bbox 1129 1458 1297 1497; x_wconf 88' lang='lat' dir='ltr'>Veneta</span> <span class='ocrx_word' id='word_1_292' title='bbox 1320 1457 1441 1497; x_wconf 74' lang='grc'><strong>4481.</strong></span> <span class='ocrx_word' id='word_1_293' title='bbox 1467 1459 1511 1498; x_wconf 87' lang='lat' dir='ltr'>et</span> <span class='ocrx_word' id='word_1_294' title='bbox 1530 1457 1713 1498; x_wconf 87' lang='lat' dir='ltr'>Aldinae</span> <span class='ocrx_word' id='word_1_295' title='bbox 1735 1460 1873 1508; x_wconf 88' lang='lat' dir='ltr'>recte,</span> <span class='ocrx_word' id='word_1_296' title='bbox 1907 1469 2010 1499; x_wconf 91' lang='lat' dir='ltr'>cum</span> 
     </span>
     <span class='ocr_line' id='line_1_56' title="bbox 1131 1519 2012 1561; baseline 0.003 -3"><span class='ocrx_word' id='word_1_297' title='bbox 1131 1519 1410 1559; x_wconf 76' lang='lat' dir='ltr'>adversativa</span> <span class='ocrx_word' id='word_1_298' title='bbox 1453 1520 1571 1559; x_wconf 95' lang='lat' dir='ltr'>notio</span> <span class='ocrx_word' id='word_1_299' title='bbox 1615 1521 1687 1560; x_wconf 89' lang='lat' dir='ltr'>hic</span> <span class='ocrx_word' id='word_1_300' title='bbox 1730 1519 1877 1560; x_wconf 89' lang='lat' dir='ltr'>locum</span> <span class='ocrx_word' id='word_1_301' title='bbox 1922 1531 2012 1561; x_wconf 93' lang='lat' dir='ltr'>non</span> 
     </span>
     <span class='ocr_line' id='line_1_57' title="bbox 1130 1580 2012 1634; baseline 0.003 -14"><span class='ocrx_word' id='word_1_302' title='bbox 1130 1580 1306 1621; x_wconf 90' lang='lat' dir='ltr'>habeat.</span> <span class='ocrx_word' id='word_1_303' title='bbox 1361 1581 1518 1621; x_wconf 82' lang='lat' dir='ltr'>«Addit</span> <span class='ocrx_word' id='word_1_304' title='bbox 1555 1583 1674 1622; x_wconf 90' lang='lat' dir='ltr'>enim</span> <span class='ocrx_word' id='word_1_305' title='bbox 1713 1584 1844 1634; x_wconf 80' lang='lat' dir='ltr'>poeta</span> <span class='ocrx_word' id='word_1_306' title='bbox 1879 1594 2012 1623; x_wconf 89' lang='lat' dir='ltr'>suum</span> 
     </span>
     <span class='ocr_line' id='line_1_58' title="bbox 1132 1642 2010 1695; baseline 0.003 -13"><span class='ocrx_word' id='word_1_307' title='bbox 1132 1642 1386 1695; x_wconf 84' lang='lat' dir='ltr'>exemplum</span> <span class='ocrx_word' id='word_1_308' title='bbox 1427 1643 1608 1695; x_wconf 88' lang='lat' dir='ltr'>reliquis</span> <span class='ocrx_word' id='word_1_309' title='bbox 1649 1643 1832 1685; x_wconf 85' lang='lat' dir='ltr'>simile.»</span> <span class='ocrx_word' id='word_1_310' title='bbox 1890 1646 2010 1685; x_wconf 77' lang='lat' dir='ltr'><strong>HAND</strong></span> 
     </span>
     <span class='ocr_line' id='line_1_59' title="bbox 1130 1706 2007 1758; baseline 0.003 -14"><span class='ocrx_word' id='word_1_311' title='bbox 1130 1706 1253 1745; x_wconf 85' lang='lat' dir='ltr'>Turs.</span> <span class='ocrx_word' id='word_1_312' title='bbox 1273 1707 1304 1745; x_wconf 92' lang='grc' dir='ltr'>Ι.</span> <span class='ocrx_word' id='word_1_313' title='bbox 1324 1716 1368 1757; x_wconf 95' lang='lat' dir='ltr'>p.</span> <span class='ocrx_word' id='word_1_314' title='bbox 1387 1706 1480 1747; x_wconf 86' lang='grc'><strong>476.</strong></span> <span class='ocrx_word' id='word_1_315' title='bbox 1505 1707 1631 1747; x_wconf 88' lang='lat' dir='ltr'>Idem</span> <span class='ocrx_word' id='word_1_316' title='bbox 1650 1719 1692 1758; x_wconf 91' lang='lat' dir='ltr'>p.</span> <span class='ocrx_word' id='word_1_317' title='bbox 1716 1706 1820 1748; x_wconf 83' lang='lat'><strong>477:</strong></span> <span class='ocrx_word' id='word_1_318' title='bbox 1856 1709 2007 1748; x_wconf 88' lang='lat' dir='ltr'>«Nunc</span> 
     </span>
     <span class='ocr_line' id='line_1_60' title="bbox 1130 1768 2011 1821; baseline 0.005 -15"><span class='ocrx_word' id='word_1_319' title='bbox 1130 1779 1181 1806; x_wconf 88' lang='lat' dir='ltr'>ex</span> <span class='ocrx_word' id='word_1_320' title='bbox 1205 1768 1516 1808; x_wconf 88' lang='lat' dir='ltr'>emendatione</span> <span class='ocrx_word' id='word_1_321' title='bbox 1547 1768 1732 1809; x_wconf 89' lang='lat' dir='ltr'>Bentleii</span> <span class='ocrx_word' id='word_1_322' title='bbox 1762 1768 1922 1821; x_wconf 84' lang='lat' dir='ltr'>legitur</span> <span class='ocrx_word' id='word_1_323' title='bbox 1939 1769 2011 1810; x_wconf 83' lang='lat' dir='ltr'>At-</span> 
     </span>
     <span class='ocr_line' id='line_1_61' title="bbox 1130 1829 2012 1880; baseline 0.005 -12"><span class='ocrx_word' id='word_1_324' title='bbox 1130 1829 1201 1879; x_wconf 79' lang='lat' dir='ltr'>qui</span> <span class='ocrx_word' id='word_1_325' title='bbox 1229 1840 1318 1880; x_wconf 70' lang='lat' dir='ltr'>eqo.</span> <span class='ocrx_word' id='word_1_326' title='bbox 1380 1830 1507 1878; x_wconf 85' lang='lat' dir='ltr'>Quod</span> <span class='ocrx_word' id='word_1_327' title='bbox 1528 1833 1806 1872; x_wconf 88' lang='lat' dir='ltr'>correctores</span> <span class='ocrx_word' id='word_1_328' title='bbox 1829 1831 1886 1872; x_wconf 91' lang='lat' dir='ltr'>ob</span> <span class='ocrx_word' id='word_1_329' title='bbox 1909 1842 2012 1872; x_wconf 92' lang='lat' dir='ltr'>con-</span> 
     </span>
     <span class='ocr_line' id='line_1_62' title="bbox 1131 1891 2009 1934; baseline 0.005 -4"><span class='ocrx_word' id='word_1_330' title='bbox 1131 1891 1441 1932; x_wconf 86' lang='lat' dir='ltr'>tradictionem</span> <span class='ocrx_word' id='word_1_331' title='bbox 1481 1892 1805 1934; x_wconf 88' lang='lat' dir='ltr'>substituerunt</span> <span class='ocrx_word' id='word_1_332' title='bbox 1842 1894 1886 1934; x_wconf 92' lang='lat' dir='ltr'>in</span> <span class='ocrx_word' id='word_1_333' title='bbox 1927 1893 2009 1934; x_wconf 87' lang='lat' dir='ltr'>ali—</span> 
     </span>
     <span class='ocr_line' id='line_1_63' title="bbox 1130 1954 2008 2007; baseline 0.003 -14"><span class='ocrx_word' id='word_1_334' title='bbox 1130 1954 1292 2005; x_wconf 85' lang='lat' dir='ltr'>quibus</span> <span class='ocrx_word' id='word_1_335' title='bbox 1338 1954 1591 1996; x_wconf 87' lang='lat' dir='ltr'>Codicibus.</span> <span class='ocrx_word' id='word_1_336' title='bbox 1666 1955 1918 2007; x_wconf 82' lang='lat' dir='ltr'>Elegantior</span> <span class='ocrx_word' id='word_1_337' title='bbox 1960 1957 2008 1997; x_wconf 88' lang='lat' dir='ltr'>fit</span> 
     </span>
     <span class='ocr_line' id='line_1_64' title="bbox 1129 2017 2004 2070; baseline 0.005 -15"><span class='ocrx_word' id='word_1_338' title='bbox 1129 2017 1268 2056; x_wconf 85' lang='lat' dir='ltr'>oratio</span> <span class='ocrx_word' id='word_1_339' title='bbox 1312 2017 1565 2056; x_wconf 90' lang='lat' dir='ltr'>continuata</span> <span class='ocrx_word' id='word_1_340' title='bbox 1609 2028 1691 2068; x_wconf 83' lang='lat' dir='ltr'>per</span> <span class='ocrx_word' id='word_1_341' title='bbox 1733 2022 1859 2067; x_wconf 82' lang='lat' dir='ltr'>atque</span> <span class='ocrx_word' id='word_1_342' title='bbox 1901 2030 2004 2070; x_wconf 76' lang='lat'>090,</span> 
     </span>
     <span class='ocr_line' id='line_1_65' title="bbox 1130 2078 2009 2131; baseline 0.003 -14"><span class='ocrx_word' id='word_1_343' title='bbox 1130 2088 1265 2129; x_wconf 92' lang='lat' dir='ltr'>quam</span> <span class='ocrx_word' id='word_1_344' title='bbox 1294 2078 1411 2118; x_wconf 89' lang='lat' dir='ltr'>bene</span> <span class='ocrx_word' id='word_1_345' title='bbox 1443 2079 1560 2130; x_wconf 86' lang='lat' dir='ltr'>cepit</span> <span class='ocrx_word' id='word_1_346' title='bbox 1597 2078 1857 2120; x_wconf 87' lang='lat' dir='ltr'>Wielandus</span> <span class='ocrx_word' id='word_1_347' title='bbox 1891 2081 2009 2131; x_wconf 90' lang='lat' dir='ltr'>(ver-</span> 
     </span>
     <span class='ocr_line' id='line_1_66' title="bbox 1128 2141 2010 2184; baseline 0.002 -4"><span class='ocrx_word' id='word_1_348' title='bbox 1128 2143 1253 2181; x_wconf 91' lang='lat' dir='ltr'>tens:</span> <span class='ocrx_word' id='word_1_349' title='bbox 1304 2141 1417 2181; x_wconf 83' lang='lat' dir='ltr'>Auch</span> <span class='ocrx_word' id='word_1_350' title='bbox 1457 2142 1541 2181; x_wconf 80' lang='lat' dir='ltr'>mir</span> <span class='ocrx_word' id='word_1_351' title='bbox 1587 2142 1685 2182; x_wconf 79' lang='lat' dir='ltr'>kam</span> <span class='ocrx_word' id='word_1_352' title='bbox 1727 2143 1899 2182; x_wconf 76' lang='lat' dir='ltr'>Einmal</span> <span class='ocrx_word' id='word_1_353' title='bbox 1937 2144 2010 2184; x_wconf 79' lang='lat' dir='ltr'>der</span> 
     </span>
     <span class='ocr_line' id='line_1_67' title="bbox 1127 2203 2010 2255; baseline 0.002 -13"><span class='ocrx_word' id='word_1_354' title='bbox 1127 2203 1310 2254; x_wconf 83' lang='lat' dir='ltr'>Einfall,</span> <span class='ocrx_word' id='word_1_355' title='bbox 1342 2204 1588 2255; x_wconf 70' lang='lat' dir='ltr'>qriechische</span> <span class='ocrx_word' id='word_1_356' title='bbox 1622 2205 1818 2245; x_wconf 74' lang='lat' dir='ltr'>Verschen</span> <span class='ocrx_word' id='word_1_357' title='bbox 1836 2205 2010 2246; x_wconf 73' lang='lat' dir='ltr'>macheu</span> 
     </span>
     <span class='ocr_line' id='line_1_68' title="bbox 1130 2265 2007 2318; baseline 0.003 -14"><span class='ocrx_word' id='word_1_358' title='bbox 1130 2276 1185 2304; x_wconf 81' lang='lat' dir='ltr'>zu</span> <span class='ocrx_word' id='word_1_359' title='bbox 1221 2265 1448 2317; x_wconf 83' lang='lat' dir='ltr'>wollen.).»</span> <span class='ocrx_word' id='word_1_360' title='bbox 1512 2266 1670 2306; x_wconf 89' lang='lat' dir='ltr'>Nescio</span> <span class='ocrx_word' id='word_1_361' title='bbox 1711 2277 1799 2318; x_wconf 86' lang='lat' dir='ltr'>qua</span> <span class='ocrx_word' id='word_1_362' title='bbox 1828 2266 2007 2318; x_wconf 80' lang='lat' dir='ltr'>gloriola</span> 
     </span>
     <span class='ocr_line' id='line_1_69' title="bbox 1129 2323 2007 2377; baseline 0.003 -11"><span class='ocrx_word' id='word_1_363' title='bbox 1129 2327 1289 2368; x_wconf 88' lang='lat' dir='ltr'>ductus</span> <span class='ocrx_word' id='word_1_364' title='bbox 1319 2328 1544 2377; x_wconf 89' lang='lat' dir='ltr'>Horatius,</span> <span class='ocrx_word' id='word_1_365' title='bbox 1579 2339 1683 2368; x_wconf 90' lang='lat' dir='ltr'>cum</span> <span class='ocrx_word' id='word_1_366' title='bbox 1708 2323 1894 2369; x_wconf 60' lang='lat' dir='ltr'>&#39;Athenis</span> <span class='ocrx_word' id='word_1_367' title='bbox 1925 2327 2007 2369; x_wconf 89' lang='lat' dir='ltr'>de-</span> 
     </span>
     <span class='ocr_line' id='line_1_70' title="bbox 1128 2389 2006 2443; baseline 0.005 -15"><span class='ocrx_word' id='word_1_368' title='bbox 1128 2391 1273 2440; x_wconf 82' lang='lat' dir='ltr'>geret,</span> <span class='ocrx_word' id='word_1_369' title='bbox 1319 2389 1564 2430; x_wconf 87' lang='lat' dir='ltr'>versiculos</span> <span class='ocrx_word' id='word_1_370' title='bbox 1594 2392 1787 2431; x_wconf 88' lang='lat' dir='ltr'>Graecos</span> <span class='ocrx_word' id='word_1_371' title='bbox 1819 2402 2006 2443; x_wconf 88' lang='lat' dir='ltr'>compo-</span> 
     </span>
     <span class='ocr_line' id='line_1_71' title="bbox 1127 2452 2004 2509; baseline 0.002 -18"><span class='ocrx_word' id='word_1_372' title='bbox 1127 2462 1235 2491; x_wconf 90' lang='lat' dir='ltr'>nere</span> <span class='ocrx_word' id='word_1_373' title='bbox 1259 2453 1442 2509; x_wconf 85' lang='lat' dir='ltr'>conatus</span> <span class='ocrx_word' id='word_1_374' title='bbox 1465 2463 1563 2493; x_wconf 89' lang='lat' dir='ltr'>esse</span> <span class='ocrx_word' id='word_1_375' title='bbox 1585 2452 1781 2503; x_wconf 89' lang='lat' dir='ltr'>videtur,</span> <span class='ocrx_word' id='word_1_376' title='bbox 1815 2453 1898 2493; x_wconf 91' lang='lat' dir='ltr'>sed</span> <span class='ocrx_word' id='word_1_377' title='bbox 1919 2454 2004 2494; x_wconf 89' lang='lat' dir='ltr'>cito</span> 
     </span>
     <span class='ocr_line' id='line_1_72' title="bbox 1126 2508 2005 2566; baseline 0.001 -12"><span class='ocrx_word' id='word_1_378' title='bbox 1126 2515 1283 2563; x_wconf 87' lang='lat' dir='ltr'>inane,</span> <span class='ocrx_word' id='word_1_379' title='bbox 1315 2514 1452 2554; x_wconf 87' lang='lat' dir='ltr'>immo</span> <span class='ocrx_word' id='word_1_380' title='bbox 1482 2508 1671 2566; x_wconf 79' lang='lat' dir='ltr'>pravum</span> <span class='ocrx_word' id='word_1_381' title='bbox 1701 2514 1932 2556; x_wconf 89' lang='lat' dir='ltr'>consilium</span> <span class='ocrx_word' id='word_1_382' title='bbox 1961 2517 2005 2555; x_wconf 95' lang='lat' dir='ltr'>in</span> 
     </span>
     <span class='ocr_line' id='line_1_73' title="bbox 1127 2575 2003 2629; baseline 0.003 -15"><span class='ocrx_word' id='word_1_383' title='bbox 1127 2576 1397 2627; x_wconf 89' lang='lat' dir='ltr'>perpetuum</span> <span class='ocrx_word' id='word_1_384' title='bbox 1417 2575 1650 2617; x_wconf 88' lang='lat' dir='ltr'>abiecisse.</span> <span class='ocrx_word' id='word_1_385' title='bbox 1677 2598 1720 2605; x_wconf 87' lang='lat'><em>-</em></span> <span class='ocrx_word' id='word_1_386' title='bbox 1742 2588 1862 2617; x_wconf 83' lang='lat' dir='ltr'>mare</span> <span class='ocrx_word' id='word_1_387' title='bbox 1880 2577 2003 2629; x_wconf 77' lang='lat' dir='ltr'>citra]</span> 
     </span>
     <span class='ocr_line' id='line_1_74' title="bbox 1126 2636 2006 2691; baseline 0.003 -15"><span class='ocrx_word' id='word_1_388' title='bbox 1126 2638 1171 2677; x_wconf 92' lang='lat' dir='ltr'>in</span> <span class='ocrx_word' id='word_1_389' title='bbox 1196 2636 1330 2677; x_wconf 89' lang='lat' dir='ltr'>Italia.</span> <span class='ocrx_word' id='word_1_390' title='bbox 1377 2637 1456 2676; x_wconf 82' lang='lat' dir='ltr'>Vix</span> <span class='ocrx_word' id='word_1_391' title='bbox 1476 2636 1577 2677; x_wconf 91' lang='lat' dir='ltr'>alibi</span> <span class='ocrx_word' id='word_1_392' title='bbox 1597 2639 1708 2677; x_wconf 79' lang='lat' dir='ltr'>oltra</span> <span class='ocrx_word' id='word_1_393' title='bbox 1726 2639 2006 2691; x_wconf 86' lang='lat' dir='ltr'>postponitur</span> 
     </span>
    </p>
   </div>
   <div class='ocr_carea' id='block_1_13' title="bbox 1110 2698 2000 2753">
    <p class='ocr_par' dir='ltr' id='par_1_13' title="bbox 1110 2698 2000 2753">
     <span class='ocr_line' id='line_1_75' title="bbox 1110 2698 2000 2753; baseline 0.002 -15"><span class='ocrx_word' id='word_1_394' title='bbox 1110 2710 1205 2739; x_wconf 66' lang='lat' dir='ltr'>‹suo</span> <span class='ocrx_word' id='word_1_395' title='bbox 1241 2699 1422 2738; x_wconf 89' lang='lat' dir='ltr'>nomini.</span> <span class='ocrx_word' id='word_1_396' title='bbox 1466 2698 1552 2739; x_wconf 87' lang='lat' dir='ltr'>Cfr.</span> <span class='ocrx_word' id='word_1_397' title='bbox 1577 2699 1704 2740; x_wconf 91' lang='lat' dir='ltr'>Hand</span> <span class='ocrx_word' id='word_1_398' title='bbox 1734 2701 1858 2742; x_wconf 88' lang='lat' dir='ltr'>Turs.</span> <span class='ocrx_word' id='word_1_399' title='bbox 1882 2702 1932 2740; x_wconf 91' lang='grc' dir='ltr'>ΙΙ.</span> <span class='ocrx_word' id='word_1_400' title='bbox 1958 2713 2000 2753; x_wconf 91' lang='lat' dir='ltr'>p.</span> 
     </span>
    </p>
   </div>
   <div class='ocr_carea' id='block_1_14' title="bbox 1115 2761 2003 3129">
    <p class='ocr_par' dir='ltr' id='par_1_14' title="bbox 1115 2761 2003 3129">
     <span class='ocr_line' id='line_1_76' title="bbox 1124 2761 2002 2813; baseline 0.003 -13"><span class='ocrx_word' id='word_1_401' title='bbox 1124 2761 1192 2801; x_wconf 73' lang='lat'>84.</span> <span class='ocrx_word' id='word_1_402' title='bbox 1244 2783 1288 2788; x_wconf 80' lang='lat'>—-</span> <span class='ocrx_word' id='word_1_403' title='bbox 1337 2761 1549 2811; x_wconf 77' lang='lat' dir='ltr'>Quirinus]</span> <span class='ocrx_word' id='word_1_404' title='bbox 1595 2761 1718 2802; x_wconf 88' lang='lat' dir='ltr'>Conf.</span> <span class='ocrx_word' id='word_1_405' title='bbox 1752 2762 1832 2803; x_wconf 90' lang='lat' dir='ltr'>Od.</span> <span class='ocrx_word' id='word_1_406' title='bbox 1865 2762 1912 2812; x_wconf 88' lang='lat'>3,</span> <span class='ocrx_word' id='word_1_407' title='bbox 1953 2762 2002 2813; x_wconf 85' lang='lat'>3,</span> 
     </span>
     <span class='ocr_line' id='line_1_77' title="bbox 1125 2823 2003 2876; baseline 0.003 -15"><span class='ocrx_word' id='word_1_408' title='bbox 1125 2823 1190 2861; x_wconf 80' lang='grc'>45.</span> <span class='ocrx_word' id='word_1_409' title='bbox 1219 2844 1262 2850; x_wconf 93' lang='grc'>-</span> <span class='ocrx_word' id='word_1_410' title='bbox 1286 2823 1377 2862; x_wconf 83' lang='lat' dir='ltr'>Posl</span> <span class='ocrx_word' id='word_1_411' title='bbox 1404 2824 1585 2863; x_wconf 73' lang='lat' dir='ltr'>‘mediam</span> <span class='ocrx_word' id='word_1_412' title='bbox 1603 2827 1761 2864; x_wconf 79' lang='lat' dir='ltr'>noctem</span> <span class='ocrx_word' id='word_1_413' title='bbox 1781 2824 1886 2876; x_wconf 86' lang='lat' dir='ltr'>cet.]</span> <span class='ocrx_word' id='word_1_414' title='bbox 1907 2825 2003 2866; x_wconf 92' lang='lat' dir='ltr'>Mo-</span> 
     </span>
     <span class='ocr_line' id='line_1_78' title="bbox 1123 2879 2000 2944; baseline 0.005 -21"><span class='ocrx_word' id='word_1_415' title='bbox 1123 2885 1258 2924; x_wconf 90' lang='lat' dir='ltr'>schus</span> <span class='ocrx_word' id='word_1_416' title='bbox 1288 2885 1336 2934; x_wconf 74' lang='lat'>2,</span> <span class='ocrx_word' id='word_1_417' title='bbox 1369 2885 1413 2924; x_wconf 79' lang='lat'>2:</span> <span class='ocrx_word' id='word_1_418' title='bbox 1453 2882 1642 2936; x_wconf 82' lang='grc' dir='ltr'><em>Νυκτὸς</em></span> <span class='ocrx_word' id='word_1_419' title='bbox 1672 2879 1751 2926; x_wconf 79' lang='grc' dir='ltr'>ὅτε</span> <span class='ocrx_word' id='word_1_420' title='bbox 1780 2887 2000 2944; x_wconf 78' lang='grc' dir='ltr'><em>τρίτατον</em></span> 
     </span>
     <span class='ocr_line' id='line_1_79' title="bbox 1123 2942 2001 3003; baseline 0.006 -19"><span class='ocrx_word' id='word_1_421' title='bbox 1123 2942 1273 2997; x_wconf 79' lang='grc' dir='ltr'><em>λάχος</em></span> <span class='ocrx_word' id='word_1_422' title='bbox 1304 2946 1515 2998; x_wconf 70' lang='grc' dir='ltr'><em>ἵσταται,</em></span> <span class='ocrx_word' id='word_1_423' title='bbox 1547 2946 1716 3003; x_wconf 77' lang='grc' dir='ltr'>ἐγγύθι</span> <span class='ocrx_word' id='word_1_424' title='bbox 1735 2947 1774 2989; x_wconf 79' lang='grc' dir='ltr'>δ’</span> <span class='ocrx_word' id='word_1_425' title='bbox 1797 2945 1913 3002; x_wconf 76' lang='grc' dir='ltr'><em>ἠώς,</em></span> <span class='ocrx_word' id='word_1_426' title='bbox 1935 2973 1959 2980; x_wconf 94' lang='grc'>-</span> <span class='ocrx_word' id='word_1_427' title='bbox 1979 2972 2001 2978; x_wconf 94' lang='grc'><strong>-</strong></span> 
     </span>
     <span class='ocr_line' id='line_1_80' title="bbox 1115 3001 2000 3068; baseline 0.007 -21"><span class='ocrx_word' id='word_1_428' title='bbox 1115 3001 1236 3049; x_wconf 80' lang='grc' dir='ltr'><em>Εὕτε</em></span> <span class='ocrx_word' id='word_1_429' title='bbox 1284 3011 1365 3050; x_wconf 76' lang='grc' dir='ltr'>καὶ</span> <span class='ocrx_word' id='word_1_430' title='bbox 1412 3005 1647 3068; x_wconf 74' lang='grc' dir='ltr'><em>ἁτρεκέων</em></span> <span class='ocrx_word' id='word_1_431' title='bbox 1695 3013 2000 3065; x_wconf 80' lang='grc' dir='ltr'><em>ποιμαίνεται</em></span> 
     </span>
     <span class='ocr_line' id='line_1_81' title="bbox 1120 3065 1995 3129; baseline 0.002 -19"><span class='ocrx_word' id='word_1_432' title='bbox 1120 3065 1263 3121; x_wconf 66' lang='grc' dir='ltr'><em>ἔθνος</em></span> <span class='ocrx_word' id='word_1_433' title='bbox 1285 3066 1497 3129; x_wconf 73' lang='grc' dir='ltr'>ὀνείρων.</span> <span class='ocrx_word' id='word_1_434' title='bbox 1531 3075 1654 3115; x_wconf 91' lang='lat' dir='ltr'>Ovid.</span> <span class='ocrx_word' id='word_1_435' title='bbox 1674 3076 1777 3115; x_wconf 89' lang='lat' dir='ltr'>Her.</span> <span class='ocrx_word' id='word_1_436' title='bbox 1803 3075 1869 3124; x_wconf 72' lang='lat'>⁴9,</span> <span class='ocrx_word' id='word_1_437' title='bbox 1893 3075 1995 3115; x_wconf 74' lang='lat'>⁴95:</span> 
     </span>
    </p>
   </div>
   <div class='ocr_carea' id='block_1_15' title="bbox 1119 3135 2072 3193">
    <p class='ocr_par' dir='ltr' id='par_1_15' title="bbox 1119 3135 2072 3193">
     <span class='ocr_line' id='line_1_82' title="bbox 1119 3135 2072 3193; baseline 0.004 -20"><span class='ocrx_word' id='word_1_438' title='bbox 1119 3135 1311 3184; x_wconf 79' lang='lat' dir='ltr'>Namque</span> <span class='ocrx_word' id='word_1_439' title='bbox 1340 3136 1412 3174; x_wconf 84' lang='lat' dir='ltr'>sub</span> <span class='ocrx_word' id='word_1_440' title='bbox 1443 3148 1605 3177; x_wconf 81' lang='lat' dir='ltr'>aurora</span> <span class='ocrx_word' id='word_1_441' title='bbox 1633 3138 1720 3177; x_wconf 81' lang='lat' dir='ltr'>iam</span> <span class='ocrx_word' id='word_1_442' title='bbox 1749 3137 2000 3177; x_wconf 77' lang='lat' dir='ltr'>dormitante</span> <span class='ocrx_word' id='word_1_443' title='bbox 2067 3188 2072 3193; x_wconf 32' lang='grc'><em>.</em></span> 
     </span>
    </p>
   </div>
   <div class='ocr_carea' id='block_1_16' title="bbox 1120 3197 1998 3499">
    <p class='ocr_par' dir='ltr' id='par_1_16' title="bbox 1120 3197 1998 3499">
     <span class='ocr_line' id='line_1_83' title="bbox 1121 3197 1998 3249; baseline 0.003 -14"><span class='ocrx_word' id='word_1_444' title='bbox 1121 3197 1313 3247; x_wconf 72' lang='lat' dir='ltr'>lucerna,</span> <span class='ocrx_word' id='word_1_445' title='bbox 1348 3198 1522 3238; x_wconf 81' lang='lat' dir='ltr'>Somnia</span> <span class='ocrx_word' id='word_1_446' title='bbox 1554 3211 1634 3249; x_wconf 81' lang='lat' dir='ltr'>quo</span> <span class='ocrx_word' id='word_1_447' title='bbox 1663 3201 1778 3239; x_wconf 75' lang='lat' dir='ltr'>cerni</span> <span class='ocrx_word' id='word_1_448' title='bbox 1817 3202 1998 3248; x_wconf 80' lang='lat' dir='ltr'>tempore</span> 
     </span>
     <span class='ocr_line' id='line_1_84' title="bbox 1120 3258 1993 3310; baseline 0.002 -12"><span class='ocrx_word' id='word_1_449' title='bbox 1120 3270 1222 3299; x_wconf 69' lang='lat' dir='ltr'>vera</span> <span class='ocrx_word' id='word_1_450' title='bbox 1242 3260 1381 3300; x_wconf 78' lang='lat' dir='ltr'>solent.</span> <span class='ocrx_word' id='word_1_451' title='bbox 1431 3260 1553 3301; x_wconf 85' lang='lat' dir='ltr'>Conf.</span> <span class='ocrx_word' id='word_1_452' title='bbox 1579 3261 1705 3301; x_wconf 91' lang='lat' dir='ltr'>Hom.</span> <span class='ocrx_word' id='word_1_453' title='bbox 1731 3260 1809 3300; x_wconf 88' lang='lat' dir='ltr'>Od.</span> <span class='ocrx_word' id='word_1_454' title='bbox 1834 3258 1874 3310; x_wconf 81' lang='grc' dir='ltr'>ὂ,</span> <span class='ocrx_word' id='word_1_455' title='bbox 1897 3260 1993 3300; x_wconf 74' lang='grc'><strong>841.</strong></span> 
     </span>
     <span class='ocr_line' id='line_1_85' title="bbox 1123 3319 1997 3374; baseline 0.002 -15"><span class='ocrx_word' id='word_1_456' title='bbox 1123 3319 1226 3360; x_wconf 90' lang='lat' dir='ltr'>Plat.</span> <span class='ocrx_word' id='word_1_457' title='bbox 1253 3323 1415 3362; x_wconf 86' lang='lat' dir='ltr'>Criton.</span> <span class='ocrx_word' id='word_1_458' title='bbox 1448 3335 1491 3374; x_wconf 89' lang='lat' dir='ltr'>p.</span> <span class='ocrx_word' id='word_1_459' title='bbox 1526 3322 1592 3363; x_wconf 82' lang='lat'>44.</span> <span class='ocrx_word' id='word_1_460' title='bbox 1626 3325 1674 3362; x_wconf 84' lang='lat' dir='ltr'>A.</span> <span class='ocrx_word' id='word_1_461' title='bbox 1710 3345 1752 3350; x_wconf 92' lang='lat'><em>-</em></span> <span class='ocrx_word' id='word_1_462' title='bbox 1786 3323 1831 3362; x_wconf 79' lang='lat' dir='ltr'>in</span> <span class='ocrx_word' id='word_1_463' title='bbox 1849 3322 1997 3362; x_wconf 82' lang='lat' dir='ltr'>silvam</span> 
     </span>
     <span class='ocr_line' id='line_1_86' title="bbox 1122 3383 1991 3437; baseline 0 -15"><span class='ocrx_word' id='word_1_464' title='bbox 1122 3384 1223 3435; x_wconf 74' lang='lat' dir='ltr'>cet]</span> <span class='ocrx_word' id='word_1_465' title='bbox 1268 3384 1415 3425; x_wconf 86' lang='lat' dir='ltr'>Simile</span> <span class='ocrx_word' id='word_1_466' title='bbox 1459 3384 1747 3437; x_wconf 86' lang='lat' dir='ltr'>proverbium</span> <span class='ocrx_word' id='word_1_467' title='bbox 1790 3383 1991 3425; x_wconf 89' lang='lat' dir='ltr'>illorum:</span> 
     </span>
     <span class='ocr_line' id='line_1_87' title="bbox 1121 3440 1989 3499; baseline 0.002 -17"><span class='ocrx_word' id='word_1_468' title='bbox 1121 3442 1292 3485; x_wconf 75' lang='grc' dir='ltr'><strong><em>Γλαῦκ’</em></strong></span> <span class='ocrx_word' id='word_1_469' title='bbox 1325 3444 1374 3495; x_wconf 78' lang='grc' dir='ltr'>ἐς</span> <span class='ocrx_word' id='word_1_470' title='bbox 1411 3440 1608 3499; x_wconf 77' lang='grc' dir='ltr'><em>Ἀθήνας</em></span> <span class='ocrx_word' id='word_1_471' title='bbox 1640 3446 1741 3496; x_wconf 88' lang='lat' dir='ltr'>(Cic.</span> <span class='ocrx_word' id='word_1_472' title='bbox 1776 3445 1832 3486; x_wconf 85' lang='lat' dir='ltr'>ad</span> <span class='ocrx_word' id='word_1_473' title='bbox 1872 3445 1989 3486; x_wconf 86' lang='lat' dir='ltr'>Fam.</span> 
     </span>
    </p>
   </div>
  </div>
 </body>
</html>
