2231 3787
823 292 919 331 LlB.
954 292 1003 330 n.
1065 291 1175 331 sAr.
1209 293 1294 331 vn.
1875 288 1977 340 3435

236 421 447 474 Furtiva
486 430 653 474 mutat
695 420 905 491 strigili:
948 421 1038 492 qui
1078 421 1297 491 praedia
1339 420 1543 479 vendit,
1885 419 1978 472 110

232 522 310 575 Nil
351 522 569 583 servile,
616 521 772 593 gulae
815 539 1039 593 parens,
1081 522 1281 576 habet?
1326 522 1499 578 Adde.
1543 521 1688 592 quod
1732 521 1871 574 idem

232 625 346 676 Non
385 623 570 677 horam
611 634 787 677 tecum
830 641 953 677 esse
992 632 1173 694 poteS,
1215 641 1320 677 non
1360 624 1463 676 otia
1506 631 1650 677 recte

234 726 468 781 Ponere,
513 734 672 796 teque
716 726 891 796 ipsum
929 725 1089 786 vitas,
1132 725 1383 796 fugitivus
1423 732 1475 778 et
1513 742 1662 781 erro,

240 827 348 879 Iam
388 826 510 879 vino
551 844 850 897 quaerenS,
894 827 997 879 iam
1037 843 1226 880 somno
1265 825 1447 880 fallere
1487 844 1696 880 curam:

233 930 478 991 Frustra3
508 945 629 980 nain
653 945 835 982 comes
864 938 975 981 atra
997 929 1189 999 premit
1215 929 1568 1000 sequiturque
1591 930 1849 1000 fugacem.
1881 927 1980 982 445

237 1028 384 1084 L'nde
414 1028 538 1082 mihi
568 1029 846 1100 lapidem?
886 1031 1156 1095 Quorsum
1187 1039 1266 1084 cst
1293 1031 1468 1103 opus?
1511 1030 1660 1084 L'nde
1690 1030 1946 1101 sagittas?

220 1194 337 1235 4481.
391 1215 434 1222 —
486 1194 578 1234 409.
629 1195 721 1234 4¹0.
755 1206 836 1234 ura
868 1195 1085 1234 Fut-ticam
1114 1200 1247 1234 mutat
1277 1196 1476 1246 strigilem
1515 1207 1537 1234 e
1579 1195 1718 1236 Codd.
1763 1206 1923 1235 novem

219 1257 473 1297 Lambinus.
511 1259 573 1306 (ct
604 1269 708 1305 nos,
742 1259 879 1297 nostri
911 1260 954 1297 et
983 1258 1205 1305 Pottierii.)
1243 1280 1287 1285 —
1324 1258 1414 1296 443.
1450 1268 1568 1296 erras
1598 1258 1640 1297 F.

160 1407 304 1446 ctione
334 1405 458 1446 verbi
479 1410 642 1445 mutare
664 1403 1035 1456 (eintauschen)

161 1468 214 1508 cs.
239 1468 316 1508 Od.
351 1469 394 1515 t,
430 1469 500 1517 47,
535 1469 572 1508 2.
616 1468 661 1515 3,
696 1468 740 1514 4,
776 1467 841 1507 47.
895 1467 1032 1518 Epod.

162 1532 206 1578 4,
229 1530 295 1570 ⁶28.
320 1529 365 1577 9,
391 1530 456 1569 ⁵28.
494 1553 537 1557 —
582 1529 756 1581 strigili]
800 1528 1036 1580 Strigilium

160 1602 392 1632 aerearum
414 1595 512 1643 post
534 1591 743 1632 balneum
761 1591 1036 1631 sudatorium

160 1665 267 1695 usus
298 1656 389 1694 erat
428 1654 483 1693 ad
515 1655 671 1695 sordes
710 1658 785 1694 aut
824 1655 1037 1694 humores

160 1717 204 1757 in
236 1719 335 1756 cute
367 1716 570 1757 residuos
593 1717 889 1757 deradendos.
937 1716 1035 1757 Vid.

160 1780 207 1818 Ο.
239 1779 344 1818 Iahn
376 1779 431 1818 ad
463 1781 584 1819 Pers.
622 1781 671 1827 ὃ,
722 1779 815 1818 426.
863 1800 907 1806 -
945 1779 1039 1818 Non

158 1841 305 1881 horam
341 1845 474 1880 tecum
510 1843 604 1892 esse]
652 1853 732 1881 «ne
777 1853 859 1892 per
902 1852 1037 1880 unam

162 1903 344 1954 quidem
392 1904 549 1943 horam
598 1903 831 1955 tranquille
888 1906 1037 1943 tecum

163 1967 331 2006 versari
363 1969 407 2006 et
435 1967 529 2006 sine
561 1967 769 2006 continua
801 1967 932 2006 animi
955 1966 1041 2016 agi-

160 2028 323 2068 tatione
371 2028 573 2068 meditari
616 2031 744 2080 potes
787 2029 1039 2080 sapientum

160 2093 451 2142 praecepta3»
498 2091 552 2131 de
585 2092 635 2132 iis
665 2102 779 2131 unus
811 2102 879 2138 es,
927 2101 1038 2141 quos

161 2151 395 2204 descripsit
425 2154 644 2204 Aristoph.
678 2155 757 2193 Av.
792 2153 898 2193 469:
932 2148 1038 2191 ”Av-

160 2214 354 2270 θρωπος
385 2209 516 2270 ὄρνις
546 2209 861 2268 ἀστάθμητος
896 2212 1039 2255 πετό-

160 2288 327 2328 μενος,
362 2272 692 2333 Ἇτὲκμαρτος,
735 2272 874 2317 οὐδὲν
905 2272 1039 2318 οὐδέ-

163 2339 265 2378 ποτ’
294 2338 345 2378 ἐν
378 2333 531 2392 ταύτῷ
561 2340 733 2390 μένων.
796 2339 1041 2390 «Intelliga-

162 2412 262 2441 mus
300 2411 424 2448 eum,
472 2402 544 2451 qui
590 2400 768 2440 libidine
807 2404 851 2440 et
888 2413 1040 2441 rerum

163 2462 332 2503 deliciis
364 2462 601 2503 distraetus
633 2474 719 2502 non
751 2474 905 2503 secum
936 2465 1037 2514 agit,

163 2524 244 2565 sed
265 2523 404 2564 aliena
427 2527 470 2564 et
492 2526 672 2564 externa
695 2527 883 2575 captat.»
915 2525 1041 2565 Hand

163 2587 361 2626 Turs.·11.
385 2597 428 2638 p.
454 2587 546 2626 ⁴65.
582 2584 900 2638 (Neoplatonici
922 2598 1043 2627 com-

163 2647 378 2688 mendant
414 2643 468 2687 τὸ
509 2646 661 2701 ἑαυτῷ
709 2652 945 2697 συνεῖναι,
991 2648 1041 2689 ἐν

164 2708 344 2764 ἑαυτῷ,
386 2711 492 2766 παρ’
524 2708 676 2764 ἑαυτῷ
706 2715 880 2763 μεῖναι.
931 2713 1041 2751 Item

165 2773 333 2812 Seneca
363 2773 499 2824 Epist.
524 2774 574 2812 ⁶2:
605 2774 792 2813 Primum
821 2785 1044 2826 argumen-

164 2837 250 2874 tum
278 2836 529 2885 compositae
553 2837 700 2875 mentis
719 2837 909 2876 existimo
924 2848 1043 2886 posse

165 2898 384 2936 consistere
422 2902 459 2937 et
497 2909 633 2938 secum
676 2900 852 2938 morari.
903 2900 1039 2950 Epist.

167 2957 240 2997 ⁴0:
287 2959 380 2997 Non
416 2959 602 3009 invenio,
639 2972 734 3000 cum
763 2973 843 3011 quo
883 2965 920 3001 te
948 2973 1044 3000 ma-

166 3018 238 3057 lim
265 3029 348 3058 esse
377 3031 504 3069 quam
532 3025 681 3061 tecum.
740 3025 880 3063 Acute
923 3023 1041 3063 idem

167 3081 356 3131 scriptor
398 3081 484 3121 hoc
529 3083 702 3123 invertit
746 3085 825 3135 Ep.
864 3084 963 3126 404:
1011 3085 1043 3124 Ο

169 3153 296 3192 quam
326 3142 422 3182 bene
441 3153 535 3182 cum
563 3144 809 3192 quibusdam
829 3151 1040 3198 (meretur,

165 3205 256 3243 sia
283 3215 325 3244 se
363 3204 609 3245 aberrarent
622 3207 634 3244 ,t
677 3207 798 3247 Nunc
833 3210 964 3258 primi
1002 3221 1045 3250 se

166 3267 274 3316 ipsos
302 3266 545 3316 sollicitant,
577 3274 879 3319 corrumpunt,
917 3272 1044 3311 terri-

166 3331 271 3368 tant.
307 3351 351 3357 —
383 3327 493 3379 erro]
542 3327 706 3380 Ulpian.
743 3331 837 3382 Dig.
875 3332 952 3381 2⁴,
994 3334 1039 3383 ⁴,

168 3389 248 3428 ⁴7:
292 3391 547 3430 Erronem
589 3391 647 3430 sic
690 3392 926 3443 definimus,
973 3396 1043 3444 qui

168 3461 250 3489 non
269 3453 433 3500 quidem
450 3452 579 3503 fugit,
611 3454 680 3492 sed
702 3453 940 3503 frequenter
957 3455 1044 3496 sine

168 3523 298 3552 causa
334 3517 520 3565 vayatur
555 3519 592 3554 et
628 3515 877 3565 temporibus
904 3516 947 3555 in
978 3527 1042 3557 res

1100 1405 1350 1455 nugatorias
1377 1405 1642 1454 comsumptis
1671 1406 1802 1444 serius
1822 1406 1877 1444 ad
1908 1406 1978 1444 do-

1098 1467 1258 1506 minum
1295 1467 1415 1506 redit.
1490 1468 1608 1506 Inter
1650 1478 1804 1508 servos
1850 1469 1978 1518 igitur

1097 1530 1261 1581 sugytlirt'
1284 1531 1327 1569 et
1348 1540 1515 1568 errones
1531 1529 1913 1580 distinguebantur
1934 1533 1981 1569 ut

1100 1593 1214 1631 inter
1244 1590 1403 1631 milites
1444 1592 1668 1631 desertores
1706 1594 1747 1631 et
1788 1603 1979 1631 emanso-

1101 1666 1185 1702 res,
1234 1655 1308 1705 qui
1348 1653 1421 1693 diu
1462 1655 1603 1704 vagati
1641 1654 1697 1693 ad
1734 1657 1876 1694 castra
1908 1667 1983 1695 re—

1101 1716 1374 1766 grediuntur.
1417 1714 1526 1755 Male
1549 1718 1638 1756 tres
1662 1716 1801 1755 Codd.
1827 1715 1977 1756 Bland.

1102 1781 1145 1818 et
1183 1777 1251 1817 alii
1292 1779 1401 1817 Feae
1441 1779 1820 1830 comparationem
1860 1780 1982 1818 intu-

1100 1841 1247 1881 lerunt
1290 1845 1334 1879 ut
1377 1852 1495 1889 erro,
1544 1842 1670 1892 peius
1715 1843 1849 1881 etiam
1899 1843 1980 1881 Fea

1103 1915 1206 1944 cum
1239 1903 1415 1943 duobus
1448 1903 1587 1943 Codd.
1613 1908 1649 1944 et
1683 1916 1825 1953 erras,
1866 1915 1980 1955 quae

1104 1965 1234 2006 lectio
1276 1966 1328 2005 iis
1369 1965 1583 2015 debetur,
1632 1967 1705 2017 qui
1746 1977 1847 2006 cum
1878 1978 1983 2007 nos-

1103 2030 1200 2068 sent
1245 2028 1474 2068 dumtaxat
1512 2028 1702 2068 verbum
1743 2040 1817 2079 eqo
1857 2041 1978 2077 erro,

1101 2091 1210 2139 hoc,
1244 2091 1305 2130 uti
1328 2090 1641 2142 opinabantur,
1666 2091 1820 2130 vitium
1843 2092 1980 2131 corri-

1103 2164 1205 2204 gere
1244 2152 1421 2192 veilent.
1461 2175 1506 2181 ——
1539 2154 1701 2203 curam]
1750 2153 1894 2194 Alexis
1940 2154 1982 2192 in

1104 2216 1235 2255 Grotii
1280 2216 1382 2276 Effe.
1420 2226 1464 2266 p.
1502 2215 1606 2254 591:
1651 2209 1818 2265 Ὕπνος
1863 2214 1982 2272 βρο-

1103 2279 1263 2325 τείων,
1296 2278 1332 2315 ω’
1364 2274 1510 2334 κόρη,
1550 2274 1772 2334 παυστήρ
1805 2276 1980 2317 πόνων.

1107 2363 1151 2368 —-
1184 2351 1316 2379 comes
1351 2340 1463 2390 atra]
1497 2339 1584 2379 Cfr.
1619 2340 1697 2379 Od.
1722 2341 1769 2387 ⁶2,
1806 2341 1878 2388 116,
1913 2341 1979 2379 21.

1104 2401 1153 2449 3,
1188 2402 1236 2449 4,
1270 2400 1345 2441 40:
1391 2402 1483 2440 Post
1526 2402 1701 2449 equitem
1743 2403 1849 2440 sedet
1886 2406 1984 2441 alra

1104 2474 1223 2502 cura.

1161 2524 1386 2564 416-448.
1443 2525 1553 2564 Unde
1594 2525 1693 2563 mihi
1737 2525 1980 2577 lapidem?]

1107 2597 1307 2627 «sumam
1330 2586 1406 2626 tibi
1438 2587 1775 2627 inficiendum-7»
1808 2589 1978 2628 Davus:

1107 2647 1197 2689 «Nil
1227 2659 1382 2700 opus.»
1442 2649 1657 2700 Exprimit
1687 2652 1816 2700 poeta
1849 2651 1981 2700 atque

1106 2711 1260 2752 festive
1305 2711 1501 2751 imitatur
1542 2712 1610 2751 his
1653 2711 1858 2751 versibus
1902 2710 1984 2750 do-

1106 2776 1279 2814 minum
1301 2773 1616 2823 cerebrosum,
1651 2775 1692 2813 in
1716 2784 1885 2822 servos,
1907 2773 1983 2813 ubi

1104 2848 1261 2877 verum
1299 2837 1447 2876 dicere
1487 2837 1672 2885 audent,
1720 2836 1983 2876 desaevien-

1106 2902 1212 2939 tem.
1275 2898 1625 2949 Languidissima
1656 2902 1808 2938 contra
1829 2898 1985 2938 fuisset

1105 2963 1312 3001 vitiorum
1351 2960 1570 3002 consessio
1608 2972 1660 3000 ac
1698 2961 1979 3012 poenitentia.

1109 3048 1154 3054 ——
1183 3025 1293 3064 Unde
1312 3022 1537 3076 sagittasPJ
1571 3024 1701 3071 Quasi
1733 3023 1982 3074 tragoedias

1106 3089 1270 3126 movet.
1308 3107 1353 3114 —
1379 3090 1453 3125 aut
1480 3097 1624 3125 versus
1650 3085 1766 3136 facit]
1799 3086 1842 3125 id
1864 3086 1984 3136 quod

1107 3160 1161 3188 ex
1192 3149 1396 3199 opinione
1427 3146 1540 3198 volgi
1586 3150 1629 3187 et
1657 3149 1765 3188 Davi
1796 3147 1983 3188 alterum

1107 3221 1188 3250 nec
1220 3209 1360 3250 levius
1391 3221 1531 3261 genus
1562 3211 1629 3249 est
1658 3209 1868 3249 insaniae.
1918 3210 1984 3248 Si-

1106 3271 1283 3322 gnificat
1320 3282 1367 3311 se
1409 3273 1539 3311 antea
1571 3282 1749 3322 quoque
1786 3271 1982 3310 furorem

1106 3334 1202 3373 heri
1230 3344 1388 3374 versus
1419 3334 1726 3384 componentis
1753 3335 1981 3384 expertum

1107 3406 1228 3444 esse,
1266 3397 1313 3435 ut
1350 3394 1586 3446 aliquando
1617 3392 1856 3446 scriptores
1887 3394 1979 3432 Ser.

1107 3457 1269 3498 Galbae
1301 3459 1547 3498 orationem
1584 3456 1836 3496 meditantis
1866 3453 1981 3494 male

1107 3517 1288 3560 mulcati
1319 3531 1343 3560 e
1375 3519 1593 3560 testudine
1636 3528 1738 3557 cum
1777 3528 1830 3557 eo
1862 3517 1984 3556 exie-
