2231 3787
816 232 912 271 LIB.
949 233 997 271 11.

211 361 512 432 Scriptores
555 361 772 423 trutina,
815 379 920 415 non
961 370 1042 415 est
1079 362 1227 433 quod
1269 362 1431 415 multa
1474 362 1781 434 loquamur:

1061 232 1221 272 ErisT.
1259 234 1286 271 1.
1861 232 1962 283 597

1896 363 1963 417 30

207 463 286 516 Nil
328 463 460 516 intra
500 471 581 517 est
625 463 825 525 oleam,
867 464 937 516 nil
978 472 1127 517 extra
1167 472 1248 518 cst
1288 464 1337 516 in
1378 481 1515 518 nuce
1555 464 1701 530 duri,

171 564 460 622 ,Venimus
500 564 567 617 ad
610 583 879 618 summum
917 566 1182 628 fortunae,
1226 566 1495 637 pingimus
1536 574 1696 637 atque

207 665 584 719 Psallimuset
624 666 888 719 luctamur
926 667 1138 721 Achivis
1177 667 1388 722 doctius
1427 668 1616 722 unctis,

247 832 313 871 31.
347 831 439 871 olea
468 830 691 872 Bentleius
723 834 864 882 coni.2
899 834 1005 873 item
1036 834 1287 874 Schmidius
1312 845 1414 874 cum
1446 846 1533 874 uno
1565 835 1675 875 Feae
1708 837 1751 875 et
1771 836 1909 875 Bcro-

193 892 371 940 linensi3
404 893 485 933 sed
515 894 658 934 reiicit
686 906 728 946 p.
763 895 856 935 307.
891 917 935 924 -
971 896 1037 936 32.

1071 908 1277 935 summam
1307 907 1385 937 sex
1414 896 1624 937 Pottierii.
1652 919 1695 925 —
1730 896 1797 937 33.
1833 898 1911 937 do-

188 957 294 995 ctius
320 955 519 1008 bSEcdp,
553 968 710 997 omnes
755 958 946 998 Pottierii
994 960 1038 998 et
1081 958 1314 1006 Schmidii,
1348 959 1458 999 LCts
1490 960 1533 998 et
1562 958 1724 1000 Bentl.:
1768 960 1909 1000 seirius

192 1029 245 1058 ex
274 1019 474 1069 Eutyche
506 1019 699 1060 Putschii
730 1031 771 1071 p.
807 1020 930 1061 2479.
965 1022 1048 1061 FM.

135 1170 222 1210 que
253 1159 421 1199 habent
457 1170 537 1211 pro
579 1159 819 1211 proverbio
851 1160 906 1200 de
938 1161 1015 1210 iis,

135 1222 209 1272 qui
252 1233 325 1262 res
366 1221 601 1262 manifesto
637 1233 769 1262 veras
807 1234 1018 1274 prorsus-

133 1295 219 1335 que
255 1286 400 1324 certas
444 1283 663 1324 obstinate
710 1286 895 1336 negent,
936 1296 1017 1324 ve-

131 1346 209 1386 luti
240 1357 341 1387 esse
379 1346 561 1387 nucleos
603 1346 738 1387 duros
781 1348 823 1386 in
866 1346 1013 1395 olivis,

131 1410 358 1461 putamine
403 1410 558 1449 itidem
603 1409 714 1449 duro
760 1410 846 1460 tegi
887 1410 1014 1450 nucis

132 1471 363 1516 nucleum;
396 1483 555 1512 verum
585 1473 732 1524 potius
764 1474 832 1512 est
871 1469 1014 1513 ἐνθύ-

129 1547 271 1587 μημα
315 1535 594 1575 contractum
645 1537 688 1574 et
737 1533 1013 1586 implicatum

131 1608 185 1636 ex
228 1597 316 1637 bis:
371 1596 407 1647 l)
443 1595 585 1636 «Oliva
632 1598 675 1635 et
719 1608 808 1635 nux
846 1595 1013 1636 similes

130 1662 232 1699 sunt
260 1659 452 1708 fructus,
487 1658 698 1710 quoniam
730 1670 784 1698 ex
821 1661 1012 1710 utraque

130 1720 279 1762 oleum
320 1722 490 1773 trapeto
529 1720 775 1761 conficitur.
828 1721 866 1772 2)
899 1720 1011 1760 Nihil

130 1783 227 1823 duri
258 1786 326 1824 est
354 1785 467 1823 intra
497 1794 686 1828 nucem;
722 1794 827 1834 ergo
862 1794 1010 1834 neque

128 1846 240 1885 intra
257 1844 432 1885 olivam.
483 1845 519 1895 3)
544 1844 654 1884 Nihil
677 1845 776 1884 duri
798 1846 866 1885 est
888 1847 1010 1886 extra

129 1906 297 1954 oleam;
332 1918 436 1958 ergo
467 1918 614 1958 neque
647 1909 771 1947 extra
802 1918 1008 1947 nucem.»

129 1971 222 2009 Iam
250 1970 319 2009 his
350 1968 592 2010 falsissimis
623 1971 1012 2020 argumentationi-

128 2031 237 2079 bus,
303 2030 465 2081 quibus
522 2032 754 2082 tamquam
812 2031 1009 2073 fallaciae

130 2091 343 2144 exemplis
381 2092 566 2132 fortasse
603 2094 646 2132 in
678 2093 840 2134 scholis
870 2095 1010 2134 inter-

129 2155 237 2195 dum
266 2153 508 2194 utebantur
546 2154 713 2205 logicae
752 2155 1008 2207 disciplinae

129 2217 346 2268 magistri,
381 2217 642 2267 aequiparat
672 2216 811 2256 illam:
847 2220 1011 2258 «Grae-

130 2290 284 2320 corum
328 2279 620 2330 antiquissimi
663 2282 823 2331 poetae
873 2281 1009 2321 iidem

129 2344 232 2383 sunt
261 2342 435 2393 optimi;
471 2352 575 2392 ergo
599 2343 732 2382 etiam
755 2343 1008 2383 Latinorum

128 2405 421 2456 antiquissimi
443 2405 652 2456 quique.»
687 2405 751 2445 Cf.
766 2404 871 2445 Plin.
889 2407 938 2445 H.
956 2407 1006 2445 N.

130 2468 203 2515 45,
236 2467 314 2516 28,
347 2466 422 2507 34:
454 2467 550 2507 Alia
573 2467 832 2518 (gignuntur)
857 2467 1006 2517 baccis,

129 2540 312 2578 quarum
339 2530 450 2569 intus
479 2530 638 2581 lignum
667 2534 705 2570 et
734 2535 860 2570 extra
889 2543 1005 2580 caro,

128 2596 174 2631 ut
203 2592 339 2641 olivis,
371 2593 539 2631 cerasis.
573 2615 596 2621 -
629 2615 653 2622 —
679 2593 871 2633 Aliorum
899 2595 1010 2633 inlus

129 2665 279 2704 corpus
307 2659 344 2694 et
384 2654 489 2705 foris
531 2654 712 2706 ligyrium,
758 2659 804 2694 ut
838 2667 1004 2695 nucum.

131 2738 177 2744 —
197 2717 343 2768 oleam]
366 2717 540 2756 Variata
563 2718 847 2766 constructio,
872 2718 1007 2758 etiam

129 2790 151 2817 a
184 2780 345 2819 nostris
377 2779 517 2819 Codd.
542 2779 739 2829 firmata,
788 2790 867 2818 cur
905 2791 1008 2819 mu-

130 2841 246 2879 tetur
287 2841 332 2879 in
375 2840 465 2880 olea
511 2840 663 2891 (Bentl.
713 2842 853 2889 coni.,
899 2841 1006 2880 item

132 2912 244 2941 unus
290 2901 398 2941 Cod.
433 2902 545 2942 Feae
591 2904 634 2942 et
678 2903 786 2943 Cod.
825 2902 1002 2953 Berol.),

132 2974 220 3002 non
240 2963 384 3003 video.
428 2964 514 3003 Cfr.
539 2965 719 3005 Schmid
749 2967 799 3004 ΙΙ.
822 2977 865 3017 p.
890 2965 1005 3014 307.,

130 3027 237 3065 item
267 3025 394 3063 Hand
422 3026 545 3065 Turs.
579 3028 629 3065 ΙΙ.
661 3038 705 3077 p.
741 3028 834 3067 684.
870 3029 913 3066 et
934 3028 1003 3066 ΙΙΙ.

132 3097 176 3138 p.
200 3085 294 3126 440.
320 3085 521 3136 exempla
541 3086 826 3137 afferentem,
858 3088 935 3128 ubi
963 3089 1007 3128 in

102 3168 105 3169 ν
133 3148 295 3188 eodem
325 3148 572 3196 enuntiatO,
604 3149 652 3187 ut
680 3149 774 3198 hic,
803 3150 920 3189 intra
940 3153 1009 3190 est

131 3209 415 3262 praepositio,
435 3209 697 3249 adverbium
713 3215 850 3250 eoetra.
870 3212 1006 3262 (Idem

132 3275 281 3312 tamen
326 3273 450 3311 Turs.
494 3273 563 3310 III.
604 3282 647 3322 p.
684 3272 778 3312 355.
825 3273 1009 3313 Bentleii

131 3333 369 3374 lectionem
401 3333 678 3385 comprobat.
726 3334 849 3374 Conf.
875 3336 1009 3374 etiam

135 3395 297 3436 Herbst
338 3397 461 3435 Lecti.
509 3396 653 3435 Venus.
695 3397 726 3435 Ι.
765 3407 807 3447 p.
843 3397 894 3435 47
924 3396 1009 3446 sq.)

134 3457 296 3499 Ennius
327 3458 444 3510 apud
483 3458 616 3498 Prisc.
652 3457 698 3503 6,
738 3457 803 3496 95.
838 3468 880 3511 p.
913 3457 1006 3497 725.

1049 1163 1053 1241 J
1084 1162 1147 1200 P.:
1183 1162 1435 1201 Occumbunt
1464 1163 1582 1201 multi·
1617 1163 1742 1201 letum
1769 1162 1965 1213 ferroque

1049 1248 1051 1260 i
1082 1223 1252 1273 lapique
1279 1224 1362 1263 Aut
1399 1225 1513 1263 intra
1542 1235 1686 1264 muros
1722 1229 1796 1264 aut
1839 1229 1964 1265 extra

1074 1286 1276 1335 praecipe
1311 1297 1424 1326 casu.
1473 1287 1562 1326 Liv.
1600 1287 1675 1333 31,
1724 1287 1800 1327 ⁶24:
1848 1288 1964 1326 intra

1080 1359 1173 1388 eam
1197 1345 1399 1399 (portam)
1424 1352 1644 1397 extraque.
1679 1349 1830 1388 Horat.
1850 1350 1959 1400 Epp.

1047 1438 1049 1456 ι
1081 1412 1096 1449 ’1
1121 1442 1129 1459 ,
1154 1412 1199 1459 ⁶2,
1238 1410 1314 1449 46:
1346 1410 1496 1449 Iliacos
1514 1411 1630 1449 intra
1648 1421 1792 1449 muros
1814 1421 1963 1460 pecca-

1078 1477 1148 1512 tur
1185 1477 1222 1511 et
1261 1476 1400 1511 extra.
1436 1493 1483 1500 -
1522 1473 1714 1512 Venimus
1744 1473 1846 1522 cet]
1877 1474 1964 1512 Ar-

1076 1535 1248 1574 tissime
1286 1535 1399 1573 haec
1439 1544 1542 1573 cum
1584 1534 1961 1585 praecedentibus

1079 1599 1337 1637 cohaerent.
1389 1598 1482 1636 Hoc
1514 1597 1633 1636 enim
1673 1596 1797 1637 dicit:
1847 1597 1963 1636 «Eo-

1078 1659 1183 1699 dem
1212 1670 1399 1710 prorsus
1430 1659 1549 1707 iure,
1594 1658 1639 1698 id
1679 1660 1768 1708 est,
1818 1670 1961 1710 aeque

1077 1721 1298 1770 absurde,
1374 1720 1647 1761 contendere
1718 1731 1961 1772 possumus

1077 1795 1158 1824 nos
1197 1785 1239 1823 in
1271 1783 1478 1823 omnibus
1518 1783 1655 1824 rebus
1693 1784 1861 1835 primas
1892 1785 1962 1823 te-

1077 1857 1184 1885 nere
1225 1845 1417 1896 ideoque
1457 1844 1625 1884 nullum
1670 1855 1960 1897 progressum

1077 1909 1224 1948 facere
1265 1919 1423 1959 posse,
1473 1918 1560 1947 non
1601 1906 1746 1948 solum
1784 1908 1828 1946 in
1865 1908 1960 1947 arte

1076 1970 1276 2019 militari,
1320 1970 1400 2011 sed
1433 1970 1566 2009 etiam
1604 1971 1647 2009 in
1679 1970 1729 2010 iis
1760 1969 1954 2017 artibus,

1077 2043 1211 2083 quas,
1255 2033 1511 2083 quicunque
1545 2042 1707 2072 caecus
1745 2043 1833 2071 non
1875 2034 1955 2079 est,

1075 2094 1228 2133 scitius
1280 2105 1304 2133 a
1354 2094 1535 2133 Graecis
1585 2092 1689 2132 olim
1738 2093 1958 2132 exercitas

1076 2167 1174 2196 esse
1192 2157 1326 2206 atque
1344 2167 1398 2194 ex
1419 2156 1544 2206 parte
1562 2155 1817 2194 etiamnunc
1834 2165 1961 2193 exer-

1075 2217 1165 2256 ceri
1213 2216 1416 2256 fatetur.»
1481 2216 1798 2266 Interrogative
1844 2215 1958 2255 haec

1075 2279 1191 2319 dicta
1225 2290 1324 2319 esse
1355 2280 1559 2330 opinatus
1589 2279 1657 2318 est
1694 2276 1956 2318 Doederlei-

1075 2343 1196 2388 nius;
1229 2341 1309 2381 sed
1340 2341 1383 2380 in
1414 2340 1546 2379 totius
1569 2339 1791 2379 clausulae
1813 2339 1956 2379 forma

1076 2403 1178 2444 nihil
1209 2405 1348 2451 inest,
1397 2402 1518 2453 quod
1561 2402 1957 2452 interrogationem

1073 2466 1255 2520 prodat;
1300 2467 1437 2505 immo
1467 2464 1702 2504 manifesto
1733 2465 1802 2503 est
1831 2463 1956 2504 festi-

1074 2541 1128 2569 va
1167 2529 1403 2585 εἰρωνεία,
1452 2527 1630 2567 Horatio
1671 2526 1951 2576 dignissima,

1074 2603 1209 2643 quam
1254 2589 1610 2640 interrogationis
1648 2589 1772 2638 signo
1812 2587 1956 2628 incul-

1075 2656 1173 2694 cato
1206 2652 1400 2693 tolleres.
1428 2673 1471 2679 —
1507 2652 1563 2690 ad
1591 2660 1798 2689 summum
1816 2650 1957 2700 fortu-

1072 2716 1165 2767 nae]
1189 2716 1336 2766 Eurip.
1361 2715 1428 2753 Fr.
1455 2714 1595 2763 Antig.
1621 2711 1686 2751 43.
1711 2711 1859 2754 Dind.:
1885 2710 1953 2753 ἐπ’

1072 2772 1227 2835 ἄκραν
1270 2770 1454 2829 ἥκομεν
1501 2770 1730 2832 γραμμὴν
1774 2771 1953 2813 κακῶν.

1077 2864 1121 2869 -
1154 2839 1328 2890 Achivis]
1361 2836 1574 2878 Traianus
1607 2836 1664 2876 ad
1700 2835 1808 2876 Plin.
1839 2837 1950 2888 Epp.

1074 2902 1146 2950 40,
1181 2901 1256 2942 49:
1305 2900 1544 2949 Gymnasiis
1571 2898 1786 2950 indulyent
1818 2899 1955 2938 Grae-

1071 2965 1167 3004 culi.
1219 2987 1263 2992 —-
1311 2961 1488 3013 doctius]
1527 2961 1675 3001 Lectio
1711 2961 1853 3014 scitius
1887 2962 1956 3000 est

1071 3025 1141 3066 vel
1183 3037 1237 3066 ex
1285 3024 1553 3075 glossemate
1602 3023 1833 3073 ceteroqui
1880 3032 1954 3062 re-

1074 3090 1169 3137 cto,
1211 3086 1278 3127 vel
1310 3098 1363 3126 ex
1393 3086 1637 3126 memoriae
1669 3096 1842 3133 errore3
1883 3085 1954 3123 at-

1074 3161 1161 3200 que
1202 3150 1285 3201 ipsi
1329 3148 1546 3198 Eutychio
1579 3159 1602 3187 e
1632 3148 1828 3197 vestigiis
1866 3147 1952 3185 Co-

1074 3213 1182 3252 dicis
1220 3210 1514 3262 antiquissimi
1552 3209 1651 3248 adv.
1685 3209 1843 3247 doctius
1878 3217 1952 3245 re-

1074 3274 1212 3314 stituit
1241 3272 1571 3312 Lindemannus
1600 3282 1644 3321 p.
1680 3269 1772 3309 486.
1801 3291 1845 3295 —
1868 3279 1952 3306 un-

1073 3336 1160 3386 ctis]
1190 3335 1346 3375 Graeci
1377 3344 1479 3374 cum
1514 3331 1693 3372 assidue
1724 3331 1766 3369 in
1797 3328 1950 3380 palae-

1075 3399 1188 3437 stras
1244 3406 1347 3436 suas
1406 3393 1680 3434 descendere
1730 3389 1947 3439 solerent,

1074 3457 1333 3508 frequenter
1363 3455 1460 3496 oleo
1489 3453 1782 3505 ungebantur.
