2231 3787
718 766 782 850 Q.
831 763 1151 840 HORATH
1196 763 1464 839 FLACCI

514 957 1683 1104 SATIRARUM

846 1216 1043 1269 LIBER
1082 1216 1344 1271 PRIMUS.

858 1523 1215 1573 sAmmA
1265 1524 1324 1572 1.

240 1644 343 1710 Qui
384 1644 467 1707 fit,
511 1644 826 1705 Maecenas,
870 1650 929 1695 ut
967 1659 1155 1705 nemo,
1198 1658 1364 1712 quam
1403 1640 1504 1695 sibi
1545 1649 1745 1695 sortem

242 1749 351 1802 Seu
391 1747 527 1801 ratio
569 1745 782 1800 dederit
821 1762 920 1799 seu
963 1744 1071 1798 sors
1111 1743 1401 1799 obiecerit,
1447 1743 1535 1798 illa

311 1948 322 1963 ‹
362 1956 369 1963 .
429 1956 435 1963 .
496 1924 536 1963 2.

224 1925 419 2038 piggierl
438 1986 573 2026 Feam
606 1987 650 2026 et
680 1985 971 2028 Pottierium).

579 1923 668 1962 ulla
697 1923 725 1962 S
755 1923 801 1962 et
831 1922 1043 1973 quattuor
1085 1920 1279 1960 Pottierii
1323 1920 1424 1970 (non
1466 1918 1622 1972 Bbcdp
1664 1931 1812 1972 neque
1854 1920 1966 1960 Edd.

223 2147 254 2184 1.
317 2145 489 2185 Festive
521 2143 816 2196 reprehendit
843 2145 979 2195 po'e'ta
1009 2144 1065 2182 ri-
1126 2143 1184 2183 ad
1236 2143 1543 2184 Maecenatem
1599 2143 1815 2194 scriptam
1861 2142 2023 2182 ceteris

170 2206 362 2247 diculam
395 2207 513 2248 illam
542 2208 908 2264 μεμψιμοιρίαν
930 2209 975 2246 ct
996 2207 1065 2246 in-

171 2271 484 2317 constantiam,
515 2281 603 2320 qua
624 2269 829 2321 plerique
851 2268 1064 2320 aequales

172 2331 267 2370 eius
297 2329 585 2379 laborabant,
624 2333 908 2370 coniunctam
941 2342 1066 2370 sem—

169 2403 252 2444 per
283 2403 386 2432 cum
408 2394 499 2432 acri
522 2393 565 2432 in
588 2404 665 2433 eos
687 2392 864 2440 invidia,
900 2391 1064 2443 quibus

171 2466 225 2495 ex
254 2453 431 2495 illorum
453 2455 660 2507 opimone
681 2454 842 2495 melior
862 2466 959 2495 sors
981 2454 1066 2494 ob-

171 2517 342 2568 tigerat.
405 2518 543 2558 Huius
578 2519 730 2558 autem
752 2517 921 2566 morbi,
956 2528 1063 2557 sane

170 2579 240 2621 vel
286 2581 469 2620 maximi
512 2582 631 2621 vitae
670 2580 831 2620 beatae
873 2580 1067 2632 impedi-

170 2644 332 2692 menti,
391 2645 685 2695 praecipuam
726 2654 910 2684 causam
948 2644 1065 2683 hanc

173 2716 271 2746 esse
315 2705 444 2755 dicit,
497 2707 619 2758 quod
665 2707 824 2757 insigni
867 2706 1064 2757 quadam

171 2767 351 2808 stultitia
382 2769 556 2820 abrepti
586 2767 797 2821 permulti
822 2770 963 2808 totam
983 2779 1066 2820 per

170 2831 307 2871 vitam
346 2831 451 2871 nihil
489 2831 609 2871 aliud
649 2833 807 2882 agant,
846 2842 982 2882 quam
1018 2833 1067 2871 ut

171 2904 441 2945 quocunque
473 2894 609 2934 modo
640 2895 881 2946 pecuniam
912 2905 1067 2933 corra-

171 2956 305 3004 dant,
358 2957 619 3008 conquisitis
649 2959 801 2995 tamen
831 2967 1064 3007 nunquam

173 3018 395 3065 fruantur,
446 3018 553 3058 illud
607 3019 819 3058 nimirum
867 3019 1062 3068 causati,

172 3091 220 3120 se
250 3079 454 3131 placidae
486 3082 731 3121 senectutis
764 3081 901 3132 quieti
929 3092 1063 3130 nunc,

174 3153 277 3182 cum
308 3144 487 3193 tempus
518 3143 587 3191 sit,
610 3144 889 3194 prospicere.
942 3144 1066 3184 Mae-

175 3205 319 3243 cenati
361 3206 512 3244 autem
544 3204 660 3244 hanc
691 3206 875 3245 satiram
905 3205 1069 3246 inscri-

175 3264 289 3306 bens
325 3265 395 3306 vel
431 3266 517 3306 hoc
548 3267 645 3317 ipso
677 3266 959 3307 demonstrat
989 3278 1067 3318 po-

174 3329 346 3368 tentem
403 3330 600 3369 amicum
657 3326 786 3378 longe
840 3331 1068 3369 remotum

179 3400 280 3429 esse
311 3402 335 3429 a
365 3392 494 3440 vitio,
535 3390 655 3442 quod
686 3392 779 3430 tam
809 3391 972 3431 acriter
1002 3393 1070 3431 in-

180 3453 390 3493 sectatur.
443 3454 571 3494 Haud
601 3451 850 3493 inconsulto
882 3454 1069 3494 Satiram

276 3529 428 3566 Honss.
458 3540 550 3567 von.
580 3530 624 3565 H.
679 3540 742 3565 Et).
774 3538 858 3565 MAI.
895 3529 954 3565 ΙΙΙ.

1124 2206 1381 2258 praemisit,
1414 2208 1464 2245 ut
1493 2205 1700 2257 Epodum
1731 2207 1788 2256 4.,
1826 2205 2022 2245 Carmen

1128 2270 1166 2308 4.
1200 2268 1317 2308 Libri
1349 2270 1381 2308 Ι.
1417 2270 1461 2308 et
1490 2267 1735 2319 Epistolam
1768 2270 1806 2309 11.
1840 2268 1962 2308 Libri
1984 2269 2020 2307 I.

1127 2330 1277 2369 eidem
1308 2330 1469 2368 fautori
1500 2330 1742 2380 inscripsit.

1209 2392 1398 2441 Propter
1436 2391 1649 2431 transitus
1681 2390 1854 2442 aliquos
1886 2391 2027 2432 abru-

1126 2453 1295 2505 ptiores
1326 2464 1379 2493 ac
1409 2454 1557 2494 minus
1580 2453 1769 2494 fortasse
1793 2466 1930 2506 quam
1952 2455 2027 2495 ali-

1127 2515 1173 2554 bi
1205 2514 1362 2555 callida
1392 2516 1600 2555 iunctura
1631 2515 1878 2558 occultatos
1927 2518 2020 2569 (cfr.

1126 2589 1198 2618 vv.
1244 2577 1310 2617 ⁴3.
1353 2577 1421 2618 23.
1457 2578 1567 2629 408.)
1602 2580 1647 2619 et
1675 2582 1861 2631 propter
1891 2581 2025 2620 totius

1129 2641 1350 2681 sermonis
1397 2642 1566 2681 exitum
1613 2642 1667 2693 (v.
1704 2643 1833 2693 420.),
1881 2642 2023 2694 qualis

1128 2714 1274 2755 aequo
1315 2704 1411 2743 iure
1452 2703 1635 2744 cuilibet
1673 2704 1804 2745 huius
1845 2707 2022 2756 generis

1128 2766 1476 2818 scriptiunculae
1508 2768 1630 2807 assui
1660 2769 1855 2819 poterat,
1909 2780 2025 2809 non—

1127 2828 1233 2869 nulli
1262 2830 1380 2869 hanc
1410 2830 1594 2870 satiram
1624 2831 1740 2870 inter
1770 2832 1915 2882 prima
1937 2833 2025 2871 Lu—

1129 2892 1279 2933 cilium
1340 2894 1384 2932 et
1436 2893 1639 2933 imitandi
1687 2895 1731 2933 et
1781 2894 2025 2946 superandi

1129 2956 1438 3007 experimenta
1479 2955 1535 2995 ab
1575 2956 1756 2996 Horatio
1803 2956 1919 2996 facta
1949 2969 2025 2996 re—

1127 3017 1360 3057 ferendam
1392 3029 1493 3058 esse
1525 3019 1814 3057 censuerunt.
1848 3019 2023 3059 Primus

1127 3081 1280 3119 autem
1312 3090 1469 3128 annus,
1503 3091 1592 3131 quo
1624 3081 1833 3132 componi
1863 3081 2019 3131 potuit,

1127 3142 1209 3182 fuit
1251 3153 1296 3181 u.
1346 3153 1384 3181 c.
1432 3142 1551 3190 746.;
1603 3141 1808 3194 plerique
1841 3144 2021 3191 tamen,

1129 3205 1266 3244 etiam
1314 3204 1555 3244 Grotesend
1599 3204 1822 3256 (Schriftst.
1866 3205 2017 3255 Laufb.

1128 3268 1197 3307 des
1214 3267 1402 3320 Horat),
1427 3267 1628 3307 referunt
1649 3268 1706 3308 ad
1728 3279 1766 3308 a.
1791 3280 1834 3307 u.
1859 3279 1897 3307 c.
1923 3268 2017 3306 719,

1186 3330 1202 3368 4
1245 3354 1288 3358 —
1323 3330 1362 3370 3.
1398 3329 1570 3370 Similes
1592 3331 1695 3370 sunt
1715 3330 1818 3369 huic
1836 3328 2020 3368 exordio

1129 3390 1213 3431 loci
1244 3392 1421 3432 Maximi
1442 3393 1557 3443 Tyrii
1581 3393 1693 3432 Diss.
1721 3393 1789 3440 ΞΜ,
1816 3394 1853 3431 4.
1879 3393 1923 3431 et
1944 3392 2019 3431 Him

1129 3454 1256 3494 merii
1279 3453 1367 3494 Ecl.
1388 3456 1456 3494 ⁶20.
1482 3466 1523 3506 p.
1543 3455 1638 3493 27¹2.
1660 3455 1748 3501 W.,
1770 3465 1882 3505 quos
1903 3464 2022 3493 coni-

1716 3531 1728 3565 l
