2231 3787
860 247 955 285 Lm.
991 247 1021 285 1.
1084 246 1194 285 sAT.
1230 245 1336 285 viu.
1924 243 2016 294 lli-3

263 380 464 440 Lanea,
507 395 647 449 quae
687 377 876 448 poenis
916 384 1289 447 compesceret
1330 376 1661 438 inferiorem,

263 481 433 534 Cerea
473 479 786 551 suppliciter
826 478 1028 539 stabat,
1076 477 1362 532 servilibus
1403 485 1457 530 ut
1495 494 1636 548 quae

263 584 373 635 lam
410 583 649 653 peritura
687 580 876 634 modis

954 581 1191 634 Hecaten
1229 587 1385 632 vocat
1424 579 1613 638 altera,
1656 595 1873 632 saevam

263 683 439 737 Altera
479 682 827 754 Tisiphonen3
870 690 1150 753 serpentes
1194 690 1355 751 atque
1393 680 1609 734 videres

261 785 497 839 Infernas
536 802 719 839 errare
763 802 925 839 canes
965 786 1279 854 Lunamque
1320 783 1628 842 rubentem,
1947 785 2012 836 325

300 1006 366 1045 32.
413 1007 654 1056 simpliciter
699 1006 772 1057 dp.
815 1030 857 1034 —
906 1010 1033 1055 utque
1064 1007 1196 1054 c,LCt
1228 1006 1327 1056 (non
1358 1004 1495 1056 bSdp,
1528 1001 1612 1056 νξ).
1651 1028 1694 1033 -
1728 1005 1793 1045 33.
1828 1006 1961 1045 altera

245 1079 436 1118 saevam,
467 1070 611 1109 Altera
642 1069 916 1119 distinguunt
944 1066 1135 1117 Wetzel,
1171 1068 1349 1107 Pottier.
1387 1091 1429 1095 —
1465 1067 1530 1108 34.
1575 1068 1830 1118 Tisiphonem
1861 1070 1903 1108 L.

191 1245 307 1275 esse.
330 1255 384 1262 --
404 1235 545 1273 Taceo
577 1232 702 1272 lanae
735 1233 777 1271 in
808 1231 994 1282 nuptiis,
1028 1231 1070 1269 in

189 1296 420 1336 flaminum
449 1294 599 1347 pileis,
646 1296 690 1334 in
727 1294 973 1333 hostiarum
1004 1293 1072 1332 in·-

190 1358 316 1408 funs,
363 1359 405 1397 in
442 1357 682 1410 sepulcris,
729 1357 773 1396 in
812 1356 1072 1407 expiationi-

188 1422 274 1462 bus
294 1432 470 1462 usum.»
501 1421 709 1460 Tonnnxr.
734 1420 803 1459 Sic
824 1420 866 1459 h.
892 1417 918 1458 l.
943 1417 1070 1458 lanea

189 1487 332 1536 imago
371 1495 422 1523 ac
465 1485 704 1536 propterea
751 1481 933 1523 Canidia
976 1482 1070 1532 ipsa

188 1547 327 1588 libera
376 1546 589 1587 manebat
642 1545 697 1585 ab
749 1546 870 1585 omni
922 1543 1067 1592 malo,

190 1610 309 1662 quod
354 1609 436 1649 alia
479 1620 584 1660 saga
625 1609 879 1649 adversaria
922 1608 959 1647 ei
1004 1608 1072 1646 in-

189 1674 361 1713 tentare
391 1674 578 1724 poterat.
621 1671 717 1711 Vid.
743 1672 922 1711 omnino
944 1671 1074 1710 Hein—

189 1737 304 1777 sium
347 1735 405 1775 ad
449 1734 571 1774 Ovid.
605 1736 755 1774 Amor.
798 1734 848 1783 3,
894 1734 940 1782 7,
988 1734 1068 1772 ⁶29:

189 1800 356 1851 Sayave
391 1798 595 1848 poenicea
633 1797 778 1848 deflevit
807 1796 982 1835 nomina
1010 1807 1074 1835 ce-

187 1862 279 1903 ra?
318 1883 362 1890 -
406 1860 623 1902 servilibus
651 1882 674 1888 -
700 1883 724 1889 -
747 1860 944 1909 peritura
981 1870 1074 1898 mo-

189 1925 264 1978 dis]
287 1923 624 1965 «miserabiliter
657 1923 895 1974 peritura»,
928 1920 1073 1972 lique-

190 1989 285 2030 fieri
317 1989 434 2028 enim
467 1986 677 2027 debebat.
739 1985 857 2036 Virg.
898 1983 987 2025 Ecl.
1021 1985 1070 2034 8,

190 2053 263 2093 80:
315 2052 457 2091 Limus
493 2054 539 2090 ut
581 2050 645 2089 hic
682 2049 861 2088 durescit
900 2051 937 2087 et
974 2047 1074 2086 haec

188 2119 235 2155 ut
273 2125 372 2155 cera
410 2113 597 2163 liquescit
636 2113 720 2152 cet.
785 2111 1070 2150 Torrentius:

192 2176 381 2228 «Lepide
413 2175 619 2216 Horatius
659 2176 891 2225 tamquam
928 2170 1075 2212 servili

192 2239 406 2292 supplicio
427 2237 541 2278 affici
576 2237 679 2287 (Liv,
702 2236 770 2285 24,
796 2235 861 2276 44.
895 2235 963 2285 29,
989 2234 1072 2285 48.)

192 2302 251 2341 ait
282 2311 402 2349 eam,
450 2311 565 2350 quae
596 2300 731 2338 nimio
765 2297 864 2350 plus
893 2301 1074 2350 patere-

193 2367 279 2403 tur.
339 2364 451 2402 Nam
480 2364 524 2401 in
553 2371 707 2402 servos
730 2372 818 2400 non
842 2361 976 2400 modo
1000 2360 1077 2399 do-

193 2426 419 2466 minorum
459 2423 540 2464 sed
577 2424 621 2463 et
659 2422 808 2474 legum
838 2424 938 2462 nota
971 2421 1075 2462 olim

193 2488 401 2528 atrocitas
431 2486 488 2526 ob
520 2486 791 2526 condicionis
817 2484 1072 2525 vilitatem.»

195 2550 318 2591 Conf.
352 2550 441 2589 Liv,
467 2549 542 2598 32,
575 2548 656 2589 38:
694 2549 737 2588 in
767 2548 955 2588 servilem
983 2559 1076 2587 mo—

194 2615 292 2654 dum
335 2613 510 2653 lacerati
553 2615 678 2661 atque
721 2611 888 2651 extorti.
963 2609 1072 2659 Alii,

192 2679 241 2717 ut
267 2677 405 2725 Jahn,
439 2675 712 2725 distinguunt
733 2686 739 2712 :
774 2674 901 2715 Cerea
922 2674 1078 2724 suppli-

193 2741 295 2780 citer
321 2739 458 2779 stabat
495 2737 733 2787 servilibus,
773 2741 819 2776 ut
849 2748 956 2787 quae
985 2738 1077 2776 Iam

188 2805 402 2855 peritura,
435 2803 591 2850 modi33
625 2801 706 2842 sed
738 2800 886 2841 obstat
913 2801 1076 2852 partim

194 2865 401 2906 versiculi
420 2875 627 2913 caesura,
651 2864 814 2916 partim
834 2863 974 2904 verbo
995 2867 1080 2903 stae

196 2928 266 2968 bat
300 2927 462 2969 sufficit
496 2937 637 2967 unum
665 2926 890 2967 ἐπίθετον
918 2926 1079 2977 suppli-

195 2992 310 3031 citer.
360 2989 427 3030 Ad
455 2989 582 3029 verbi
613 2988 785 3041 ellipsin
817 2989 893 3029 cfr.
919 2990 1005 3029 Sat.
1032 2989 1076 3037 4,

199 3056 245 3103 l,
277 3053 345 3093 23.
379 3053 490 3101 etl,
516 3052 563 3101 3,
597 3052 636 3091 9.
665 3051 925 3103 ——Hecaten]
946 3052 1075 3091 Hom

196 3117 360 3167 Hymn.
395 3115 439 3154 in
471 3115 571 3154 Cer.
605 3113 678 3154 24:
716 3113 962 3172 Περσαίου
996 3113 1080 3165 (Ti-

197 3179 324 3229 tanis)
384 3173 600 3234 θυγάτηρ
642 3170 798 3216 ἀταλὰ
841 3188 992 3234 φρονε
971 3176 1081 3216 ἐου-

200 3255 265 3282 σα
293 3264 315 3270 -
345 3265 369 3272 -
396 3235 574 3292 Εκάτη
620 3237 1078 3316 λιπαροκοήδεμνος.

199 3316 242 3345 v,
289 3303 386 3344 439:
432 3298 599 3342 Πολλὰ
643 3299 681 3340 δ’
727 3297 804 3359 αρ’
850 3296 1082 3355 ἀμφαγά-

199 3378 324 3436 3πησε
371 3362 522 3423 κόρην
570 3362 766 3417 Δημήτε
748 3375 854 3421 ερος
911 3359 1079 3417 ἁγνήν·

199 3423 279 3468 Εκ
308 3426 392 3469 τοῦ
431 3428 481 3468 οἱ
516 3424 761 3486 πρόπολος
795 3426 878 3466 καὶ
917 3421 1083 3466 ὀπάων

204 3486 353 3531 ἑπλετ
375 3485 584 3530 ἀνασσα.
647 3490 715 3529 Sic
745 3488 958 3541 paulatim
981 3499 1083 3529 cum

1137 1231 1326 1279 Cerere,
1360 1231 1621 1282 Proserpina
1654 1232 1849 1282 itemque
1883 1234 2017 1273 Diana

1135 1304 1170 1333 s.
1221 1294 1341 1332 Luna
1385 1294 1427 1333 in
1472 1295 1830 1334 coniunctionem
1881 1297 2014 1335 venit.

1137 1357 1317 1397 Comice
1350 1357 1445 1396 eius
1484 1356 1673 1396 formam
1710 1358 1768 1396 ita
1806 1357 2017 1398 describit

1135 1420 1352 1458 Lucianus
1374 1417 1566 1470 Philops.
1591 1420 1671 1459 02:
1705 1425 1910 1473 γυναῖκα
1931 1434 2020 1470 φο-

1133 1479 1191 1529 βε
1194 1478 1305 1538 adv,
1356 1475 1700 1532 ἡμισταδιαίαν
1743 1495 1830 1530 σ7ε
1818 1479 1920 1522 δὸν
1962 1479 2018 1522 τὸ

1135 1519 1293 1595 ὕψος·
1339 1539 1439 1592 εἶχε
1482 1541 1533 1584 δὲ
1576 1544 1663 1585 aaz
1706 1542 1828 1584 &aaa
1872 1546 1922 1585 ἐν
1962 1558 2016 1603 τη

1135 1600 1361 1678 aptarem}
1397 1607 1480 1646 και
1524 1603 1667 1658 ξίφος
1704 1607 1754 1648 ἐν
1784 1605 1840 1665 τῇ
1886 1593 2018 1663 δεξιᾶ

1137 1662 1258 1709 όσον
1302 1666 1635 1722 εἰκοσάτηχυ,
1686 1671 1768 1710 καὶ
1820 1666 1878 1710 τὰ
1926 1669 2018 1721 μὲν

1134 1726 1208 1771 ἷξεν
1196 1731 1326 1789 οθεν
1357 1727 1601 1782 ὀφιόπους
1631 1725 1717 1785 ἦν,
1750 1729 1806 1772 τὰ
1837 1731 1888 1773 δὲ
1917 1728 2018 1773 ἄνω

1136 1790 1339 1852 Γοργόνι
1368 1791 1596 1851 ἑμφερης.
1659 1796 1762 1835 Eius
1793 1796 1938 1846 imago
1976 1797 2019 1835 in

1135 1869 1243 1898 vase
1287 1859 1406 1910 picto
1448 1860 1516 1898 est
1560 1858 1678 1910 apud
1721 1856 1939 1909 Millingen
1968 1859 2016 1898 A.

1136 1922 1250 1961 Mon.
1284 1922 1315 1960 Ι.
1350 1922 1395 1960 Τ.
1430 1921 1496 1960 46.
1534 1942 1579 1948 —-
1612 1932 1818 1960 saevam-
1840 1922 2021 1971 Tisipho-

1136 1985 1242 2036 nen]
1275 1983 1456 2032 suriam,
1503 1986 1551 2023 ut
1571 1983 1722 2024 Alecto
1745 1987 1788 2024 et
1816 1986 2019 2036 Megaera

1138 2048 1272 2099 Orph.
1308 2048 1470 2097 Hymn.
1496 2046 1563 2086 69.
1616 2047 1754 2086 Saeva
1775 2050 1923 2087 autem
1946 2059 2021 2087 vo-

1138 2111 1277 2158 catur,
1302 2111 1351 2148 ut
1371 2110 1499 2148 Hom.
1525 2108 1683 2160 Odyss.
1710 2121 1760 2159 0,
1795 2109 1896 2151 G234:
1930 2107 2021 2150 θεὰ

1137 2169 1401 2224 δασπλῆτις
1418 2166 1617 2228 Ἐρινύς.
1644 2194 1691 2200 -
1715 2173 1933 2223 Serpentes
1952 2178 2021 2213 at-

1143 2246 1221 2285 que
1252 2235 1353 2287 cet]
1396 2234 1512 2274 Ordo
1557 2235 1628 2274 hic
1673 2237 1759 2275 est:
1806 2236 2023 2286 Serpentes

1138 2303 1263 2348 atque
1300 2298 1488 2348 infernas
1517 2308 1642 2337 canes
1671 2309 1818 2338 errare
1844 2299 2018 2338 videres.

1139 2359 1427 2411 Hyperbaton
1459 2360 1605 2410 ipsum
1628 2360 1834 2410 exprimit
1862 2361 2021 2400 horum

1139 2417 1504 2473 φαντασμάτων
1536 2420 1780 2461 terribilem
1804 2422 2022 2462 confusio-

1140 2495 1258 2524 nem.
1304 2507 1348 2512 —
1387 2484 1770 2535 Infernas-canes]
1816 2485 2017 2535 StygIas,

1140 2549 1332 2588 Hecatae
1364 2547 1562 2586 comites.
1625 2545 1824 2597 Apollon.
1858 2547 1936 2586 Rh.
1971 2548 2017 2595 3,

1141 2610 1276 2650 42⁴6:
1332 2603 1462 2661 ἀμφὶ
1509 2607 1559 2649 δὲ
1608 2606 1697 2661 τήν
1750 2621 1802 2662 γε
1854 2610 2021 2660 (Heca-

1139 2673 1236 2723 ten)
1283 2668 1434 2730 Ὀξεὶῃ
1485 2667 1637 2729 ὑλακῇ
1690 2669 1884 2720 χθόνιοι
1935 2670 2022 2713 κύ-

1139 2748 1216 2786 νες
1259 2735 1597 2789 ἐφθέγγοντο·
1661 2735 1778 2786 Virg.
1825 2737 1932 2775 Aen.
1974 2734 2051 2783 6‚'

1139 2800 1246 2838 257:
1279 2799 1474 2848 visaeque
1503 2808 1626 2837 canes
1646 2797 1811 2837 ululare
1834 2809 1915 2847 per
1933 2809 2024 2837 um-

1139 2861 1260 2900 bram
1305 2860 1560 2900 Adventante
1609 2861 1699 2899 dea.
1775 2862 2020 2911 Perperani

1143 2925 1316 2964 Comm.
1351 2924 1483 2974 Cruq.
1527 2923 1864 2974 interpretatur:
1914 2923 2024 2962 «Fu-

1139 2990 1251 3036 rias,
1299 2997 1413 3038 quae
1456 2988 1559 3026 sunt
1599 2996 1733 3025 canes
1767 2986 2020 3036 (ministrae)

1140 3051 1254 3090 Iovis
1284 3048 1551 3089 infernalis.»
1583 3069 1625 3076 —
1660 3049 1905 3096 Lunamque
1943 3060 2019 3087 ru—

1142 3112 1313 3164 bentem]
1339 3113 1523 3152 «Facete
1546 3111 1776 3160 Horatius,
1811 3112 1857 3150 ut
1878 3112 2026 3150 osten-

1144 3176 1272 3215 deret
1303 3175 1531 3215 Canidiam
1570 3175 1771 3225 peiorem
1802 3175 1845 3213 et
1884 3173 2023 3223 magis

1145 3237 1491 3279 abominabilem
1526 3225 1716 3277 'ceteris
1780 3235 2018 3281 veneficis,

1145 3300 1308 3352 quibus
1347 3299 1452 3340 alias
1491 3299 1651 3338 adesse
1690 3296 1833 3338 solent
1875 3298 2018 3343 Luna,

1145 3364 1306 3412 Diana,
1345 3363 1487 3402 Trivia
1518 3363 1610 3401 sive
1642 3368 1909 3411 quocunque
1941 3368 2024 3396 no-

1146 3426 1265 3466 mine
1309 3426 1494 3464 vocatur
1535 3424 1622 3463 hoc
1664 3431 1855 3468 numen,
1902 3419 2025 3470 fingit

1146 3489 1389 3536 Luna-mque
1416 3486 1629 3527 rubentem
1650 3484 1762 3524 cet.»
1794 3482 2024 3521 D'Onvlttn
