2231 3787
319 275 420 326 6:38

916 269 1128 309 llORATll
1160 266 1525 307 EPISTOLARUM

390 408 497 458 Nec
539 403 707 473 magis
750 399 992 471 expressi
1032 396 1205 450 voltus
1244 413 1342 466 per
1381 401 1550 447 aenea
1589 393 1763 463 signa,

392 510 564 572 Quam
604 522 701 575 per
738 502 872 556 vatis
916 518 1053 571 opus
1092 515 1272 551 mores
1312 494 1585 565 animique
1626 493 1864 546 virorum

396 609 674 663 Clarorum
713 610 988 675 apparent.

1064 601 1174 652 Nec
1213 613 1493 650 sermones
1533 613 1633 666 ego
1672 594 1887 648 mallem

2043 594 2145 644 ⁶250

394 714 661 781 Repentes
703 723 800 776 per
839 704 1061 756 humum
1100 716 1264 772 quam
1303 716 1390 752 res
1431 714 1758 768 componere
1799 704 2003 767 gestaS,

395 814 788 878 Terrarumque
828 805 961 858 situs
1000 811 1052 857 et
1091 800 1312 855 flumina
1350 799 1533 854 dicere
1575 807 1627 853 et
1665 815 1820 852 arces

397 911 663 965 Montibus
703 906 981 978 impositas
1021 914 1073 957 et
1111 902 1343 957 barbara
1382 918 1548 972 regna
1585 901 1802 970 tuisque

398 1011 664 1083 Auspiciis
703 1017 873 1062 totum
911 1006 1154 1060 confecta
1193 1002 1372 1057 duella
1409 1020 1508 1074 per
1547 1001 1735 1055 orbem

402 1115 755 1182 Claustraque
796 1107 1078 1162 custodem
1116 1106 1266 1177 pacis
1305 1103 1611 1158 cohibentia
1649 1105 1834 1156 lanum

438 1255 534 1296 248.
566 1255 659 1294 Non
688 1252 827 1304 maqis
857 1248 1228 1300 Guelferbytanus
1261 1246 1485 1286 Schmidii.
1524 1270 1568 1274 —
1602 1247 1760 1287 ahenea
1789 1258 1823 1286 s.

332 1385 434 1423 isse.
483 1382 595 1420 Sane
616 1378 763 1417 minus
784 1376 1032 1415 amicorum
1053 1373 1215 1425 pudori
1276 1376 1463 1423 repentes
1500 1383 1580 1422 per
1620 1372 1814 1420 humum,
1861 1372 2015 1413 humili
2058 1373 2156 1414 stilo

333 1441 649 1489 consuluisset,
683 1441 719 1479 si
750 1439 805 1479 de
827 1439 939 1478 vivis
969 1437 1055 1476 hoc
1086 1435 1216 1476 dixis-

333 1510 423 1554 set;
460 1503 778 1544 convenienter
808 1501 963 1540 contra
990 1508 1217 1537 memora-

332 1571 395 1609 vit
423 1566 642 1608 beneficia
672 1565 715 1603 in
747 1564 949 1603 mortuos
980 1559 1036 1599 ab
1065 1561 1218 1609 Augu-

334 1634 401 1672 sto
446 1628 672 1670 collocata.
730 1628 884 1676 Neque
929 1633 1038 1662 vero
1083 1632 1217 1660 orna-

336 1694 486 1733 menta
528 1689 599 1729 illa
644 1700 696 1728 ac
740 1687 905 1726 lumina
945 1683 1084 1725 seculi
1124 1684 1215 1731 sui,

336 1766 451 1807 quae
501 1753 757 1793 nominasse
805 1747 1077 1795 sufficiebat,
1126 1746 1219 1786 aliis

337 1820 519 1867 insuper
555 1813 760 1853 laudibus
808 1810 1089 1860 indigebant,
1136 1818 1221 1847 nec

338 1883 468 1932 aptus
501 1880 595 1917 erat
624 1875 772 1923 locus,
818 1872 895 1912 ubi
936 1871 1147 1912 desiderii
1178 1872 1222 1910 et

338 1943 483 1984 luctus
515 1940 569 1979 de
594 1947 750 1978 eorum
770 1937 1056 1987 praematura
1076 1935 1220 1973 morte

340 2002 707 2055 significationem
737 1998 919 2038 faceret.
970 1996 1032 2036 Cf.
1069 1997 1154 2035 Sat.
1181 1996 1219 2045 4,

341 2070 391 2115 5,
415 2066 482 2106 40.
510 2087 554 2092 -
587 2064 671 2102 Nec
695 2061 832 2111 maqis
853 2059 956 2110 cet]
990 2058 1054 2099 Cf.
1077 2058 1156 2098 Od.
1180 2057 1219 2107 4,

342 2130 387 2177 8,
422 2127 472 2166 43
495 2136 594 2176 sqq.
639 2124 728 2163 Cic.
759 2133 839 2174 pro
869 2122 999 2160 Arch.
1033 2122 1108 2169 4-2,
1143 2120 1219 2159 30:

341 2192 427 2238 An,
476 2199 571 2228 cum
611 2190 773 2225 statuas
802 2189 839 2224 et
872 2184 1094 2235 imaqines,
1142 2195 1225 2222 non

344 2254 584 2294 animorum
609 2248 861 2298 simulacra,
894 2247 963 2287 sed
981 2257 1222 2296 corporum,

343 2316 520 2356 studiose
561 2311 681 2351 multi
723 2310 874 2349 summi
915 2309 1097 2348 homines
1124 2307 1227 2347 reli-

346 2377 534 2428 querint,
591 2373 860 2413 consiliorum
900 2372 1135 2420 relinquere
1177 2381 1227 2409 ac

345 2442 549 2480 virtutum
568 2440 811 2476 nostrarum
831 2435 1006 2487 effiqiem
1022 2445 1105 2473 non
1123 2433 1230 2472 mul-

347 2508 386 2542 to
428 2500 552 2540 malle
592 2498 801 2547 debemus,
848 2497 1018 2536 summis
1053 2495 1230 2547 ingeniis

347 2573 588 2614 expressam
617 2565 654 2600 et
683 2559 892 2610 politam?
942 2560 1056 2598 «Nec
1087 2558 1227 2608 magis

348 2626 493 2667 voltus
533 2624 839 2675 exprimuntur
875 2623 919 2661 in
949 2622 1105 2661 statuis
1137 2619 1229 2659 cla-

349 2698 503 2729 rorum
540 2686 738 2725 virorum
776 2695 911 2734 quam
941 2684 985 2722 in
1020 2683 1227 2735 poemate

350 2760 502 2791 mores
543 2758 700 2787 eorum
729 2748 862 2797 atque
894 2746 1071 2785 animi.»
1119 2748 1229 2785 Pon-

352 2824 515 2852 purmo.
551 2834 596 2839 —
643 2810 849 2861 expressi]
898 2809 1072 2849 Curtius
1104 2808 1152 2857 3,
1187 2809 1227 2857 7,

354 2876 428 2915 46;
468 2873 696 2913 simulacra
736 2884 789 2911 ea:
827 2883 933 2910 auro
974 2875 1232 2922 argentoque

351 2946 562 2985 expressa.
593 2957 628 2963 —
668 2934 814 2985 aenea]
850 2933 960 2973 Edd.
995 2931 1229 2972 nonnullae

353 2998 523 3038 ahenea.
572 2995 697 3046 Apud
722 2995 947 3045 Virgilium
978 2995 1233 3034 constanter

355 3058 562 3099 scribitur
578 3060 722 3096 ae‘nus.
747 3056 810 3097 Cf.
823 3058 1017 3107 Wagner
1029 3056 1230 3105 Orthogr.

355 3119 515 3171 Vergil.
542 3131 582 3171 p.
598 3119 677 3160 439
690 3130 756 3169 sq.
780 3142 824 3147 —
845 3118 1063 3169 apparent]
1088 3115 1232 3157 «clare

357 3195 404 3224 se
437 3183 785 3221 demonstrant.»
819 3181 881 3220 Cf.
906 3192 948 3219 v.
970 3179 1064 3219 224.

412 3245 491 3284 Ξ50
509 3266 531 3272 -
549 3244 643 3284 256.
690 3241 908 3293 sermones]
956 3243 1144 3282 «satiras
1190 3243 1233 3281 et

360 3305 589 3358 epistolas,
637 3316 751 3356 quae
792 3314 1047 3344 sermonem
1087 3306 1234 3354 quoti-

361 3370 542 3409 dianum
571 3368 810 3408 referunt.»
859 3367 950 3405 Sor.
985 3367 1039 3405 ad
1067 3367 1166 3406 Her.
1191 3367 1230 3415 3,

364 3431 436 3479 43,
460 3430 536 3470 Ξ3ι
571 3432 741 3469 Sermo
772 3433 828 3469 est
852 3429 987 3468 oratio
1006 3430 1180 3468 remissa
1200 3434 1237 3468 et

1280 1434 1556 1486 conscriptos
1587 1434 1706 1475 dicit.
1754 1434 1817 1474 Cf.
1842 1436 1928 1475 Sat.
1952 1436 2000 1486 2,
2025 1436 2064 1485 6,
2090 1437 2155 1476 47.

1280 1500 1450 1538 Rursus
1488 1509 1537 1538 se
1578 1500 1784 1547 excusat,
1832 1509 1911 1538 cur
1940 1510 1965 1539 a
1994 1511 2158 1550 genere

1281 1560 1552 1611 panegyrico
1583 1559 1815 1601 abstineat.
1865 1561 1928 1601 Cf.
1952 1561 2030 1601 Od.
2056 1563 2094 1610 4,
2118 1563 2157 1602 6.

1282 1622 1328 1671 4,
1355 1623 1422 1662 45.
1446 1646 1489 1650 -
1513 1633 1580 1661 res
1598 1633 1841 1672 componere
1859 1625 2011 1674 qestas]
2043 1635 2163 1663 «car-

1282 1686 1400 1724 mine
1433 1684 1558 1736 epico
1587 1683 1655 1723 vel
1685 1685 1956 1736 panegyrico
1977 1697 2052 1726 res
2074 1697 2097 1726 a
2118 1689 2161 1726 te

1284 1750 1432 1798 gestas
1453 1746 1757 1798 praedicare.»
1775 1770 1819 1775 -
1840 1746 2163 1800 Terrarumque]

1285 1821 1337 1849 «a
1367 1812 1409 1849 te
1441 1809 1485 1848 in
1516 1809 1738 1849 dicionem
1759 1811 1999 1850 Romanam
2031 1812 2164 1852 reda-

1285 1874 1502 1912 ctarum.»
1534 1894 1579 1899 —
1613 1883 1732 1911 arces
1758 1873 1966 1912 Montibus
1992 1874 2164 1924 imposi-

1285 1933 1361 1985 tas]
1397 1944 1557 1984 «quae,
1597 1934 1799 1983 quamvis
1829 1934 2055 1977 montibus
2085 1937 2166 1977 im—

1285 1997 1456 2049 positae
1488 1998 1660 2042 essent,
1700 1998 1851 2036 tamen
1881 2007 1903 2035 a
1936 1998 1978 2038 te
2009 2001 2163 2050 captae

1287 2060 1432 2100 sunt.»
1477 2057 1585 2098 Alii:
1634 2056 1848 2098 «castella
1883 2058 1938 2098 ab
1969 2061 2165 2112 Augusto

1289 2122 1478 2171 eiusque
1508 2119 1661 2171 legatis
1693 2122 1917 2160 exstructa
1945 2122 1988 2161 in
2010 2124 2168 2162 monti-

1289 2184 1373 2224 bus
1417 2183 1473 2222 ad
1516 2182 1628 2223 fines
1681 2183 1855 2234 imperii
1896 2185 2164 2233 tutandos;»

1288 2247 1369 2288 sed
1398 2245 1528 2292 illud,
1563 2256 1666 2284 eum
1697 2247 2033 2297 oppugnationis
2061 2248 2168 2288 ima-

1288 2311 1435 2360 ginem
1457 2306 1585 2348 nobis
1607 2310 1707 2347 ante
1730 2307 1881 2348 oculos
1902 2311 2060 2360 ponat,
2088 2311 2169 2350 uti—

1289 2382 1376 2422 que
1408 2367 1792 2428 ποιητικώτερον.
1829 2370 1892 2410 Cf.
1917 2372 1997 2412 Od.
2020 2371 2066 2422 4,
2097 2372 2164 2422 44,

1291 2435 1334 2474 44
1356 2446 1364 2473 :
1398 2445 1516 2473 arces
1542 2433 1711 2483 Alpibus
1738 2434 1965 2483 impositas.
1993 2458 2038 2463 -
2070 2437 2170 2475 tuis-

1291 2508 1369 2546 que
1387 2496 1603 2546 Auspiciis]
1626 2497 1746 2536 Suet.
1772 2496 1864 2536 Oct.
1888 2497 1933 2536 24
1956 2509 1964 2536 :
1996 2499 2169 2538 Domuit

1286 2559 1447 2610 partim
1490 2559 1673 2607 ductu,
1715 2559 1878 2608 partim
1916 2561 2168 2610 auspiciis

1289 2622 1373 2661 suis
1402 2620 1700 2670 Cantabriam,
1731 2620 2022 2671 Aquitaniam,
2054 2624 2169 2662 Pan—

1291 2684 1486 2732 noniam,
1550 2683 1806 2723 Delmatiam
1859 2695 1952 2723 cum
2001 2685 2168 2735 Illyrico

1293 2747 1434 2785 omni:
1465 2746 1561 2784 item
1591 2745 1778 2784 Raetiam
1807 2749 1845 2785 et
1873 2746 2100 2786 Vindelicos
2118 2760 2168 2787 ac

1292 2809 1495 2848 Salassos.
1531 2806 1592 2846 Cf.
1612 2806 1691 2846 Od.
1713 2807 1751 2856 4,
1771 2807 1811 2856 7,
1832 2808 1900 2847 27.
1934 2808 2012 2848 Od.
2033 2808 2072 2858 4,
2099 2810 2165 2859 44,

1294 2871 1360 2911 33.
1390 2892 1432 2898 -
1464 2868 1626 2920 Ianum]
1658 2869 1736 2908 Od.
1760 2868 1800 2918 4,
1825 2871 1891 2919 45,
1915 2870 1952 2910 9.
1987 2872 2165 2912 sueton.

1295 2933 1388 2972 Oct.
1407 2932 1459 2970 ⁶22
1476 2943 1483 2969 :
1507 2933 1657 2970 Ianum
1674 2932 1895 2981 Quirinum
1910 2934 2032 2973 semel
2046 2939 2171 2985 atque

1293 2996 1444 3034 iterum
1460 3005 1486 3032 a
1502 2994 1669 3033 condita
1689 2994 1792 3034 Urbe
1809 2997 2057 3035 memoriam
2075 3001 2173 3037 ante

1294 3067 1414 3095 suam
1457 3056 1667 3105 clausum,
1725 3057 1770 3096 in
1815 3057 1945 3096 multo
1987 3057 2172 3098 breviore

1295 3119 1491 3168 temporis
1519 3118 1674 3168 spatio,
1707 3122 1824 3158 terra
1850 3120 2043 3169 marique
2063 3132 2173 3171 pace

1292 3185 1447 3231 parta,
1482 3184 1544 3219 ter
1572 3180 1703 3219 clusit.
1739 3180 1798 3231 (a.
1823 3192 1866 3220 u.
1892 3192 1929 3221 c.
1955 3182 2048 3222 725.
2072 3183 2166 3223 729.

1298 3245 1341 3282 et
1371 3241 1492 3291 744-.‚
1540 3241 1595 3281 de
1634 3253 1721 3292 quo
1758 3244 1907 3283 tamen
1945 3254 2061 3283 anno
2091 3244 2170 3284 Dio

1297 3304 1371 3353 54,
1405 3304 1476 3344 36:
1525 3303 1787 3358 ἐψηφίσθη
1830 3304 1920 3357 μὲν
1963 3297 2050 3345 οὖν
2085 3301 2170 3345 τὸν

1291 3363 1443 3406 Ἰανὸν
1464 3362 1548 3406 τὸν
1567 3366 1770 3419 Γέμινον
1789 3390 1812 3396 -
1827 3390 1851 3396 -
1870 3364 2166 3420 κλεισθῆναι·

1298 3425 1354 3469 οὗ
1383 3430 1549 3481 μέντοι
1587 3430 1666 3468 καὶ
1698 3427 1942 3481 ἐκλείσθη,
1989 3433 2170 3482 propter

361 3492 540 3543 finiti-ma
572 3491 839 3541 quotidianae
867 3490 1075 3530 locutioni.
1125 3491 1234 3530 Hinc
1296 3502 1409 3531 nova
1440 3490 1553 3531 bella
1585 3502 1685 3531 cum
1716 3492 1845 3531 Dacis
1886 3494 1929 3531 et
1958 3490 2167 3532 Delmatis
