2231 3787
229 297 328 347 443
830 297 1043 338 ΗΟΒΑΤΠ
1075 299 1438 340 ΕΡιεΤοωΒυΜ

817 592 1259 642 ΕΡῙΞΤΟῙιΑ
1300 591 1460 641 vn.

301 715 549 784 Quinque
589 713 704 765 dies
746 710 835 763 tibi
878 709 1144 780 pollicitus
1182 727 1268 763 mc
1310 727 1434 763 rure
1479 710 1737 768 futurum,

301 815 551 869 Sextilem
594 822 757 866 totum
797 811 1028 864 mendax
1067 811 1368 865 desideror.

1444 813 1602 884 Atqui

302 919 353 968 Si
394 934 478 968 me
518 915 701 967 vivere
740 913 820 966 vis
861 930 1050 965 sanum
1090 923 1348 985 recteque
1388 914 1680 975 valentem,

314 1052 390 1090 ΕΡ.
407 1051 494 1089 VH.
519 1050 558 1088 ⁸2.
577 1049 715 1098 Atqui]
733 1052 778 1087 at
793 1052 837 1086 tu
854 1048 896 1087 d.
921 1070 965 1076 —
985 1047 1023 1087 3.
1041 1048 1104 1086 vis
1122 1059 1274 1087 sanum
1292 1053 1479 1097 recteque
1497 1049 1702 1089 valentem
1721 1049 1992 1101 bScdp‚LCt,

283 1111 505 1153 Bentleius
538 1113 582 1151 et
615 1111 666 1150 O:
696 1111 759 1150 vis
789 1114 978 1159 recteque
995 1111 1134 1149 videre
1156 1111 1362 1150 valentem
1381 1111 1428 1158 E,
1452 1113 1477 1162 ζ
1496 1122 1624 1151 «cum
1654 1110 1747 1151 aliis
1767 1113 1994 1159 vetustis,»

284 1182 373 1217 tres
403 1176 616 1223 Pottierii,
650 1186 703 1215 ex
733 1174 826 1214 aliis
860 1175 957 1223 FM,
988 1175 1050 1213 vis
1078 1179 1266 1223 recteque
1298 1174 1438 1224 viqere
1469 1174 1672 1213 valentem
1701 1173 1925 1214 Bentleius
1955 1175 1997 1213 in

284 1238 523 1280 Addendis.

283 1358 370 1396 VII.
426 1357 488 1395 De
534 1355 664 1395 huius
708 1353 927 1406 Epistolae
974 1365 1106 1405 argu-

231 1421 381 1460 mento
411 1418 512 1457 vide
543 1418 806 1458 Excursum.

276 1483 359 1522 4-6.
381 1482 568 1531 Quinque
584 1480 682 1530 dies]
704 1480 752 1519 ut
770 1491 851 1521 nos
870 1481 964 1520 aoht
982 1480 1104 1530 Taye,

231 1555 444 1585 numerus
475 1543 692 1591 infinitus,
742 1554 829 1583 non
860 1543 991 1583 nimis
1031 1552 1108 1581 ac—

231 1609 381 1646 curate
413 1605 656 1656 urgendus.
708 1604 832 1645 Conf.
872 1607 960 1645 Sat.
992 1606 1030 1650 4,
1065 1604 1103 1649 3.

232 1669 282 1708 46
304 1680 370 1720 sq.
400 1691 444 1695 —
466 1668 580 1717 rure]
614 1668 655 1706 in
679 1666 841 1706 Sabino
864 1678 990 1715 meo,
1024 1677 1109 1717 po-

232 1732 315 1771 tius
352 1740 510 1781 quam,
553 1731 601 1768 ut
638 1728 709 1768 alii
746 1731 931 1781 propter
970 1741 1012 1768 v.
1037 1727 1104 1768 45.

231 1792 519 1841 arbitrantur,
553 1792 596 1830 in
626 1792 756 1831 amici
793 1790 977 1831 alicuius
1007 1789 1107 1830 villa

232 1854 470 1894 Tiburtina.
517 1877 559 1882 -
601 1853 812 1904 Sextilem]
856 1855 981 1893 Anno
1028 1854 1109 1893 de—

233 1927 356 1956 mum
378 1928 420 1955 u.
441 1927 479 1955 c.
499 1915 592 1955 746.
627 1916 698 1954 hic
719 1916 886 1954 mensis
902 1916 1110 1966 Azcytestus

235 1980 485 2019 nominatus
508 1979 589 2018 est.
639 1978 718 2017 Dio
742 1978 864 2017 Cass.
891 1979 962 2025 55,
998 1977 1036 2016 6.
1061 2000 1105 2004 -

231 2043 415 2081 mendax
463 2040 684 2092 desideror]
738 2040 893 2079 Dedita
946 2050 1106 2090 opera,

234 2115 321 2154 quo
344 2102 511 2143 facilius
531 2104 766 2142 Maecenas
789 2102 871 2142 sibi
891 2102 1107 2152 ignoscat,

233 2172 323 2207 tam
354 2167 647 2206 vehementer
683 2167 778 2216 ipse
817 2175 865 2204 se
903 2166 1107 2212 accusat,

235 2241 322 2269 non
344 2228 483 2279 quod,
507 2230 553 2266 ut
575 2226 769 2267 nonnulli
789 2226 963 2274 volunt,
989 2237 1113 2266 men-

234 2291 346 2331 dacii
378 2289 554 2341 culpam
584 2290 726 2329 amico
765 2289 979 2329 obiecerit
1015 2288 1112 2328 fau-

234 2358 317 2393 tor.
346 2376 390 2381 —
422 2352 559 2403 Atqui]
592 2353 674 2392 καί
703 2364 793 2392 τοι.
843 2351 1106 2391 «Confiteort

235 2418 454 2463 attamen,
498 2425 600 2454 cum
631 2415 717 2454 hoc
748 2415 811 2454 sic
843 2424 890 2454 se
922 2413 1108 2461 habeat,

235 2477 362 2517 (labis
392 2476 615 2516 licentiam
649 2478 763 2516 eet.»
791 2499 834 2504 —
857 2476 901 2515 Si
921 2487 986 2515 me
1007 2475 1110 2527 cet]

235 2540 418 2579 Restitui
465 2538 702 2578 lectionem
747 2549 770 2576 a
816 2537 956 2577 tribus
999 2539 1111 2577 meis

236 2600 632 2653 compluribusque
667 2599 759 2640 aliis
791 2600 929 2640 Codd.
963 2601 1110 2639 denuo

238 2663 472 2703 firmatam.
534 2664 706 2702 Etenim
747 2673 849 2702 cum
889 2662 956 2702 vel
1003 2661 1111 2703 falso

236 2736 316 2775 pro
347 2724 581 2774 tautologia
612 2724 833 2764 haberent
861 2736 933 2764 VV.
963 2736 1113 2764 sanum

238 2789 281 2825 et
309 2791 417 2826 recte
444 2788 667 2835 valentem,
701 2786 770 2826 vel
801 2798 903 2826 cum
934 2787 1111 2826 fortuito

237 2848 462 2888 turbatum
502 2852 621 2889 esset
662 2850 704 2888 in
738 2849 823 2888 hoc
860 2860 994 2889 versu
1034 2861 1112 2888 ex-

238 2909 497 2957 scribendo,
533 2914 577 2949 ut
608 2913 779 2950 constat
810 2923 863 2950 cx
892 2911 968 2950 Ed.
1000 2912 1108 2950 Ven.

240 2973 254 3010 4
267 2971 336 3011 481
362 2984 368 3009 :
404 2973 448 3010 Si
479 2984 540 3011 me
570 2974 705 3012 cicere
731 2974 793 3012 vis
822 2977 1008 3022 recteque
1041 2985 1113 3012 sa-

238 3044 337 3071 num
359 3034 572 3082 calensem,
599 3037 642 3073 et
663 3034 873 3074 Schmidii
895 3035 1108 3074 secundo:

238 3097 284 3135 Si
312 3107 376 3135 me
404 3097 465 3135 ‘vis
495 3102 601 3136 recle
628 3098 847 3147 vivereque
874 3099 1011 3137 ridere
1039 3109 1114 3137 va-

238 3159 407 3207 lentem,
448 3160 511 3199 sic
552 3162 805 3199 correctum
836 3162 924 3200 est:
977 3161 1021 3199 Si
1049 3171 1113 3200 me

238 3222 375 3260 rivere
411 3223 473 3260 ‘vis
502 3226 687 3271 recteque
721 3223 859 3261 videre
894 3222 1109 3262 valentem.

240 3285 397 3322 Nostra
426 3294 532 3323 vero
562 3282 692 3323 lectio
722 3285 942 3323 sermonis
974 3286 1113 3336 quoti-

240 3345 356 3383 diani
373 3344 560 3384 formula
572 3347 638 3385 est
653 3346 963 3396 reperiturque
980 3348 1111 3386 etiam

241 3406 350 3456 Epp.
386 3407 431 3452 4,
476 3406 548 3455 46,
590 3407 657 3445 24.
710 3407 796 3445 Sat.
830 3407 876 3453 2,
918 3408 963 3454 ὅ,
1007 3409 1108 3446 2110:

1169 1354 1322 1393 vivere.
1374 1354 1534 1394 Bacch.
1559 1355 1606 1402 2,
1639 1354 1686 1403 2,
1723 1354 1764 1394 44
1794 1365 1801 1393 ;
1839 1354 1996 1394 Vivitne
2016 1359 2055 1393 et

1169 1416 1312 1457 valet?
1330 1416 1439 1456 Ibid.
1463 1429 1504 1457 v.
1530 1416 1606 1458 ⁴4:
1637 1417 1740 1457 vivit
1758 1421 1796 1457 et
1812 1417 1937 1457 valet.
1971 1418 2051 1457 Te-

1171 1481 1284 1518 rent.
1319 1480 1474 1518 Heaut.
1500 1479 1542 1527 3,
1577 1480 1623 1528 4,
1656 1480 1701 1518 24
1727 1492 1733 1518 ;
1781 1480 1895 1519 Valet
1925 1483 2052 1529 atque

1170 1542 1286 1580 vivit.
1340 1542 1429 1581 Cic.
1454 1541 1588 1581 Acad.
1614 1543 1661 1590 2,
1685 1541 1731 1590 7,
1757 1541 1830 1581 49:
1865 1542 1910 1581 Si
1933 1542 2054 1591 (sen-

1174 1603 1263 1653 sus)
1304 1604 1397 1642 sani
1433 1607 1528 1642 sunt
1566 1614 1617 1642 ac
1651 1604 1846 1643 valentes.
1898 1603 2054 1644 Celsus

1175 1666 1220 1714 4,
1256 1666 1299 1704 4;
1348 1666 1514 1705 Sanus
1558 1666 1698 1713 homo,
1746 1666 1817 1714 qui
1855 1670 1892 1705 et
1932 1666 2057 1706 bene

1172 1729 1314 1767 valet
1357 1733 1393 1768 et
1430 1739 1530 1768 suae
1558 1729 1714 1778 spontis
1742 1732 1819 1778 esc,
1864 1729 1989 1768 nullis
2016 1740 2057 1769 se

1174 1791 1359 1842 obligare
1388 1791 1542 1842 legibus
1571 1791 1695 1831 debet.
1748 1792 1874 1831 Mart.
1899 1791 1943 1840 6,
1978 1791 2052 1840 70,

1177 1854 1247 1892 45:
1294 1854 1389 1892 Non
1420 1858 1476 1893 est
1511 1854 1648 1893 vivere
1677 1854 1746 1893 sed
1779 1853 1921 1893 valere
1948 1854 2051 1893 vita.

1174 1914 1357 1954 Bentleii
1390 1917 1506 1956 coni.
1541 1915 1598 1966 (in
1630 1916 1756 1955 Curis
1788 1916 2054 1964 novissimis)

1176 1981 1364 2026 recteque
1391 1977 1532 2028 vigere
1562 1978 1764 2016 valentem
1793 1978 1940 2016 Latina
1965 1989 2052 2017 non

1175 2039 1365 2079 videtur.
1403 2063 1447 2068 —
1480 2039 1659 2090 veniam]
1694 2041 1766 2078 «ut
1796 2039 1938 2080 absim
1971 2040 2056 2079 hoc

1176 2113 1355 2150 mense,
1390 2113 1477 2153 quo
1510 2101 1682 2141 calores
1708 2103 1891 2142 austrini
1924 2103 2051 2154 (Virg.

1177 2166 1252 2203 Ge.
1277 2165 1322 2213 ⁶2,
1348 2165 1461 2212 270„
1485 2165 1530 2203 lo
1560 2164 1837 2215 Scir-ocem)
1861 2165 1903 2204 in
1925 2175 2054 2205 causa

1176 2228 1303 2274 sunt,
1335 2228 1383 2265 ut
1413 2225 1538 2265 multi
1568 2226 1772 2266 homines
1795 2227 2054 2276 moriantur,

1176 2289 1383 2339 quocirca
1414 2288 1578 2338 ubique
1611 2289 1652 2328 in
1688 2288 1900 2329 funebres
1928 2300 2055 2340 pom-

1175 2362 1255 2403 pas
1300 2351 1612 2390 incurrimus.»
1663 2371 1707 2378 -—
1754 2352 1858 2402 sicus
1893 2351 2052 2403 prima]

1178 2424 1358 2452 «mense
1391 2412 1537 2452 Sextili
1560 2415 1603 2452 et
1624 2413 1876 2464 Septembri
1908 2415 2056 2453 matu-

1175 2487 1357 2516 rescens
1398 2476 1542 2527 ipsum
1581 2487 1712 2526 grave
1751 2476 1976 2516 auctumni
2008 2475 2049 2515 d.

1175 2539 1244 2578 XI.
1291 2549 1349 2577 m.
1395 2540 1502 2588 Aug.
1552 2539 1801 2590 incipientis
1842 2539 1965 2589 (Voss
1997 2537 2051 2577 ad

1175 2601 1292 2650 Virg.
1313 2601 1387 2639 Ge.
1409 2600 1454 2648 3,
1479 2600 1589 2649 478.)
1612 2602 1788 2652 tempus
1805 2600 2050 2651 designat.»

1177 2662 1326 2701 OssssAiz.
1349 2662 1411 2701 Cf.
1426 2663 1512 2701 Sat.
1533 2663 1572 2710 2,
1594 2663 1632 2710 6,
1655 2663 1718 2701 49.
1753 2663 1893 2702 Minus
1912 2665 2048 2707 recte,

1177 2723 1246 2763 alii
1278 2735 1353 2764 eas
1384 2723 1618 2774 significari
1648 2726 1824 2775 putant,
1859 2735 1974 2774 quae
1997 2724 2051 2762 al]

1177 2784 1292 2824 Italis
1326 2786 1422 2836 fich&
1459 2787 1556 2836 fiori
1593 2785 1873 2836 appellantur
1908 2788 1972 2833 et,
2019 2787 2054 2825 si

1177 2847 1414 2887 immodice
1460 2849 1771 2896 assumuntur,
1819 2846 1944 2888 facile
1989 2848 2054 2887 fe-

1176 2909 1282 2948 bres
1321 2910 1522 2959 gignunt,
1570 2911 1840 2960 posteriores
1886 2909 2053 2950 fructus

1177 2972 1244 3011 fici
1285 2971 1451 3012 biferae
1491 2983 1593 3012 cum
1631 2974 1717 3013 sint
1756 2972 2049 3013 saluberrimi.

1179 3034 1264 3074 Cfr.
1290 3035 1567 3074 Pherecratis
1598 3046 1755 3075 versus
1787 3035 1906 3087 apud
1946 3036 2054 3076 Mei—

1177 3097 1274 3136 nek.
1319 3097 1488 3147 Fragm.
1525 3097 1648 3136 Com.
1683 3098 1732 3136 ΙΙ.
1771 3108 1813 3148 p.
1845 3097 1950 3137 287:
1995 3089 2053 3136 Ὦ

1177 3155 1422 3210 δαιμόνιε,
1456 3156 1654 3215 πύρεττε
1682 3157 1834 3212 μηδὲν
1863 3161 2054 3216 φροντί-

1178 3234 1291 3271 σας,
1343 3221 1435 3261 Καὶ
1483 3219 1576 3260 τῶν
1618 3218 1864 3271 φιβάλεων
1907 3219 2054 3277 τρῶγε

1179 3280 1339 3324 σύκων
1368 3280 1454 3323 τοῦ
1485 3283 1672 3340 θέρους,
1707 3278 2054 3335 Κᾶμπιπλάμε-

1177 3359 1259 3395 νος
1279 3341 1480 3386 κάθευδε
1502 3343 1586 3395 τὰς
1606 3344 1935 3401 μεσημβρίας,
1958 3339 2053 3386 Κᾶ-

1178 3419 1236 3446 τα
1278 3406 1533 3458 σφακέλιζε
1577 3409 1658 3447 καὶ
1708 3409 1926 3463 πέπρησο
1971 3409 2052 3447 καὶ

248 3468 339 3506 Vive
366 3468 551 3516 valeque.
605 3467 739 3508 Plauti
760 3469 874 3508 Trin.
910 3470 946 3515 Ι,
973 3469 1018 3517 2,
1050 3469 1108 3509 ¹4:
1176 3466 1289 3517 βόα.
1342 3471 1569 3521 Nicophon
1590 3469 1704 3521 apud
1729 3469 1885 3508 Athen.
1911 3470 1950 3519 3,
1976 3470 2046 3510 48:

244 3529 347 3568 Bene
385 3530 516 3568 hercle
554 3535 608 3570 est
649 3530 763 3569 illam
803 3530 873 3570 libi
911 3531 1046 3571 valere
1078 3536 1112 3570 el
1143 3527 1283 3582 ,Ἐὰν
1313 3529 1362 3571 δεῖ
1392 3533 1431 3583 γ’
1456 3527 1739 3583 72312737101'5z0.
1762 3528 1846 3582 τῆς
1865 3543 2049 3583 μεσημ-
