2231 3787
166 192 233 244 ⁶28

797 198 935 238 HORA
944 199 1011 238 T11
1040 200 1342 242 SATIRARUM

168 325 369 395 Inguen
408 325 477 379 ad
520 327 853 381 obscoenum
893 329 1171 383 subductis
1211 348 1386 401 usque
1426 332 1655 394 facetus3

166 426 410 481 Pastillos
449 428 669 482 Rufillus
710 429 839 493 olet,
889 430 1188 502 Gargonius
1228 431 1451 486 hircum.

275 594 341 633 26.
400 605 541 644 usque.
583 594 757 635 Facetias
801 596 989 636 Pastillos
1027 596 1210 637 Schiller
1251 599 1442 638 Zeitschr.
1483 599 1513 649 f.
1554 599 1767 639 Altertlzw.
1811 600 1931 642 4844.

224 676 267 683 -
316 656 382 695 Ξῖ.
425 656 688 709 Gaorqonias
729 657 832 709 (sic)
865 659 915 707 B,
966 659 1202 711 Geryonius
1231 660 1312 712 dp,
1355 661 1488 701 LCtF.

214 716 370 768 βκτυ.)

164 860 419 910 cenatisque
466 861 776 901 coniunctione
821 861 1039 902 alienissi-

161 932 234 961 ma
279 924 397 962 esset
445 921 539 962 talis
583 923 665 963 suh
711 923 813 963 ficto
859 925 1036 964 nomine

161 985 427 1024 Maecenatis
449 985 605 1025 irrisio.
647 987 883 1025 Praeterea
904 987 947 1025 in
970 997 1039 1026 sa-

163 1047 243 1085 tira
274 1046 492 1086 Luciliana
524 1049 567 1086 et
597 1048 832 1088 Horatiana
864 1048 969 1088 nihil
990 1049 1040 1088 fi-

162 1110 241 1148 ctis
285 1109 426 1159 agitur
468 1110 743 1160 nominibus,
796 1111 877 1151 sed
919 1113 1036 1152 veris

160 1172 362 1222 notisque
383 1173 630 1222 personis.»
674 1173 723 1212 Id
745 1174 865 1225 quod
885 1177 1037 1216 tamen

160 1238 342 1286 propter
381 1236 592 1287 tarqiclum
627 1236 824 1287 Alpinum
868 1239 954 1278 Sat.
989 1239 1033 1288 4,

160 1300 225 1347 40,
247 1300 310 1339 36.
337 1302 392 1348 et,
417 1302 463 1340 ut
483 1301 678 1350 videtur,
702 1303 886 1353 propter
906 1303 1036 1342 huius

159 1362 323 1401 Satirae
369 1363 606 1402 Cerinthum
653 1364 711 1403 ita
757 1366 877 1405 certe
923 1365 1037 1404 defi-

158 1425 369 1464 niendum
402 1427 492 1472 est,
525 1428 573 1465 ut
603 1426 806 1468 dicamus
836 1429 1034 1479 potuisse

157 1489 385 1528 Horatium
433 1490 494 1528 uti
545 1491 678 1531 etiam
727 1493 1034 1542 cognomentis

156 1552 239 1591 ioci
260 1554 334 1591 aut
355 1551 647 1593 contumeliae
669 1565 802 1594 causa
826 1555 914 1595 iam
931 1557 1034 1596 ante

154 1613 256 1652 huic
275 1612 343 1653 vel
376 1613 432 1653 illi
461 1615 700 1666 impositis,
735 1628 850 1667 quae
881 1620 1035 1669 poste-

154 1676 243 1715 rior
272 1677 478 1717 Latinitas
508 1679 629 1729 sigma
651 1678 1032 1732 (Uebernamen,

154 1738 469 1792 sobriqiiets)
528 1742 745 1792 vocabat,
793 1743 862 1784 vel
908 1745 1034 1785 inve-

154 1802 248 1842 nire
279 1814 457 1854 quoque
488 1804 602 1854 talia,
637 1806 882 1847 dummodo
912 1810 961 1847 ut
990 1809 1033 1848 in

152 1865 300 1915 Alpino
330 1865 401 1905 illo
423 1868 650 1908 neminem
671 1869 860 1920 fugeret,
897 1881 1033 1922 quem

153 1926 452 1969 intellexisset.
514 1933 692 1971 Poterat
732 1933 865 1973 etiam
894 1935 1034 1974 inter-

154 1990 261 2030 dum
311 1994 641 2033 communicare
691 2005 794 2035 cum
848 1997 1030 2046 amicis,

155 2064 291 2103 quem
331 2054 435 2094 ficto
470 2057 650 2097 nomine
691 2069 927 2109 aggressus
959 2072 1032 2101 es-

153 2118 244 2165 set,
296 2119 344 2157 ut
386 2118 574 2160 fortasse
619 2121 723 2161 fecit
766 2123 808 2161 in
855 2123 1033 2162 Canidia

155 2179 410 2230 (Gratidia)3
457 2184 662 2233 poterant
698 2185 864 2224 Horatii
901 2187 1031 2225 amici

152 2240 237 2281 tale
269 2253 482 2284 arcanum
512 2244 605 2285 aliis
636 2258 791 2287 rursus
825 2249 1032 2288 commit-

151 2305 261 2344 tere.
323 2306 409 2345 Sed
440 2307 482 2346 h.
508 2307 534 2347 l.
559 2309 672 2349 haec
694 2311 841 2349 omnia
870 2322 1029 2362 parum

151 2370 253 2407 sunt
282 2370 374 2408 veri
406 2369 577 2410 similla.
639 2374 782 2424 Atque
803 2378 851 2413 ut
872 2386 1032 2415 conce-

151 2430 309 2471 damus
354 2433 468 2473 hanc
506 2435 692 2476 Satiram
732 2448 784 2476 eo
825 2439 1028 2490 tempore

151 2496 361 2546 scriptam
392 2508 511 2545 esse,
547 2509 635 2548 quo
665 2499 838 2549 ignotus
870 2502 1030 2541 etiam-

152 2560 256 2596 tunc
279 2559 523 2598 Maecenati
545 2572 597 2600 ac
629 2562 814 2603 fortasse
844 2567 1029 2616 propter

153 2618 296 2657 studia
326 2621 519 2670 partium
550 2622 605 2661 ab
635 2635 687 2663 eo
709 2636 893 2667 aversus
916 2630 1024 2676 erat,

153 2692 259 2721 sane
306 2684 447 2722 totum
492 2695 595 2725 cum
638 2678 801 2729 librum
847 2690 1024 2742 ederet,

152 2744 269 2783 hunc
290 2756 485 2797 versum,
510 2749 546 2787 si
566 2750 867 2793 Maecenatem
891 2753 1029 2795 offen-

153 2808 258 2847 dere
289 2811 486 2859 poterat,
520 2814 735 2853 mutasset
755 2818 831 2855 aut
850 2816 1026 2857 oblitte-

151 2874 307 2911 rasset.
367 2872 601 2914 Paldamus
641 2877 832 2918 Zeitschr.
876 2880 907 2929 f.
953 2880 1028 2920 Αἰ-

149 2936 365 2974 terma-iss.
400 2935 519 2976 4848.
552 2948 596 2988 p.
629 2939 730 2979 898:
781 2943 904 2982 «Hier
931 2944 1028 2994 yebe

150 2997 214 3036 ich
233 3009 289 3036 zu
309 2997 531 3048 bedenken,
564 3000 612 3038 ob
633 3003 739 3042 denn
759 3005 835 3044 das
856 3006 1027 3046 ambu-

151 3060 259 3099 lare
290 3061 483 3100 tunicis
512 3063 741 3104 demissis
770 3066 813 3104 in
841 3068 944 3106 Rom
972 3080 1027 3107 za

141 3124 263 3172 jener
290 3124 375 3162 Zeit
410 3135 453 3162 so
484 3126 711 3175 auffailend
739 3129 824 3167 sein
852 3130 1022 3181 konnte,

151 3187 247 3224 class
276 3187 349 3225 der
376 3187 546 3227 Dichter
570 3189 657 3228 eine
676 3190 857 3231 einzelne
874 3194 1024 3234 Person

150 3249 193 3287 in
231 3249 361 3288 elieser
397 3250 631 3301 Beziehuny
668 3262 724 3290 zu
760 3264 917 3293 nennen
953 3256 1026 3305 fiir

144 3312 325 3360 passend
341 3312 532 3352 eracliten
547 3312 708 3353 konnte.
734 3317 901 3364 Spotten
916 3318 1027 3358 nicht

152 3374 296 3414 bereits
314 3376 485 3415 Plautus
512 3377 599 3416 und
620 3377 760 3417 Cicero
778 3379 880 3419 iiber
901 3381 1026 3421 dieses

150 3448 308 3487 {senas
336 3439 699 3480 finicliebrosum
730 3442 922 3482 tunicis
951 3444 1025 3484 cle-

1551 661 1623 711 (Ut
1651 672 1755 711 nos,
1802 664 1935 704 etiam

1102 863 1194 902 mis
1206 862 1387 902 siciis?
1428 864 1471 903 S.
1510 864 1717 906 Weichert
1746 867 1986 908 Commentt.

1101 936 1145 976 p.
1180 925 1412 967 442-443.
1474 927 1610 967 Schon
1648 930 1721 969 cler
1757 931 1990 982 Geqensatz

1103 993 1173 1028 est
1203 989 1292 1039 qui
1325 989 1453 1039 lehrt,
1488 991 1585 1030 dass
1604 993 1677 1031 der
1695 993 1868 1034 Dichter
1886 995 1990 1035 viel-

1100 1054 1217 1093 mehr
1246 1054 1335 1094 eine
1365 1056 1556 1107 Gattanq
1584 1057 1803 1097 Menschen
1833 1059 1895 1098 als
1924 1060 1989 1099 ein

1101 1118 1303 1157 einzelnes
1331 1118 1598 1158 Indivicluwn
1627 1120 1685 1159 ini
1713 1120 1829 1172 Auqe
1859 1123 1984 1162 hatte.

1098 1181 1264 1220 Diesem
1294 1181 1675 1233 Gattiiizqsbeyriffe
1695 1183 1776 1234 gab
1807 1194 1853 1223 er
1871 1185 1989 1225 einen

1099 1243 1318 1295 beliebiqen
1338 1245 1516 1294 Nomen,
1532 1246 1605 1284 der
1626 1245 1741 1293 aber,
1766 1257 1867 1286 man
1887 1259 1988 1300 mas]

1098 1319 1142 1347 so
1174 1309 1273 1347 oder
1301 1318 1345 1347 so
1377 1307 1507 1357 lesen,
1550 1308 1638 1348 eine
1673 1308 1786 1348 nicht
1814 1321 1871 1349 zu
1889 1322 1988 1350 ver-

1101 1370 1312 1410 kennende
1339 1370 1577 1421 Beziehungy
1605 1381 1662 1410 za
1691 1372 1782 1410 dem
1803 1372 1989 1413 Charak-

1099 1437 1161 1473 ter
1191 1434 1265 1473 der
1302 1433 1598 1484 yeschilderlen
1636 1435 1989 1477 Menschenklasse

1098 1497 1252 1536 hatte.»
1301 1518 1345 1524 -
1395 1497 1545 1536 tunicis
1588 1498 1790 1550 demissis]
1840 1497 1982 1539 Plaut.

1098 1561 1233 1600 Poen.
1258 1561 1304 1608 5,
1330 1561 1378 1607 5,
1412 1559 1488 1600 24:
1509 1552 1634 1600 Sane
1653 1572 1784 1612 ¹oenus
1803 1561 1878 1601 hoc
1896 1574 1988 1602 mu-

1098 1622 1316 1662 liebrosanz
1340 1627 1397 1662 est
1417 1624 1566 1662 tunicis
1587 1624 1840 1664 demissiciis.
1877 1626 1985 1666 «De-

1097 1686 1302 1725 missiciae
1323 1686 1488 1725 tunicae
1510 1688 1626 1736 sunt,
1652 1686 1815 1738 quibus
1836 1687 1986 1728 homi—

1098 1760 1179 1789 nes
1198 1748 1354 1789 molles
1373 1749 1429 1788 ad
1451 1760 1581 1788 crura
1598 1760 1623 1788 a
1644 1749 1804 1801 frigore
1829 1750 1986 1790 defen-

1099 1813 1247 1853 denda
1297 1813 1541 1854 utebantur
1585 1815 1739 1854 contra
1782 1816 1985 1855 veterem

1097 1878 1402 1917 Romanorum
1423 1887 1642 1917 morem.»
1665 1878 1848 1917 MADwG.
1875 1878 1985 1917 Hinc

1098 1942 1141 1980 in
1185 1940 1384 1980 luxuriae
1423 1941 1558 1991 signis
1604 1941 1717 1980 haec
1759 1941 1985 1992 coniungit

1097 2005 1266 2044 Seneca
1300 2004 1509 2044 ContrOV.
1544 2004 1591 2051 2,
1626 2002 1701 2044 44:
1749 2005 1859 2054 quod
1900 2016 1983 2043 uii-

1094 2071 1244 2119 9uento
1273 2078 1394 2106 coma
1422 2067 1578 2116 madet,
1615 2071 1733 2106 tuum
1757 2069 1976 2117 esuqaod

1095 2133 1241 2172 laxior
1269 2143 1398 2182 usque
1426 2132 1470 2170 in
1492 2132 1621 2181 pedes
1641 2132 1786 2170 tunica
1807 2131 1985 2171 demitti-

1095 2201 1185 2245 tur,
1237 2200 1354 2235 ticum
1402 2199 1472 2234 est.
1536 2193 1755 2234 Differunt
1802 2194 1981 2246 proprie

1095 2260 1261 2299 tunicae
1280 2258 1453 2305 solutae,
1479 2256 1641 2308 quibus
1662 2258 1884 2296 Maecenas
1903 2258 1984 2297 dis-

1095 2323 1252 2361 cinctus
1288 2322 1331 2360 in
1367 2319 1470 2359 urbe
1505 2330 1666 2369 semper
1695 2320 1856 2360 incessit
1888 2321 1983 2372 (Se-

1094 2395 1206 2423 neca
1229 2384 1336 2434 Epp.
1362 2381 1491 2432 444),
1517 2383 1614 2432 etsi,
1637 2384 1686 2422 ut
1707 2383 1914 2424 videmus
1937 2384 1981 2423 in

1092 2457 1163 2485 vv.
1185 2447 1382 2485 Senecae
1404 2445 1556 2496 patris,
1580 2447 1822 2497 utrumque
1844 2457 1979 2498 saepe

1094 2508 1384 2548 coniunctum
1421 2508 1529 2546 erat.
1593 2506 1750 2548 Plurali
1788 2520 1978 2549 numero

1077 2571 1322 2612 *Horatium
1363 2571 1426 2609 uti
1468 2570 1678 2620 credunt,
1726 2573 1829 2623 quia
1873 2574 1980 2614 tunc

1091 2635 1207 2675 binis
1238 2633 1397 2673 tunicis
1438 2632 1578 2672 induti
1611 2644 1710 2673 esse
1742 2633 1857 2674 soliti
1893 2635 1979 2676 sint

1095 2698 1248 2748 (Varro
1291 2695 1411 2747 apud
1440 2697 1551 2735 Non.
1587 2694 1659 2744 44,
1693 2696 1760 2735 35.
1794 2707 1837 2748 p.
1872 2697 1973 2738 54⁶2:

1088 2762 1364 2810 Posteaquam
1386 2758 1504 2797 binas
1533 2759 1697 2797 tunicas
1715 2758 1865 2807 habere
1883 2771 1978 2800 coe-

1084 2820 1261 2873 perunt,
1307 2822 1575 2861 instituerunt
1608 2832 1762 2861 vocare
1796 2822 1978 2863 sabucu—

1090 2887 1178 2925 lam
1208 2889 1245 2925 et
1274 2884 1499 2924 indusium.
1561 2883 1648 2923 Cfr.
1673 2884 1844 2924 Becker
1875 2884 1976 2925 Gal-

1090 2946 1158 2987 lus
1198 2947 1282 2997 (ed.
1317 2945 1406 2997 alt.)
1439 2947 1508 2985 111.
1546 2956 1589 2997 p.
1626 2946 1702 2986 448
1741 2946 1851 2998 sq.);
1895 2949 1976 2989 nisi

1090 3010 1237 3061 potius
1282 3009 1499 3060 significat
1528 3019 1685 3049 omnes
1724 3010 1818 3050 elus
1858 3012 1976 3051 tuni-

1091 3084 1191 3122 cas,
1225 3071 1420 3124 singulos
1451 3072 1544 3112 fere
1576 3072 1621 3111 in
1648 3072 1742 3114 dies
1765 3075 1971 3124 mutatas,

1090 3136 1134 3175 id
1165 3135 1286 3186 quod
1317 3134 1529 3185 equidem
1559 3135 1779 3186 praefero.
1817 3159 1862 3164 —-
1886 3148 1975 3176 am-

1090 3197 1218 3249 bulat]
1258 3197 1457 3249 superbo
1497 3198 1694 3248 incessu,
1743 3200 1791 3238 ut
1830 3199 1969 3251 Epod.

1090 3259 1137 3309 4,
1171 3262 1209 3300 5.
1246 3282 1293 3289 —
1333 3261 1557 3313 subcinctis]
1597 3260 1770 3309 Quintil.
1809 3262 1882 3310 44,
1923 3261 1969 3311 3,

1091 3323 1190 3362 438:
1226 3324 1301 3363 Cui
1332 3323 1408 3363 lati
1437 3324 1546 3363 clavi
1576 3324 1641 3364 ius
1668 3335 1752 3363 non
1780 3324 1887 3372 erit,
1912 3325 1973 3366 ita

1088 3385 1305 3436 cingatur,
1328 3390 1374 3426 ut
1394 3387 1560 3427 tunicae
1571 3385 1788 3437 prioribus
1803 3386 1888 3426 oris
1903 3386 1971 3426 in-

1088 3446 1159 3495 fra
1187 3458 1325 3498 ¹(senua
1349 3449 1564 3499 paullum,
1593 3449 1892 3500 posterioribus
1915 3452 1971 3491 ad
