2231 3787
922 210 1019 249 Llss.
1056 210 1082 248 1,
1146 209 1256 249 ssxT.
1295 210 1359 248 iv.
1989 209 2044 261 31

305 341 435 394 Cum
474 339 631 392 venia
672 338 847 392 dabis:
892 339 1121 393 insuevit
1160 348 1313 410 pater
1351 340 1583 410 optimus
1623 340 1724 393 hos·
1766 359 1873 403 ine,
1955 342 2055 394 0105

305 443 366 496 Ut
405 442 668 512 sugerem,
709 440 968 512 exemplis
1008 442 1258 495 fitiorum
1298 460 1551 514 quaeque
1591 443 1840 496 notando.

304 544 436 598 Cum
476 562 560 598 ine
603 543 930 606 hortaretur,
973 561 1163 615 parce,
1208 544 1482 615 frugaliter
1520 553 1681 617 atque

303 647 550 701 Viverem
589 647 663 699 uti
705 653 986 700 contentus
1027 664 1092 700 eo
1134 646 1282 717 quod
1320 647 1391 700 mi
1430 648 1547 718 ipse
1586 657 1856 719 parasset:

302 751 488 803 Nonne
528 748 708 812 videS,
751 748 868 802 Albi
910 757 967 802 ut
1005 748 1144 802 male
1184 749 1327 803 vivat
1363 749 1503 802 filius
1545 757 1710 821 utque

302 852 501 904 Barrus
528 851 721 922 inops?
760 852 1011 922 Magnum
1039 851 1438 915 documentum,
1468 870 1535 906 ne
1558 853 1785 924 patriam
1813 871 1926 908 rem
1962 853 1980 906 i
2006 854 2062 907 10

304 953 541 1008 Perdere
581 954 702 1025 quis
741 954 881 1007 velit.
959 955 999 1006 A
1040 954 1179 1026 turpi
1220 955 1518 1009 meretricis
1559 973 1741 1010 amore

307 1056 438 1110 Cum
479 1056 806 1110 deterreret:
851 1057 1063 1110 Scetani
1103 1056 1377 1111 dissimilis
1419 1058 1507 1112 sis.

345 1208 437 1247 1105.
474 1208 765 1247 insevit--mi
796 1210 841 1248 L.
877 1208 1039 1259 (insevit
1068 1219 1134 1259 pr.
1159 1222 1212 1256 κ,
1247 1219 1339 1248 var.
1366 1207 1466 1248 lect.
1492 1211 1561 1259 cp.)
1590 1232 1633 1238 —-
1667 1212 1683 1250 4
1696 1211 1760 1251 08.
1788 1223 2009 1261 parassem

296 1284 337 1324 y.
367 1294 410 1298 —
440 1271 531 1310 1109.
566 1275 692 1320 atque
712 1270 740 1310 b
766 1271 867 1322 (non
900 1271 1045 1322 Scdp).
1085 1292 1128 1298 —
1164 1272 1257 1311 ΜΟ.
1291 1272 1455 1311 Barrus
1484 1273 1674 1321 S‚LCtF:
1708 1274 1847 1313 Barus
1876 1274 2010 1327 bcdp,

291 1335 397 1373 item
428 1333 568 1374 Bentl.
603 1337 648 1374 et
677 1336 732 1375 M.
795 1336 883 1386 («In
914 1335 1094 1375 nomine
1125 1335 1264 1374 Rarus
1293 1335 1404 1374 mira
1442 1335 1811 1377 membranarum
1845 1337 2017 1379 discor—

290 1397 362 1437 dia
395 1399 483 1447 est,
516 1398 707 1447 Barrus,
739 1398 898 1447 Rarus,
929 1399 1088 1447 Rarus,
1121 1399 1302 1448 Bai-tus,
1340 1399 1495 1448 Varus,
1528 1399 1659 1438 Baius
1691 1400 2013 1451 exhibentium,

291 1461 347 1500 ita
380 1462 528 1500 tamen
559 1462 607 1500 ut
641 1461 684 1500 in
724 1459 927 1512 pluribus
964 1462 1097 1500 Baius
1135 1464 1438 1512 compareat.»
1482 1462 1652 1512 BENTL.)
1702 1486 1747 1491 —
1789 1468 1835 1503 ut
1864 1465 2018 1514 qui——

290 1525 440 1564 Farris
467 1523 537 1564 vel
566 1525 693 1565 Panis
720 1525 839 1575 inops
868 1524 1066 1565 malebat
1093 1522 1333 1564 Bentleius.
1376 1522 1439 1575 (ut
1468 1524 1539 1574 qui
1578 1535 1685 1564 sane
1719 1525 1826 1566 Cod.
1862 1526 2019 1567 Galea-

290 1588 405 1638 nus.)
456 1608 500 1614 —
551 1588 644 1627 iii.
690 1587 737 1639 A]
769 1588 821 1628 At
851 1589 904 1627 Sc
937 1588 1037 1638 (non
1069 1587 1191 1639 bdp).
1245 1609 1289 1614 -
1339 1587 1353 1625 sl
1367 1587 1431 1625 11⁴2.
1479 1587 1623 1626 Seiani
1655 1587 1744 1638 (sie)
1778 1589 1818 1637 S,
1853 1589 2019 1629 Sectam·

292 1650 398 1690 Cid.
433 1650 638 1700 Cruquii,
674 1653 764 1690 tres
797 1651 1013 1699 Pottierii,
1050 1651 1173 1697 LCtJ,
1208 1650 1397 1690 Scantini
1429 1649 1631 1702 Gottling.
1652 1651 1803 1692 Philol.
1840 1654 2019 1694 Schnei-

294 1713 404 1754 dew.
438 1715 469 1753 Ι.
503 1725 545 1765 p.
583 1713 675 1753 467.

237 1836 384 1883 captus
432 1831 622 1872 Allatras
672 1843 839 1882 nomen,
891 1833 1002 1881 quod
1052 1833 1124 1872 tibi
1186 1832 1693 1874 sorcles--Obiieietvere
1714 1835 1936 1884 quisquam
1956 1837 2072 1883 milii,

234 1906 394 1945 cunque
431 1895 573 1934 datur.
610 1918 655 1923 —-
688 1899 734 1934 ut
772 1896 806 1934 si
846 1896 961 1945 quid]
1004 1896 1123 1935 Con-
1186 1918 1208 1924 -
1238 1919 1261 1924 -
1290 1896 1325 1934 si
1362 1900 1399 1935 et
1433 1896 1527 1935 vivo
1558 1907 1684 1936 carus
1714 1898 1887 1937 amicis:
1934 1900 2073 1939 Causa

235 1958 478 1998 structione
511 1960 740 1998 contracta
768 1970 823 1998 ex
845 1959 881 2010 4)
909 1961 982 1998 «ut
1003 1957 1122 1998 aliud
1150 1963 1153 1968 '
1184 1958 1265 2010 fuit
1294 1962 1422 2008 pater
1458 1959 1546 1997 his.
1591 1981 1638 1986 —
1672 1961 1872 2011 exemplis
1900 1984 1918 1990 —
1945 1984 1965 1990 -
1992 1975 2072 2002 uo-

236 2021 343 2072 quid
372 2032 479 2061 vere
517 2022 780 2073 promittere
813 2022 868 2062 de
900 2033 972 2062 me
1013 2033 1123 2074 pos·
1185 2021 1327 2071 tando]
1371 2021 1583 2071 quoniam
1622 2022 1793 2062 ratione
1826 2035 1915 2063 non
1945 2027 2075 2076 pote-

236 2096 384 2125 sum:»
424 2085 462 2136 ⁶2)
498 2085 558 2124 «si
579 2085 686 2136 quid
708 2083 1124 2137 aliud--promit-
1186 2085 1267 2123 rat.
1325 2083 1417 2123 Vid.
1450 2095 1492 2123 v.
1529 2084 1607 2123 4115
1645 2095 1745 2136 sqq.
1798 2107 1842 2114 -
1889 2088 1948 2126 mi
1990 2088 2076 2138 ipse

237 2149 330 2186 tere
361 2157 593 2198 possum.»
1181 2147 1390 2197 parasset]
1436 2148 1549 2186 Nam
1589 2158 1692 2186 cum
1733 2150 2076 2192 manumittere-

293 2209 496 2249 405-1108.
544 2209 723 2250 insuevit
753 2210 855 2262 cet]
896 2210 1120 2263 Exemplis
1185 2213 1280 2258 tur,
1315 2221 1403 2249 non
1433 2211 1609 2261 poterat
1639 2210 1808 2251 habere
1832 2213 1913 2253 nisi
1934 2225 2076 2265 pecu-

236 2270 503 2311 Bentleianis
535 2271 648 2312 adde
680 2273 781 2312 Tae.
815 2274 928 2312 Ann.
964 2274 1009 2323 2,
1043 2274 1118 2313 5:21
1185 2272 1315 2321 lium,
1357 2271 1548 2324 agellum
1581 2274 1625 2312 et
1661 2273 1847 2314 domum
1878 2279 1922 2316 et
1960 2288 2075 2327 quae

236 2338 281 2373 ut
311 2334 432 2373 lectos
466 2333 580 2372 viros
607 2356 630 2362 -
660 2356 673 2362 -
714 2335 935 2384 disciplina
966 2339 1003 2375 et
1040 2336 1122 2374 im-
1153 2359 1155 2367 η
1186 2337 1228 2375 in
1251 2335 1389 2375 filium
1411 2337 1575 2375 Romae
1599 2336 1883 2377 educandum
1904 2339 2078 2379 insum-

231 2397 363 2448 periis
390 2401 601 2436 suesceret.
655 2397 867 2436 Ceterum
889 2408 996 2436 cave
1021 2409 1124 2437 con-
1153 2378 1156 2441 i
1185 2399 1296 2450 psit,
1351 2398 1499 2437 omnia
1552 2398 1648 2449 ipse
1701 2400 1969 2449 acquisierat
2021 2413 2076 2441 ex

238 2462 383 2501 struas
429 2470 532 2499 cum
572 2458 799 2499 Bentleio:
846 2461 1022 2500 insuevit
1058 2472 1123 2500 me
1154 2456 1157 2563 ι
1187 2461 1406 2501 coactoris
1437 2471 1640 2500 munere.
1693 2461 1899 2502 Absurda
1922 2465 1989 2504 est
2009 2462 2076 2503 le-

231 2527 380 2574 pater,
425 2527 471 2562 ut
513 2523 587 2561 hoe
629 2523 839 2574 fagei-enm
893 2524 975 2564 sed
1018 2535 1122 2564 cum
1186 2523 1273 2563 ctio
1305 2523 1414 2563 Cod.
1448 2522 1569 2562 Leid.
1596 2534 1836 2572 parassem.

239 2585 444 2626 Herbstio
478 2585 628 2636 (Lectt.
652 2586 817 2626 Venus.
851 2588 896 2626 P.
931 2588 962 2626 Ι.
996 2597 1038 2638 p.
1065 2587 1121 2635 7.)
1154 2565 1157 2631 i
1243 2585 1459 2625 409-423.
1511 2584 1616 2636 Albi]
1661 2586 1711 2625 V.
1747 2597 1880 2638 supra
1924 2599 1966 2627 v.
2000 2589 2069 2629 028.

239 2648 375 2689 verba
408 2649 471 2688 sic
502 2647 749 2688 ordinanda
771 2650 895 2689 sunt:
932 2649 1004 2688 «Si
1024 2649 1125 2698 quid
1154 2633 1158 2674 ἲ
1189 2648 1321 2687 «Mira
1342 2646 1617 2697 urbanitate,
1649 2648 1758 2688 dum
1779 2650 1906 2700 quasi
1928 2651 2076 2691 osten—

239 2733 262 2740 -
291 2733 314 2740 —
344 2711 514 2760 dixero,
559 2711 633 2750 hoc
666 2715 794 2761 pater
827 2723 892 2751 me
922 2712 1121 2761 assuevit,
1188 2710 1272 2760 dit,
1308 2711 1535 2761 quomodo
1568 2721 1615 2750 se
1645 2713 1774 2762 pater
1803 2713 1894 2753 suis
1925 2714 2072 2753 moni-

241 2775 422 2814 notamlo
457 2774 656 2824 exemplis
693 2786 881 2824 quaeque
908 2775 1122 2825 vitiorum,
1189 2773 1242 2813 tis
1288 2783 1472 2813 monere
1515 2772 1669 2813 solitus
1712 2775 1854 2824 esset,
1902 2775 2074 2815 interea

238 2841 285 2877 ut
311 2837 548 2888 fu9e›·em;»
580 2838 628 2876 ut
658 2837 878 2877 sententia
908 2838 1020 2877 haec
1042 2839 1120 2879 sit:

244 2900 311 2938 «Si
336 2899 443 2950 quid
472 2898 582 2938 forte
604 2900 647 2938 in
669 2901 815 2940 satiris
845 2899 1029 2940 liberius
1050 2903 1126 2939 aut

242 2962 433 3001 iocosius
463 2961 519 3000 de
549 2962 635 3002 hoc
666 2963 799 3014 atque
840 2962 911 3002 illo
943 2963 1124 3003 homine

243 3025 318 3063 aut
345 3023 449 3062 vitio
480 3023 656 3073 dixero,
690 3025 733 3064 id
763 3026 872 3064 mihi
902 3026 1122 3076 ignosces,

242 3088 483 3139 propterea
514 3086 634 3136 quod
668 3087 711 3126 in
749 3099 850 3128 eam
881 3090 1126 3128 consuetu-

243 3149 394 3189 dinem
424 3147 643 3189 adductus
675 3161 775 3190 sum
805 3152 959 3203 optimi
989 3152 1126 3203 patris

244 3212 539 3261 institutione,
589 3213 754 3264 quippe
794 3215 870 3264 qui
909 3213 1125 3266 exemplis

242 3275 451 3314 vitiorum
496 3285 700 3325 quaeque
742 3277 897 3316 notare
935 3275 1123 3326 soleret,

243 3339 291 3377 ut
321 3348 573 3377 caverem.»
632 3339 884 3377 Pronomen
913 3339 988 3378 hoc
1008 3339 1128 3379 refe-

245 3400 436 3440 rendum
463 3399 519 3440 ad
549 3401 832 3450 antegressa,
872 3401 920 3439 ut
956 3401 1042 3440 Sat.
1077 3401 1123 3450 11,
1191 3401 1280 3452 quii
1323 3400 1584 3452 praeferunt
1627 3400 1741 3438 Voss
1786 3400 1829 3437 et
1872 3398 2068 3438 Schmid.

247 3462 295 3511 6,
337 3462 414 3503 68:
467 3463 512 3502 Si
554 3474 685 3512 neque
729 3462 959 3502 avaritiam
997 3474 1128 3514 neque
1191 3464 1285 3503 Hoc
1324 3465 1475 3503 tamen
1516 3473 1679 3502 nomen
1719 3461 1763 3500 in
1794 3461 1956 3501 mirum
1987 3461 2074 3501 hoc

392 3540 544 3577 HORAT.
576 3550 669 3577 voL.
701 3540 744 3576 11.
799 3550 863 3576 m).
894 3549 978 3575 ΜΑΙ.
1010 3539 1069 3576 111.
1714 3539 1736 3575 6

1189 2834 1352 2875 multos
1383 2835 1618 2886 percutit.»
1669 2836 1771 2876 Aca.
1815 2860 1859 2865 —
1891 2837 2072 2889 Barrus]

1188 2898 1324 2937 homo
1365 2898 1554 2948 ignotus.
1609 2897 1695 2938 Cfr.
1731 2899 1815 2938 Sat.
1852 2900 1896 2948 11,
1942 2900 1986 2950 7,
2030 2901 2070 2941 8.

1192 2984 1237 2988 —
1270 2961 1402 3013 inops]
1445 2961 1513 3000 sit.
1548 2960 1778 3001 Manifesto
1820 2961 1934 3001 duae
1971 2965 2075 3002 sunt

1188 3035 1409 3076 personae
1428 3057 1435 3074 ,
1469 3035 1558 3063 non
1588 3025 1634 3063 ut
1656 3025 1843 3064 Ioannes
1864 3036 1951 3064 von
1974 3027 2074 3066 Gott

1188 3086 1392 3127 Frohlich
1414 3089 1564 3137 Progr.
1588 3097 1630 3138 p.
1654 3086 1718 3125 49.
1744 3085 1897 3137 legens
1929 3092 2069 3140 atque,

1189 3149 1310 3201 quod
1347 3149 1528 3189 exhibet
1572 3149 1679 3189 Cod.
1712 3148 1765 3198 b,
1814 3150 1924 3189 mira
1965 3161 2074 3190 con-

1188 3213 1430 3253 structione
1462 3222 1597 3251 unam
1628 3211 1749 3251 facit:
1786 3216 1856 3251 «ut
1883 3213 2072 3261 Barrus,

1187 3275 1278 3315 Albi
1304 3275 1435 3326 filius,
1481 3274 1590 3313 male
1627 3278 1752 3323 atque
1791 3274 1909 3323 inops
1941 3275 2070 3314 vivat.

1193 3362 1237 3367 —
1272 3338 1452 3388 Scetani]
1485 3338 1604 3377 Lect.
1629 3337 1796 3376 Sectaui
1828 3336 1932 3377 Cid.
1960 3337 2074 3376 Cru-
