2231 3787
177 282 207 333 3
224 281 234 334 1
250 282 279 332 2
810 279 1025 319 HORATII
1055 278 1354 320 SATIRARUM

243 412 443 481 Pingue
482 426 649 481 pecus
687 409 903 462 domino
942 408 1102 462 facias
1142 415 1195 461 et
1232 414 1412 460 cetera
1449 413 1664 475 praeter

245 512 547 584 Ingenium,
588 520 754 582 utque
794 510 962 572 soleS‚
1005 517 1185 563 custos
1224 506 1351 559 mihi
1394 507 1655 560 maximus
1695 505 1856 560 adsis.
1918 505 1984 558 ’15

243 616 383 685 Ergo
420 613 513 666 ubi
551 630 636 666 me
674 613 726 664 in
764 620 971 664 montes
1010 619 1062 663 et
1100 609 1152 660 in
1190 625 1370 662 arcem
1409 624 1476 661 ex
1511 607 1648 660 urbe
1677 607 1905 669 removi,

244 715 384 781 Quid
422 714 571 786 prius
611 713 866 766 illustrem
908 711 1083 764 satiris
1121 726 1384 780 musaque
1423 708 1705 780 pedestri?

243 819 353 871 Nec
391 816 529 869 mala
568 832 653 868 me
694 813 910 867 ambitio
950 811 1128 883 perdit
1165 828 1264 865 nec
1301 809 1587 881 plumbeus
1623 811 1815 864 Auster

286 1025 298 1061 t
311 1023 348 1061 6.
383 1022 530 1060 montis
559 1030 597 1059 c.

175 1205 312 1252 iuvat,
348 1204 397 1241 ut
433 1203 608 1252 gratum
638 1201 693 1242 sit
722 1201 870 1240 animo
901 1210 1047 1239 meo.»

173 1264 315 1306 Nolim
349 1265 552 1315 accipere
584 1263 638 1303 de
671 1265 794 1314 grato
817 1273 920 1314 erga
941 1262 1050 1302 deos

175 1329 345 1377 animo,
390 1338 536 1378 neque
569 1328 636 1366 est
665 1326 840 1377 generis
870 1335 1051 1365 mascu-

179 1390 266 1431 lini.

231 1452 391 1493 114-19.
442 1453 597 1503 Pingue
641 1451 742 1503 cet.]
788 1451 962 1490 locatur
1007 1450 1050 1489 in

175 1515 381 1565 ambigua
427 1514 742 1563 significat-ione
785 1524 828 1552 V.
866 1514 1047 1564 pinque,

176 1578 295 1630 quod
325 1578 381 1617 ad
412 1578 634 1628 ingenium
666 1575 854 1615 relatum
887 1574 1052 1625 signifi-

175 1644 244 1680 cat
276 1651 525 1687 «crassum,
560 1638 779 1678 tardum.»
816 1661 860 1666 —
897 1636 1048 1687 cetera]

174 1706 219 1742 ut
266 1715 390 1750 arva,
441 1704 587 1753 prata,
641 1699 812 1742 similia.
850 1723 895 1729 --
927 1704 1054 1748 utque

175 1766 290 1814 soles]
338 1765 430 1803 «uti
477 1766 598 1814 grato
644 1764 790 1802 animo
834 1773 1047 1813 agnosco,

174 1831 216 1868 te
258 1838 437 1878 semper
474 1826 580 1865 mihi
624 1826 864 1877 propitium
907 1835 1050 1863 esse.»

178 1890 301 1930 Cons.
334 1888 411 1929 Od.
446 1889 494 1936 2,
527 1889 573 1936 7,
618 1888 667 1927 43
710 1898 776 1938 sq.
815 1909 859 1914 —-
903 1886 1051 1937 custos]

172 1948 350 2008 Ἑρμῆς
379 1948 564 2003 λόγιος,
609 1952 840 2001 poetarum
873 1959 1053 1999 semper

178 2019 352 2062 custos,
385 2014 503 2052 unde
536 2013 617 2052 hos
647 2014 776 2051 vocat
804 2013 916 2050 viros
944 2012 1055 2050 Mer-

177 2077 356 2117 curiales
385 2076 462 2115 Od.
488 2077 532 2117 2,
569 2075 642 2122 117,
675 2074 740 2113 ⁶29.
770 2097 811 2101 ——
837 2074 880 2112 in
900 2076 1055 2112 montes

179 2139 289 2190 cet]
345 2156 361 2174 (ι
380 2140 421 2177 in
466 2137 648 2177 Sabinos
700 2138 875 2175 montes
921 2137 963 2174 et
1011 2136 1053 2173 in

178 2200 326 2241 villam
350 2211 539 2248 meam»,
572 2210 726 2247 arcem,
760 2198 861 2248 quia
893 2198 934 2236 in
956 2196 1053 2236 loco

180 2264 318 2310 edito,
352 2264 394 2302 in
425 2261 647 2301 radicibus
682 2261 840 2299 Usticae
869 2260 1056 2299 cubantis

182 2326 272 2375 (Od.
314 2327 351 2371 l,
397 2326 469 2371 47,
517 2325 616 2373 ›ll.),
665 2322 895 2362 aedificata
942 2324 1050 2361 erat.

180 2388 302 2438 (Vide
332 2386 654 2427 Walckenaerii
692 2387 946 2424 accuratam
984 2386 1055 2423 to—

179 2452 263 2490 tius
301 2452 465 2488 tractus
504 2447 843 2488 delineationem
884 2447 926 2485 in
966 2446 1053 2485 fine

178 2512 272 2553 Vol.
297 2514 363 2562 ΙΙ.)
414 2513 555 2551 Minus
576 2513 698 2550 recte
721 2521 822 2549 cuin
854 2509 1056 2560 Porphy-

179 2577 302 2614 rione
342 2574 432 2614 alii:
480 2575 548 2612 «In
591 2584 730 2612 arcem
770 2571 884 2611 belle
924 2571 1050 2620 dixit,

178 2637 297 2677 velut
327 2649 448 2676 rex.»
506 2637 635 2676 Certe
676 2646 763 2674 non
794 2635 942 2685 regiae
974 2645 1055 2673 ne-

180 2702 271 2741 scio
294 2702 417 2740 cuius
439 2698 732 2745 condicionis,
767 2697 871 2744 sed,
905 2697 939 2736 si
971 2696 1052 2744 vis,

180 2763 427 2803 securitatis
467 2762 585 2801 notio
624 2760 751 2799 inest.
811 2758 891 2799 Alii
927 2758 1055 2798 deni-

181 2835 267 2875 que
302 2826 359 2872 (ut
392 2824 530 2863 Voss:
572 2823 615 2860 in
652 2823 716 2861 die
753 2822 874 2872 Berq'
907 2821 969 2860 als
997 2821 1056 2859 si-

179 2888 296 2926 chere
315 2886 447 2935 Hahnj
469 2896 549 2936 per
570 2881 857 2937 ἑπεξήγησιν
879 2895 919 2923 v.
941 2894 1057 2922 mon-

180 2953 237 2988 tes
283 2959 522 3000 perperam
572 2947 806 2997 accipiunt.
857 2966 900 2973 —
951 2945 1057 2994 Quid

174 3011 297 3061 prius
327 3010 427 3061 cet]
461 3008 621 3059 Supple
656 3019 816 3059 «quam
846 3008 960 3047 hanc
991 3006 1057 3046 fe-

181 3072 413 3118 licitatem,
447 3081 531 3120 qua
564 3071 604 3108 in
636 3071 797 3109 rustica
822 3068 1055 3109 solitudine

180 3137 322 3174 utor.»
354 3132 533 3183 Scripsit
564 3132 681 3170 enim
711 3132 821 3171 haec
843 3132 918 3170 aut
947 3130 1059 3170 scri—

182 3197 323 3249 psisse
356 3206 403 3235 se
435 3194 557 3244 fingit
586 3194 700 3241 ruri,
734 3193 942 3243 quocirca
974 3192 1057 3231 hoc

183 3260 307 3300 dicit:
334 3260 483 3298 «Nunc
500 3267 601 3295 cum
617 3256 658 3295 in
679 3255 889 3295 Sabinum
907 3265 1056 3294 meum

185 3334 235 3362 ex
261 3321 373 3363 [ere
397 3331 468 3359 me
489 3319 667 3369 recepi,
702 3319 889 3366 Satirae,
924 3328 1058 3368 quam

187 3394 457 3435 componere
490 3381 573 3421 sert
594 3381 792 3428 animus,
826 3390 1060 3430 argumen-

186 3451 280 3486 tum
310 3445 437 3496 longe
470 3443 748 3495 aptissimum
788 3441 829 3481 id
862 3442 966 3489 crit,
1013 3443 1060 3480 ut

187 3508 300 3548 laeto
339 3509 485 3548 animo
523 3505 778 3557 praedicem
811 3503 1060 3544 rusticatio-

1113 1199 1243 1239 tionis
1272 1199 1455 1250 insignia
1474 1197 1642 1248 bona3»
1676 1209 1818 1250 eaque
1839 1198 1988 1239 statim

1115 1263 1369 1301 enumerat:
1419 1262 1522 1301 «Hic
1562 1262 1680 1302 enim
1724 1272 1809 1301 neo
1851 1271 1988 1313 prava

1115 1323 1296 1364 ambitio
1326 1334 1398 1362 me
1429 1325 1601 1363 vexat.»
1633 1325 1717 1363 cet.
1768 1321 1849 1363 Alii
1879 1324 1990 1363 Ges-

1115 1396 1273 1425 nerum
1294 1386 1455 1425 secuti:
1493 1384 1654 1425 «Simul
1676 1387 1808 1436 atque
1828 1384 1989 1425 adveni

1114 1449 1157 1487 in
1188 1447 1418 1498 Sabinum,
1460 1459 1548 1487 non
1578 1449 1688 1496 iam,
1729 1450 1777 1488 ut
1805 1449 1987 1498 Romae,

1115 1510 1295 1550 ambitio
1325 1521 1397 1550 me
1428 1512 1559 1550 vexat
1592 1521 1738 1561 neque
1769 1511 1884 1549 vitae
1915 1521 1992 1561 pe—

1115 1572 1302 1612 riculum
1323 1574 1516 1612 minatur
1534 1574 1708 1612 Auster.
1771 1572 1883 1620 Quid
1904 1572 1990 1612 hoc

1117 1634 1278 1687 duplici
1310 1634 1546 1674 commodo
1580 1635 1703 1685 prius
1732 1634 1991 1687 praedicem

1117 1708 1169 1737 eo
1229 1697 1479 1748 scriptionis
1541 1708 1704 1748 genere
1767 1696 1988 1748 pedestri,

1117 1760 1235 1811 quod
1267 1758 1472 1799 excolo‘?»
1519 1760 1576 1798 ita
1606 1761 1655 1799 ut
1681 1771 1723 1798 v.
1749 1760 1816 1799 47.
1840 1760 1882 1799 in
1910 1770 1993 1811 pa-

1116 1822 1314 1870 renthesi
1357 1822 1526 1872 positus
1557 1823 1612 1861 sit
1651 1820 1721 1861 vel
1766 1832 1868 1862 cum
1903 1822 1993 1862 Ha-

1115 1883 1349 1924 berfeldtio
1378 1885 1692 1934 transponatur
1721 1885 1820 1935 post
1848 1895 1890 1924 v,
1925 1883 1990 1924 49.

1116 1950 1321 1988 Attamen
1361 1945 1497 1985 altera
1537 1946 1777 1998 simplicior
1809 1948 1920 1987 ratio
1951 1948 1995 1987 et

1118 2020 1260 2060 aeque
1293 2007 1408 2047 clara
1432 2019 1514 2047 nec
1535 2009 1680 2048 minus
1703 2009 1918 2049 concinna
1940 2020 1994 2049 ex

1118 2082 1219 2111 mea
1277 2070 1458 2121 quidem
1521 2072 1739 2110 sententia
1800 2071 1990 2111 videtur.
2056 2058 2070 2071 ¹

1118 2133 1382 2174 Iamdudum
1406 2134 1556 2171 autem
1578 2131 1834 2172 derelictam
1863 2134 1995 2184 puta-

1118 2196 1224 2236 bam
1254 2194 1534 2234 falsissimam
1563 2196 1752 2235 Dacierii
1783 2197 1827 2235 et
1856 2196 1996 2235 Sana-

1119 2258 1222 2298 doni
1253 2257 1687 2308 interpretationem:
1724 2257 1855 2308 «quid
1875 2268 1997 2297 com-

1119 2330 1282 2371 ponam
1320 2320 1443 2370 prius
1482 2329 1616 2369 quam
1647 2319 1858 2360 satiras‘?»
1905 2319 1996 2359 Ve-

1118 2393 1218 2421 rum
1264 2393 1369 2421 ecce
1424 2382 1592 2432 Burgos
1639 2380 1815 2432 (4823):
1883 2382 1998 2432 Que

1114 2445 1281 2495 paeda
1319 2444 1474 2483 haeer
1510 2445 1672 2493 mejor
1714 2455 1771 2483 en
1806 2445 1874 2483 mi
1913 2455 1996 2484 ea-

1119 2507 1265 2547 stillo
1323 2508 1424 2556 Que
1484 2506 1684 2545 satiras
1729 2507 1787 2546 de
1843 2505 1996 2546 estilo

1118 2581 1236 2618 muy
1266 2567 1498 2608 sencino?
1529 2571 1572 2608 et
1593 2567 1795 2608 Herzlieb
1820 2568 1989 2619 (4837.):

1118 2634 1261 2672 Demi
1289 2631 1366 2670 ich
1388 2631 1557 2680 preise
1585 2634 1762 2670 zuerst
1792 2632 1882 2669 der
1911 2630 1998 2670 Sa-

1118 2695 1214 2733 tire
1258 2692 1584 2732 bescheidene
1625 2693 1778 2731 Muse.
1815 2714 1860 2720 —
1891 2703 1996 2731 mu—

1117 2767 1245 2806 saque
1268 2754 1461 2805 pedestri]
1503 2754 1588 2794 Cfr.
1626 2755 1711 2793 Sat.
1751 2755 1795 2802 ¹1,
1838 2753 1886 2802 4,
1926 2753 1993 2795 47.

1120 2818 1198 2858 Od.
1223 2818 1271 2866 2,
1305 2817 1378 2865 42,
1413 2816 1450 2855 9.
1502 2818 1550 2855 A.
1575 2818 1620 2855 P.
1647 2815 1711 2855 95.
1746 2816 1854 2867 Epp.
1878 2816 1926 2864 2,
1954 2816 1994 2866 11,

1119 2880 1198 2920 ς250
1220 2891 1227 2917 1
1273 2889 1477 2918 sermones
1496 2901 1520 2907 -
1539 2900 1562 2906 -
1581 2879 1774 2927 Repentes
1804 2888 1882 2927 per
1915 2878 1996 2917 hu-

1119 2953 1245 2982 mum.
1307 2939 1481 2988 Quintil.
1507 2941 1580 2989 40,
1615 2941 1660 2989 1,
1695 2939 1771 2979 81ῑ
1817 2940 1996 2979 multum

1121 3006 1228 3044 enim
1275 3015 1407 3053 supra
1454 3013 1629 3052 prosam
1680 3002 1911 3041 orationem
1959 3005 1997 3042 et

1122 3078 1248 3117 quam
1257 3067 1486 3116 pedestrem
1502 3060 1659 3115 (πεζὸν
1673 3060 1830 3116 λόγον)
1846 3063 1997 3104 Graeci

1119 3132 1270 3169 vocant
1310 3128 1446 3178 surgit
1491 3126 1652 3177 (Plato).
1702 3125 1880 3165 Lucian.
1911 3126 1994 3164 Pro

1122 3192 1280 3242 imagg.
1307 3190 1378 3230 48:
1427 3189 1470 3228 εἰ
1496 3189 1577 3229 καὶ
1606 3187 1763 3240 χαμαὶ
1790 3187 1873 3226 καὶ
1900 3182 1995 3234 βά-

1121 3252 1208 3306 δην
1232 3277 1256 3282 -
1276 3277 1299 3283 -
1320 3247 1441 3291 ἀλλὰ
1474 3248 1543 3304 μὴ
1581 3250 1659 3292 ἐπὶ
1693 3250 1877 3305 μέτρων
1905 3248 1996 3298 φέ-

1123 3327 1297 3373 ροιντο.
1324 3337 1371 3343 -
1393 3315 1477 3354 Nee
1495 3314 1613 3353 mala
1629 3324 1695 3352 me
1714 3311 1883 3351 ambitio
1897 3321 1997 3361 per-

1123 3379 1194 3430 dic]
1229 3377 1291 3418 Cf.
1316 3375 1440 3417 Ovid.
1464 3377 1639 3416 Metam.
1666 3375 1708 3414 Μ
1730 3405 1738 3423 ,
1772 3373 1875 3413 765;
1921 3372 1998 3413 Se·

1123 3445 1255 3480 cretos
1281 3443 1438 3479 montes
1465 3442 1503 3478 et
1529 3435 1861 3477 inambitiosa
1889 3434 1998 3474 cole-

1124 3502 1193 3541 bat
1221 3503 1351 3541 Rura.
1401 3499 1593 3540 Ambitio
1615 3498 1764 3538 autem
1783 3496 1897 3537 mala
1917 3505 1998 3534 vo-
