<?xml version="1.0" encoding="UTF-8"?>
<!DOCTYPE html PUBLIC "-//W3C//DTD XHTML 1.0 Transitional//EN"
    "http://www.w3.org/TR/xhtml1/DTD/xhtml1-transitional.dtd">
<html xmlns="http://www.w3.org/1999/xhtml" xml:lang="en" lang="en">
 <head>
  <title>
</title>
<meta http-equiv="Content-Type" content="text/html;charset=utf-8" />
  <meta name='ocr-system' content='tesseract 3.04.00' />
  <meta name='ocr-capabilities' content='ocr_page ocr_carea ocr_par ocr_line ocrx_word'/>
</head>
<body>
  <div class='ocr_page' id='page_1' title='image "./qhoratiusflaccus02horauoft_0487.png"; bbox 0 0 2231 3787; ppageno 0'>
   <div class='ocr_carea' id='block_1_1' title="bbox 819 321 1326 362">
    <p class='ocr_par' dir='ltr' id='par_1_1' title="bbox 819 321 1326 362">
     <span class='ocr_line' id='line_1_1' title="bbox 819 321 1326 362; baseline -0.002 -1"><span class='ocrx_word' id='word_1_1' title='bbox 819 322 916 361; x_wconf 89' lang='lat' dir='ltr'>LIB.</span> <span class='ocrx_word' id='word_1_2' title='bbox 952 323 979 361; x_wconf 90' lang='lat' dir='ltr'>l.</span> <span class='ocrx_word' id='word_1_3' title='bbox 1041 321 1204 362; x_wconf 79' lang='lat' dir='ltr'>EPIST.</span> <span class='ocrx_word' id='word_1_4' title='bbox 1239 321 1326 360; x_wconf 85' lang='lat' dir='ltr'>Vll.</span> 
     </span>
    </p>
   </div>
   <div class='ocr_carea' id='block_1_2' title="bbox 1900 319 1995 370">
    <p class='ocr_par' dir='ltr' id='par_1_2' title="bbox 1900 319 1995 370">
     <span class='ocr_line' id='line_1_2' title="bbox 1900 319 1995 370; baseline -0.032 0"><span class='ocrx_word' id='word_1_5' title='bbox 1900 319 1995 370; x_wconf 68' lang='lat'>4-4-1.)</span> 
     </span>
    </p>
   </div>
   <div class='ocr_carea' id='block_1_3' title="bbox 245 452 1733 526">
    <p class='ocr_par' dir='ltr' id='par_1_3' title="bbox 245 452 1733 526">
     <span class='ocr_line' id='line_1_3' title="bbox 245 452 1733 526; baseline -0.003 -18"><span class='ocrx_word' id='word_1_6' title='bbox 245 457 416 520; x_wconf 88' lang='lat' dir='ltr'>Quam</span> <span class='ocrx_word' id='word_1_7' title='bbox 459 455 582 507; x_wconf 88' lang='lat' dir='ltr'>mihi</span> <span class='ocrx_word' id='word_1_8' title='bbox 624 455 720 508; x_wconf 86' lang='lat' dir='ltr'>das</span> <span class='ocrx_word' id='word_1_9' title='bbox 760 471 947 526; x_wconf 81' lang='lat' dir='ltr'>aegrO,</span> <span class='ocrx_word' id='word_1_10' title='bbox 991 452 1146 506; x_wconf 90' lang='lat' dir='ltr'>dabis</span> <span class='ocrx_word' id='word_1_11' title='bbox 1187 460 1467 524; x_wconf 76' lang='lat' dir='ltr'>aegrotare</span> <span class='ocrx_word' id='word_1_12' title='bbox 1507 453 1733 505; x_wconf 79' lang='lat' dir='ltr'>timenti.</span> 
     </span>
    </p>
   </div>
   <div class='ocr_carea' id='block_1_4' title="bbox 245 554 1998 626">
    <p class='ocr_par' dir='ltr' id='par_1_4' title="bbox 245 554 1998 626">
     <span class='ocr_line' id='line_1_4' title="bbox 245 554 1998 626; baseline -0.002 -16"><span class='ocrx_word' id='word_1_13' title='bbox 245 559 552 617; x_wconf 78' lang='lat' dir='ltr'>Maecenas,</span> <span class='ocrx_word' id='word_1_14' title='bbox 593 556 827 618; x_wconf 84' lang='lat' dir='ltr'>veniam,</span> <span class='ocrx_word' id='word_1_15' title='bbox 871 556 999 609; x_wconf 90' lang='lat' dir='ltr'>dum</span> <span class='ocrx_word' id='word_1_16' title='bbox 1038 556 1172 609; x_wconf 91' lang='lat' dir='ltr'>ficus</span> <span class='ocrx_word' id='word_1_17' title='bbox 1210 556 1383 626; x_wconf 84' lang='lat' dir='ltr'>prima</span> <span class='ocrx_word' id='word_1_18' title='bbox 1421 554 1678 626; x_wconf 82' lang='lat' dir='ltr'>calorque</span> <span class='ocrx_word' id='word_1_19' title='bbox 1970 559 1998 607; x_wconf 74' lang='lat'>:5</span> 
     </span>
    </p>
   </div>
   <div class='ocr_carea' id='block_1_5' title="bbox 244 657 1425 731">
    <p class='ocr_par' dir='ltr' id='par_1_5' title="bbox 244 657 1425 731">
     <span class='ocr_line' id='line_1_5' title="bbox 244 657 1425 731; baseline 0.001 -18"><span class='ocrx_word' id='word_1_20' title='bbox 244 660 654 731; x_wconf 81' lang='lat' dir='ltr'>Designatorem</span> <span class='ocrx_word' id='word_1_21' title='bbox 695 658 916 713; x_wconf 77' lang='lat' dir='ltr'>decorat</span> <span class='ocrx_word' id='word_1_22' title='bbox 954 657 1232 712; x_wconf 83' lang='lat' dir='ltr'>lictoribus</span> <span class='ocrx_word' id='word_1_23' title='bbox 1273 658 1425 714; x_wconf 75' lang='lat' dir='ltr'>atris,</span> 
     </span>
    </p>
   </div>
   <div class='ocr_carea' id='block_1_6' title="bbox 245 758 1658 833">
    <p class='ocr_par' dir='ltr' id='par_1_6' title="bbox 245 758 1658 833">
     <span class='ocr_line' id='line_1_6' title="bbox 245 758 1658 833; baseline 0 -19"><span class='ocrx_word' id='word_1_24' title='bbox 245 763 382 815; x_wconf 90' lang='lat' dir='ltr'>Dum</span> <span class='ocrx_word' id='word_1_25' title='bbox 421 762 606 833; x_wconf 88' lang='lat' dir='ltr'>pueris</span> <span class='ocrx_word' id='word_1_26' title='bbox 647 762 819 814; x_wconf 91' lang='lat' dir='ltr'>omnis</span> <span class='ocrx_word' id='word_1_27' title='bbox 860 769 1013 832; x_wconf 90' lang='lat' dir='ltr'>pater</span> <span class='ocrx_word' id='word_1_28' title='bbox 1053 769 1105 814; x_wconf 92' lang='lat' dir='ltr'>et</span> <span class='ocrx_word' id='word_1_29' title='bbox 1141 759 1434 813; x_wconf 77' lang='lat' dir='ltr'>matercula</span> <span class='ocrx_word' id='word_1_30' title='bbox 1474 758 1658 831; x_wconf 79' lang='lat' dir='ltr'>pallet.</span> 
     </span>
    </p>
   </div>
   <div class='ocr_carea' id='block_1_7' title="bbox 246 862 1487 936">
    <p class='ocr_par' dir='ltr' id='par_1_7' title="bbox 246 862 1487 936">
     <span class='ocr_line' id='line_1_7' title="bbox 246 862 1487 936; baseline -0.004 -17"><span class='ocrx_word' id='word_1_31' title='bbox 246 863 612 936; x_wconf 85' lang='lat' dir='ltr'>Officiosaque</span> <span class='ocrx_word' id='word_1_32' title='bbox 655 862 913 917; x_wconf 85' lang='lat' dir='ltr'>sedulitas</span> <span class='ocrx_word' id='word_1_33' title='bbox 954 871 1007 917; x_wconf 93' lang='lat' dir='ltr'>et</span> <span class='ocrx_word' id='word_1_34' title='bbox 1045 862 1221 934; x_wconf 92' lang='lat' dir='ltr'>opella</span> <span class='ocrx_word' id='word_1_35' title='bbox 1259 862 1487 915; x_wconf 84' lang='lat' dir='ltr'>sorensis</span> 
     </span>
    </p>
   </div>
   <div class='ocr_carea' id='block_1_8' title="bbox 245 965 1430 1035">
    <p class='ocr_par' dir='ltr' id='par_1_8' title="bbox 245 965 1430 1035">
     <span class='ocr_line' id='line_1_8' title="bbox 245 965 1430 1035; baseline -0.003 -16"><span class='ocrx_word' id='word_1_36' title='bbox 245 966 475 1021; x_wconf 88' lang='lat' dir='ltr'>Adducit</span> <span class='ocrx_word' id='word_1_37' title='bbox 512 965 691 1019; x_wconf 89' lang='lat' dir='ltr'>febres</span> <span class='ocrx_word' id='word_1_38' title='bbox 731 974 784 1019; x_wconf 90' lang='lat' dir='ltr'>et</span> <span class='ocrx_word' id='word_1_39' title='bbox 821 973 1139 1018; x_wconf 88' lang='lat' dir='ltr'>testamenta</span> <span class='ocrx_word' id='word_1_40' title='bbox 1180 965 1430 1035; x_wconf 81' lang='lat' dir='ltr'>resignat.</span> 
     </span>
    </p>
   </div>
   <div class='ocr_carea' id='block_1_9' title="bbox 248 1065 1541 1137">
    <p class='ocr_par' dir='ltr' id='par_1_9' title="bbox 248 1065 1541 1137">
     <span class='ocr_line' id='line_1_9' title="bbox 248 1065 1541 1137; baseline -0.003 -15"><span class='ocrx_word' id='word_1_41' title='bbox 248 1068 454 1134; x_wconf 87' lang='lat' dir='ltr'>Quodsi</span> <span class='ocrx_word' id='word_1_42' title='bbox 493 1068 687 1121; x_wconf 86' lang='lat' dir='ltr'>bruma</span> <span class='ocrx_word' id='word_1_43' title='bbox 724 1067 876 1120; x_wconf 82' lang='lat' dir='ltr'>nives</span> <span class='ocrx_word' id='word_1_44' title='bbox 916 1065 1132 1120; x_wconf 87' lang='lat' dir='ltr'>Albanis</span> <span class='ocrx_word' id='word_1_45' title='bbox 1174 1065 1340 1120; x_wconf 89' lang='lat' dir='ltr'>illinet</span> <span class='ocrx_word' id='word_1_46' title='bbox 1378 1065 1541 1137; x_wconf 77' lang='lat' dir='ltr'>agris,</span> 
     </span>
    </p>
   </div>
   <div class='ocr_carea' id='block_1_10' title="bbox 1936 1066 2002 1119">
    <p class='ocr_par' dir='ltr' id='par_1_10' title="bbox 1936 1066 2002 1119">
     <span class='ocr_line' id='line_1_10' title="bbox 1936 1066 2002 1119; baseline -0.03 0"><span class='ocrx_word' id='word_1_47' title='bbox 1936 1066 1955 1119; x_wconf 56' lang='grc' dir='ltr'>Ι’1</span> <span class='ocrx_word' id='word_1_48' title='bbox 1971 1070 2002 1118; x_wconf 88' lang='grc'><strong>0</strong></span> 
     </span>
    </p>
   </div>
   <div class='ocr_carea' id='block_1_11' title="bbox 286 1200 1946 1254">
    <p class='ocr_par' dir='ltr' id='par_1_11' title="bbox 286 1200 1946 1254">
     <span class='ocr_line' id='line_1_11' title="bbox 286 1200 1946 1254; baseline -0.001 -11"><span class='ocrx_word' id='word_1_49' title='bbox 286 1205 325 1244; x_wconf 74' lang='grc' dir='ltr'>ὅ.</span> <span class='ocrx_word' id='word_1_50' title='bbox 353 1203 548 1254; x_wconf 78' lang='lat' dir='ltr'>colorque</span> <span class='ocrx_word' id='word_1_51' title='bbox 575 1203 622 1250; x_wconf 80' lang='lat' dir='ltr'>F..</span> <span class='ocrx_word' id='word_1_52' title='bbox 657 1214 710 1243; x_wconf 80' lang='lat' dir='ltr'>ex</span> <span class='ocrx_word' id='word_1_53' title='bbox 741 1201 834 1242; x_wconf 86' lang='lat' dir='ltr'>aliis</span> <span class='ocrx_word' id='word_1_54' title='bbox 863 1200 1001 1242; x_wconf 90' lang='lat' dir='ltr'>Codd.</span> <span class='ocrx_word' id='word_1_55' title='bbox 1028 1201 1073 1240; x_wconf 91' lang='lat' dir='ltr'>C.</span> <span class='ocrx_word' id='word_1_56' title='bbox 1099 1224 1142 1229; x_wconf 87' lang='lat'>—</span> <span class='ocrx_word' id='word_1_57' title='bbox 1169 1200 1207 1240; x_wconf 88' lang='lat'>6.</span> <span class='ocrx_word' id='word_1_58' title='bbox 1229 1201 1561 1252; x_wconf 70' lang='lat' dir='ltr'>Dissigynatorem</span> <span class='ocrx_word' id='word_1_59' title='bbox 1578 1201 1650 1241; x_wconf 83' lang='lat' dir='ltr'>Ec.</span> <span class='ocrx_word' id='word_1_60' title='bbox 1677 1223 1718 1229; x_wconf 93' lang='lat'><strong>—</strong></span> <span class='ocrx_word' id='word_1_61' title='bbox 1742 1202 1806 1241; x_wconf 62' lang='lat'>210.</span> <span class='ocrx_word' id='word_1_62' title='bbox 1838 1213 1946 1252; x_wconf 77' lang='lat' dir='ltr'>pru-</span> 
     </span>
    </p>
   </div>
   <div class='ocr_carea' id='block_1_12' title="bbox 234 1267 515 1306">
    <p class='ocr_par' dir='ltr' id='par_1_12' title="bbox 234 1267 515 1306">
     <span class='ocr_line' id='line_1_12' title="bbox 234 1267 515 1306; baseline -0.007 0"><span class='ocrx_word' id='word_1_63' title='bbox 234 1278 303 1306; x_wconf 86' lang='lat' dir='ltr'>ma</span> <span class='ocrx_word' id='word_1_64' title='bbox 331 1267 441 1306; x_wconf 77' lang='lat' dir='ltr'>niuis</span> <span class='ocrx_word' id='word_1_65' title='bbox 469 1267 515 1305; x_wconf 82' lang='lat' dir='ltr'>E.</span> 
     </span>
    </p>
   </div>
   <div class='ocr_carea' id='block_1_13' title="bbox 175 1378 1089 2064">
    <p class='ocr_par' dir='ltr' id='par_1_13' title="bbox 175 1378 1052 1442">
     <span class='ocr_line' id='line_1_13' title="bbox 175 1378 1052 1442; baseline -0.006 -16"><span class='ocrx_word' id='word_1_66' title='bbox 175 1384 316 1442; x_wconf 73' lang='grc' dir='ltr'><em>βρίας</em></span> <span class='ocrx_word' id='word_1_67' title='bbox 360 1381 561 1442; x_wconf 75' lang='grc' dir='ltr'><em>Τρώγων</em></span> <span class='ocrx_word' id='word_1_68' title='bbox 605 1379 818 1441; x_wconf 77' lang='grc' dir='ltr'><em>καθεύδῃ</em></span> <span class='ocrx_word' id='word_1_69' title='bbox 867 1378 1052 1440; x_wconf 75' lang='grc' dir='ltr'>χλωρά,</span> 
     </span>
    </p>

    <p class='ocr_par' dir='ltr' id='par_1_14' title="bbox 175 1441 1089 2064">
     <span class='ocr_line' id='line_1_14' title="bbox 177 1441 1087 1505; baseline -0.003 -16"><span class='ocrx_word' id='word_1_70' title='bbox 177 1444 379 1505; x_wconf 75' lang='grc' dir='ltr'><strong><em>πυρετὸς</em></strong></span> <span class='ocrx_word' id='word_1_71' title='bbox 400 1442 579 1497; x_wconf 79' lang='grc' dir='ltr'><em>εὐθέως</em></span> <span class='ocrx_word' id='word_1_72' title='bbox 599 1441 731 1486; x_wconf 61' lang='lat' dir='ltr'>‘&#39;H-,cai</span> <span class='ocrx_word' id='word_1_73' title='bbox 751 1447 946 1504; x_wconf 76' lang='grc' dir='ltr'><em>τρέχων.</em></span> <span class='ocrx_word' id='word_1_74' title='bbox 985 1448 1056 1486; x_wconf 83' lang='lat' dir='ltr'>At-</span> <span class='ocrx_word' id='word_1_75' title='bbox 1086 1451 1087 1457; x_wconf 76' lang='grc'>’</span> 
     </span>
     <span class='ocr_line' id='line_1_15' title="bbox 176 1510 1058 1562; baseline -0.003 -11"><span class='ocrx_word' id='word_1_76' title='bbox 176 1514 327 1551; x_wconf 89' lang='lat' dir='ltr'>tamen</span> <span class='ocrx_word' id='word_1_77' title='bbox 359 1511 493 1551; x_wconf 88' lang='lat' dir='ltr'>credo</span> <span class='ocrx_word' id='word_1_78' title='bbox 522 1512 705 1562; x_wconf 74' lang='lat' dir='ltr'>poetam</span> <span class='ocrx_word' id='word_1_79' title='bbox 734 1521 805 1549; x_wconf 88' lang='lat' dir='ltr'>vv.</span> <span class='ocrx_word' id='word_1_80' title='bbox 833 1511 937 1561; x_wconf 84' lang='lat' dir='ltr'>ficus</span> <span class='ocrx_word' id='word_1_81' title='bbox 959 1510 1058 1559; x_wconf 81' lang='lat' dir='ltr'>pri-</span> 
     </span>
     <span class='ocr_line' id='line_1_16' title="bbox 175 1571 1055 1625; baseline -0.003 -12"><span class='ocrx_word' id='word_1_82' title='bbox 175 1584 247 1613; x_wconf 88' lang='lat' dir='ltr'>ma</span> <span class='ocrx_word' id='word_1_83' title='bbox 290 1575 469 1625; x_wconf 89' lang='lat' dir='ltr'>tempus</span> <span class='ocrx_word' id='word_1_84' title='bbox 515 1571 746 1613; x_wconf 86' lang='lat' dir='ltr'>dumtaxat</span> <span class='ocrx_word' id='word_1_85' title='bbox 789 1572 914 1617; x_wconf 89' lang='lat' dir='ltr'>anni,</span> <span class='ocrx_word' id='word_1_86' title='bbox 969 1583 1055 1611; x_wconf 89' lang='lat' dir='ltr'>non</span> 
     </span>
     <span class='ocr_line' id='line_1_17' title="bbox 177 1635 1089 1686; baseline -0.005 -10"><span class='ocrx_word' id='word_1_87' title='bbox 177 1636 313 1677; x_wconf 85' lang='lat' dir='ltr'>febris</span> <span class='ocrx_word' id='word_1_88' title='bbox 340 1647 394 1676; x_wconf 84' lang='lat' dir='ltr'>ex</span> <span class='ocrx_word' id='word_1_89' title='bbox 414 1636 546 1676; x_wconf 90' lang='lat' dir='ltr'>huius</span> <span class='ocrx_word' id='word_1_90' title='bbox 568 1635 738 1675; x_wconf 85' lang='lat' dir='ltr'>fructus</span> <span class='ocrx_word' id='word_1_91' title='bbox 760 1635 1056 1686; x_wconf 88' lang='lat' dir='ltr'>intemperato</span> <span class='ocrx_word' id='word_1_92' title='bbox 1087 1652 1089 1669; x_wconf 62' lang='lat'>1</span> 
     </span>
     <span class='ocr_line' id='line_1_18' title="bbox 176 1697 1054 1750; baseline -0.003 -11"><span class='ocrx_word' id='word_1_93' title='bbox 176 1710 261 1740; x_wconf 90' lang='lat' dir='ltr'>usu</span> <span class='ocrx_word' id='word_1_94' title='bbox 304 1697 554 1750; x_wconf 90' lang='lat' dir='ltr'>periculum</span> <span class='ocrx_word' id='word_1_95' title='bbox 599 1697 874 1748; x_wconf 81' lang='lat' dir='ltr'>designasse.</span> <span class='ocrx_word' id='word_1_96' title='bbox 939 1698 1054 1746; x_wconf 84' lang='lat' dir='ltr'>Iam,</span> 
     </span>
     <span class='ocr_line' id='line_1_19' title="bbox 178 1760 1059 1813; baseline -0.003 -12"><span class='ocrx_word' id='word_1_97' title='bbox 178 1763 285 1813; x_wconf 90' lang='lat' dir='ltr'>quot</span> <span class='ocrx_word' id='word_1_98' title='bbox 342 1764 598 1813; x_wconf 86' lang='lat' dir='ltr'>quantaque</span> <span class='ocrx_word' id='word_1_99' title='bbox 657 1760 913 1800; x_wconf 89' lang='lat' dir='ltr'>discrimina</span> <span class='ocrx_word' id='word_1_100' title='bbox 977 1771 1059 1811; x_wconf 90' lang='lat' dir='ltr'>per</span> 
     </span>
     <span class='ocr_line' id='line_1_20' title="bbox 178 1825 1061 1864; baseline -0.001 0"><span class='ocrx_word' id='word_1_101' title='bbox 178 1834 401 1864; x_wconf 88' lang='lat' dir='ltr'>summam</span> <span class='ocrx_word' id='word_1_102' title='bbox 433 1825 652 1864; x_wconf 80' lang='lat' dir='ltr'>aestatem</span> <span class='ocrx_word' id='word_1_103' title='bbox 672 1825 839 1863; x_wconf 87' lang='lat' dir='ltr'>Romae</span> <span class='ocrx_word' id='word_1_104' title='bbox 863 1834 1061 1863; x_wconf 90' lang='lat' dir='ltr'>commo-</span> 
     </span>
     <span class='ocr_line' id='line_1_21' title="bbox 177 1885 1060 1936; baseline -0.001 -11"><span class='ocrx_word' id='word_1_105' title='bbox 177 1885 378 1926; x_wconf 86' lang='lat' dir='ltr'>rantibus</span> <span class='ocrx_word' id='word_1_106' title='bbox 419 1887 604 1935; x_wconf 89' lang='lat' dir='ltr'>instent,</span> <span class='ocrx_word' id='word_1_107' title='bbox 646 1885 882 1926; x_wconf 85' lang='lat' dir='ltr'>artificiose</span> <span class='ocrx_word' id='word_1_108' title='bbox 925 1896 1060 1936; x_wconf 82' lang='lat' dir='ltr'>exag-</span> 
     </span>
     <span class='ocr_line' id='line_1_22' title="bbox 178 1948 1061 2001; baseline 0 -13"><span class='ocrx_word' id='word_1_109' title='bbox 178 1951 314 1999; x_wconf 81' lang='lat' dir='ltr'>gerat.</span> <span class='ocrx_word' id='word_1_110' title='bbox 343 1973 387 1977; x_wconf 91' lang='lat'>—</span> <span class='ocrx_word' id='word_1_111' title='bbox 412 1949 707 2001; x_wconf 69' lang='lat' dir='ltr'>Desiynatores</span> <span class='ocrx_word' id='word_1_112' title='bbox 735 1948 1061 2001; x_wconf 74' lang='lat' dir='ltr'>(Leiehenbe-</span> 
     </span>
     <span class='ocr_line' id='line_1_23' title="bbox 178 2011 1061 2064; baseline 0.001 -14"><span class='ocrx_word' id='word_1_113' title='bbox 178 2011 385 2063; x_wconf 80' lang='lat' dir='ltr'>statter)</span> <span class='ocrx_word' id='word_1_114' title='bbox 428 2013 657 2064; x_wconf 88' lang='lat' dir='ltr'>mancipes</span> <span class='ocrx_word' id='word_1_115' title='bbox 698 2013 824 2052; x_wconf 87' lang='lat' dir='ltr'>erant</span> <span class='ocrx_word' id='word_1_116' title='bbox 864 2013 908 2051; x_wconf 92' lang='lat' dir='ltr'>et</span> <span class='ocrx_word' id='word_1_117' title='bbox 938 2011 1061 2051; x_wconf 85' lang='lat' dir='ltr'>ordi—</span> 
     </span>
    </p>
   </div>
   <div class='ocr_carea' id='block_1_14' title="bbox 1087 1388 1094 2147">
    <p class='ocr_par' dir='ltr' id='par_1_15' title="bbox 1087 1388 1094 2147">
     <span class='ocr_line' id='line_1_24' title="bbox 1087 1388 1094 2147; baseline 0 0"><span class='ocrx_word' id='word_1_118' title='bbox 1087 1388 1094 2147; x_wconf 95' lang='lat' dir='ltr'> </span> 
     </span>
    </p>
   </div>
   <div class='ocr_carea' id='block_1_15' title="bbox 179 2074 1065 3619">
    <p class='ocr_par' dir='ltr' id='par_1_16' title="bbox 179 2074 1065 3619">
     <span class='ocr_line' id='line_1_25' title="bbox 179 2074 1059 2126; baseline 0 -13"><span class='ocrx_word' id='word_1_119' title='bbox 179 2075 359 2113; x_wconf 88' lang='lat' dir='ltr'>natores</span> <span class='ocrx_word' id='word_1_120' title='bbox 404 2074 633 2123; x_wconf 87' lang='lat' dir='ltr'>funerum,</span> <span class='ocrx_word' id='word_1_121' title='bbox 687 2075 762 2126; x_wconf 91' lang='lat' dir='ltr'>qui</span> <span class='ocrx_word' id='word_1_122' title='bbox 812 2085 894 2126; x_wconf 93' lang='lat' dir='ltr'>pro</span> <span class='ocrx_word' id='word_1_123' title='bbox 939 2076 1059 2114; x_wconf 86' lang='lat' dir='ltr'>certa</span> 
     </span>
     <span class='ocr_line' id='line_1_26' title="bbox 179 2136 1061 2177; baseline 0.001 -2"><span class='ocrx_word' id='word_1_124' title='bbox 179 2136 389 2176; x_wconf 87' lang='lat' dir='ltr'>mercede</span> <span class='ocrx_word' id='word_1_125' title='bbox 420 2136 574 2176; x_wconf 85' lang='lat' dir='ltr'>funera</span> <span class='ocrx_word' id='word_1_126' title='bbox 605 2137 824 2177; x_wconf 88' lang='lat' dir='ltr'>curabant</span> <span class='ocrx_word' id='word_1_127' title='bbox 847 2137 983 2177; x_wconf 87' lang='lat' dir='ltr'>adiuti</span> <span class='ocrx_word' id='word_1_128' title='bbox 1005 2136 1061 2176; x_wconf 88' lang='lat' dir='ltr'>ab</span> 
     </span>
     <span class='ocr_line' id='line_1_27' title="bbox 180 2197 1064 2251; baseline 0.003 -15"><span class='ocrx_word' id='word_1_129' title='bbox 180 2197 448 2238; x_wconf 85' lang='lat' dir='ltr'>administris</span> <span class='ocrx_word' id='word_1_130' title='bbox 479 2199 628 2239; x_wconf 89' lang='lat' dir='ltr'>atratis</span> <span class='ocrx_word' id='word_1_131' title='bbox 659 2210 693 2239; x_wconf 91' lang='lat' dir='ltr'>s.</span> <span class='ocrx_word' id='word_1_132' title='bbox 732 2198 929 2251; x_wconf 84' lang='lat' dir='ltr'>pullatis,</span> <span class='ocrx_word' id='word_1_133' title='bbox 963 2198 1064 2239; x_wconf 91' lang='lat' dir='ltr'>libi-</span> 
     </span>
     <span class='ocr_line' id='line_1_28' title="bbox 181 2259 1065 2301; baseline 0.002 -2"><span class='ocrx_word' id='word_1_134' title='bbox 181 2260 345 2300; x_wconf 89' lang='lat' dir='ltr'>tinariis</span> <span class='ocrx_word' id='word_1_135' title='bbox 376 2259 636 2300; x_wconf 88' lang='lat' dir='ltr'>minoribus.</span> <span class='ocrx_word' id='word_1_136' title='bbox 685 2261 771 2301; x_wconf 86' lang='lat' dir='ltr'>Cfr.</span> <span class='ocrx_word' id='word_1_137' title='bbox 798 2262 966 2301; x_wconf 85' lang='lat' dir='ltr'>Seneca</span> <span class='ocrx_word' id='word_1_138' title='bbox 988 2261 1065 2301; x_wconf 91' lang='lat' dir='ltr'>de-</span> 
     </span>
     <span class='ocr_line' id='line_1_29' title="bbox 179 2321 1065 2375; baseline 0.001 -14"><span class='ocrx_word' id='word_1_139' title='bbox 179 2321 329 2362; x_wconf 85' lang='lat' dir='ltr'>Benef.</span> <span class='ocrx_word' id='word_1_140' title='bbox 364 2323 408 2371; x_wconf 88' lang='lat'>6,</span> <span class='ocrx_word' id='word_1_141' title='bbox 443 2322 527 2372; x_wconf 89' lang='lat'>38.‚</span> <span class='ocrx_word' id='word_1_142' title='bbox 560 2322 636 2362; x_wconf 90' lang='lat' dir='ltr'>ubi</span> <span class='ocrx_word' id='word_1_143' title='bbox 667 2323 804 2374; x_wconf 80' lang='lat' dir='ltr'>iungit</span> <span class='ocrx_word' id='word_1_144' title='bbox 833 2324 1065 2375; x_wconf 64' lang='lat' dir='ltr'>designato-</span> 
     </span>
     <span class='ocr_line' id='line_1_30' title="bbox 179 2384 1059 2425; baseline 0.001 -1"><span class='ocrx_word' id='word_1_145' title='bbox 179 2395 246 2424; x_wconf 83' lang='lat' dir='ltr'>res</span> <span class='ocrx_word' id='word_1_146' title='bbox 277 2389 315 2424; x_wconf 85' lang='lat' dir='ltr'>et</span> <span class='ocrx_word' id='word_1_147' title='bbox 347 2385 610 2425; x_wconf 70' lang='lat' dir='ltr'>libitinarios.</span> <span class='ocrx_word' id='word_1_148' title='bbox 649 2385 755 2425; x_wconf 91' lang='lat' dir='ltr'>Tab.</span> <span class='ocrx_word' id='word_1_149' title='bbox 790 2384 962 2425; x_wconf 87' lang='lat' dir='ltr'>Heracl.</span> <span class='ocrx_word' id='word_1_150' title='bbox 989 2385 1059 2425; x_wconf 92' lang='lat' dir='ltr'>ed.</span> 
     </span>
     <span class='ocr_line' id='line_1_31' title="bbox 181 2446 1064 2499; baseline 0.001 -13"><span class='ocrx_word' id='word_1_151' title='bbox 181 2446 400 2487; x_wconf 84' lang='lat' dir='ltr'>Marezoll.</span> <span class='ocrx_word' id='word_1_152' title='bbox 425 2459 468 2499; x_wconf 90' lang='lat' dir='ltr'>p.</span> <span class='ocrx_word' id='word_1_153' title='bbox 488 2448 561 2487; x_wconf 83' lang='lat'>53:</span> <span class='ocrx_word' id='word_1_154' title='bbox 595 2459 695 2487; x_wconf 73' lang='lat' dir='ltr'>neve</span> <span class='ocrx_word' id='word_1_155' title='bbox 709 2458 824 2496; x_wconf 78' lang='lat' dir='ltr'>eum,</span> <span class='ocrx_word' id='word_1_156' title='bbox 850 2449 921 2497; x_wconf 84' lang='lat' dir='ltr'>qui</span> <span class='ocrx_word' id='word_1_157' title='bbox 938 2459 1064 2498; x_wconf 80' lang='lat' dir='ltr'>prae-</span> 
     </span>
     <span class='ocr_line' id='line_1_32' title="bbox 181 2510 1063 2562; baseline 0.002 -14"><span class='ocrx_word' id='word_1_158' title='bbox 181 2511 370 2559; x_wconf 75' lang='lat' dir='ltr'>conium,</span> <span class='ocrx_word' id='word_1_159' title='bbox 416 2511 754 2562; x_wconf 60' lang='lat' dir='ltr'>dissignationem</span> <span class='ocrx_word' id='word_1_160' title='bbox 800 2510 888 2561; x_wconf 85' lang='lat' dir='ltr'>(sic)</span> <span class='ocrx_word' id='word_1_161' title='bbox 935 2510 1063 2550; x_wconf 84' lang='lat' dir='ltr'>libiti-</span> 
     </span>
     <span class='ocr_line' id='line_1_33' title="bbox 180 2572 1065 2624; baseline 0.001 -13"><span class='ocrx_word' id='word_1_162' title='bbox 180 2583 329 2611; x_wconf 81' lang='lat' dir='ltr'>namve</span> <span class='ocrx_word' id='word_1_163' title='bbox 355 2572 503 2623; x_wconf 81' lang='lat' dir='ltr'>faciet,</span> <span class='ocrx_word' id='word_1_164' title='bbox 525 2595 574 2601; x_wconf 92' lang='lat'>--</span> <span class='ocrx_word' id='word_1_165' title='bbox 593 2573 893 2624; x_wconf 64' lang='lat' dir='ltr'>magistratum</span> <span class='ocrx_word' id='word_1_166' title='bbox 912 2584 1065 2612; x_wconf 75' lang='lat' dir='ltr'>renun-</span> 
     </span>
     <span class='ocr_line' id='line_1_34' title="bbox 181 2634 1064 2675; baseline 0.001 -2"><span class='ocrx_word' id='word_1_167' title='bbox 181 2635 297 2674; x_wconf 85' lang='lat' dir='ltr'>tiato.</span> <span class='ocrx_word' id='word_1_168' title='bbox 331 2635 466 2674; x_wconf 90' lang='lat' dir='ltr'>Inscr.</span> <span class='ocrx_word' id='word_1_169' title='bbox 487 2645 546 2675; x_wconf 91' lang='lat' dir='ltr'>m.</span> <span class='ocrx_word' id='word_1_170' title='bbox 567 2636 658 2674; x_wconf 86' lang='lat' dir='ltr'>Lat.</span> <span class='ocrx_word' id='word_1_171' title='bbox 681 2636 730 2674; x_wconf 93' lang='lat' dir='ltr'>N.</span> <span class='ocrx_word' id='word_1_172' title='bbox 751 2634 882 2674; x_wconf 71' lang='lat'>3242:</span> <span class='ocrx_word' id='word_1_173' title='bbox 908 2635 1064 2674; x_wconf 84' lang='lat' dir='ltr'><strong><em>PRAE-</em></strong></span> 
     </span>
     <span class='ocr_line' id='line_1_35' title="bbox 183 2697 1061 2738; baseline 0.001 -2"><span class='ocrx_word' id='word_1_174' title='bbox 183 2697 261 2737; x_wconf 90' lang='lat' dir='ltr'>CO.</span> <span class='ocrx_word' id='word_1_175' title='bbox 311 2698 468 2737; x_wconf 87' lang='lat' dir='ltr'><em>IDEM.</em></span> <span class='ocrx_word' id='word_1_176' title='bbox 521 2697 894 2737; x_wconf 81' lang='lat' dir='ltr'>DISSIGNATOR.</span> <span class='ocrx_word' id='word_1_177' title='bbox 950 2699 1061 2738; x_wconf 89' lang='lat' dir='ltr'>Item</span> 
     </span>
     <span class='ocr_line' id='line_1_36' title="bbox 183 2760 1058 2812; baseline 0.002 -13"><span class='ocrx_word' id='word_1_178' title='bbox 183 2760 537 2800; x_wconf 86' lang='lat' dir='ltr'><strong><em>DISSIGNATOR</em></strong></span> <span class='ocrx_word' id='word_1_179' title='bbox 555 2760 673 2812; x_wconf 87' lang='lat' dir='ltr'>apud</span> <span class='ocrx_word' id='word_1_180' title='bbox 691 2761 838 2800; x_wconf 90' lang='lat' dir='ltr'>Osann</span> <span class='ocrx_word' id='word_1_181' title='bbox 861 2762 998 2801; x_wconf 86' lang='lat' dir='ltr'>Inscr.</span> <span class='ocrx_word' id='word_1_182' title='bbox 1014 2772 1058 2812; x_wconf 89' lang='lat' dir='ltr'>p.</span> 
     </span>
     <span class='ocr_line' id='line_1_37' title="bbox 183 2821 1065 2874; baseline 0.001 -12"><span class='ocrx_word' id='word_1_183' title='bbox 183 2821 276 2862; x_wconf 73' lang='lat'>475.</span> <span class='ocrx_word' id='word_1_184' title='bbox 324 2822 491 2870; x_wconf 90' lang='lat' dir='ltr'>Quibus</span> <span class='ocrx_word' id='word_1_185' title='bbox 523 2834 577 2861; x_wconf 81' lang='lat' dir='ltr'>ex</span> <span class='ocrx_word' id='word_1_186' title='bbox 606 2822 714 2863; x_wconf 88' lang='lat' dir='ltr'>locis</span> <span class='ocrx_word' id='word_1_187' title='bbox 735 2825 858 2874; x_wconf 87' lang='lat' dir='ltr'>patet</span> <span class='ocrx_word' id='word_1_188' title='bbox 877 2823 1065 2874; x_wconf 84' lang='lat' dir='ltr'>scriptu-</span> 
     </span>
     <span class='ocr_line' id='line_1_38' title="bbox 183 2885 1063 2935; baseline 0.003 -13"><span class='ocrx_word' id='word_1_189' title='bbox 183 2894 279 2923; x_wconf 90' lang='lat' dir='ltr'>ram</span> <span class='ocrx_word' id='word_1_190' title='bbox 304 2885 556 2935; x_wconf 64' lang='lat' dir='ltr'>dissignator</span> <span class='ocrx_word' id='word_1_191' title='bbox 578 2896 665 2925; x_wconf 92' lang='lat' dir='ltr'>non</span> <span class='ocrx_word' id='word_1_192' title='bbox 690 2885 865 2925; x_wconf 86' lang='lat' dir='ltr'>mediae</span> <span class='ocrx_word' id='word_1_193' title='bbox 884 2886 1063 2925; x_wconf 75' lang='lat' dir='ltr'>dumta-</span> 
     </span>
     <span class='ocr_line' id='line_1_39' title="bbox 184 2946 1064 2999; baseline 0.007 -17"><span class='ocrx_word' id='word_1_194' title='bbox 184 2946 257 2983; x_wconf 83' lang='lat' dir='ltr'>xat</span> <span class='ocrx_word' id='word_1_195' title='bbox 286 2947 440 2986; x_wconf 87' lang='lat' dir='ltr'>aetatis</span> <span class='ocrx_word' id='word_1_196' title='bbox 461 2947 752 2999; x_wconf 86' lang='lat' dir='ltr'>scriptoribus</span> <span class='ocrx_word' id='word_1_197' title='bbox 775 2947 964 2988; x_wconf 89' lang='lat' dir='ltr'>librariis</span> <span class='ocrx_word' id='word_1_198' title='bbox 987 2948 1064 2987; x_wconf 87' lang='lat' dir='ltr'>de-</span> 
     </span>
     <span class='ocr_line' id='line_1_40' title="bbox 186 3005 1065 3060; baseline 0.007 -16"><span class='ocrx_word' id='word_1_199' title='bbox 186 3005 297 3055; x_wconf 85' lang='lat' dir='ltr'>beri,</span> <span class='ocrx_word' id='word_1_200' title='bbox 317 3007 397 3047; x_wconf 88' lang='lat' dir='ltr'>sed</span> <span class='ocrx_word' id='word_1_201' title='bbox 418 3010 656 3060; x_wconf 88' lang='lat' dir='ltr'>antiquitus</span> <span class='ocrx_word' id='word_1_202' title='bbox 675 3011 762 3051; x_wconf 88' lang='lat' dir='ltr'>iam</span> <span class='ocrx_word' id='word_1_203' title='bbox 783 3011 919 3052; x_wconf 88' lang='lat' dir='ltr'>fuisse</span> <span class='ocrx_word' id='word_1_204' title='bbox 936 3022 1065 3051; x_wconf 91' lang='lat' dir='ltr'>usur-</span> 
     </span>
     <span class='ocr_line' id='line_1_41' title="bbox 185 3068 1060 3123; baseline 0.008 -16"><span class='ocrx_word' id='word_1_205' title='bbox 185 3072 349 3120; x_wconf 88' lang='lat' dir='ltr'>patam.</span> <span class='ocrx_word' id='word_1_206' title='bbox 371 3068 506 3109; x_wconf 87' lang='lat' dir='ltr'>Plaut.</span> <span class='ocrx_word' id='word_1_207' title='bbox 521 3072 654 3111; x_wconf 90' lang='lat' dir='ltr'>Poen.</span> <span class='ocrx_word' id='word_1_208' title='bbox 669 3072 782 3112; x_wconf 90' lang='lat' dir='ltr'>Prol.</span> <span class='ocrx_word' id='word_1_209' title='bbox 802 3074 874 3113; x_wconf 73' lang='lat'>49:</span> <span class='ocrx_word' id='word_1_210' title='bbox 898 3075 989 3113; x_wconf 73' lang='lat' dir='ltr'>,Nea</span> <span class='ocrx_word' id='word_1_211' title='bbox 1006 3074 1060 3123; x_wconf 89' lang='lat' dir='ltr'>(in</span> 
     </span>
     <span class='ocr_line' id='line_1_42' title="bbox 188 3131 1064 3183; baseline 0.008 -14"><span class='ocrx_word' id='word_1_212' title='bbox 188 3131 373 3181; x_wconf 82' lang='lat' dir='ltr'>theatro)</span> <span class='ocrx_word' id='word_1_213' title='bbox 393 3132 645 3183; x_wconf 68' lang='lat' dir='ltr'>dissigynator</span> <span class='ocrx_word' id='word_1_214' title='bbox 662 3139 836 3182; x_wconf 81' lang='lat' dir='ltr'>praeter</span> <span class='ocrx_word' id='word_1_215' title='bbox 855 3147 900 3175; x_wconf 90' lang='lat' dir='ltr'>os</span> <span class='ocrx_word' id='word_1_216' title='bbox 919 3136 1064 3176; x_wconf 86' lang='lat' dir='ltr'>obam-</span> 
     </span>
     <span class='ocr_line' id='line_1_43' title="bbox 186 3192 1063 3249; baseline 0.008 -18"><span class='ocrx_word' id='word_1_217' title='bbox 186 3192 305 3233; x_wconf 85' lang='lat' dir='ltr'>bulet.</span> <span class='ocrx_word' id='word_1_218' title='bbox 322 3216 364 3221; x_wconf 82' lang='lat'>—</span> <span class='ocrx_word' id='word_1_219' title='bbox 380 3193 429 3232; x_wconf 90' lang='lat' dir='ltr'>V.</span> <span class='ocrx_word' id='word_1_220' title='bbox 445 3194 774 3235; x_wconf 81' lang='lat' dir='ltr'>decoratautem</span> <span class='ocrx_word' id='word_1_221' title='bbox 791 3199 941 3237; x_wconf 88' lang='lat' dir='ltr'>nescio</span> <span class='ocrx_word' id='word_1_222' title='bbox 956 3199 1063 3249; x_wconf 90' lang='lat' dir='ltr'>quid</span> 
     </span>
     <span class='ocr_line' id='line_1_44' title="bbox 186 3254 1064 3307; baseline 0.007 -13"><span class='ocrx_word' id='word_1_223' title='bbox 186 3254 313 3295; x_wconf 87' lang='lat' dir='ltr'>faceti</span> <span class='ocrx_word' id='word_1_224' title='bbox 334 3254 471 3295; x_wconf 90' lang='lat' dir='ltr'>habet</span> <span class='ocrx_word' id='word_1_225' title='bbox 495 3266 574 3307; x_wconf 91' lang='lat' dir='ltr'>pro</span> <span class='ocrx_word' id='word_1_226' title='bbox 599 3257 738 3306; x_wconf 79' lang='lat' dir='ltr'>stipat.</span> <span class='ocrx_word' id='word_1_227' title='bbox 774 3259 984 3300; x_wconf 89' lang='lat' dir='ltr'>Ceterum</span> <span class='ocrx_word' id='word_1_228' title='bbox 1010 3261 1064 3299; x_wconf 89' lang='lat' dir='ltr'>li-</span> 
     </span>
     <span class='ocr_line' id='line_1_45' title="bbox 185 3317 1063 3368; baseline 0.006 -12"><span class='ocrx_word' id='word_1_229' title='bbox 185 3321 370 3366; x_wconf 83' lang='lat' dir='ltr'>ctorum,</span> <span class='ocrx_word' id='word_1_230' title='bbox 402 3320 450 3357; x_wconf 94' lang='lat' dir='ltr'>ut</span> <span class='ocrx_word' id='word_1_231' title='bbox 470 3317 571 3357; x_wconf 89' lang='lat' dir='ltr'>alibi</span> <span class='ocrx_word' id='word_1_232' title='bbox 593 3319 840 3368; x_wconf 88' lang='lat' dir='ltr'>interdum,</span> <span class='ocrx_word' id='word_1_233' title='bbox 864 3322 1063 3361; x_wconf 90' lang='lat' dir='ltr'>omnium</span> 
     </span>
     <span class='ocr_line' id='line_1_46' title="bbox 187 3380 1060 3431; baseline 0.006 -13"><span class='ocrx_word' id='word_1_234' title='bbox 187 3380 481 3430; x_wconf 79' lang='lat' dir='ltr'>apparitorum</span> <span class='ocrx_word' id='word_1_235' title='bbox 519 3380 724 3431; x_wconf 82' lang='lat' dir='ltr'>generale</span> <span class='ocrx_word' id='word_1_236' title='bbox 767 3384 835 3421; x_wconf 88' lang='lat' dir='ltr'>est</span> <span class='ocrx_word' id='word_1_237' title='bbox 876 3394 1060 3431; x_wconf 72' lang='lat' dir='ltr'>nomem</span> 
     </span>
     <span class='ocr_line' id='line_1_47' title="bbox 188 3441 1059 3486; baseline 0.005 -5"><span class='ocrx_word' id='word_1_238' title='bbox 188 3442 252 3482; x_wconf 85' lang='lat' dir='ltr'>sic</span> <span class='ocrx_word' id='word_1_239' title='bbox 280 3443 324 3482; x_wconf 93' lang='lat' dir='ltr'>in</span> <span class='ocrx_word' id='word_1_240' title='bbox 343 3441 482 3482; x_wconf 90' lang='lat' dir='ltr'>Plauti</span> <span class='ocrx_word' id='word_1_241' title='bbox 512 3445 645 3482; x_wconf 89' lang='lat' dir='ltr'>Poen.</span> <span class='ocrx_word' id='word_1_242' title='bbox 672 3442 782 3482; x_wconf 88' lang='lat' dir='ltr'>Prol.</span> <span class='ocrx_word' id='word_1_243' title='bbox 819 3444 881 3484; x_wconf 68' lang='lat'>118.</span> <span class='ocrx_word' id='word_1_244' title='bbox 917 3447 960 3484; x_wconf 87' lang='lat' dir='ltr'>et</span> <span class='ocrx_word' id='word_1_245' title='bbox 994 3446 1059 3486; x_wconf 81' lang='grc'>49.</span> 
     </span>
     <span class='ocr_line' id='line_1_48' title="bbox 188 3504 1058 3557; baseline 0.005 -14"><span class='ocrx_word' id='word_1_246' title='bbox 188 3504 295 3544; x_wconf 87' lang='lat' dir='ltr'>item</span> <span class='ocrx_word' id='word_1_247' title='bbox 330 3506 519 3555; x_wconf 83' lang='lat' dir='ltr'>iungitur</span> <span class='ocrx_word' id='word_1_248' title='bbox 549 3506 669 3544; x_wconf 83' lang='lat' dir='ltr'>lictor</span> <span class='ocrx_word' id='word_1_249' title='bbox 709 3508 750 3545; x_wconf 91' lang='lat' dir='ltr'>et</span> <span class='ocrx_word' id='word_1_250' title='bbox 795 3506 1058 3557; x_wconf 68' lang='lat' dir='ltr'>(lissiqnator.</span> 
     </span>
     <span class='ocr_line' id='line_1_49' title="bbox 191 3565 1062 3619; baseline 0.002 -13"><span class='ocrx_word' id='word_1_251' title='bbox 191 3565 252 3606; x_wconf 82' lang='lat' dir='ltr'>Cf.</span> <span class='ocrx_word' id='word_1_252' title='bbox 279 3567 366 3606; x_wconf 91' lang='lat' dir='ltr'>Cic.</span> <span class='ocrx_word' id='word_1_253' title='bbox 391 3567 446 3607; x_wconf 90' lang='lat' dir='ltr'>de</span> <span class='ocrx_word' id='word_1_254' title='bbox 477 3569 607 3619; x_wconf 78' lang='lat' dir='ltr'>Legg.</span> <span class='ocrx_word' id='word_1_255' title='bbox 632 3569 679 3617; x_wconf 65' lang='grc' dir='ltr'>Ξ,</span> <span class='ocrx_word' id='word_1_256' title='bbox 704 3567 778 3617; x_wconf 71' lang='lat'>24,</span> <span class='ocrx_word' id='word_1_257' title='bbox 813 3569 856 3608; x_wconf 78' lang='grc'>61</span> <span class='ocrx_word' id='word_1_258' title='bbox 882 3581 888 3607; x_wconf 89' lang='lat'>:</span> <span class='ocrx_word' id='word_1_259' title='bbox 929 3570 1062 3609; x_wconf 81' lang='lat' dir='ltr'>domi-</span> 
     </span>
    </p>
   </div>
   <div class='ocr_carea' id='block_1_16' title="bbox 283 3642 950 3682">
    <p class='ocr_par' dir='ltr' id='par_1_17' title="bbox 283 3642 950 3682">
     <span class='ocr_line' id='line_1_50' title="bbox 283 3642 950 3682; baseline 0.004 -4"><span class='ocrx_word' id='word_1_260' title='bbox 283 3642 434 3679; x_wconf 69' lang='lat' dir='ltr'>Honn.</span> <span class='ocrx_word' id='word_1_261' title='bbox 463 3653 553 3681; x_wconf 71' lang='lat' dir='ltr'>vor..</span> <span class='ocrx_word' id='word_1_262' title='bbox 582 3645 627 3680; x_wconf 87' lang='grc' dir='ltr'>ΙΙ.</span> <span class='ocrx_word' id='word_1_263' title='bbox 679 3654 743 3681; x_wconf 74' lang='grc' dir='ltr'>ΕΙ).</span> <span class='ocrx_word' id='word_1_264' title='bbox 773 3654 856 3681; x_wconf 63' lang='lat' dir='ltr'>nm.</span> <span class='ocrx_word' id='word_1_265' title='bbox 891 3645 950 3682; x_wconf 83' lang='grc' dir='ltr'><strong>ΙΙΙ.</strong></span> 
     </span>
    </p>
   </div>
   <div class='ocr_carea' id='block_1_17' title="bbox 1118 1382 2005 1498">
    <p class='ocr_par' dir='ltr' id='par_1_18' title="bbox 1118 1382 2005 1498">
     <span class='ocr_line' id='line_1_51' title="bbox 1118 1382 2002 1433; baseline 0.003 -12"><span class='ocrx_word' id='word_1_266' title='bbox 1118 1393 1196 1421; x_wconf 78' lang='lat' dir='ltr'>nus</span> <span class='ocrx_word' id='word_1_267' title='bbox 1224 1382 1385 1433; x_wconf 77' lang='lat' dir='ltr'>funeris</span> <span class='ocrx_word' id='word_1_268' title='bbox 1413 1387 1560 1422; x_wconf 77' lang='lat' dir='ltr'>malm·</span> <span class='ocrx_word' id='word_1_269' title='bbox 1589 1394 1758 1423; x_wconf 82' lang='lat' dir='ltr'>accenso</span> <span class='ocrx_word' id='word_1_270' title='bbox 1787 1388 1822 1423; x_wconf 84' lang='lat' dir='ltr'>et</span> <span class='ocrx_word' id='word_1_271' title='bbox 1842 1385 2002 1424; x_wconf 80' lang='lat' dir='ltr'>lictori-</span> 
     </span>
     <span class='ocr_line' id='line_1_52' title="bbox 1120 1443 2005 1498; baseline 0.003 -14"><span class='ocrx_word' id='word_1_272' title='bbox 1120 1445 1206 1484; x_wconf 76' lang='lat' dir='ltr'>bus.</span> <span class='ocrx_word' id='word_1_273' title='bbox 1231 1443 1325 1485; x_wconf 85' lang='lat' dir='ltr'>Noli</span> <span class='ocrx_word' id='word_1_274' title='bbox 1348 1446 1477 1496; x_wconf 83' lang='lat' dir='ltr'>igitur</span> <span class='ocrx_word' id='word_1_275' title='bbox 1492 1444 1561 1485; x_wconf 72' lang='lat' dir='ltr'>vel</span> <span class='ocrx_word' id='word_1_276' title='bbox 1585 1447 1776 1497; x_wconf 80' lang='lat' dir='ltr'>cogitare</span> <span class='ocrx_word' id='word_1_277' title='bbox 1796 1446 1850 1486; x_wconf 88' lang='lat' dir='ltr'>de</span> <span class='ocrx_word' id='word_1_278' title='bbox 1868 1449 2005 1498; x_wconf 79' lang='lat' dir='ltr'>magi-</span> 
     </span>
    </p>
   </div>
   <div class='ocr_carea' id='block_1_18' title="bbox 1086 1507 2000 1625">
    <p class='ocr_par' dir='ltr' id='par_1_19' title="bbox 1086 1507 2000 1625">
     <span class='ocr_line' id='line_1_53' title="bbox 1086 1507 2000 1564; baseline 0.004 -18"><span class='ocrx_word' id='word_1_279' title='bbox 1086 1517 1088 1564; x_wconf 58' lang='lat'>}</span> <span class='ocrx_word' id='word_1_280' title='bbox 1120 1509 1339 1547; x_wconf 87' lang='lat' dir='ltr'>stratuum</span> <span class='ocrx_word' id='word_1_281' title='bbox 1378 1507 1607 1549; x_wconf 87' lang='lat' dir='ltr'>lictoribus</span> <span class='ocrx_word' id='word_1_282' title='bbox 1643 1510 1823 1561; x_wconf 87' lang='lat' dir='ltr'>proprie</span> <span class='ocrx_word' id='word_1_283' title='bbox 1856 1510 2000 1559; x_wconf 91' lang='lat' dir='ltr'>dictis,</span> 
     </span>
     <span class='ocr_line' id='line_1_54' title="bbox 1086 1570 1999 1625; baseline 0.002 -16"><span class='ocrx_word' id='word_1_284' title='bbox 1086 1617 1088 1621; x_wconf 68' lang='lat'>,</span> <span class='ocrx_word' id='word_1_285' title='bbox 1120 1570 1191 1610; x_wconf 82' lang='lat' dir='ltr'>vel</span> <span class='ocrx_word' id='word_1_286' title='bbox 1230 1572 1273 1610; x_wconf 89' lang='lat' dir='ltr'>in</span> <span class='ocrx_word' id='word_1_287' title='bbox 1315 1571 1410 1622; x_wconf 91' lang='lat' dir='ltr'>ipso</span> <span class='ocrx_word' id='word_1_288' title='bbox 1446 1570 1665 1611; x_wconf 86' lang='lat' dir='ltr'>vocabulo</span> <span class='ocrx_word' id='word_1_289' title='bbox 1704 1571 1863 1613; x_wconf 92' lang='lat' dir='ltr'>insoliti</span> <span class='ocrx_word' id='word_1_290' title='bbox 1896 1574 1999 1625; x_wconf 83' lang='lat' dir='ltr'>quid</span> 
     </span>
    </p>
   </div>
   <div class='ocr_carea' id='block_1_19' title="bbox 1122 1632 2008 1872">
    <p class='ocr_par' dir='ltr' id='par_1_20' title="bbox 1122 1632 1785 1685">
     <span class='ocr_line' id='line_1_55' title="bbox 1122 1632 1785 1685; baseline 0.002 -12"><span class='ocrx_word' id='word_1_291' title='bbox 1122 1636 1197 1673; x_wconf 89' lang='lat' dir='ltr'>aut</span> <span class='ocrx_word' id='word_1_292' title='bbox 1227 1634 1361 1673; x_wconf 86' lang='lat' dir='ltr'>etiam</span> <span class='ocrx_word' id='word_1_293' title='bbox 1391 1632 1519 1673; x_wconf 84' lang='lat' dir='ltr'>faceti</span> <span class='ocrx_word' id='word_1_294' title='bbox 1552 1645 1785 1685; x_wconf 88' lang='lat' dir='ltr'>quaerere.</span> 
     </span>
    </p>

    <p class='ocr_par' dir='ltr' id='par_1_21' title="bbox 1123 1696 2008 1872">
     <span class='ocr_line' id='line_1_56' title="bbox 1176 1696 2000 1747; baseline 0.004 -11"><span class='ocrx_word' id='word_1_295' title='bbox 1176 1696 1268 1736; x_wconf 85' lang='lat'>7-9.</span> <span class='ocrx_word' id='word_1_296' title='bbox 1301 1697 1539 1736; x_wconf 83' lang='lat' dir='ltr'>matercula</span> <span class='ocrx_word' id='word_1_297' title='bbox 1562 1697 1708 1747; x_wconf 80' lang='lat' dir='ltr'>pallet]</span> <span class='ocrx_word' id='word_1_298' title='bbox 1741 1700 1912 1738; x_wconf 88' lang='lat' dir='ltr'>«mater</span> <span class='ocrx_word' id='word_1_299' title='bbox 1932 1700 2000 1739; x_wconf 81' lang='lat' dir='ltr'>in-</span> 
     </span>
     <span class='ocr_line' id='line_1_57' title="bbox 1123 1757 2008 1815; baseline 0.005 -17"><span class='ocrx_word' id='word_1_300' title='bbox 1123 1757 1371 1810; x_wconf 81' lang='lat' dir='ltr'>dulgentiae</span> <span class='ocrx_word' id='word_1_301' title='bbox 1404 1758 1532 1811; x_wconf 88' lang='lat' dir='ltr'>plena</span> <span class='ocrx_word' id='word_1_302' title='bbox 1556 1771 1607 1800; x_wconf 90' lang='lat' dir='ltr'>ac</span> <span class='ocrx_word' id='word_1_303' title='bbox 1631 1762 1782 1800; x_wconf 88' lang='lat' dir='ltr'>tenera</span> <span class='ocrx_word' id='word_1_304' title='bbox 1806 1772 1907 1801; x_wconf 88' lang='lat' dir='ltr'>cum</span> <span class='ocrx_word' id='word_1_305' title='bbox 1929 1774 2008 1815; x_wconf 89' lang='lat' dir='ltr'>pa-</span> 
     </span>
     <span class='ocr_line' id='line_1_58' title="bbox 1123 1822 2005 1872; baseline 0.006 -11"><span class='ocrx_word' id='word_1_306' title='bbox 1123 1825 1188 1862; x_wconf 92' lang='lat' dir='ltr'>tre</span> <span class='ocrx_word' id='word_1_307' title='bbox 1220 1823 1347 1862; x_wconf 87' lang='lat' dir='ltr'>anxie</span> <span class='ocrx_word' id='word_1_308' title='bbox 1379 1823 1529 1872; x_wconf 89' lang='lat' dir='ltr'>timet,</span> <span class='ocrx_word' id='word_1_309' title='bbox 1573 1834 1627 1862; x_wconf 91' lang='lat' dir='ltr'>ne</span> <span class='ocrx_word' id='word_1_310' title='bbox 1668 1822 1794 1864; x_wconf 87' lang='lat' dir='ltr'>liberi</span> <span class='ocrx_word' id='word_1_311' title='bbox 1836 1825 2005 1866; x_wconf 88' lang='lat' dir='ltr'>morbis</span> 
     </span>
    </p>
   </div>
   <div class='ocr_carea' id='block_1_20' title="bbox 1089 1884 2004 1937">
    <p class='ocr_par' dir='ltr' id='par_1_22' title="bbox 1089 1884 2004 1937">
     <span class='ocr_line' id='line_1_59' title="bbox 1089 1884 2004 1937; baseline 0.004 -13"><span class='ocrx_word' id='word_1_312' title='bbox 1089 1894 1091 1928; x_wconf 69' lang='grc' dir='ltr'>ε</span> <span class='ocrx_word' id='word_1_313' title='bbox 1123 1884 1442 1937; x_wconf 84' lang='lat' dir='ltr'>abripiantur.»</span> <span class='ocrx_word' id='word_1_314' title='bbox 1479 1909 1522 1913; x_wconf 97' lang='lat'><strong>—</strong></span> <span class='ocrx_word' id='word_1_315' title='bbox 1558 1886 1836 1937; x_wconf 75' lang='lat' dir='ltr'>Officiosaqae</span> <span class='ocrx_word' id='word_1_316' title='bbox 1855 1889 2004 1928; x_wconf 74' lang='lat' dir='ltr'>sedali-</span> 
     </span>
    </p>
   </div>
   <div class='ocr_carea' id='block_1_21' title="bbox 1124 1947 2012 3622">
    <p class='ocr_par' dir='ltr' id='par_1_23' title="bbox 1124 1947 2012 3190">
     <span class='ocr_line' id='line_1_60' title="bbox 1124 1947 2005 2003; baseline 0.005 -16"><span class='ocrx_word' id='word_1_317' title='bbox 1124 1948 1201 2000; x_wconf 89' lang='lat' dir='ltr'>tas]</span> <span class='ocrx_word' id='word_1_318' title='bbox 1246 1948 1315 1987; x_wconf 92' lang='lat' dir='ltr'>«in</span> <span class='ocrx_word' id='word_1_319' title='bbox 1354 1948 1554 1999; x_wconf 88' lang='lat' dir='ltr'>patronis</span> <span class='ocrx_word' id='word_1_320' title='bbox 1593 1947 1834 1990; x_wconf 87' lang='lat' dir='ltr'>salutandis</span> <span class='ocrx_word' id='word_1_321' title='bbox 1871 1953 2005 2003; x_wconf 87' lang='lat' dir='ltr'>atque</span> 
     </span>
     <span class='ocr_line' id='line_1_61' title="bbox 1125 2010 2005 2060; baseline 0.003 -9"><span class='ocrx_word' id='word_1_322' title='bbox 1125 2013 1168 2051; x_wconf 89' lang='lat' dir='ltr'>in</span> <span class='ocrx_word' id='word_1_323' title='bbox 1213 2012 1375 2050; x_wconf 88' lang='lat' dir='ltr'>Forum</span> <span class='ocrx_word' id='word_1_324' title='bbox 1416 2010 1714 2060; x_wconf 81' lang='lat' dir='ltr'>deducendis,</span> <span class='ocrx_word' id='word_1_325' title='bbox 1762 2013 1804 2052; x_wconf 93' lang='lat' dir='ltr'>in</span> <span class='ocrx_word' id='word_1_326' title='bbox 1843 2015 2005 2054; x_wconf 86' lang='lat' dir='ltr'>ceteris</span> 
     </span>
     <span class='ocr_line' id='line_1_62' title="bbox 1127 2073 2007 2125; baseline 0.005 -12"><span class='ocrx_word' id='word_1_327' title='bbox 1127 2075 1305 2122; x_wconf 84' lang='lat' dir='ltr'>amicis,</span> <span class='ocrx_word' id='word_1_328' title='bbox 1339 2074 1557 2125; x_wconf 88' lang='lat' dir='ltr'>imprimis</span> <span class='ocrx_word' id='word_1_329' title='bbox 1589 2073 1881 2124; x_wconf 86' lang='lat' dir='ltr'>cubantibus,</span> <span class='ocrx_word' id='word_1_330' title='bbox 1917 2076 2007 2117; x_wconf 89' lang='lat' dir='ltr'>fre—</span> 
     </span>
     <span class='ocr_line' id='line_1_63' title="bbox 1128 2135 2008 2187; baseline 0.003 -12"><span class='ocrx_word' id='word_1_331' title='bbox 1128 2139 1319 2187; x_wconf 85' lang='lat' dir='ltr'>quenter</span> <span class='ocrx_word' id='word_1_332' title='bbox 1353 2135 1576 2176; x_wconf 84' lang='lat' dir='ltr'>visendis»</span> <span class='ocrx_word' id='word_1_333' title='bbox 1617 2138 1699 2175; x_wconf 89' lang='lat' dir='ltr'>cet.</span> <span class='ocrx_word' id='word_1_334' title='bbox 1752 2137 1877 2177; x_wconf 92' lang='lat' dir='ltr'>Adde</span> <span class='ocrx_word' id='word_1_335' title='bbox 1913 2140 2008 2178; x_wconf 90' lang='lat' dir='ltr'>evi-</span> 
     </span>
     <span class='ocr_line' id='line_1_64' title="bbox 1129 2197 2010 2250; baseline 0.001 -11"><span class='ocrx_word' id='word_1_336' title='bbox 1129 2199 1240 2239; x_wconf 92' lang='lat' dir='ltr'>dens</span> <span class='ocrx_word' id='word_1_337' title='bbox 1259 2197 1513 2250; x_wconf 86' lang='lat' dir='ltr'>exemplum</span> <span class='ocrx_word' id='word_1_338' title='bbox 1536 2199 1623 2238; x_wconf 91' lang='lat' dir='ltr'>Sat.</span> <span class='ocrx_word' id='word_1_339' title='bbox 1648 2200 1693 2247; x_wconf 68' lang='lat'>2,</span> <span class='ocrx_word' id='word_1_340' title='bbox 1719 2200 1763 2248; x_wconf 87' lang='grc'>6,</span> <span class='ocrx_word' id='word_1_341' title='bbox 1799 2199 1874 2241; x_wconf 74' lang='lat'>34:</span> <span class='ocrx_word' id='word_1_342' title='bbox 1906 2201 2010 2241; x_wconf 77' lang='lat' dir='ltr'>Ante</span> 
     </span>
     <span class='ocr_line' id='line_1_65' title="bbox 1127 2262 2012 2304; baseline 0.003 -3"><span class='ocrx_word' id='word_1_343' title='bbox 1127 2262 1353 2302; x_wconf 82' lang='lat' dir='ltr'>secundam-</span> <span class='ocrx_word' id='word_1_344' title='bbox 1381 2262 1550 2300; x_wconf 74' lang='lat' dir='ltr'>Roscius</span> <span class='ocrx_word' id='word_1_345' title='bbox 1569 2262 1719 2301; x_wconf 79' lang='lat' dir='ltr'>orabat</span> <span class='ocrx_word' id='word_1_346' title='bbox 1747 2262 1823 2301; x_wconf 85' lang='lat' dir='ltr'>sibi</span> <span class='ocrx_word' id='word_1_347' title='bbox 1850 2264 2012 2304; x_wconf 77' lang='lat' dir='ltr'>adesses</span> 
     </span>
     <span class='ocr_line' id='line_1_66' title="bbox 1129 2324 2008 2378; baseline 0.002 -15"><span class='ocrx_word' id='word_1_348' title='bbox 1129 2325 1184 2363; x_wconf 87' lang='lat' dir='ltr'>acl</span> <span class='ocrx_word' id='word_1_349' title='bbox 1217 2324 1363 2363; x_wconf 80' lang='lat' dir='ltr'>Puteal</span> <span class='ocrx_word' id='word_1_350' title='bbox 1402 2335 1511 2362; x_wconf 84' lang='lat' dir='ltr'>cras.</span> <span class='ocrx_word' id='word_1_351' title='bbox 1561 2347 1605 2351; x_wconf 87' lang='lat'>—</span> <span class='ocrx_word' id='word_1_352' title='bbox 1648 2325 1784 2374; x_wconf 79' lang='lat' dir='ltr'>opella</span> <span class='ocrx_word' id='word_1_353' title='bbox 1819 2326 2008 2378; x_wconf 82' lang='lat' dir='ltr'>forensis]</span> 
     </span>
     <span class='ocr_line' id='line_1_67' title="bbox 1130 2385 2012 2437; baseline 0.003 -12"><span class='ocrx_word' id='word_1_354' title='bbox 1130 2385 1411 2437; x_wconf 88' lang='lat' dir='ltr'>«quotidiana</span> <span class='ocrx_word' id='word_1_355' title='bbox 1443 2387 1641 2436; x_wconf 83' lang='lat' dir='ltr'>negotia,</span> <span class='ocrx_word' id='word_1_356' title='bbox 1677 2385 1838 2437; x_wconf 83' lang='lat' dir='ltr'>quihus</span> <span class='ocrx_word' id='word_1_357' title='bbox 1872 2389 1913 2427; x_wconf 91' lang='lat' dir='ltr'>in</span> <span class='ocrx_word' id='word_1_358' title='bbox 1935 2389 2012 2428; x_wconf 91' lang='lat' dir='ltr'>Fo-</span> 
     </span>
     <span class='ocr_line' id='line_1_68' title="bbox 1128 2447 2007 2501; baseline 0.003 -13"><span class='ocrx_word' id='word_1_359' title='bbox 1128 2460 1177 2488; x_wconf 90' lang='lat' dir='ltr'>ro</span> <span class='ocrx_word' id='word_1_360' title='bbox 1237 2447 1468 2488; x_wconf 75' lang='lat' dir='ltr'>dumtaxat</span> <span class='ocrx_word' id='word_1_361' title='bbox 1525 2459 1683 2489; x_wconf 81' lang='lat' dir='ltr'>vacare</span> <span class='ocrx_word' id='word_1_362' title='bbox 1741 2460 2007 2501; x_wconf 85' lang='lat' dir='ltr'>possumus,</span> 
     </span>
     <span class='ocr_line' id='line_1_69' title="bbox 1127 2511 2011 2563; baseline 0.002 -12"><span class='ocrx_word' id='word_1_363' title='bbox 1127 2514 1360 2563; x_wconf 87' lang='lat' dir='ltr'>tamquam</span> <span class='ocrx_word' id='word_1_364' title='bbox 1391 2511 1615 2560; x_wconf 86' lang='lat' dir='ltr'>advocati,</span> <span class='ocrx_word' id='word_1_365' title='bbox 1650 2523 1913 2563; x_wconf 88' lang='lat' dir='ltr'>sponsores,</span> <span class='ocrx_word' id='word_1_366' title='bbox 1949 2516 2011 2553; x_wconf 84' lang='lat' dir='ltr'>te-</span> 
     </span>
     <span class='ocr_line' id='line_1_70' title="bbox 1127 2574 2007 2626; baseline 0.002 -12"><span class='ocrx_word' id='word_1_367' title='bbox 1127 2576 1262 2614; x_wconf 88' lang='lat' dir='ltr'>stes.»</span> <span class='ocrx_word' id='word_1_368' title='bbox 1315 2574 1402 2614; x_wconf 86' lang='lat' dir='ltr'>Cfr.</span> <span class='ocrx_word' id='word_1_369' title='bbox 1428 2575 1517 2614; x_wconf 90' lang='lat' dir='ltr'>Sat.</span> <span class='ocrx_word' id='word_1_370' title='bbox 1541 2575 1586 2623; x_wconf 69' lang='lat'>⁶2,</span> <span class='ocrx_word' id='word_1_371' title='bbox 1621 2575 1666 2622; x_wconf 91' lang='grc'>6,</span> <span class='ocrx_word' id='word_1_372' title='bbox 1700 2575 1752 2614; x_wconf 76' lang='lat'>‘20</span> <span class='ocrx_word' id='word_1_373' title='bbox 1775 2586 1840 2626; x_wconf 87' lang='lat' dir='ltr'>sq.</span> <span class='ocrx_word' id='word_1_374' title='bbox 1866 2576 2007 2616; x_wconf 81' lang='lat' dir='ltr'>Mark-</span> 
     </span>
     <span class='ocr_line' id='line_1_71' title="bbox 1125 2635 2007 2688; baseline 0.002 -11"><span class='ocrx_word' id='word_1_375' title='bbox 1125 2635 1229 2677; x_wconf 89' lang='lat' dir='ltr'>land</span> <span class='ocrx_word' id='word_1_376' title='bbox 1252 2636 1307 2676; x_wconf 89' lang='lat' dir='ltr'>ad</span> <span class='ocrx_word' id='word_1_377' title='bbox 1330 2638 1435 2676; x_wconf 88' lang='lat' dir='ltr'>Stat.</span> <span class='ocrx_word' id='word_1_378' title='bbox 1457 2635 1557 2676; x_wconf 85' lang='lat' dir='ltr'>Silv.</span> <span class='ocrx_word' id='word_1_379' title='bbox 1577 2648 1618 2688; x_wconf 93' lang='lat' dir='ltr'>p.</span> <span class='ocrx_word' id='word_1_380' title='bbox 1642 2637 1736 2677; x_wconf 66' lang='lat'>34⁴.</span> <span class='ocrx_word' id='word_1_381' title='bbox 1758 2638 1828 2677; x_wconf 90' lang='lat' dir='ltr'>ed.</span> <span class='ocrx_word' id='word_1_382' title='bbox 1848 2638 2007 2679; x_wconf 86' lang='lat' dir='ltr'>Dresd.</span> 
     </span>
     <span class='ocr_line' id='line_1_72' title="bbox 1130 2699 2012 2751; baseline 0.002 -13"><span class='ocrx_word' id='word_1_383' title='bbox 1130 2723 1175 2728; x_wconf 86' lang='lat'>—-</span> <span class='ocrx_word' id='word_1_384' title='bbox 1208 2699 1407 2751; x_wconf 66' lang='lat' dir='ltr'>resiqnat]</span> <span class='ocrx_word' id='word_1_385' title='bbox 1441 2700 1596 2749; x_wconf 86' lang='lat' dir='ltr'>«facit,</span> <span class='ocrx_word' id='word_1_386' title='bbox 1629 2702 1678 2739; x_wconf 93' lang='lat' dir='ltr'>ut</span> <span class='ocrx_word' id='word_1_387' title='bbox 1708 2711 1860 2741; x_wconf 88' lang='lat' dir='ltr'>coram</span> <span class='ocrx_word' id='word_1_388' title='bbox 1890 2703 2012 2742; x_wconf 84' lang='lat' dir='ltr'>testi-</span> 
     </span>
     <span class='ocr_line' id='line_1_73' title="bbox 1125 2761 2007 2816; baseline 0.003 -15"><span class='ocrx_word' id='word_1_389' title='bbox 1125 2762 1210 2802; x_wconf 91' lang='lat' dir='ltr'>bus</span> <span class='ocrx_word' id='word_1_390' title='bbox 1259 2763 1421 2814; x_wconf 89' lang='lat' dir='ltr'>aperiri</span> <span class='ocrx_word' id='word_1_391' title='bbox 1469 2761 1694 2812; x_wconf 89' lang='lat' dir='ltr'>debeant,</span> <span class='ocrx_word' id='word_1_392' title='bbox 1747 2774 1879 2812; x_wconf 85' lang='lat' dir='ltr'>curn,</span> <span class='ocrx_word' id='word_1_393' title='bbox 1934 2766 2007 2816; x_wconf 90' lang='lat' dir='ltr'>qui</span> 
     </span>
     <span class='ocr_line' id='line_1_74' title="bbox 1126 2823 2003 2876; baseline 0.001 -12"><span class='ocrx_word' id='word_1_394' title='bbox 1126 2825 1422 2876; x_wconf 85' lang='lat' dir='ltr'>scripserunt,</span> <span class='ocrx_word' id='word_1_395' title='bbox 1456 2826 1648 2865; x_wconf 88' lang='lat' dir='ltr'>mortem</span> <span class='ocrx_word' id='word_1_396' title='bbox 1671 2823 1904 2865; x_wconf 89' lang='lat' dir='ltr'>obierint.»</span> <span class='ocrx_word' id='word_1_397' title='bbox 1939 2827 2003 2865; x_wconf 80' lang='lat' dir='ltr'>Cf.</span> 
     </span>
     <span class='ocr_line' id='line_1_75' title="bbox 1127 2887 2007 2928; baseline 0 -2"><span class='ocrx_word' id='word_1_398' title='bbox 1127 2887 1302 2926; x_wconf 90' lang='lat' dir='ltr'>Lucian.</span> <span class='ocrx_word' id='word_1_399' title='bbox 1354 2887 1461 2926; x_wconf 90' lang='lat' dir='ltr'>Tim.</span> <span class='ocrx_word' id='word_1_400' title='bbox 1506 2887 1572 2926; x_wconf 72' lang='lat'>⁶22.</span> <span class='ocrx_word' id='word_1_401' title='bbox 1612 2887 1667 2926; x_wconf 88' lang='lat' dir='ltr'>de</span> <span class='ocrx_word' id='word_1_402' title='bbox 1717 2889 2007 2928; x_wconf 84' lang='lat' dir='ltr'>testamento:</span> 
     </span>
     <span class='ocr_line' id='line_1_76' title="bbox 1126 2944 2006 3008; baseline 0.001 -19"><span class='ocrx_word' id='word_1_403' title='bbox 1126 2945 1316 2989; x_wconf 72' lang='grc' dir='ltr'><em>ἐπειδὰν</em></span> <span class='ocrx_word' id='word_1_404' title='bbox 1347 2945 1402 2988; x_wconf 88' lang='grc' dir='ltr'>τὸ</span> <span class='ocrx_word' id='word_1_405' title='bbox 1429 2952 1635 3002; x_wconf 75' lang='grc' dir='ltr'><em>σημεῖον</em></span> <span class='ocrx_word' id='word_1_406' title='bbox 1657 2944 1903 3008; x_wconf 77' lang='grc' dir='ltr'><em>ἀφαιρεθῇ</em></span> <span class='ocrx_word' id='word_1_407' title='bbox 1926 2951 2006 2990; x_wconf 79' lang='grc' dir='ltr'>καὶ</span> 
     </span>
     <span class='ocr_line' id='line_1_77' title="bbox 1125 3007 2009 3068; baseline 0.002 -17"><span class='ocrx_word' id='word_1_408' title='bbox 1125 3008 1181 3052; x_wconf 87' lang='grc' dir='ltr'>τὸ</span> <span class='ocrx_word' id='word_1_409' title='bbox 1222 3011 1354 3052; x_wconf 74' lang='grc' dir='ltr'>λίνον</span> <span class='ocrx_word' id='word_1_410' title='bbox 1394 3010 1610 3068; x_wconf 47' lang='grc' dir='ltr'>ἐντμηθῇ</span> <span class='ocrx_word' id='word_1_411' title='bbox 1653 3013 1735 3052; x_wconf 78' lang='grc' dir='ltr'>καὶ</span> <span class='ocrx_word' id='word_1_412' title='bbox 1775 3007 1804 3065; x_wconf 74' lang='grc' dir='ltr'><em>ἦ</em></span> <span class='ocrx_word' id='word_1_413' title='bbox 1847 3011 2009 3063; x_wconf 64' lang='grc' dir='ltr'><em>δέλτος</em></span> 
     </span>
     <span class='ocr_line' id='line_1_78' title="bbox 1127 3070 2008 3133; baseline 0.002 -20"><span class='ocrx_word' id='word_1_414' title='bbox 1127 3070 1337 3131; x_wconf 61' lang='grc' dir='ltr'>ἀνοιχθῇ</span> <span class='ocrx_word' id='word_1_415' title='bbox 1378 3075 1460 3113; x_wconf 78' lang='grc' dir='ltr'>καὶ</span> <span class='ocrx_word' id='word_1_416' title='bbox 1490 3070 1810 3133; x_wconf 68' lang='grc' dir='ltr'><em>ἀνακηρυχθῇ</em></span> <span class='ocrx_word' id='word_1_417' title='bbox 1843 3070 1870 3115; x_wconf 83' lang='grc' dir='ltr'>ὁ</span> <span class='ocrx_word' id='word_1_418' title='bbox 1901 3089 2008 3115; x_wconf 75' lang='grc' dir='ltr'>και-</span> 
     </span>
     <span class='ocr_line' id='line_1_79' title="bbox 1127 3133 1606 3190; baseline 0.002 -14"><span class='ocrx_word' id='word_1_419' title='bbox 1127 3134 1209 3188; x_wconf 77' lang='grc' dir='ltr'>νὸς</span> <span class='ocrx_word' id='word_1_420' title='bbox 1239 3133 1478 3190; x_wconf 74' lang='grc' dir='ltr'><em>δεσπότης</em></span> <span class='ocrx_word' id='word_1_421' title='bbox 1507 3136 1606 3177; x_wconf 77' lang='grc' dir='ltr'>κτλ.</span> 
     </span>
    </p>

    <p class='ocr_par' dir='ltr' id='par_1_24' title="bbox 1124 3199 2007 3622">
     <span class='ocr_line' id='line_1_80' title="bbox 1182 3199 2007 3251; baseline -0.001 -11"><span class='ocrx_word' id='word_1_422' title='bbox 1182 3200 1319 3240; x_wconf 57' lang='lat'>-10-213.</span> <span class='ocrx_word' id='word_1_423' title='bbox 1355 3200 1520 3251; x_wconf 77' lang='lat' dir='ltr'>Quodsi]</span> <span class='ocrx_word' id='word_1_424' title='bbox 1546 3201 1594 3239; x_wconf 85' lang='lat' dir='ltr'>H.</span> <span class='ocrx_word' id='word_1_425' title='bbox 1615 3199 1642 3238; x_wconf 92' lang='lat' dir='ltr'>l.</span> <span class='ocrx_word' id='word_1_426' title='bbox 1668 3202 1884 3251; x_wconf 90' lang='lat' dir='ltr'>temporis</span> <span class='ocrx_word' id='word_1_427' title='bbox 1903 3212 2007 3239; x_wconf 83' lang='lat' dir='ltr'>con-</span> 
     </span>
     <span class='ocr_line' id='line_1_81' title="bbox 1127 3261 2001 3312; baseline -0.001 -11"><span class='ocrx_word' id='word_1_428' title='bbox 1127 3262 1256 3301; x_wconf 92' lang='lat' dir='ltr'>dicio.</span> <span class='ocrx_word' id='word_1_429' title='bbox 1311 3261 1373 3301; x_wconf 88' lang='lat' dir='ltr'>Cf.</span> <span class='ocrx_word' id='word_1_430' title='bbox 1399 3263 1486 3302; x_wconf 89' lang='lat' dir='ltr'>Sat.</span> <span class='ocrx_word' id='word_1_431' title='bbox 1509 3263 1555 3310; x_wconf 67' lang='lat'>2,</span> <span class='ocrx_word' id='word_1_432' title='bbox 1581 3262 1629 3305; x_wconf 87' lang='grc'>3,</span> <span class='ocrx_word' id='word_1_433' title='bbox 1654 3263 1717 3301; x_wconf 74' lang='grc'>40.</span> <span class='ocrx_word' id='word_1_434' title='bbox 1752 3263 1868 3312; x_wconf 81' lang='lat' dir='ltr'>Virg.</span> <span class='ocrx_word' id='word_1_435' title='bbox 1895 3265 2001 3301; x_wconf 74' lang='lat' dir='ltr'>Aen.</span> 
     </span>
     <span class='ocr_line' id='line_1_82' title="bbox 1127 3324 2007 3373; baseline -0.003 -9"><span class='ocrx_word' id='word_1_436' title='bbox 1127 3326 1174 3373; x_wconf 84' lang='lat'>5,</span> <span class='ocrx_word' id='word_1_437' title='bbox 1199 3324 1273 3365; x_wconf 75' lang='lat'>64:</span> <span class='ocrx_word' id='word_1_438' title='bbox 1305 3326 1550 3373; x_wconf 77' lang='lat' dir='ltr'>Praeterea,</span> <span class='ocrx_word' id='word_1_439' title='bbox 1584 3325 1617 3363; x_wconf 80' lang='lat' dir='ltr'>si</span> <span class='ocrx_word' id='word_1_440' title='bbox 1639 3336 1749 3363; x_wconf 78' lang='lat' dir='ltr'>nona</span> <span class='ocrx_word' id='word_1_441' title='bbox 1770 3325 1874 3362; x_wconf 79' lang='lat' dir='ltr'>diem</span> <span class='ocrx_word' id='word_1_442' title='bbox 1897 3335 2007 3361; x_wconf 84' lang='lat' dir='ltr'>mor-</span> 
     </span>
     <span class='ocr_line' id='line_1_83' title="bbox 1125 3386 2006 3426; baseline 0.001 -2"><span class='ocrx_word' id='word_1_443' title='bbox 1125 3387 1275 3425; x_wconf 78' lang='lat' dir='ltr'>talibus</span> <span class='ocrx_word' id='word_1_444' title='bbox 1295 3386 1455 3426; x_wconf 78' lang='lat' dir='ltr'>almam</span> <span class='ocrx_word' id='word_1_445' title='bbox 1484 3387 1649 3425; x_wconf 74' lang='lat' dir='ltr'>Aurora</span> <span class='ocrx_word' id='word_1_446' title='bbox 1671 3386 1878 3424; x_wconf 58' lang='lat' dir='ltr'>eoetulerit.</span> <span class='ocrx_word' id='word_1_447' title='bbox 1932 3387 2006 3425; x_wconf 88' lang='lat' dir='ltr'>Mi-</span> 
     </span>
     <span class='ocr_line' id='line_1_84' title="bbox 1126 3447 2005 3496; baseline -0.002 -9"><span class='ocrx_word' id='word_1_448' title='bbox 1126 3459 1208 3488; x_wconf 91' lang='lat' dir='ltr'>nus</span> <span class='ocrx_word' id='word_1_449' title='bbox 1229 3451 1351 3488; x_wconf 86' lang='lat' dir='ltr'>recte</span> <span class='ocrx_word' id='word_1_450' title='bbox 1375 3447 1634 3488; x_wconf 86' lang='lat' dir='ltr'>Groebelius</span> <span class='ocrx_word' id='word_1_451' title='bbox 1656 3448 1846 3486; x_wconf 84' lang='lat' dir='ltr'>coniecit</span> <span class='ocrx_word' id='word_1_452' title='bbox 1868 3447 2005 3496; x_wconf 64' lang='lat' dir='ltr'>Quid?</span> 
     </span>
     <span class='ocr_line' id='line_1_85' title="bbox 1124 3507 2003 3560; baseline 0.002 -12"><span class='ocrx_word' id='word_1_453' title='bbox 1124 3510 1157 3548; x_wconf 88' lang='lat' dir='ltr'>si</span> <span class='ocrx_word' id='word_1_454' title='bbox 1189 3512 1292 3551; x_wconf 73' lang='lat' dir='ltr'>cet:</span> <span class='ocrx_word' id='word_1_455' title='bbox 1327 3522 1428 3549; x_wconf 88' lang='lat' dir='ltr'>nam</span> <span class='ocrx_word' id='word_1_456' title='bbox 1456 3510 1594 3550; x_wconf 89' lang='lat' dir='ltr'>Codd.</span> <span class='ocrx_word' id='word_1_457' title='bbox 1620 3507 1749 3548; x_wconf 87' lang='lat' dir='ltr'>lectio</span> <span class='ocrx_word' id='word_1_458' title='bbox 1771 3508 2003 3560; x_wconf 90' lang='lat' dir='ltr'>tranquille</span> 
     </span>
     <span class='ocr_line' id='line_1_86' title="bbox 1126 3570 1997 3622; baseline 0.002 -13"><span class='ocrx_word' id='word_1_459' title='bbox 1126 3570 1411 3610; x_wconf 82' lang='lat' dir='ltr'>deliberantis</span> <span class='ocrx_word' id='word_1_460' title='bbox 1434 3574 1520 3611; x_wconf 84' lang='lat' dir='ltr'>ost.</span> <span class='ocrx_word' id='word_1_461' title='bbox 1556 3572 1624 3609; x_wconf 85' lang='lat' dir='ltr'>hic</span> <span class='ocrx_word' id='word_1_462' title='bbox 1648 3572 1860 3622; x_wconf 85' lang='lat' dir='ltr'>imprimis</span> <span class='ocrx_word' id='word_1_463' title='bbox 1884 3574 1997 3622; x_wconf 76' lang='lat' dir='ltr'>apta.</span> 
     </span>
    </p>
   </div>
   <div class='ocr_carea' id='block_1_22' title="bbox 1671 3647 1716 3681">
    <p class='ocr_par' dir='ltr' id='par_1_25' title="bbox 1671 3647 1716 3681">
     <span class='ocr_line' id='line_1_87' title="bbox 1671 3647 1716 3681; baseline 0 0"><span class='ocrx_word' id='word_1_464' title='bbox 1671 3647 1716 3681; x_wconf 63' lang='lat'>99</span> 
     </span>
    </p>
   </div>
  </div>
 </body>
</html>
