2231 3787
255 255 356 306 202

294 295 319 308 Μ

882 252 1094 293 HORATll
1126 252 1425 294 SATlRARUM

328 387 521 438 Iratum
561 392 829 455 patruum,
871 383 1104 445 vicinoS,
1150 391 1197 435 te
1238 381 1328 434 tibi
1372 381 1631 451 iniquum,

326 488 387 540 Et
424 486 614 539 frustra
659 485 841 537 mortis
881 483 1160 554 cupidum,
1204 500 1325 536 cum
1363 481 1535 534 deerit
1571 481 1745 551 egenti

326 591 420 650 As,
462 587 639 657 laquei
682 586 926 656 pretium.

327 691 569 760 lurgatur
605 686 810 749 verbi83
851 703 950 755 ego
991 683 1268 755 vectigalia
1306 701 1497 754 magna

325 790 655 859 Divitiasque
694 787 867 840 habeo
907 785 1075 838 tribus
1116 784 1318 856 amplas
1358 785 1592 856 regibus.

1004 586 1147 645 Iure,

1192 583 1386 652 inquit,
1429 582 1681 635 Trausius
1722 582 1833 635 istis

1963 681 2064 734 1100

1668 785 1807 856 Ergo
1821 827 1832 848 ‚

325 889 482 956 Quod
522 897 764 959 superat,
808 904 914 940 non
953 894 1033 939 est
1070 885 1261 940 melius
1299 903 1408 957 quo
1448 887 1719 940 insumere
1756 885 1976 957 possis?

325 994 432 1047 Cur
470 999 591 1061 eget
629 989 876 1059 indignus
916 988 1204 1058 quisquam
1243 995 1294 1041 te
1334 987 1538 1041 divite?
1579 989 1758 1052 Quare

325 1092 540 1164 Templa
577 1098 738 1145 ruunt
775 1089 994 1160 antiqua
1034 1089 1236 1143 deum?
1276 1089 1407 1148 Cur,
1450 1089 1723 1160 improbe,
1765 1105 1925 1142 carae

363 1274 428 1313 99.
460 1274 536 1312 Aes
567 1272 760 1323 cp„u,tF.
804 1294 847 1299 »-
891 1270 1029 1319 ‘inquis
1058 1271 1158 1310 LCt.
1200 1269 1351 1321 (inquit
1379 1271 1558 1321 praeter
1587 1271 1763 1310 nostros
1792 1282 1851 1323 γκ
1883 1280 2011 1309 «cum

309 1336 459 1386 aliis»)
484 1358 527 1363 —
549 1335 722 1374 Travtus
737 1344 859 1386 p,yx,
882 1333 1050 1372 Trasias
1064 1333 1164 1373 LCt.
1185 1354 1226 1360 —
1251 1332 1342 1371 404.
1362 1333 1476 1383 Eryo
1490 1331 1564 1372 hoc
1580 1333 1621 1372 S.
1645 1355 1689 1360 —-
1711 1332 1956 1382 4002.p0sses
1971 1342 2008 1371 c.

253 1499 294 1537 p.
321 1484 385 1524 53.
424 1506 467 1511 -—
494 1481 711 1533 patruum]
745 1491 934 1532 quorum
966 1479 1128 1519 severi-

253 1552 318 1587 tas
349 1548 390 1586 in
420 1543 656 1597 proverbio
688 1545 794 1583 erat.
848 1542 934 1582 Csr.
964 1541 1043 1580 Od.
1077 1540 1123 1589 3,

254 1611 327 1657 102,
361 1609 405 1648 3:
439 1605 1012 1655 Patruae‘rerberalinquae.
1039 1603 1124 1641 Sat.

255 1673 297 1717 2,
335 1671 380 1719 3,
421 1670 488 1709 88.
554 1669 623 1708 Sic
661 1667 779 1719 apud
823 1665 1127 1706 Philemonem

254 1734 483 1774 Comicum
508 1731 718 1781 frequens
741 1730 835 1769 erat
854 1732 1037 1778 patruus
1057 1726 1129 1766 ob-

252 1797 466 1847 iurgator,
499 1795 610 1833 teste
642 1791 823 1843 Apuleio
845 1790 956 1830 Flor.
981 1789 1027 1838 3,
1062 1789 1126 1828 46.

257 1881 299 1886 —
334 1858 403 1897 {ibi
440 1855 639 1906 iniquum]
674 1854 871 1893 «tibimet
910 1853 990 1904 ipsi
1023 1862 1129 1891 exo-

254 1931 402 1966 su1n,»
448 1921 493 1957 ut
540 1917 656 1968 apud
699 1917 961 1956 Ciceronem
992 1924 1126 1964 saepe

251 1982 384 2031 iniqui
404 1981 481 2019 met
502 1979 648 2018 mitius
670 1980 736 2018 est
757 1988 921 2016 nomen
942 1987 1022 2027 pro
1053 1975 1130 2013 ini-

253 2045 393 2084 micis.
438 2041 561 2082 Conf.
582 2041 659 2080 Od.
680 2041 718 2088 4,
742 2041 781 2088 2,
807 2039 872 2079 47.
907 2039 944 2078 4.
970 2039 1034 2086 40,
1061 2038 1124 2076 45.

308 2167 481 2207 99-1102.
526 2166 603 2213 As,
636 2164 774 2211 laquei
805 2162 1004 2213 pretium]
1042 2162 1128 2200 Lu-

254 2231 364 2269 cian.
388 2230 494 2268 Tim.
514 2228 588 2267 ⁶20:
617 2221 735 2279 Ἐγώ
757 2224 807 2265 δέ
826 2237 901 2264 τοι
922 2219 1128 2273 πολλοὺς

251 2288 313 2331 ἄν
356 2293 504 2331 εἰπεῖν
546 2284 711 2340 ἔχοιμί
754 2300 833 2327 σοι
876 2285 992 2336 χθὲς
1039 2284 1128 2337 μὲν

253 2350 363 2394 οὐδὲ
385 2348 563 2402 ὀβολόν
577 2383 587 2400 ,
620 2346 743 2391 ὥστε
764 2349 998 2407 πρίασθαι
1018 2344 1130 2405 βρό-

252 2430 365 2466 χον,
399 2411 694 2468 ἐσχηκότας,
730 2407 870 2462 ἄφνω
901 2410 951 2452 δὲ
980 2409 1128 2464 τήμε-

252 2492 337 2537 ρον
354 2477 616 2527 πλουσίους
635 2476 716 2516 καὶ
733 2473 1004 2525 πολυτελεῖς
1024 2474 1123 2514 κτλ.

255 2541 428 2581 «Placet
462 2541 606 2592 potius
649 2550 696 2579 as
726 2550 779 2578 ex
816 2538 1054 2578 Blandiniis
1086 2540 1129 2577 et

253 2605 414 2645 nostris
446 2602 631 2653 aliquot,
673 2603 720 2640 ut
748 2612 886 2640 unum
918 2611 1131 2640 nummu-

252 2663 346 2705 lum
377 2665 557 2712 indicet,
591 2675 726 2715 quam
747 2674 836 2709 aes,
871 2662 991 2713 quod
1012 2673 1132 2702 sum-

254 2739 353 2768 mae
394 2728 588 2766 incertae
630 2728 711 2766 est.
782 2725 998 2764 Lucianus
1046 2725 1130 2763 ita—

254 2801 340 2840 que
371 2789 555 2837 obolum,
588 2789 746 2827 Noster
765 2798 918 2834 assem,
952 2785 1129 2826 Plautus

257 2850 427 2900 (Pseud.
465 2851 508 2897 4,
553 2850 597 2898 4,
637 2850 688 2889 86
732 2849 815 2899 sq.)
861 2849 1126 2898 drachmam,

254 2914 426 2951 certum
457 2922 612 2951 omnes
642 2910 919 2950 nummulum
949 2921 1031 2961 pro
1065 2909 1131 2950 la-

255 2974 356 3025 quei
400 2974 540 3025 pretio
590 2974 913 3013 nominarunt.»
975 2974 1126 3012 BENTL.

258 3059 301 3065 ——
351 3037 496 3085 inquit]
543 3035 628 3074 Csr.
668 3037 754 3074 Sat.
795 3036 837 3084 4,
886 3035 930 3084 4,
977 3036 1042 3074 79.
1080 3059 1125 3063 —

258 3098 464 3146 Transius]
489 3096 699 3135 decoctor
721 3097 907 3146 ignotus.
958 3099 1128 3136 Nomen

255 3161 297 3199 in
329 3159 467 3199 Codd.
493 3160 828 3198 controversum
850 3160 991 3198 exstat
1011 3158 1128 3210 apud

257 3223 491 3261 Gruterum
513 3219 614 3267 744,
648 3220 685 3258 3.
714 3241 758 3247 —
781 3221 995 3271 Iurqaeur]
1021 3219 1128 3259 «ob-

255 3284 472 3332 iurgatur,
514 3282 831 3332 vituperatur.»
867 3303 910 3309 —
943 3283 1129 3332 vectiqa-

255 3344 336 3395 lia]
382 3345 424 3383 h.
458 3343 483 3383 l.
517 3343 681 3395 privati
722 3343 914 3393 reditus,
961 3346 1007 3383 ut
1047 3344 1124 3384 Od.

257 3406 301 3453 3,
337 3406 408 3453 46,
446 3404 511 3445 40.
575 3405 664 3446 Cic.
696 3404 752 3445 de
797 3406 917 3445 Offic.
959 3406 1005 3454 2,
1052 3407 1125 3455 25,

256 3467 327 3507 88:
363 3472 405 3507 ut
433 3468 569 3519 gloria
598 3467 772 3517 divitiis,
804 3468 1024 3519 vectiyatia
1051 3480 1129 3507 ur-

1191 1477 1302 1516 bana
1330 1478 1497 1516 rusticis
1526 1477 1885 1529 (anteponantur).
1922 1501 1962 1507 —
1989 1479 2068 1517 tri-

1191 1540 1264 1578 bus
1294 1540 1458 1589 amplas
1484 1540 1668 1591 ressibus]
1703 1551 1844 1591 «quae
1883 1540 1917 1581 si
1955 1540 2070 1579 inter

1192 1604 1282 1642 tres
1339 1613 1467 1653 reges
1529 1602 1854 1652 dividerentur,
1919 1603 2068 1642 tamen

1193 1664 1382 1714 quisque
1413 1665 1575 1703 horum
1605 1664 1748 1716 ampla
1781 1666 1902 1706 esset
1928 1664 2070 1704 fortu—

1191 1726 1288 1765 na.»
1315 1749 1359 1754 —
1381 1727 1511 1777 Ergyo]
1533 1726 1796 1776 indignantis
1817 1727 1907 1767 est:
1941 1736 2070 1766 «cum

1192 1789 1362 1827 tantum
1414 1787 1606 1835 habeas,
1666 1799 1810 1828 nonne
1865 1790 1933 1829 est
1980 1799 2078 1844 quo*

1193 1850 1350 1891 melius
1391 1852 1615 1891 insumere
1654 1851 1802 1902 possis
1843 1850 1963 1902 quod
1993 1861 2070 1890 su-

1190 1914 1401 1962 perest‘?»
1446 1935 1491 1940 -
1532 1912 1715 1964 superat]
1765 1911 2070 1964 «superabun-

1192 1974 1267 2013 dat
1295 1975 1379 2014 tuis
1410 1973 1609 2014 usibus.»
1659 1975 1810 2014 Senot.
1863 1975 1952 2015 Cic.
1986 1976 2071 2014 Pa·-

1191 2036 1285 2076 rad,
1310 2037 1355 2086 6,
1389 2037 1434 2086 3,
1468 2036 1543 2077 49:
1593 2039 1687 2077 Uter
1716 2037 1847 2088 mitur
1875 2041 1932 2076 est
1960 2037 2070 2076 divi-

1190 2101 1290 2148 tior,
1323 2100 1390 2139 cut
1419 2101 1545 2149 deest,
1579 2112 1635 2139 an
1664 2100 1730 2138 cui
1759 2099 1964 2150 superat?
1994 2100 2065 2149 qui

1191 2167 1300 2214 eqet,
1333 2174 1389 2201 an
1420 2163 1490 2212 qui
1519 2162 1742 2202 abundat?

1248 2224 1440 2264 403-407.
1464 2225 1670 2277 indignus]
1692 2225 1987 2272 «immeritus3
2008 2225 2071 2264 in-

1192 2287 1348 2337 dignus
1371 2288 1445 2338 qui
1462 2289 1632 2338 egeat.»
1651 2286 1787 2328 Plaut.
1810 2288 1939 2327 Cure.
1964 2286 2003 2336 4,
2023 2288 2064 2334 2,

1192 2352 1264 2390 27:
1296 2351 1482 2401 Indignis
1499 2350 1673 2401 (quibus
1695 2349 1808 2390 male
1831 2350 2013 2400 dicatur)
2035 2350 2070 2389 si

1191 2414 1300 2452 male
1321 2413 1487 2462 dicitur,
1510 2413 1619 2453 male
1633 2413 1788 2452 dictum
1802 2413 1845 2452 id
1859 2423 1941 2452 esse
1961 2413 2065 2452 dico.

1195 2498 1240 2503 -
1270 2475 1434 2525 Templa
1458 2477 1612 2525 ruunt]
1644 2476 1807 2526 quippe
1838 2486 1953 2526 quae
1988 2486 2070 2526 per

1192 2536 1307 2577 bella
1326 2537 1465 2577 civilia
1482 2538 1554 2577 (liu
1568 2537 1768 2588 neglecta
1784 2539 1882 2578 sint.
1902 2538 2068 2578 Verum

1192 2600 1310 2639 unde
1341 2600 1383 2638 in
1424 2601 1601 2639 Horatio
1635 2600 1750 2650 (nam
1790 2600 1948 2648 etiam,
1995 2600 2069 2650 qui

1192 2661 1305 2700 haec
1322 2661 1467 2699 omnia
1479 2659 1639 2700 Ofellae
1658 2660 1870 2710 tribuunt,
1883 2661 2067 2701 huiusce

1193 2723 1434 2763 sententias
1480 2733 1503 2759 a
1547 2724 1674 2773 poeta
1721 2722 1928 2773 probari,
1980 2734 2068 2763 non

1192 2783 1632 2838 διακωμῳόεϊσθαι,
1704 2784 1923 2824 fateantur
1987 2796 2070 2825 ne—

1194 2857 1319 2887 cesse
1356 2848 1452 2896 est),
1499 2846 1616 2886 unde
1663 2847 1705 2886 in
1750 2847 1951 2895 Horatio,
1998 2848 2067 2887 in-

1193 2920 1352 2960 quam,
1393 2909 1466 2959 qui
1498 2910 1643 2949 Carni.
1671 2909 1716 2958 4,
1759 2908 1834 2957 34,
1878 2910 1915 2948 4.
1955 2921 2067 2959 par—

1191 2982 1285 3011 cum
1322 2972 1493 3010 deorum
1527 2972 1726 3011 cultorem
1754 2975 1791 3011 et
1825 2971 2068 3022 infrequen-

1192 3037 1272 3072 tem
1292 3034 1434 3072 semet
1455 3034 1548 3084 ipse
1571 3032 1780 3085 appellat,
1814 3034 1931 3072 tanta
1956 3033 2066 3073 haec

1192 3096 1279 3134 iam
1301 3106 1338 3134 a.
1363 3096 1456 3134 720.
1480 3094 1750 3146 templorum
1781 3097 1916 3135 eura‘?
1946 3097 2066 3136 Mera

1191 3160 1303 3199 haec
1341 3159 1559 3200 simulatio
1601 3171 1701 3200 esse
1742 3171 1829 3200 non
1866 3162 2063 3212 poterat,

1191 3234 1277 3262 non
1308 3223 1448 3273 magis
1487 3233 1623 3273 quam
1653 3223 1800 3262 Carm.
1832 3222 1880 3271 3,
1921 3223 1966 3271 6,
2010 3223 2026 3261 4
2054 3234 2061 3260 :

1190 3285 1352 3325 Delicta
1371 3285 1581 3324 maiorum
1601 3285 1830 3324 immeritus
1848 3284 1956 3334 lues,
1987 3285 2066 3324 Ro-
2103 3274 2117 3286 ”

1189 3357 1339 3395 mane,
1372 3347 1498 3386 donec
1532 3346 1684 3396 templa
1706 3346 1923 3397 refeceris,
1975 3347 2059 3385 cet.

1191 3407 1298 3457 Sed,
1332 3408 1367 3448 si
1399 3408 1504 3458 quid
1534 3407 1729 3448 divinare
1761 3408 1844 3447 hac
1874 3408 1917 3447 in
1948 3418 1995 3447 re
2018 3406 2064 3446 li-

1191 3473 1280 3519 cet,
1325 3470 1474 3521 quidni
1506 3470 1727 3520 dicamus,
1774 3470 1936 3511 Horatii
1967 3470 2063 3511 ani-
