2231 3787
257 250 275 303 'l
287 252 352 303 802

884 251 1095 291 IlORATll
1125 249 1424 291 sATlRARUM

324 381 622 435 Ambitione
662 380 898 452 relegata
937 389 987 434 tc
1027 381 1207 435 dicere
1245 396 1492 451 possum,

325 483 513 542 Pollio,
555 492 633 544 te,
676 482 944 544 Messalla,
989 491 1079 535 tuo
1118 499 1240 535 cum
1279 481 1438 533 sratre
1477 478 1742 550 simulque

1990 480 2058 532 85

326 587 452 639 Vos,
494 583 681 638 Bibule
721 593 773 636 et
811 583 987 641 Servi.
1031 582 1186 636 simul
1224 581 1305 634 his
1345 590 1421 642 te,
1462 579 1691 634 candide
1729 580 1916 642 Furni,

326 685 641 756 Complures
681 684 833 737 alios.
877 683 1063 737 doctos
1105 700 1206 753 ego
1245 699 1382 753 quos
1422 689 1474 735 et
1511 681 1714 736 amicos

362 877 427 915 So.
477 874 618 913 Bibule
658 878 694 912 et
737 874 855 911 Servi
896 873 1116 919 Muretus,
1163 872 1212 910 N.
1248 872 1470 920 Heinsius,
1517 870 1761 912 Bentleius:
1808 871 1944 911 Bibuli
1972 876 2010 912 el

307 937 424 976 Seri-i
454 935 792 986 hcdp‚1„‹:tFMJ,
825 934 959 973 Bibuli
987 933 1106 972 Servi
1135 943 1358 986 superscr.
1382 938 1419 973 et
1440 935 1480 973 S.
1518 958 1561 962 —
1594 935 1660 974 87.
1695 933 2015 985 Compluresque

308 999 444 1040 Codd.
480 998 579 1049 aliq.

305 1162 450 1203 84-90.
496 1161 724 1201 Ambitio-ne
757 1160 959 1212 releqala]
991 1162 1124 1200 «Pro-

251 1224 317 1264 ¹cul
355 1224 552 1276 profecto
593 1223 752 1263 absum
783 1234 806 1262 a
838 1221 1016 1274 gloriola
1048 1233 1124 1261 ca-

247 1287 431 1339 ptanda,
465 1298 567 1326 eum
587 1298 691 1334 vos,
725 1287 767 1325 in
790 1286 858 1325 his
881 1286 1012 1325 etiam
1038 1284 1125 1336 pri-

249 1360 398 1388 mores
429 1349 635 1397 cix-itatis,
669 1349 993 1395 Maecenatem,
1027 1347 1125 1386 Asi-

249 1413 369 1449 nium
401 1409 662 1458 Pollionem,
705 1408 977 1457 Messallam,
1011 1409 1125 1447 inter

249 1474 415 1512 amieos
455 1483 580 1512 meos
611 1483 870 1512 enumero.»
907 1493 950 1499 —
982 1470 1122 1522 Pollio]

247 1535 343 1574 vid.
377 1546 508 1585 supra
540 1546 580 1573 V.
615 1534 680 1574 42.
719 1557 764 1563 -—
796 1534 1014 1583 Messalla,
1054 1537 1123 1573 tuo

246 1609 339 1636 eum
365 1596 515 1647 fratre]
549 1597 596 1644 Q.
619 1597 753 1636 Pedio
777 1595 1011 1647 Poplicola.
1059 1597 1122 1635 De

250 1661 439 1709 utroque
483 1659 583 1698 vide
627 1669 762 1710 supra
804 1670 845 1697 v.
878 1658 935 1697 28
970 1668 1037 1708 sq.
1075 1679 1118 1686 —

245 1721 402 1772 Bibule]
444 1721 513 1759 Sic
544 1721 724 1772 scripsi,
772 1721 988 1771 quoniamv
1019 1731 1124 1771 per-

248 1793 384 1833 quam
426 1784 738 1823 inconcinnum
784 1782 960 1821 videtur
1004 1783 1120 1822 hoc:

249 1856 368 1895 «vos,
404 1844 518 1895 (duo)
560 1845 695 1883 Bibuli
735 1844 951 1895 (nomen),
998 1849 1035 1884 el
1067 1845 1122 1895 (te

247 1907 422 1957 unum),
464 1907 584 1946 Servi
619 1907 936 1957 (praenomen).
987 1906 1123 1946 Bibu-

249 1969 338 2008 lum
380 1968 450 2008 vel
498 1967 676 2008 Bibulos
720 1967 872 2007 volunt
919 1979 1020 2009 esse
1063 1970 1119 2009 M.

247 2030 470 2082 Calpurnii
500 2029 639 2069 Bibuli
671 2029 861 2070 consulis
883 2041 986 2070 cum
1008 2031 1122 2070 Cae-

249 2104 346 2132 sare
377 2104 415 2132 a.
450 2104 490 2132 u.
525 2104 562 2132 c.
598 2092 691 2131 695.
726 2091 862 2132 filium
893 2091 961 2132 vel
993 2092 1118 2132 filios.

250 2156 295 2195 ld
327 2158 476 2195 tamen
507 2154 773 2202 notandum,
807 2166 845 2194 a.
879 2166 921 2194 u.
958 2166 994 2194 e.
1027 2155 1120 2194 723.

248 2224 337 2259 tres
382 2222 501 2259 certe
562 2220 655 2259 eius
716 2218 827 2259 filios
885 2220 1125 2260 exstinctos

248 2283 397 2322 fuisse.
478 2282 563 2322 Cfr.
612 2281 923 2321 Onomasticon
972 2292 1124 2321 meum

247 2343 491 2384 Tullianum
528 2345 571 2383 in
600 2355 640 2382 v.
676 2345 721 2383 L.
757 2344 1014 2383 CALPURNIL'S
1051 2345 1124 2383 131-

250 2418 374 2446 nt'Lcs
404 2417 447 2457 p.
479 2406 572 2445 424.
601 2429 645 2433 —
678 2406 811 2457 Servi]
844 2406 1022 2446 Servius
1053 2407 1124 2446 hic

249 2469 434 2508 fortasse
465 2468 542 2508 fuit
572 2469 665 2507 Ser.
686 2466 863 2519 Sulpicii
892 2468 988 2507 Rufi
1008 2468 1121 2517 ICti,

250 2530 442 2571 consulis
477 2542 518 2570 a.
556 2542 598 2570 u.
641 2541 679 2569 e.
713 2530 826 2579 703.,
870 2529 1006 2577 filius,
1049 2530 1124 2581 qui

248 2592 552 2645 philosophiae
584 2594 628 2632 et
664 2591 832 2632 artibus
867 2591 1123 2632 liberalibus

250 2665 434 2705 operam
479 2655 626 2694 dabat.
671 2676 717 2682 —
760 2655 933 2694 candide
977 2655 1121 2705 Furni]

251 2719 297 2757 C.
324 2718 506 2757 Furnius
538 2718 842 2758 «historiarum
863 2717 950 2757 fide
974 2720 1017 2758 et
1038 2717 1125 2758 ele-

251 2780 393 2829 gantia
417 2778 611 2818 claruit.»
635 2780 773 2819 Comi.
799 2781 928 2826 Caco.
955 2780 1001 2820 C.
1023 2781 1125 2820 Fur-

251 2841 348 2880 nius
370 2852 408 2879 a.
429 2852 470 2879 u.
490 2842 583 2880 725.
604 2840 757 2881 consul
779 2841 991 2881 suffectus
1013 2844 1120 2891 erat,

252 2903 322 2942 cui
353 2904 463 2942 teste
495 2904 660 2943 Seneca
698 2903 752 2942 dc
788 2903 936 2943 Benef.
968 2905 1015 2952 2,
1052 2905 1119 2944 25.

250 2965 508 3004 Antonianas
530 2969 674 3014 parles
697 2969 833 3004 seculo
854 2966 972 3017 apud
994 2966 1124 3006 Octa-

251 3028 432 3066 vianum
486 3028 651 3066 veniam
702 3028 940 3077 impelravll
994 3027 1121 3069 filius.

252 3091 370 3128 Inter
400 3089 481 3128 hos
513 3090 676 3129 Horatii
706 3091 871 3130 amicos
902 3090 1125 3130 desidera-

254 3162 353 3190 mus
383 3150 601 3190 Tibullum
633 3154 677 3191 et
706 3152 1007 3203 Propertium:
1054 3153 1124 3192 hic

254 3217 402 3252 tamen
462 3224 687 3264 nunquam
747 3214 840 3253 eius
904 3213 1124 3255 familiaris

253 3275 385 3314 fuisse
417 3274 612 3321 videtum
657 3273 777 3314 illum
809 3287 847 3314 a.
881 3287 923 3315 u.
958 3287 996 3315 c.
1029 3276 1121 3316 723.

254 3337 453 3377 nondum
485 3339 681 3376 noverat.
719 3359 759 3366 —
796 3339 977 3378 Prudens
995 3350 1126 3388 prae-

256 3399 377 3449 tereo]
411 3397 658 3447 «consulto,
702 3410 787 3439 non
824 3410 904 3450 per
941 3399 1127 3440 oblivio-

257 3470 402 3500 nem.»
454 3461 581 3503 Addit
601 3462 708 3509 hoc,
737 3473 791 3502 ne
815 3463 912 3514 quis
934 3473 981 3503 se
1002 3473 1128 3515 prae-

1187 1160 1367 1199 teritum
1389 1161 1613 1211 queratur.
1655 1159 1822 1200 Eadem
1842 1160 1936 1200 arte
1956 1170 2066 1200 usus

1188 1222 1360 1262 (livinus
1399 1223 1613 1262 Areostus
1651 1222 1698 1262 C.
1732 1221 1809 1271 46,
1851 1221 1916 1262 ⁴0.
1949 1222 2066 1262 inter

1187 1286 1394 1325 fautrices
1446 1295 1552 1326 suas
1603 1287 1860 1325 enumerat:
1911 1288 2067 1335 quante

1187 1349 1320 1388 donne
1349 1347 1446 1387 belle
1482 1348 1548 1386 Ha
1585 1346 1865 1395 Lombardia,
1911 1350 2066 1397 quante

1184 1410 1216 1448 il
1239 1420 1365 1459 paese
1394 1410 1530 1449 Toseo.
1567 1430 1612 1437 -
1645 1409 1753 1460 sunt]
1791 1410 1856 1449 De
1893 1408 2066 1449 indica-

1186 1472 1276 1511 tivo
1317 1471 1431 1511 conf.
1472 1472 1678 1512 Huschke
1719 1473 1764 1511 et
1804 1471 1965 1512 Dissen
2007 1470 2065 1511 ad

1187 1533 1280 1573 Tib.
1316 1534 1363 1583 4,
1404 1533 1450 1581 6,
1493 1533 1566 1573 66:
1619 1533 1828 1583 Quidquid
1866 1533 1956 1585 agit
1993 1531 2062 1583 (al.

1187 1595 1332 1647 aqat),
1363 1596 1534 1647 sanquis
1568 1599 1626 1635 est
1663 1599 1802 1635 lamen
1839 1595 1915 1634 illa
1953 1598 2062 1634 tuus.

1192 1682 1236 1686 —
1259 1669 1329 1708 spe
1343 1658 1536 1698 Deterius
1552 1658 1712 1707 nostra]
1737 1657 1908 1698 «minus
1929 1667 2065 1708 quam

1188 1721 1294 1760 mihi
1325 1731 1520 1771 aequum
1548 1719 1766 1760 videtur.»
1829 1721 1988 1760 Ascon.
2021 1719 2066 1759 in

1188 1782 1331 1824 Milon.
1356 1783 1427 1823 ed.
1460 1783 1568 1822 Bait.
1601 1794 1644 1834 p.
1669 1781 1744 1831 34,
1779 1781 1851 1822 48:
1879 1780 2068 1832 petebat-

1187 1857 1266 1896 que
1285 1845 1412 1884 nihilo
1442 1845 1621 1886 deterius
1649 1844 1926 1884 eon-sulatum.

1242 1907 1414 1948 90-92.
1465 1907 1670 1955 Demetri,
1720 1911 1859 1956 teque,
1907 1905 2065 1957 Tigelli}

1186 1973 1298 2012 Ante
1337 1982 1380 2010 v.
1411 1971 1596 2009 Demetri
1635 1970 1763 2010 deest
1800 1968 2066 2019 test-«idque

1187 2044 1312 2074 more
1344 2032 1473 2084 plane
1504 2033 1765 2081 Horatiano,
1811 2033 1859 2071 ut
1898 2031 1984 2071 S'at.
2014 2031 2065 2080 2,

1187 2096 1233 2136 8.
1283 2095 1364 2135 46:
1413 2094 1639 2143 Albanum,
1689 2095 1933 2143 Maecenas,
1982 2093 2069 2132 sive

1186 2158 1411 2198 Falernum
1434 2158 1482 2197 Te
1501 2159 1637 2208 maqls
1657 2156 1856 2206 appositis
1876 2150 2067 2205 delectat,

1188 2231 1269 2272 pro
1313 2220 1397 2260 sive
1439 2220 1645 2259 Albanum
1688 2219 1772 2259 sive
1820 2218 2061 2258 Falernum.

1188 2284 1379 2323 Severus
1400 2282 1443 2321 in
1464 2283 1602 2322 Aetna
1622 2293 1664 2321 V.
1687 2281 1732 2321 84
1754 2293 1761 2320 :
1794 2281 1950 2330 Minos,
1973 2284 2066 2320 tua-

1187 2356 1286 2394 que,
1317 2345 1468 2394 Aeaee,
1501 2345 1546 2384 in
1572 2343 1731 2384 umbris
1758 2344 1862 2383 Iura
1889 2346 2064 2392 canunt,

1187 2418 1267 2459 pro
1303 2407 1413 2457 Tua,
1459 2407 1619 2456 MinOS,
1665 2410 1844 2456 tuaque,
1888 2405 2082 2446 Aeaee.»

1187 2471 1340 2509 BENTL.
1377 2491 1422 2497 —
1453 2468 1783 2520 Discipularum]
1821 2465 2066 2508 Ridiculum

1187 2542 1371 2572 scenam
1415 2529 1571 2571 lectori
1616 2530 1769 2579 offert,
1818 2527 2068 2582 pulchellos

1186 2593 1280 2635 illos
1323 2594 1446 2634 vocis
1483 2595 1527 2633 et
1571 2595 1724 2633 cantus
1762 2591 2068 2633 modulatores

1186 2658 1302 2697 inter
1343 2653 1513 2706 puellas
1554 2653 1622 2695 vel
1672 2655 1885 2705 ingenuas
1931 2653 2065 2705 (Aen.)

1186 2718 1256 2759 vel
1300 2718 1460 2757 mimas
1501 2716 1655 2767 (Comi.
1689 2717 1779 2767 Cn.)
1822 2715 2068 2757 cantilenas

1187 2781 1423 2828 docentes,
1469 2789 1556 2829 qua
1600 2779 1643 2818 in
1682 2777 1833 2819 schola
1872 2779 2066 2820 invicem

1188 2842 1366 2883 delicias
1396 2840 1620 2881 faciebant
1649 2842 1693 2880 et
1714 2841 1910 2891 magistri
1932 2842 1975 2881 et
1996 2840 2065 2880 di-

1187 2903 1397 2956 scipulae.
1449 2904 1512 2943 De
1551 2902 1632 2942 alia
1672 2900 1857 2957 διλογίᾳ
1892 2902 2063 2943 subob—

1187 2977 1374 3015 scoena,
1421 2976 1506 3016 qua
1547 2964 1785 3017 discipulos
1825 2964 2067 3016 discipulas

1188 3029 1367 3077 dixerit,
1419 3028 1629 3079 equidem
1672 3026 1807 3068 nolim
1851 3028 2060 3078 cogitare.

1189 3090 1530 3140 «Discipularum
1580 3091 1606 3129 i.
1656 3101 1695 3130 e.
1742 3090 2062 3141 ingenuarum,

1189 3153 1289 3204 quia
1312 3153 1395 3192 hoc
1416 3154 1618 3204 tempore
1641 3153 1885 3191 maximum
1907 3161 2063 3191 earum

1189 3215 1385 3255 studium
1445 3214 1524 3254 fuit
1580 3213 1814 3253 affectandi
1876 3211 2064 3264 lyricam

1191 3277 1434 3328 (musicam)
1480 3276 1797 3328 disciplinam.»
1853 3276 1955 3316 Aen,
2000 3276 2064 3315 Ac

1191 3350 1297 3378 sane
1328 3338 1516 3378 feminae
1547 3339 1792 3386 Romanae,
1826 3337 1959 3376 etiam
1980 3347 2064 3376 no-

1191 3400 1324 3450 biles,
1358 3401 1539 3441 musicis
1570 3409 1754 3452 operam
1783 3398 1969 3448 dabant,
2014 3399 2064 3438 ut

1192 3463 1452 3524 Sffmpronia
1497 3461 1567 3504 illa
1610 3459 1781 3502 Salustii
1822 3460 1944 3502 Catil.
1977 3461 2058 3501 25:
