2231 3787
293 256 394 308 (34⁴2
892 253 1106 293 HORATII
1136 251 1504 292 EmsTOLARUM

293 391 489 441 ineptiis:
539 389 579 427 in
611 387 737 427 tertia
768 386 960 437 denique
993 386 1097 425 artis
1127 384 1365 436 praecepta
1399 381 1542 421 tradit.
1594 382 1736 431 Atque
1767 379 1896 420 huius
1927 378 2110 431 quidem

292 461 459 511 primae
493 456 701 510 epistolae
733 457 908 496 occasio
946 455 1152 495 Suetonio
1183 455 1295 493 teste
1325 453 1428 502 (Vit.
1456 452 1629 500 Horat.)
1660 449 1773 490 haec
1803 448 1906 489 fuit:
1941 449 2111 500 “Anqu-

290 534 374 569 slus
408 533 503 578 post
538 538 744 568 sermones
783 527 902 567 lectos
938 526 1097 565 nullam
1125 524 1189 562 sui
1223 522 1470 562 mentionem
1497 520 1683 560 habitam
1710 520 1772 559 ita
1801 524 1859 560 est
1887 523 2075 569 questus:
2090 534 2109 553 n

292 599 459 639 «Irasci
490 609 561 638 me
594 597 671 638 tibi
703 597 841 643 scito,
880 595 1001 646 quod
1031 604 1119 633 non
1149 593 1192 632 in
1222 590 1446 643 plerisque
1479 589 1697 631 eiusmodi
1727 589 1902 641 scriptis
1932 599 2111 629 mecum

290 669 571 721 potissimum
615 666 822 718 loquaris.
885 667 948 704 An
993 663 1191 711 vereris,
1238 673 1293 701 ne
1336 661 1454 712 apud
1489 662 1693 712 posteros
1732 658 1809 699 tibi
1839 659 2001 699 infame
2032 659 2108 707 sit,

290 738 409 789 quod
445 738 636 778 videaris
677 735 900 775 familiaris
932 733 1059 773 nobis
1091 743 1189 772 esse
1206 732 1258 770 ⁶2»
1304 731 1587 781 expressitque
1614 730 1839 781 Eeloyam,
1885 729 2002 768 euius
2029 728 2113 767 ini-

290 811 389 848 tium
423 813 508 847 est:
554 809 665 847 Cum
696 807 757 844 tot
788 805 1039 844 sustineas»
1073 803 1158 842 cet.
1207 801 1378 853 Optime
1401 802 1551 840 autem
1570 800 1655 840 hoc
1674 800 1957 851 potissimum
1978 809 2113 849 argu-

289 882 491 918 mentum
521 878 652 928 poeta
684 874 766 915 sibi
798 874 1008 925 sumpsit,
1041 874 1193 924 utpote
1225 871 1282 910 ad
1311 871 1561 922 principem
1591 869 1793 910 scribens
1825 871 1869 909 et
1899 868 2111 919 elegantis

290 949 436 988 iudicii
479 950 521 986 et
551 949 706 997 poetas
739 944 938 995 egregios
971 943 1197 982 foventem
1231 942 1275 981 et
1304 940 1511 981 omnibus
1542 939 1776 992 praesidiis
1807 939 1864 979 ad
1893 940 2113 979 Romanas

289 1021 435 1059 Musas
468 1015 722 1057 excitandas
754 1017 885 1064 atque
918 1012 1100 1052 alendas
1130 1013 1409 1051 instruct-um.
1452 1012 1557 1051 Post
1576 1009 1861 1062 splendidum
1883 1008 2114 1049 exordium

291 1092 372 1139 (vv.
398 1087 562 1135 4—47)
595 1086 774 1125 nimiam
806 1087 1011 1123 veterum
1042 1084 1276 1133 poetarum
1307 1080 1648 1120 admirationem
1678 1080 1866 1131 exagitat
1895 1081 1939 1119 et
1960 1080 2113 1119 osten-

290 1158 373 1204 dit,
407 1168 542 1208 quam
571 1166 731 1207 parum
762 1154 941 1193 firmum
973 1153 1016 1191 et
1045 1154 1218 1191 rectum
1250 1152 1302 1191 sit
1335 1161 1491 1190 eorum
1521 1150 1754 1198 iudicium,
1803 1150 1879 1201 qui
1907 1148 2114 1201 poemata

289 1229 460 1267 tantum
492 1238 545 1266 ex
575 1227 796 1264 vetustate
829 1223 1078 1263 aestiment.
1115 1223 1168 1273 (v.
1193 1221 1277 1271 49.)
1323 1222 1433 1260 Tum
1464 1221 1532 1261 his
1561 1221 1667 1272 ipsis
1697 1219 1924 1260 veteribus
1951 1220 2115 1260 Roma-—

290 1308 450 1337 norum
480 1295 622 1347 poetis
653 1295 709 1333 ita
743 1293 1036 1341 enumeratis,
1082 1294 1129 1332 ut
1170 1295 1212 1332 et
1248 1292 1500 1331 criticorum
1531 1291 1709 1331 sibimet
1738 1292 1820 1342 ipsi
1848 1289 2114 1343 plerumque

288 1368 542 1418 iniquorum
571 1367 704 1415 atque
736 1364 1042 1414 antiquissima
1074 1373 1279 1414 quaeque
1310 1363 1354 1402 in
1375 1361 1585 1401 invidiam
1605 1372 1770 1410 novae,
1802 1362 1852 1400 ut
1869 1362 1928 1400 ita
1950 1360 2111 1409 dicam,

288 1439 524 1488 poetarum
569 1437 718 1475 sectae
763 1435 893 1473 unice
938 1432 1314 1484 praedicantium,
1363 1434 1406 1471 et
1444 1431 1672 1483 propriam
1711 1442 1840 1472 suam
1869 1430 1924 1471 de
1955 1430 2116 1471 iisdem

290 1507 558 1546 sententiam
589 1505 781 1555 exponat
811 1504 865 1554 (v.
890 1503 1000 1553 89.)‚
1035 1503 1245 1542 extremis
1268 1502 1394 1552 quasi
1413 1500 1692 1541 lineamentis
1715 1500 2000 1553 descriptam,
2034 1500 2116 1541 sed

289 1586 509 1627 perquam
539 1575 782 1625 ingeniose,
818 1575 1087 1612 Graecorum
1120 1573 1163 1611 et
1192 1573 1493 1611 Romanorum
1522 1570 1718 1610 indolem
1741 1572 1948 1622 vitaeque
1977 1571 2116 1610 ratio-

289 1657 368 1686 nes
399 1647 513 1684 inter
544 1656 591 1685 se
625 1645 855 1695 comparat
887 1644 938 1693 (V.
965 1642 1099 1692 406),
1134 1653 1186 1681 eo
1218 1641 1401 1692 quidem
1433 1640 1637 1688 consilio,
1670 1643 1718 1680 ut
1748 1641 2045 1690 demonstret,
2079 1641 2115 1681 si

289 1717 562 1755 Graecorum
603 1714 907 1754 vetustissima
953 1724 1157 1764 quaeque
1198 1712 1394 1752 carmina
1435 1723 1483 1751 re
1514 1722 1620 1751 vera
1651 1712 1739 1751 sint
1768 1712 1902 1751 etiam
1932 1711 2112 1764 optima,

287 1787 372 1825 hoc
405 1785 523 1825 idem
553 1785 765 1824 iudicium
796 1785 839 1823 in
870 1786 1172 1823 Romanorum
1193 1782 1464 1822 carminibus
1495 1781 1643 1821 locum
1664 1781 1832 1821 habere
1856 1793 1941 1821 non
1963 1792 2112 1833 posse.

289 1855 458 1895 Deinde
497 1854 606 1894 cum*
640 1855 938 1905 antiquiorum
969 1855 1269 1893 Romanorum
1299 1852 1473 1903 ingenio
1504 1863 1528 1890 a
1559 1850 1860 1891 subtilioribus
1891 1853 2115 1892 Musarum

289 1925 456 1965 artibus
486 1924 627 1964 alieno
656 1936 741 1963 non
764 1924 857 1963 sine
881 1922 1025 1973 aliqua
1047 1922 1267 1962 derisione
1289 1921 1507 1961 fervidum
1529 1920 1635 1960 illud
1656 1921 1851 1961 studium
1873 1921 2113 1972 componit,

290 2005 377 2045 quo
422 2006 527 2035 suae
575 1996 729 2034 aetatis
774 1993 977 2033 homines
1022 1992 1076 2031 ad
1116 2002 1273 2032 versus
1316 1990 1578 2032 scribendos
1607 1992 1858 2042 rapiantur,
1905 1990 2114 2042 additque

289 2066 437 2116 poesis
468 2063 789 2110 laudationem,
837 2065 879 2102 in
915 2074 999 2113 qua
1033 2074 1056 2102 a
1087 2063 1237 2102 iocosa
1269 2066 1311 2101 et
1342 2061 1564 2101 submissa
1594 2062 1856 2101 tractatione
1886 2071 2029 2112 usque
2059 2060 2116 2100 ad

290 2133 526 2175 sublimem
559 2135 819 2185 gravitatem
851 2133 1040 2183 assurgit
1072 2133 1126 2183 (V.
1154 2132 1280 2182 438).
1341 2134 1499 2172 Postea
1529 2131 1687 2170 fautori
1717 2142 1798 2171 suo
1827 2131 1976 2182 poesis
2007 2142 2116 2170 con—

290 2205 512 2244 dicionem
544 2207 587 2244 et
616 2205 857 2251 rationem,
891 2202 1031 2254 qualis
1062 2205 1166 2242 tunc
1196 2204 1361 2242 Romae
1394 2202 1493 2250 fuit,
1527 2202 1731 2241 scenicae
1765 2201 2001 2253 imprimis,
2036 2211 2115 2240 ex-

287 2276 410 2326 ponit
456 2276 511 2324 (ν.
544 2274 655 2324 υ213.)
701 2276 833 2324 atque
880 2274 1012 2312 etiam
1056 2272 1250 2323 reliquos
1289 2273 1443 2323 poetas
1480 2273 1660 2323 praeter
1699 2271 1900 2311 scenicos
1928 2271 2115 2323 principi

290 2343 600 2392 commendat,
635 2355 686 2382 eo
716 2344 999 2394 potissimum
1030 2343 1208 2382 nomine
1241 2353 1327 2382 non
1359 2341 1669 2393 negligendos,
1704 2341 1824 2392 quod
1845 2341 2051 2392 generosi
2072 2343 2116 2380 et

288 2414 436 2467 populi
481 2417 524 2453 et
566 2414 775 2465 principis
821 2414 991 2453 intersit
1035 2411 1289 2463 praeclaros
1332 2411 1560 2464 praeclare
1604 2412 1822 2451 factorum
1864 2421 2114 2463 praecones

289 2485 482 2525 nancisci
507 2485 559 2535 (v.
584 2484 718 2532 250),
754 2483 874 2533 quod
905 2483 1011 2522 dum
1043 2482 1150 2522 dicit
1179 2485 1338 2534 sponte
1370 2483 1496 2534 quasi
1527 2484 1570 2522 et
1598 2483 1693 2533 ipsa
1724 2482 1944 2521 sermonis
1965 2481 2035 2521 via
2057 2481 2114 2521 ad

291 2565 390 2594 eam
431 2554 763 2593 excusationem
807 2552 1027 2602 defertur,
1077 2564 1163 2604 qua
1193 2553 1313 2592 haud
1342 2551 1482 2593 semel
1511 2553 1554 2592 in
1583 2552 1802 2604 poematis
1832 2551 1923 2591 suis
1953 2552 2111 2601 utitur,

290 2636 337 2665 se
369 2624 550 2675 quidem
582 2623 710 2662 tantis
751 2625 930 2674 tamque
976 2622 1218 2674 splendidis
1249 2622 1385 2662 rebus
1416 2622 1471 2662 ab
1502 2623 1698 2672 Augusto
1730 2622 1863 2672 gestis
1894 2622 2112 2673 imparem

291 2705 390 2735 esse
423 2692 744 2733 celebrandis.»
768 2694 888 2732 Zeu..
942 2694 1140 2742 Etenim,
1173 2695 1222 2732 ut
1252 2691 1354 2732 alibi
1384 2693 1470 2732 iam
1492 2692 1861 2742 significavimus,
1894 2690 2113 2730 abhorre-

290 2764 366 2803 bat
397 2764 570 2803 animus
601 2761 892 2813 xoluntasque
925 2763 1019 2803 eius
1050 2774 1074 2802 a
1105 2765 1195 2802 toto
1225 2761 1296 2802 illo
1318 2773 1481 2813 genere
1504 2761 1795 2813 panegyrico,
1830 2760 1978 2800 medio
1999 2761 2114 2800 inter

293 2834 468 2885 epicum
509 2834 551 2872 et
592 2831 782 2882 lyricum
822 2834 864 2872 et
895 2832 950 2872 ab
983 2836 1172 2883 utroque
1204 2833 1391 2872 remoto.
1444 2832 1613 2881 Scripta
1644 2829 1818 2869 videtur
1847 2829 2040 2882 Epistola
2069 2841 2108 2870 a.

291 2914 334 2942 u.
369 2913 407 2941 c.
442 2901 554 2951 744„
589 2902 752 2941 Horatii
783 2902 866 2941 LV.
917 2902 1004 2951 (Ad
1033 2904 1173 2942 totam
1203 2903 1354 2941 autem
1383 2901 1498 2939 hanc
1528 2898 1768 2951 Epistolam
1799 2899 1875 2940 cfr.
1907 2899 2113 2940 Welcker

294 2972 454 3012 Griech.
492 2971 742 3022 Tragoedien
771 2983 812 3022 p.
843 2971 994 3019 itit,
1043 2974 1176 3023 atque
1207 2981 1310 3010 cum
1338 2969 1521 3009 urbanis
1551 2970 1618 3010 his
1649 2981 1700 3010 ac
1731 2970 1900 3010 meritis
1929 2971 2130 3022 Augusti-

293 3040 498 3082 laudibus
532 3041 695 3091 (Hoeck
724 3043 839 3081 Rom.
875 3042 1069 3081 Geseh.1.
1103 3052 1146 3092 p.
1166 3040 1279 3090 446.)
1312 3051 1522 3092 compara
1554 3042 1840 3091 exaggeratas
1860 3039 1954 3082 illas
1974 3040 2113 3081 Ovidii

294 3113 408 3152 Fast.
442 3111 487 3159 Ξ,
522 3110 599 3149 427
630 3121 753 3160 sqq,
802 3112 836 3149 si
869 3111 1097 3161 utriusque
1132 3112 1290 3162 poetae
1323 3110 1546 3151 diversam
1578 3110 1772 3151 indolem
1802 3112 1978 3163 penitus
2006 3121 2113 3163 per-

297 3183 469 3233 spicere
499 3178 653 3221 voles.i
