2231 3787
270 269 370 321 ‹37ss

877 263 1091 303 IIORATII
1120 259 1488 300 EPISTOLARUM

341 398 564 459 Tollam,
607 412 707 449 nec
744 402 1006 455 metuam,
1050 391 1181 463 quid
1221 391 1289 443 de
1328 407 1413 442 me
1454 388 1654 441 iudicet
1691 385 1875 445 heres,

343 499 502 565 Quod
542 516 647 552 non
686 496 839 568 plura
878 494 1016 548 datis
1057 491 1348 554 invenerit,
1390 497 1442 543 et
1478 497 1658 542 tamen
1694 487 1840 540 idem

342 602 491 657 Scire
530 599 731 661 volam,
774 605 1033 669 quantum
1071 592 1298 664 simplex
1335 590 1629 661 hilarisque
1668 587 1849 659 nepoti

342 705 625 774 Discrepet
662 711 713 754 et
752 705 1011 770 quantum
1050 693 1324 748 discordet
1362 709 1558 763 parcus
1598 706 1775 744 avarO.

341 807 510 859 Distat
531 804 695 863 enim,
728 816 951 872 spargas
973 807 1064 851 tua
1079 795 1362 867 prodigUS,
1390 811 1458 847 an
1477 809 1656 863 neque
1678 798 1950 862 sumptum
1990 788 2091 840 ⁴95

348 908 547 960 Invitus
587 904 749 958 facias
789 918 969 973 neque
1007 899 1162 971 plura
1200 913 1392 969 parare
1433 895 1673 955 laboreS,

342 1013 416 1062 Ac
454 1007 658 1079 potiUS,
701 1021 838 1076 puer
875 1011 934 1055 ut
973 1001 1120 1055 festis
1160 997 1584 1070 Quinquatribus
1623 995 1772 1058 olim,

384 1144 476 1184 499.
508 1141 726 1181 immunda
755 1138 914 1178 domus
938 1137 1090 1187 procul
1117 1135 1236 1175 bScd
1267 1135 1323 1186 (in
1346 1134 1374 1173 d
1396 1136 1545 1173 tamen
1567 1133 1635 1172 est
1653 1131 1838 1181 rasura),
1871 1130 2036 1170 LCth:

326 1207 540 1247 immunda
556 1203 708 1254 procul
728 1203 872 1241 domus
894 1199 1002 1239 Cod.
1027 1197 1132 1238 Coll.
1156 1198 1292 1246 Trin.,
1324 1196 1540 1235 immunda
1554 1195 1706 1245 procul
1724 1192 1794 1245 βζ.
1828 1192 1934 1233 Alii:
1965 1194 2042 1232 im-

325 1270 484 1308 munda
513 1269 637 1306 domu
667 1263 750 1314 (vel
780 1265 899 1302 domo
920 1263 968 1300 ut
988 1260 1175 1310 Passow)
1193 1260 1362 1310 procul,
1398 1259 1618 1297 immunda
1641 1257 1793 1307 procul
1814 1256 1967 1306 procul
1987 1266 2039 1294 ex

328 1342 416 1371 uno
446 1328 677 1369 Pulmanni
706 1325 952 1371 Bentleius,
985 1324 1202 1362 immunda
1225 1323 1252 1348 *
1270 1322 1341 1348 *³³⁶
1355 1321 1507 1370 procul
1537 1321 1579 1361 M
1610 1319 1744 1371 (quod
1774 1320 1856 1359 etsi
1883 1328 2043 1358 verum

330 1396 411 1441 est,
443 1394 627 1444 propter
656 1389 875 1429 maiorem
903 1385 1122 1426 lectorum
1152 1395 1356 1425 meorum
1387 1385 1559 1435 partem
1587 1383 1747 1422 imitari
1776 1380 1923 1431 nolui),
1961 1381 2043 1419 im-

277 1512 308 1551 T
307 1508 445 1560 ollam]
479 1507 542 1547 Cf.
568 1508 655 1546 sat.
681 1507 696 1544 4
719 1537 727 1554 ,
762 1506 777 1544 4
800 1537 808 1553 ,
843 1504 887 1543 54
911 1515 919 1542 :
952 1504 1003 1543 At
1031 1514 1159 1542 suave
1183 1512 1188 1555 ῃ
1219 1500 1368 1541 contra
1391 1504 1566 1550 propter
1595 1500 1845 1547 avaritiam,
1893 1509 1973 1548 quo
2002 1497 2099 1547 plus

274 1578 332 1613 est
361 1584 414 1612 ex
432 1581 585 1621 >magno
607 1563 746 1608 tollere
767 1577 931 1606 acervo.
959 1588 1004 1593 —
1028 1564 1155 1615 heres]
1184 1558 1187 1608 ἱ

1219 1563 1364 1611 habes,
1396 1563 1532 1613 maqis
1557 1573 1660 1613 eyes.
1688 1584 1732 1590 -
1765 1560 1956 1612 spargas]
1987 1560 2100 1599 Ver-

276 1635 340 1675 Cf.
365 1636 474 1685 Epp.
501 1634 515 1671 4
541 1664 548 1680 ,
573 1633 620 1680 5,
650 1630 714 1670 43.
746 1653 783 1659 -
824 1628 945 1680 datis]
979 1639 1028 1666 «a
1059 1638 1154 1675 me,
1184 1609 1187 1633 ¹
1220 1625 1331 1664 bum
1374 1625 1552 1664 rarioris
1596 1634 1705 1664 usus
1740 1634 1821 1674 pro
1860 1622 2096 1673 «dissipes,

276 1698 350 1749 qui
370 1696 554 1743 liberos,
587 1693 805 1744 legitimos
827 1690 1035 1738 heredes,
1069 1700 1158 1729 non
1220 1687 1447 1739 prodigas,
1478 1686 1716 1738 dilapides,
1747 1686 1873 1737 quasi
1894 1694 2100 1724 nummos

277 1759 444 1806 habeo,
493 1758 534 1797 ei
570 1755 746 1806 legatis,
793 1754 1063 1794 testamento
1104 1763 1159 1790 ex
1222 1748 1398 1801 popello
1443 1760 1466 1788 e
1512 1749 1706 1788 fenestra
1748 1758 2018 1799 spargens.»
2051 1768 2095 1774 —

276 1822 415 1862 libera
461 1831 561 1859 mea
595 1817 822 1858 voluntate
865 1815 1071 1856 relictis.»
1109 1835 1153 1842 —
1217 1812 1347 1861 plura
1361 1811 1536 1862 parare]
1568 1809 1717 1861 «plura
1738 1809 1945 1849 videlicet
1966 1819 2101 1860 quam

275 1884 393 1924 Scire
420 1882 559 1921 volam
591 1880 694 1929 cet]
743 1879 825 1918 «Et
866 1877 1012 1917 debeo
1044 1877 1157 1915 scire

277 1949 321 1985 et
350 1944 441 1985 scio
472 1954 521 1982 re
542 1953 706 1989 verast>
740 1940 783 1979 id
806 1942 894 1988 est,
930 1939 1037 1978 «etsi
1058 1949 1159 1978 sum

275 2009 361 2047 hac
390 2005 637 2051 sententia,
668 2002 886 2042 utendum
909 2012 1006 2041 esse
1032 2011 1160 2052 para-

275 2071 356 2119 tis,
388 2072 540 2108 tamen
570 2067 656 2105 hoc
686 2065 793 2105 mihi
824 2075 926 2103 meo
951 2064 1045 2102 iure
1067 2064 1161 2101 vin-

278 2133 402 2181 dice,
449 2132 498 2170 ut
537 2129 677 2169 sciam
713 2131 756 2167 et
786 2137 1017 2177 nunquam
1047 2124 1160 2164 obli-

275 2196 442 2243 viscar,
470 2194 687 2243 quantum
709 2190 949 2230 discrimen
972 2188 1027 2227 sit
1047 2188 1160 2226 inter

277 2258 505 2298 hominem
526 2254 751 2303 simplicem
774 2253 874 2302 (non
895 2252 1064 2291 tectum
1084 2261 1162 2289 ne-

279 2331 366 2371 que
416 2315 678 2364 subdolum,
733 2316 805 2354 cler
849 2314 991 2365 ar9los
1029 2312 1162 2351 Frohe

278 2379 473 2430 Merkel.)
491 2410 499 2428 ,
533 2378 609 2429 qui
628 2375 699 2416 vel
721 2377 961 2428 propterea
982 2373 1161 2414 hilarior

280 2444 409 2484 etiam
456 2443 524 2482 est
566 2451 618 2480 ac
662 2439 824 2490 largior
869 2439 913 2478 in
950 2438 1160 2478 conviviis

280 2504 571 2559 apparandis,
621 2505 663 2544 et
707 2502 982 2542 luxuriosum
1027 2502 1159 2551 atque

280 2568 536 2620 prodigum,
562 2567 605 2606 in
627 2576 741 2617 quae
763 2564 864 2603 vitia
885 2574 940 2603 ne
962 2573 1162 2614 unquam

282 2631 497 2678 incidam,
543 2628 685 2681 probe
739 2625 958 2667 cavebo»
1022 2626 1162 2665 Sene-

283 2705 334 2734 ca
370 2693 425 2733 de
463 2693 527 2732 ira
564 2692 614 2740 2,
655 2691 731 2739 46,
772 2689 819 2729 4;
859 2688 1163 2738 Simplicissimi

283 2757 468 2797 omnium
487 2754 690 2793 habentur
709 2751 919 2791 iracundi.
962 2751 1162 2790 Fraudu-

285 2819 402 2858 lentis
421 2818 530 2857 enim
549 2821 586 2856 et
605 2816 782 2855 versutis
801 2817 1107 2864 comparantur
1126 2817 1162 2853 et

285 2881 486 2929 simplices
500 2880 710 2926 videntur,
735 2878 835 2928 quia
856 2876 1034 2926 eaepositi
1051 2879 1162 2923 sunt,·

286 2953 388 2991 quos
422 2943 585 2989 quidem
623 2952 706 2979 non
733 2941 936 2990 simplices
965 2939 1161 2987 dixerim,

287 3005 355 3042 sed
384 3003 586 3041 incautos
636 3003 801 3051 Stultis,
833 3001 1063 3040 luxuriosis
1089 3011 1165 3039 ne-

285 3064 528 3115 potibusque
563 3064 636 3102 hoc
666 3075 813 3103 nomen
850 3064 1101 3113 imponimus
1130 3065 1168 3101 et

292 3127 478 3167 omnibus
497 3126 608 3166 vitiis
623 3137 781 3174 parum
804 3126 978 3165 callidis.
1002 3146 1046 3153 —
1071 3125 1168 3164 Dis-

291 3194 428 3240 crepet
453 3212 476 3219 -
501 3212 524 3218 -
550 3187 765 3237 discordet]
811 3188 898 3227 duo
930 3183 1167 3239 ὁμώνυμα

293 3263 396 3304 pro:
431 3262 591 3302 «quam
609 3250 772 3290 diversi
793 3250 920 3290 sint.»
954 3251 1168 3289 Constru-

296 3317 380 3355 ctio
412 3314 570 3355 eadem
602 3315 690 3360 est,
724 3315 857 3363 atque
887 3312 995 3362 Epp.
1020 3313 1067 3360 4,
1100 3313 1165 3361 48,

294 3378 343 3417 4:
377 3388 550 3416 scurrae
581 3375 748 3416 distabit
777 3375 949 3414 amicus.
988 3397 1031 3401 —
1062 3386 1169 3424 par-

294 3439 379 3491 cus]
403 3438 584 3479 Rutilius
606 3440 753 3488 Lupus
775 3438 814 3485 4,
837 3435 883 3476 4:
920 3436 997 3484 Qui
1012 3447 1171 3485 parcus

296 3507 372 3550 est,
425 3504 553 3542 utitur
597 3514 666 3549 eo,
715 3501 822 3550 quod
860 3500 959 3537 satis
996 3504 1080 3545 est:
1127 3503 1171 3537 lu

1223 1885 1409 1914 necesse
1443 1875 1531 1920 est;
1566 1884 1690 1921 cum,
1726 1883 1840 1922 quae
1872 1873 1959 1912 iam
1983 1882 2101 1910 nunc

1222 1936 1448 1989 possides,
1483 1935 1538 1975 ad
1568 1938 1611 1975 te
1642 1936 1829 1976 honeste
1851 1936 2102 1975 sustentan-

1224 1998 1331 2038 dum
1362 1998 1625 2038 sufficiant.»
1666 2020 1710 2025 —-
1742 1998 1853 2049 festis
1882 1998 2103 2047 Quinqua-

1223 2061 1365 2113 tribus]
1400 2062 1553 2101 Festus
1578 2060 1778 2100 Lindem.
1801 2071 1845 2112 p.
1870 2060 1964 2100 2⁴8.
1997 2058 2104 2100 Miil-

1223 2123 1302 2164 leri
1324 2136 1366 2176 p.
1388 2124 1490 2164 254:
1518 2125 1878 2174 Quinquatrus
1897 2123 2102 2173 appellari

1225 2188 1396 2237 quidam
1414 2191 1570 2238 putant
1590 2199 1618 2226 a
1636 2198 1809 2227 numero
1829 2187 2006 2236 dierum,
2028 2188 2103 2236 qui

1222 2251 1339 2302 feriis
1367 2251 1418 2290 iis
1446 2251 1729 2298 celebrantur,·
1762 2250 1834 2300 qui
1860 2250 2012 2290 scilicet
2039 2261 2104 2290 er-

1224 2317 1344 2360 rant,·
1374 2336 1396 2342 -
1416 2336 1439 2341 -
1464 2313 1604 2364 forma
1634 2317 1772 2353 autem
1799 2312 1989 2352 vocabuli
2017 2313 2104 2352 eius

1225 2376 1412 2425 exemplo
1440 2375 1668 2415 multorum
1700 2375 1955 2425 populorum
1981 2376 2103 2415 Itali-

1225 2450 1370 2478 corum
1399 2438 1616 2478 enuntiata
1645 2442 1722 2487 est,
1755 2439 1865 2487 quod
1884 2441 1977 2488 post
1996 2438 2104 2478 diem

1226 2502 1416 2551 quintum
1457 2502 1607 2540 Iduum
1653 2502 1949 2551 (Martiarum,
1991 2501 2099 2542 XIV.

1225 2562 1316 2603 Kal.
1349 2562 1501 2615 April.)
1534 2567 1590 2603 est
1618 2563 1654 2602 is
1682 2564 1766 2603 dies
1781 2563 1907 2614 festus
1923 2567 1971 2602 ul
1988 2564 2105 2614 apud

1227 2626 1476 2665 Tusculanos
1520 2626 1712 2665 Triatrus
1748 2629 1787 2665 el
1821 2625 2030 2665 Sexatrus
2066 2629 2105 2665 et

1223 2689 1508 2741 Septematrus
1543 2693 1582 2728 et
1614 2689 1796 2727 Faliscos
1821 2689 2100 2728 Decimatrus.

1228 2751 1364 2802 (ovid.
1390 2753 1501 2791 Fast.
1526 2751 1572 2800 3,
1595 2750 1696 2790 809:
1731 2751 1838 2802 fiunt
1864 2762 1992 2790 sacra
2017 2752 2103 2791 Mi—

1222 2825 1398 2862 nervae,
1429 2814 1613 2853 Nomina
1632 2824 1739 2862 quae
1767 2824 1795 2852 a
1820 2814 1970 2853 iunctis
1987 2815 2106 2864 quin-

1226 2888 1303 2927 que
1333 2876 1472 2915 diebus
1507 2875 1655 2914 habent
1691 2875 1792 2925 cet.)
1843 2876 2099 2927 Symmach.

1226 2939 1304 2989 Ep.
1329 2939 1377 2984 5,
1401 2937 1476 2977 85:
1508 2938 1665 2987 Nempe
1691 2938 1908 2978 Minervae
1935 2938 2007 2978 tibi
2034 2950 2104 2978 so-

1227 3001 1358 3040 lemne
1391 2999 1438 3038 cle
1472 2999 1616 3038 scholis
1649 3003 1792 3039 notum
1828 3004 1906 3049 est,
1946 3004 1994 3040 ut
2017 3001 2105 3051 fere

1227 3072 1427 3101 memores
1445 3073 1586 3101 sumus
1604 3062 1730 3101 etiam
1746 3064 1990 3112 procedente
2003 3074 2104 3103 aevo

1222 3125 1448 3176 puerilium
1466 3125 1688 3175 feriarum.
1711 3124 1819 3164 Vide
1839 3125 2032 3176 Lipsium
2047 3124 2105 3165 ad

1229 3190 1331 3228 Tac,
1356 3188 1466 3226 Ann.
1499 3187 1573 3234 42,
1607 3185 1646 3226 4.
1683 3208 1728 3214 —
1761 3186 1872 3238 olim]
1905 3186 1968 3227 Cf.
1993 3187 2102 3238 Epp.

1233 3252 1270 3300 4,
1308 3250 1348 3297 3,
1386 3249 1453 3289 48.
1502 3250 1578 3290 «Ut
1602 3247 1745 3288 solent
1782 3249 1910 3300 pueri
1947 3259 2106 3289 omnes

1230 3323 1312 3365 per
1340 3311 1537 3362 quinque
1568 3308 1662 3349 illos
1693 3309 1809 3359 dies,
1843 3309 2005 3361 quibus
2037 3309 2107 3350 lu-

1232 3374 1277 3414 di
1309 3373 1506 3413 litterarii
1540 3371 1676 3412 clausi
1705 3374 1850 3412 sunt.»
1886 3372 1956 3412 Sic
1986 3372 2106 3412 enim

1234 3435 1350 3476 malo
1379 3436 1659 3487 interpretari
1690 3445 1826 3486 quam
1855 3444 1958 3474 cum
1988 3433 2102 3476 aliis:

1235 3500 1311 3540 «Ut
1325 3500 1371 3538 tu
1388 3496 1623 3548 aliquando
1642 3497 1759 3537 feriis
1782 3494 1860 3536 illis
1881 3495 2102 3545 fruebare,
