2231 3787
856 267 951 304 ΗΒ.
987 267 1034 304 ll.

1101 268 1262 307 lil’lS'l‘.
1299 269 1324 306 l.

1898 270 1998 320 027

251 397 418 450 Gestit
456 397 595 449 enim
627 415 899 449 minimum
935 398 985 448 in
1016 397 1218 452 loculos
1247 400 1553 458 demittere,
1599 412 1715 471 post
1745 402 1842 455 lioc
1904 402 1996 454 17ἷὰ

250 500 509 561 SecuruS,
554 500 711 554 cadat
749 518 814 554 an
856 510 1003 554 recto
1044 511 1145 555 stet
1183 502 1359 556 sabula
1399 501 1519 555 talo.

249 601 422 664 Quem
463 601 577 654 tulit
615 602 682 655 ad
723 620 939 656 scenam
978 613 1203 657 ventoso
1247 604 1424 657 Gloria
1464 622 1647 660 curru.

246 703 522 756 Exanimat
560 704 733 758 lentus
771 713 1066 776 spectator,
1109 705 1332 760 sedulus
1371 706 1544 760 inflat:

231 872 351 920 quot.
377 893 418 897 —
446 869 549 909 inde
583 882 605 909 a
637 882 773 911 versu
804 872 897 911 1176.
932 883 1073 922 usque
1106 873 1160 912 ad
1193 885 1233 911 v.
1258 874 1352 913 ε219.
1388 874 1537 914 deficit
1569 876 1678 915 Cod.
1704 878 1749 915 E.
1780 901 1822 905 ——
1848 880 1940 918 «178.

230 933 357 971 instat
388 934 610 973 Gesnerus
642 944 664 972 e
698 932 935 973 Collatione
958 935 1162 982 Saxiana,
1197 936 1351 987 sicque
1375 938 1582 977 Schmidii
1605 940 1843 980 secundus.
1881 942 1943 990 (rt

231 1006 334 1042 nos,
368 996 505 1035 nostii
538 997 579 1035 et
610 997 802 1036 Pottierii
834 1007 1011 1044 omnes,
1047 999 1136 1036 tres
1168 999 1410 1048 Schinidii.)

174 1137 229 1176 de
259 1135 469 1178 Atellanis
500 1148 541 1188 p.
573 1137 639 1177 35.
673 1140 805 1188 atque
838 1139 1054 1189 imprimis

173 1211 216 1251 p.
243 1200 336 1239 424.
365 1223 408 1227 —
434 1200 626 1239 edacibus
654 1201 692 1239 in
722 1202 937 1253 parasitis]
970 1202 1054 1240 Te.-

173 1264 285 1301 rent.
307 1263 464 1302 Heaut.
487 1261 598 1302 Prol.
619 1263 685 1302 37:
709 1264 771 1302 Ne
785 1274 945 1313 semper
965 1275 1054 1303 sei·—

170 1336 247 1364 vus
275 1336 469 1373 currens,
502 1327 638 1364 iratus
657 1337 796 1374 senex,
829 1327 955 1365 Edax
970 1337 1053 1375 pa-

172 1388 348 1435 rasitus,
380 1388 638 1437 sucophanta
662 1393 801 1427 autem
823 1390 1051 1438 impudens,

171 1451 336 1490 Avarus
356 1451 462 1498 leno,
485 1451 650 1490 assidue
665 1453 816 1502 agendi
836 1452 917 1491 sint
936 1452 1049 1490 mihi.

177 1537 219 1542 —
253 1512 384 1564 socco]
430 1512 699 1552 Comoediae
736 1525 876 1553 soccus
911 1524 1054 1565 oppo-

172 1577 291 1616 nitur
320 1575 574 1626 tragoediae
606 1577 807 1615 eonuruo
836 1578 885 1615 A.
913 1578 958 1615 P.
982 1576 1049 1615 80.

170 1640 285 1687 Iam,
319 1639 395 1689 qui
424 1639 567 1678 soccis
599 1639 806 1678 nonsatis
828 1638 1051 1686 adstrictis,

171 1700 251 1740 sed
282 1699 391 1741 laxis
413 1700 732 1752 (schloctriy)
753 1701 943 1749 incedit,
979 1712 1054 1740 ne-

170 1762 410 1815 gligentem
428 1766 471 1803 et
486 1764 701 1803 rusticum
721 1775 769 1804 se
789 1775 887 1804 esse
907 1765 1055 1804 osten-

171 1826 248 1866 dit.
301 1827 402 1866 Sine
449 1827 639 1877 imagine
683 1826 900 1876 significat
939 1820 1050 1865 ru'de

171 1900 222 1929 ac
268 1888 533 1929 dissolutum
578 1888 755 1928 dicendi
796 1899 962 1939 genus,
1009 1890 1053 1927 et

171 1953 315 1991 omnis
360 1952 536 2002 generis
573 1951 675 1990 vitia
708 1953 841 2001 atque
874 1961 1050 1990 errores

170 2016 213 2054 in
230 2014 430 2054 moribus
454 2014 674 2054 imitandis
698 2014 979 2053 commissos.
1003 2035 1047 2040 —

171 2077 299 2116 Gestit
329 2077 433 2125 cet.]
465 2077 592 2115 «Non
624 2076 741 2115 enim
773 2074 915 2114 laudis
946 2078 1054 2124 poe-

170 2141 282 2179 ticae
328 2148 458 2178 causa
506 2138 672 2187 antiqui
718 2135 798 2182 illi,
845 2134 1048 2183 Plautus,

169 2203 454 2248 Dossennus,
503 2199 594 2247 alii,
635 2197 892 2238 comoedias
924 2208 1051 2236 com-

169 2265 437 2318 posuerunt,
470 2262 550 2302 sed
581 2261 681 2300 ideo
713 2260 964 2307 dumtaxat,
1005 2263 1051 2299 ut

170 2338 306 2379 quam
350 2327 544 2378 primum
590 2322 760 2364 fabulas
802 2322 1052 2362 tenderent

170 2389 430 2430 aedilibus.»
455 2410 501 2416 —-
527 2386 694 2439 loculos]
728 2384 958 2436 «capsulas
985 2395 1053 2424 as-

170 2452 419 2494 servandae
450 2451 665 2502 pecuniae
688 2449 975 2488 destinatas.»
1002 2469 1046 2475 —

164 2519 258 2566 post
294 2515 369 2554 hoc
409 2512 512 2564 cet]
558 2513 661 2552 Post
693 2510 868 2550 lucrum
899 2513 1049 2550 autem

169 2579 403 2628 receptum
459 2585 619 2626 parum
670 2572 840 2613 solliciti
898 2575 1047 2621 erant,

169 2644 318 2681 utrum
340 2638 513 2679 fabulae
535 2638 752 2686 caderent,
784 2635 827 2675 id
850 2637 936 2684 est,
971 2647 1048 2675 ex-

169 2702 471 2755 moderentur,
498 2700 559 2750 (ut
578 2698 851 2748 ἐκπίπτειν,)
883 2709 938 2738 an
959 2702 1050 2737 sta—

167 2769 263 2805 rent
303 2765 346 2803 in
387 2773 543 2809 scena,
593 2762 714 2812 quod
753 2765 821 2802 est
858 2759 1047 2800 verbum

170 2827 399 2879 proprium
430 2825 485 2865 de
516 2826 566 2865 iis
597 2823 777 2873 fabulis,
819 2834 933 2875 quae
965 2833 1049 2874 po-

169 2888 272 2942 pulo
310 2888 488 2940 placent
527 2888 874 2939 frequenterque
912 2898 1048 2938 repo-

171 2952 367 2993 scuntur.
414 2952 589 2990 Terent.
628 2951 734 2990 Hec.
766 2950 881 2990 Prol.
913 2952 960 2999 2,
994 2951 1042 2990 7:

167 3016 244 3055 vix
271 3014 362 3053 steti
393 3014 514 3063 (eg0,
547 3013 591 3053 id
613 3016 700 3063 est,
735 3014 913 3066 fabula).
953 3015 1043 3055 Cic.

171 3077 289 3117 Orat.
322 3075 397 3124 28,
431 3075 506 3115 98:
538 3086 718 3127 maynus
745 3081 914 3126 orator,
945 3098 995 3106 --
1014 3077 1048 3116 si

172 3139 293 3179 semel
313 3139 625 3188 constiterit,
644 3150 863 3188 nunquam
883 3141 1042 3180 cadet.

173 3202 235 3242 Cf.
260 3202 345 3241 Sat..
372 3202 410 3250 4,
436 3201 501 3247 40,
527 3201 592 3240 47.
620 3224 663 3229 -
689 3206 800 3240 recto
820 3203 918 3254 talo]
951 3202 1049 3242 «fir—

171 3265 352 3310 miter,»
412 3266 460 3302 ut
506 3263 624 3314 apud
673 3265 865 3303 Graecos
915 3259 1044 3321 ὀρθῷ

170 3320 381 3375 Ξἔστασας
421 3324 496 3365 ἐπὶ
527 3323 696 3382 σφυρῷ
735 3326 855 3365 Pind.
890 3328 1042 3367 lsthm.

172 3388 220 3434 6,
255 3388 347 3435 42,
386 3381 516 3442 ὀρθῷ
546 3385 694 3440 βῆναι
724 3386 862 3436 ποδί,
896 3390 1043 3440 Eurip.

173 3447 325 3488 Helen.
350 3449 470 3490 4449.
505 3452 625 3490 Pers.
651 3452 698 3499 5,
724 3449 825 3492 ⁴04:
859 3455 968 3491 recto
987 3452 1048 3490 vi-

171 3521 267 3550 vere
295 3511 391 3551 talo.

1176 1140 1375 1181 177-181.
1417 1144 1543 1191 (mem
1564 1145 1654 1184 tulit
1676 1146 1778 1197 cet.]
1813 1148 1998 1189 «Contra

1120 1203 1181 1250 ei,
1226 1205 1298 1252 qui
1331 1204 1401 1243 vili
1434 1207 1707 1254 quaesticulo
1740 1213 1998 1263 contempto

1117 1276 1250 1305 verae
1281 1265 1423 1307 laudis
1453 1271 1669 1320 appetens
1695 1271 1853 1313 fabulis
1876 1286 2001 1314 com—

1117 1329 1334 1379 ponendis
1367 1342 1549 1382 operam
1573 1332 1670 1381 dat,
1705 1334 1839 1374 multa
1863 1337 2002 1388 impe-

1117 1391 1314 1431 dimenta
1345 1394 1461 1444 apud
1495 1406 1575 1435 nos
1604 1398 1856 1447 superanda
1882 1403 1997 1446 sunt,

1117 1465 1232 1504 quae
1256 1456 1457 1495 oriuntur
1478 1469 1529 1496 ex
1553 1460 1857 1509 spectatorum
1880 1462 2001 1512 ipso—

1116 1528 1215 1556 rum
1261 1520 1487 1568 perversis
1518 1520 1688 1561 iudiciis
1720 1533 1771 1561 ac
1816 1523 1998 1566 studiis:

1117 1581 1327 1630 quocirca
1358 1581 1611 1622 mirandum
1643 1595 1728 1623 non
1754 1588 1841 1632 est,
1876 1587 1910 1626 si
1931 1587 1999 1626 his

1117 1642 1396 1693 temporibus
1441 1646 1569 1694 pauci
1615 1648 1716 1686 sunt
1748 1648 1815 1695 (ut
1846 1647 1996 1696 Pollio,

1116 1705 1296 1751 Varius,
1331 1705 1618 1756 Fundanius),
1657 1709 1731 1758 qui
1762 1710 1999 1759 tragoediis

1117 1767 1454 1818 comoediisque
1472 1768 1721 1809 scribendis
1734 1769 1895 1811 multas
1909 1783 2003 1812 mo-

1115 1828 1267 1870 lestias
1298 1831 1525 1870 incurrere
1558 1830 1716 1879 velint3
1763 1844 1844 1884 ego
1877 1837 1998 1874 certe

1116 1903 1347 1943 nunquam
1387 1893 1608 1942 adducar,
1657 1897 1705 1934 ut
1740 1895 1825 1935 hoc
1857 1908 1998 1947 genus

1115 1957 1348 1994 tractem.»
1393 1957 1601 1996 Ceterum
1635 1957 1737 1996 hinc
1767 1969 1910 2009 usque
1942 1960 1999 1999 ad

1115 2029 1157 2057 v.
1195 2017 1291 2057 2113.
1339 2018 1395 2057 de
1442 2019 1665 2069 tragoedia
1717 2021 1998 2071 potissimum

1116 2080 1216 2129 agit.
1259 2103 1303 2107 —
1344 2080 1505 2132 Gloria]
1551 2080 1642 2121 Noli
1676 2082 1863 2123 credere
1895 2095 1998 2124 cum

1115 2141 1334 2181 nonnullis
1352 2142 1407 2181 ab
1423 2143 1601 2183 Horatio
1615 2146 1885 2195 reprehendi
1904 2158 1996 2195 eos,

1116 2204 1190 2254 qui
1229 2205 1366 2243 laudis
1404 2207 1531 2244 avari
1560 2206 1617 2245 ad
1647 2218 1829 2247 scenam
1863 2220 1997 2249 acce-

1116 2267 1246 2306 dant:
1294 2268 1430 2307 immo
1476 2271 1763 2319 opponuntur
1805 2271 1846 2310 lii
1892 2273 1999 2311 lac-ri

1114 2330 1288 2379 cupidis.
1337 2329 1478 2369 Gloria
1523 2332 1654 2381 igitur
1693 2333 1775 2372 dea
1816 2336 1995 2385 poetam

1114 2403 1248 2432 verae
1294 2391 1436 2432 laudis
1487 2394 1664 2433 avidum
1712 2395 1767 2434 ad
1813 2406 1994 2437 scenam

1115 2454 1222 2503 fert,
1265 2455 1308 2494 id
1350 2457 1442 2503 est,
1497 2456 1552 2495 ad
1592 2456 1762 2497 fabulas
1801 2461 1997 2499 conscri-

1113 2516 1287 2558 bendas
1325 2519 1510 2566 excitat;
1559 2519 1640 2559 sed
1682 2531 1785 2560 cum
1816 2521 1910 2572 ipsa
1943 2524 1997 2562 sit

1111 2585 1283 2620 ventosa
1303 2592 1336 2621 s.
1362 2582 1638 2629 inconstans,
1671 2581 1804 2632 levis,
1830 2584 1993 2635 quippe

1114 2654 1228 2694 quae
1260 2654 1284 2681 a
1315 2642 1606 2683 multitudinis
1646 2655 1779 2696 saepe
1811 2646 1995 2696 imperi—

1112 2708 1183 2745 tae
1215 2704 1396 2744 arbitrio
1418 2705 1630 2756 pendeat,
1667 2707 1750 2746 hoc
1771 2705 1993 2748 ἐπίθετον

1113 2768 1207 2808 eius
1239 2768 1386 2806 currui
1418 2767 1638 2806 tribuitur.
1694 2769 1864 2809 Gloriae
1893 2782 1993 2810 cur*

1110 2841 1206 2869 rum
1232 2829 1456 2880 fulyeiilem
1484 2829 1676 2869 vidimus
1707 2831 1791 2871 iam
1826 2833 1912 2873 Sat.
1943 2835 1987 2881 4,

1112 2893 1155 2941 6,
1196 2893 1262 2931 ⁶23.
1325 2890 1531 2931 Similiter
1578 2893 1827 2935 Simonides
1874 2896 1989 2935 Ceus

1111 2954 1385 2995 Schneidew.
1422 2953 1515 2994 Del.
1553 2966 1597 3006 p.
1631 2954 1733 2995 449:
1767 2952 1987 3008 Εὐδόξου

1109 3017 1263 3067 Νίκας
1291 3011 1474 3070 ἀγλαὸν
1504 3010 1615 3074 α’ρμο
1647 3016 1836 3071 ἐπέβης.
1885 3021 1987 3060 Pin-

1110 3080 1204 3120 dar.
1235 3080 1388 3119 Istlim.
1413 3080 1452 3126 2,
1479 3081 1521 3119 4:
1557 3080 1607 3119 οἳ
1622 3079 1986 3135 χρυσαμπύκων

1103 3137 1181 3193 Ἐς
1218 3140 1389 3199 δίφρον
1419 3141 1610 3182 Μοισᾶν
1638 3140 1848 3192 ἔβαινον.
1898 3145 1986 3184 Eu·-

1107 3206 1189 3256 rip.
1225 3206 1352 3244 Herc.
1386 3204 1469 3245 fur.
1494 3206 1592 3245 780:
1640 3201 1876 3263 ἔθραυσεν
1906 3199 1987 3246 ὅλ-

1108 3266 1200 3316 βου
1232 3263 1453 3307 κελαινὸν
1483 3262 1629 3324 ἅρμα.
1668 3291 1711 3295 ——
1745 3270 1875 3307 lentus
1893 3279 1985 3317 spe—

1107 3330 1256 3381 ctator]
1291 3332 1605 3382 «spectatores
1630 3330 1820 3380 languidi
1843 3333 1886 3370 et
1907 3332 1985 3371 mi-

1108 3394 1227 3433 nime
1259 3394 1411 3433 attenti
1445 3395 1622 3444 poetam
1653 3394 1912 3433 contristant
1942 3398 1986 3434 et

1107 3458 1299 3505 angunt,
1333 3454 1713 3505 quemadmodum
1736 3455 1809 3505 qui
1830 3456 1983 3496 intenti

1108 3519 1209 3556 sunt
1239 3519 1282 3556 et
1310 3515 1478 3555 alacres
1511 3517 1705 3555 animum
1738 3517 1776 3556 ei
1816 3517 1983 3560 addunt
