2231 3787
239 349 341 401 498

841 349 1055 389 HORATII
1084 348 1454 390 EPISTOLARUM

307 477 591 532 Armenius
631 476 849 540 cecidit,
892 477 975 529 ius
1016 477 1411 547 imperiumque
1450 475 1704 529 Phraates

310 579 556 634 Caesaris
596 577 804 648 accepit
841 576 1068 647 genibus
1108 576 1310 640 minor3
1357 594 1524 631 aurea
1560 577 1741 647 fruges

351 753 418 791 27.
445 752 649 802 prahates
677 750 785 792 bcE.
814 749 1039 798 phrahates
1070 760 1107 794 c,
1143 749 1342 801 Tim-anes
1369 748 1553 789 Bentleii
1582 749 1773 800 suspicio
1796 748 1852 788 ad
1871 749 2005 801 Epist.

291 817 331 862 4,
367 816 433 861 48,
466 815 533 854 56.

241 983 284 988 -
308 960 526 999 Armenius
552 957 708 1009 cecidit]
742 957 990 1008 Significat:
1029 957 1118 996 «Ti-

235 1022 387 1062 berius
430 1021 664 1061 Armenios
720 1020 812 1060 sive
860 1019 1117 1059 Armeniam

236 1082 517 1123 debellavit.»
567 1081 678 1123 Male
715 1081 819 1121 olim
850 1092 953 1121 cum
985 1079 1120 1132 expli-

237 1149 391 1185 carent
434 1145 716 1192 «Artaxiam,
762 1143 999 1182 Armeniae
1043 1153 1118 1181 re-

235 1218 386 1258 gem,»
433 1207 527 1246 sine
570 1216 706 1246 causa
745 1203 815 1243 vel
857 1204 1019 1243 erroris
1048 1202 1117 1242 vel

234 1270 395 1309 nimiae
474 1266 735 1307 adulationis
811 1264 1120 1305 insimularunt

233 1333 435 1382 poetam,
484 1329 609 1381 quasi
656 1329 836 1376 dixerit,
880 1328 999 1367 hunc
1043 1337 1118 1366 re—

234 1404 335 1444 gem
380 1393 423 1432 in
466 1390 636 1445 proelio
686 1390 971 1429 interfectum
1017 1399 1117 1429 esse

233 1453 304 1494 vel
334 1465 357 1492 a
388 1453 564 1494 Tiberio
594 1453 690 1504 ipso
721 1451 793 1491 vel
825 1450 880 1490 ab
914 1452 1008 1491 eius
1039 1451 1120 1490 mi-

232 1516 397 1557 litibus.
459 1517 520 1555 Tu
552 1514 605 1555 cf.
635 1516 829 1554 Monum.
853 1516 1018 1563 Ancyr.
1045 1513 1114 1553 ed.

1182 956 1294 1007 753.)
1346 956 1533 1008 genibus
1583 957 1729 997 minor
1777 958 1949 1009 accepit
1994 958 2063 998 ius

1183 1019 1511 1070 imperiumque
1553 1020 1800 1060 Caesaris.»
1844 1020 1955 1060 Vide
1994 1020 2063 1072 pi-

1184 1083 1356 1121 cturam
1400 1092 1425 1120 a
1468 1080 1844 1122 Raoul-Rochette
1893 1081 2065 1122 descri-

1181 1145 1305 1195 ptam
1336 1144 1469 1194 atque
1502 1143 1750 1194 expositam
1776 1144 1821 1182 in
1848 1141 2063 1195 opusculo

1182 1206 1238 1246 Di
1279 1217 1337 1244 un
1379 1205 1494 1244 busto
1537 1205 1731 1244 colossale
1769 1206 1810 1244 di
1854 1205 1898 1246 C.
1932 1205 2063 1245 Cilnio

1180 1270 1404 1308 Mecenate.
1437 1266 1584 1317 Pariyi
1605 1266 1724 1306 4837.
1748 1277 1792 1317 p.
1816 1265 1883 1306 94.
1911 1288 1957 1295 —-
1987 1277 2064 1318 qe-

1179 1329 1299 1368 m‘bus
1347 1329 1486 1368 minor
1532 1340 1601 1380 pr.
1664 1344 1684 1365 «
1699 1328 1810 1368 infra
1855 1328 2061 1368 Caesaris

1182 1402 1326 1442 genua
1375 1389 1637 1439 collocatus,
1686 1390 1743 1429 ad
1783 1401 1926 1441 genua
1969 1391 2065 1430 eius

1183 1453 1454 1501 admissus,»
1482 1454 1530 1492 ut
1558 1453 1603 1492 in
1631 1453 1680 1492 A.
1703 1451 1859 1492 Plautii
1879 1462 2064 1492 nummo

1185 1517 1352 1568 (Mulier
1365 1517 1542 1558 Denkm.
1565 1517 1616 1556 v.
1640 1519 1691 1557 N.
1716 1517 1828 1568 339.)
1849 1517 2066 1558 BAGCHI-

234 1580 371 1618 Franz
401 1589 444 1629 p.
476 1577 541 1616 35.
576 1578 619 1616 et
648 1588 691 1628 p.
723 1577 800 1615 407
822 1587 830 1613 :
873 1570 1118 1632 Ἀρμενίαν
1148 1579 1152 1614 l
1187 1581 1250 1620 VS
1276 1579 1513 1619 IVDAEVS
1543 1589 1695 1618 coram
1725 1577 1796 1618 illo
1827 1589 1927 1619 sese
1956 1589 2066 1631 pro-

232 1636 321 1693 τὴν
349 1641 545 1692 μείζονα
565 1634 903 1695 ἀναιρεθέντος
928 1634 1013 1677 τοῦ
1033 1636 1120 1686 βα-
1148 1669 1152 1706 Ι
1184 1643 1368 1691 sternit,
1401 1644 1539 1692 utque
1569 1642 1686 1681 Nero
1716 1641 1940 1680 Tiridaten
1966 1641 2066 1691 pri-

235 1701 402 1752 σιλέως
424 1696 668 1757 [Ἀρταξία]
691 1697 960 1752 δυνάμενος
980 1699 1120 1757 ἐπαρ-

235 1766 347 1813 χίαν
373 1762 599 1816 ποιῆσαι,
631 1760 818 1815 μᾶλλον
840 1760 1118 1815 ἐβουλήθην

233 1823 356 1866 κατὰ
386 1822 442 1865 τὰ
475 1823 651 1882 πάτρια
680 1820 820 1876 ἡμῶν
850 1820 940 1877 ἔθη
971 1823 1117 1873 βασι-

234 1887 365 1929 λείαν
392 1885 599 1944 Τιγράνῃ
625 1883 978 1943 Ἀρταουάσδου
1010 1885 1114 1941 υἱῷ,

235 1948 389 2004 υἱωνῷ
444 1948 495 1989 δὲ
555 1946 792 2005 Τιγράνου
851 1947 1114 1999 βασιλέως,

1182 1716 1249 1743 mo
1269 1726 1292 1732 -
1312 1726 1335 1732 -
1355 1705 1522 1743 admisit
1541 1704 1597 1742 ad
1622 1714 1781 1754 qenua,
1815 1703 2065 1742 allevatum-

1148 1779 1151 1843 1
1184 1778 1260 1817 que
1290 1768 1443 1806 dextra
1471 1767 1735 1806 exosculatus
1755 1770 1826 1805 est.
1864 1765 2061 1816 (Sueton.

1181 1831 1283 1869 Ner.
1300 1829 1401 1879 43.),
1425 1829 1598 1880 poetica
1619 1829 1810 1878 imagine
1829 1838 1912 1879 pro
1935 1838 2066 1879 «sup-

1182 1890 1283 1941 plex
1312 1901 1394 1942 per
1413 1889 1582 1940 legatos
1603 1892 1737 1941 atque
1760 1889 2061 1938 submissus;„

1182 1963 1412 2002 nunquam
1443 1953 1562 1991 enim
1591 1952 1685 2003 ipse
1715 1953 1904 1991 Romam
1930 1962 2066 1991 vene-

233 2012 402 2053 ὂοῦναι
454 2008 533 2051 διὰ
591 2009 811 2067 Τιβερίου
867 2012 1114 2068 Νέρωνος,
1148 2029 1152 2083 Ι
1182 2016 1275 2062 rat,
1319 2016 1367 2053 ut
1412 2025 1459 2054 se
1490 2014 1547 2053 ad
1576 2014 1760 2064 Augusti
1788 2012 1929 2064 pedes
1958 2024 2066 2065 pro-

235 2072 290 2126 ὃς
332 2070 426 2114 τότ’
467 2069 586 2126 ἐμοῦ
620 2069 859 2130 προγονὸς
890 2066 964 2125 ἦν.
1027 2074 1113 2113 Cfr.

234 2138 419 2188 Augusti
448 2147 685 2176 nummum
716 2135 835 2186 apud
863 2135 1034 2174 Arneth
1062 2137 1113 2174 Π.

235 2213 277 2253 p.
303 2200 371 2248 40,
396 2199 473 2239 94:
504 2198 750 2238 ARMENIA
782 2197 956 2236 CAPTA.
991 2198 1034 2236 et
1064 2198 1113 2236 N.
1148 2210 1150 2214 ⁴

1148 2258 1253 2318 {hic
1299 2263 1384 2313 ipsi
1426 2261 1738 2309 minitabatur,
1783 2261 1980 2313 captivos
2011 2271 2065 2300 ex

1149 2363 1150 2367 ,
1186 2325 1356 2372 Crassi,
1389 2324 1581 2363 Ventidii
1613 2325 1656 2362 et
1689 2323 1862 2363 Antonii
1892 2322 2065 2362 exerci-

236 2385 308 2433 94,
341 2385 394 2425 4:
444 2384 625 2423 Tiberius
661 2394 756 2422 cam
795 2382 1021 2434 leyionibus
1050 2383 1119 2421 in·

233 2458 397 2498 gressus
443 2447 708 2494 Armeniam,
754 2446 929 2484 reducta
978 2456 1027 2484 ea
1074 2436 1150 2498 in?

235 2263 328 2310 94.‚
363 2263 406 2301 in
438 2271 526 2311 quo
566 2270 779 2310 expressa
811 2261 879 2299 est
907 2259 1117 2298 Armenia

235 2324 402 2363 flexum
432 2333 549 2373 genu
579 2321 862 2362 submittens.
895 2319 1046 2360 Vellei.
1074 2322 1113 2369 ⁶2,

229 2515 473 2561 potestatem
505 2510 652 2559 populi
690 2509 890 2557 Romani,
941 2520 1118 2558 reanum

235 2574 320 2612 eius
362 2572 589 2611 Artauasdi

235 2636 285 2682 ⁵2,
333 2634 384 2673 3:

234 2832 363 2870 ynam
393 2831 420 2859 a
450 2821 606 2860 Tiberio
631 2821 796 2859 Nerone
823 2841 841 2847 -
859 2841 878 2848 -
904 2820 1011 2858 Dein
1035 2819 1118 2857 ius-

235 2892 283 2920 sa
319 2882 493 2932 Auyusti
523 2882 736 2931 impositus
762 2881 1029 2920 Artavasdes.
1068 2902 1112 2907 -

235 2943 446 2994 Phraates]
496 2944 688 2982 Monum.
733 2944 894 2992 Ancyr.
928 2952 971 2992 p.
1007 2940 1113 2980 408:
1148 2957 1150 3006 ss

1181 3001 1373 3050 fuerant,
1407 3001 1623 3048 reddidit;
1644 3016 1663 3036 »
1696 3011 1784 3051 qua
1805 3000 1988 3051 quidem
2016 3001 2061 3041 in

236 3000 467 3058 Πάρθους
536 2998 677 3060 τριῶν
748 2998 1118 3059 στρατευμάτων

232 3060 477 3117 Ῥωμαίων
504 3063 662 3105 σκῦλα
681 3065 763 3105 καὶ
784 3065 972 3116 σημέας
992 3060 1117 3103 ἁπο-

237 3125 406 3168 ὂοῦναι
436 3126 545 3178 ἐμοὶ
560 3157 569 3175 ‚
599 3127 755 3177 ἱκέτας
774 3139 824 3166 τε
845 3124 1011 3175 φιλίαν
1031 3122 1118 3177 δή-

236 3201 332 3241 μου
349 3185 594 3240 Ῥωμαίων
615 3183 820 3239 ἀξιῶσαι
842 3183 1114 3239 ἠνάγκασα,
1147 3225 1149 3237 ἶ

238 3249 415 3302 ταύτας
444 3251 493 3291 ὁὲ-
522 3247 606 3300 τὰς
627 3251 814 3302 σημεάς
836 3249 885 3290 ἐν
906 3247 969 3302 τῷ
988 3245 1118 3306 Ἄρε-
1147 3258 1149 3298 ζ

240 3327 303 3363 ως
346 3311 431 3354 τοῦ
475 3307 748 3368 ἀμύντορος
793 3309 911 3350 ναοῦ
958 3306 1116 3364 ἀδύτῳ
1148 3305 1149 3350 J

239 3371 503 3427 ἀπεθέμην.
538 3373 600 3414 Cf.
627 3374 805 3412 omnino
828 3373 978 3412 Hoeck
998 3374 1113 3412 Ram.

241 3438 471 3477 Geschichte
499 3438 531 3476 I.
564 3447 606 3487 p.
633 3435 726 3474 375.
774 3435 983 3474 Ceterum
1014 3446 1118 3475 con·
1147 3472 1149 3497 ἐ

446 3501 668 3538 «Arsaces
706 3497 793 3536 XV.
841 3506 877 3535 S.
921 3496 1149 3536 Phraates÷

1147 3555 1150 3561 ‘
1180 3568 1325 3597 simus.
1359 3567 1583 3596 PAnrnmis,
1617 3566 1847 3604 ascerus,

242 3501 631 3606 Ιεξῗθρετῐὴοτωη
664 3569 741 3598 rex
773 3558 832 3602 (a.
865 3569 908 3596 u.
942 3568 978 3597 c.
1013 3559 1117 3597 747-

1148 2077 1404 2129 ,sterneret
1447 2076 1575 2126 eique
1618 2074 1901 2126 supplicaret.

633 2572 755 2610 dedit.
798 2572 971 2611 Tacitus
1001 2573 1113 2611 Ann.

438 2634 578 2674 Occiso
624 2634 810 2673 Artaxia
850 2644 930 2682 per
978 2633 1150 2674 dolum.

227 2698 565 2746 propinquorum
601 2697 724 2735 datus
761 2706 788 2734 a
827 2695 1006 2734 Caesare
1033 2695 1117 2734 Ar—
1148 2741 1151 2748 Ι

234 2760 380 2798 meniis
417 2759 613 2810 Tigranes
652 2758 926 2807 deductusque
964 2758 1009 2796 in
1046 2768 1117 2796 re—
1148 2751 1152 2803 ζ

1181 2138 1357 2188 perium
1416 2139 1566 2176 autem
1622 2137 1807 2187 Augusti
1871 2075 2061 2187 accelplg,

1183 2201 1403 2251 quatenus
1454 2199 1510 2239 ob
1554 2200 1726 2239 metum
1768 2197 1898 2248 belli,
1944 2197 2065 2249 quod

1183 2386 1301 2426 tibus
1359 2386 1572 2436 signaque
1639 2383 1844 2424 militaria
1902 2385 2064 2424 Crasso

1184 2448 1393 2499 adempta
1438 2449 1624 2487 Romam
1666 2447 1839 2486 remisit
1878 2447 1922 2486 et
1950 2445 2062 2486 filios

1183 2512 1461 2561 nepotesque
1492 2508 1673 2548 obsides
1697 2509 1893 2559 Augusto
1923 2507 2059 2547 dedit.

1182 2571 1339 2611 Strabo
1370 2572 1409 2611 6.
1442 2572 1550 2611 extr.
1583 2572 1734 2611 lustin.
1765 2570 1840 2619 42,
1873 2571 1913 2610 5.
1959 2571 2060 2610 Tac.

1181 2635 1292 2673 Ann.
1316 2634 1362 2681 2,
1399 2634 1415 2672 4
1443 2645 1450 2672 ;
1496 2633 1699 2672 Phraates
1726 2654 1750 2661 -
1768 2655 1792 2661 -
1820 2635 1970 2672 cuncta
1996 2642 2064 2671 ve-

1180 2696 1422 2735 nerantium
1451 2695 1590 2746 officia
1626 2695 1681 2733 ad
1707 2694 1939 2744 Augustum
1965 2703 2063 2732 ver·—

1181 2761 1303 2797 terat.
1348 2753 1635 2796 Memorabile
1668 2756 1736 2795 est
1762 2755 1948 2794 Acronis
1978 2753 2063 2794 du-

1181 2817 1282 2870 plex
1303 2817 1631 2865 testimonium,
1666 2816 1709 2855 h.
1733 2814 1787 2855 1.;
1823 2815 2061 2856 «Phraates

1148 2863 1149 2898 ³
1181 2881 1322 2919 victus
1365 2878 1540 2918 Tiberio
1577 2888 1624 2918 se
1666 2875 1834 2917 dedidit
1864 2879 1909 2917 et
1937 2877 2061 2928 signa

1181 2942 1396 2989 Romana,
1444 2950 1560 2991 quae
1598 2940 1726 2990 capta
1766 2949 1870 2978 cum
1900 2939 2061 2980 Crasso

1180 3074 1229 3102 re
1273 3062 1367 3103 sola
1411 3062 1576 3102 deditio
1620 3061 1690 3101 illa
1731 3061 2058 3110 continebatur,

1181 3127 1224 3165 et
1254 3125 1311 3165 ad
1341 3126 1448 3177 Epp.
1475 3126 1519 3174 4,
1546 3125 1618 3173 48,
1641 3124 1717 3164 56:
1753 3125 1973 3164 «Romana
1999 3123 2061 3164 si-

1181 3198 1287 3238 gna,
1322 3198 1436 3238 quae
1469 3187 1655 3227 Crassus
1687 3186 1921 3234 amiserat,
1953 3187 2061 3225 Par-

1179 3251 1241 3289 thi
1272 3249 1328 3289 ad
1357 3250 1603 3299 Augustum
1632 3259 1714 3299 per
1737 3246 1961 3287 Tiberium
1980 3247 2061 3287 mi-

1181 3312 1385 3351 serunt.»
1445 3309 1507 3350 Cf.
1558 3310 1738 3349 Sueton.
1785 3307 1879 3348 Tib.
1930 3319 1968 3348 c.
2016 3307 2056 3348 9.

1179 3374 1402 3423 Augustus
1448 3373 1542 3423 ipse
1588 3371 1674 3411 hoc
1716 3370 1831 3410 inter
1872 3380 1946 3410 res
1975 3369 2060 3411 sibi

1180 3435 1373 3474 maxime
1427 3432 1640 3484 gloriosas
1683 3430 1849 3471 rettulit
1895 3431 2058 3484 partim

1180 3500 1374 3536 nummis
1392 3495 1508 3536 cusis
1525 3505 1627 3535 cum
1643 3494 1727 3533 hac
1743 3493 2053 3545 inscriptione:

1895 3554 2057 3606 partim
