<?xml version="1.0" encoding="UTF-8"?>
<!DOCTYPE html PUBLIC "-//W3C//DTD XHTML 1.0 Transitional//EN"
    "http://www.w3.org/TR/xhtml1/DTD/xhtml1-transitional.dtd">
<html xmlns="http://www.w3.org/1999/xhtml" xml:lang="en" lang="en">
 <head>
  <title>
</title>
<meta http-equiv="Content-Type" content="text/html;charset=utf-8" />
  <meta name='ocr-system' content='tesseract 3.04.00' />
  <meta name='ocr-capabilities' content='ocr_page ocr_carea ocr_par ocr_line ocrx_word'/>
</head>
<body>
  <div class='ocr_page' id='page_1' title='image "./qhoratiusflaccus02horauoft_0431.png"; bbox 0 0 2231 3787; ppageno 0'>
   <div class='ocr_carea' id='block_1_1' title="bbox 864 290 1025 329">
    <p class='ocr_par' dir='ltr' id='par_1_1' title="bbox 864 290 1025 329">
     <span class='ocr_line' id='line_1_1' title="bbox 864 290 1025 329; baseline 0.006 -1"><span class='ocrx_word' id='word_1_1' title='bbox 864 290 960 328; x_wconf 38' lang='lat'><em>11113.</em></span> <span class='ocrx_word' id='word_1_2' title='bbox 998 290 1025 329; x_wconf 92' lang='lat' dir='ltr'>l.</span> 
     </span>
    </p>
   </div>
   <div class='ocr_carea' id='block_1_2' title="bbox 1090 284 2001 336">
    <p class='ocr_par' dir='ltr' id='par_1_2' title="bbox 1090 284 2001 336">
     <span class='ocr_line' id='line_1_2' title="bbox 1090 284 2001 336; baseline 0.009 -8"><span class='ocrx_word' id='word_1_3' title='bbox 1090 289 1251 328; x_wconf 70' lang='lat' dir='ltr'>ErisT.</span> <span class='ocrx_word' id='word_1_4' title='bbox 1288 290 1334 327; x_wconf 87' lang='lat' dir='ltr'>n.</span> <span class='ocrx_word' id='word_1_5' title='bbox 1910 284 2001 336; x_wconf 78' lang='grc'>4-01</span> 
     </span>
    </p>
   </div>
   <div class='ocr_carea' id='block_1_3' title="bbox 262 418 2013 477">
    <p class='ocr_par' dir='ltr' id='par_1_3' title="bbox 262 418 2013 477">
     <span class='ocr_line' id='line_1_3' title="bbox 262 418 2013 477; baseline -0.005 0"><span class='ocrx_word' id='word_1_6' title='bbox 262 425 456 477; x_wconf 80' lang='lat' dir='ltr'>Posccs</span> <span class='ocrx_word' id='word_1_7' title='bbox 499 431 617 475; x_wconf 79' lang='lat' dir='ltr'>anic</span> <span class='ocrx_word' id='word_1_8' title='bbox 657 421 800 475; x_wconf 82' lang='lat' dir='ltr'>diem</span> <span class='ocrx_word' id='word_1_9' title='bbox 840 420 1032 473; x_wconf 84' lang='lat' dir='ltr'>librum</span> <span class='ocrx_word' id='word_1_10' title='bbox 1073 438 1194 474; x_wconf 85' lang='lat' dir='ltr'>cum</span> <span class='ocrx_word' id='word_1_11' title='bbox 1237 419 1461 476; x_wconf 82' lang='lat' dir='ltr'>lumine,</span> <span class='ocrx_word' id='word_1_12' title='bbox 1505 418 1544 471; x_wconf 83' lang='lat' dir='ltr'>si</span> <span class='ocrx_word' id='word_1_13' title='bbox 1589 437 1691 471; x_wconf 82' lang='lat' dir='ltr'>non</span> <span class='ocrx_word' id='word_1_14' title='bbox 1947 419 2013 469; x_wconf 70' lang='lat'>35</span> 
     </span>
    </p>
   </div>
   <div class='ocr_carea' id='block_1_4' title="bbox 259 521 1615 579">
    <p class='ocr_par' dir='ltr' id='par_1_4' title="bbox 259 521 1615 579">
     <span class='ocr_line' id='line_1_4' title="bbox 259 521 1615 579; baseline -0.007 -1"><span class='ocrx_word' id='word_1_15' title='bbox 259 525 507 579; x_wconf 80' lang='lat' dir='ltr'>intendes</span> <span class='ocrx_word' id='word_1_16' title='bbox 549 525 784 578; x_wconf 87' lang='lat' dir='ltr'>animum</span> <span class='ocrx_word' id='word_1_17' title='bbox 824 523 1013 577; x_wconf 86' lang='lat' dir='ltr'>studiis</span> <span class='ocrx_word' id='word_1_18' title='bbox 1054 532 1104 576; x_wconf 81' lang='lat' dir='ltr'>ct</span> <span class='ocrx_word' id='word_1_19' title='bbox 1146 522 1308 575; x_wconf 82' lang='lat' dir='ltr'>rebus</span> <span class='ocrx_word' id='word_1_20' title='bbox 1349 521 1615 574; x_wconf 60' lang='lat' dir='ltr'>honestis</span> 
     </span>
    </p>
   </div>
   <div class='ocr_carea' id='block_1_5' title="bbox 258 624 1362 696">
    <p class='ocr_par' dir='ltr' id='par_1_5' title="bbox 258 624 1362 696">
     <span class='ocr_line' id='line_1_5' title="bbox 258 624 1362 696; baseline -0.005 -15"><span class='ocrx_word' id='word_1_21' title='bbox 258 627 462 681; x_wconf 87' lang='lat' dir='ltr'>Invidia</span> <span class='ocrx_word' id='word_1_22' title='bbox 501 626 582 681; x_wconf 83' lang='lat' dir='ltr'>vol</span> <span class='ocrx_word' id='word_1_23' title='bbox 624 644 808 680; x_wconf 88' lang='lat' dir='ltr'>amore</span> <span class='ocrx_word' id='word_1_24' title='bbox 848 625 968 696; x_wconf 79' lang='lat' dir='ltr'>vigil</span> <span class='ocrx_word' id='word_1_25' title='bbox 1019 624 1362 695; x_wconf 84' lang='lat' dir='ltr'>torquebere.</span> 
     </span>
    </p>
   </div>
   <div class='ocr_carea' id='block_1_6' title="bbox 1438 625 1730 683">
    <p class='ocr_par' dir='ltr' id='par_1_6' title="bbox 1438 625 1730 683">
     <span class='ocr_line' id='line_1_6' title="bbox 1438 625 1730 683; baseline -0.003 -7"><span class='ocrx_word' id='word_1_26' title='bbox 1438 625 1569 676; x_wconf 85' lang='lat' dir='ltr'>Nam</span> <span class='ocrx_word' id='word_1_27' title='bbox 1608 640 1704 676; x_wconf 85' lang='lat' dir='ltr'>cur</span> <span class='ocrx_word' id='word_1_28' title='bbox 1721 667 1730 683; x_wconf 80' lang='lat'>,</span> 
     </span>
    </p>
   </div>
   <div class='ocr_carea' id='block_1_7' title="bbox 259 725 1759 797">
    <p class='ocr_par' dir='ltr' id='par_1_7' title="bbox 259 725 1759 797">
     <span class='ocr_line' id='line_1_7' title="bbox 259 725 1759 797; baseline -0.005 -13"><span class='ocrx_word' id='word_1_29' title='bbox 259 731 412 796; x_wconf 86' lang='lat' dir='ltr'>Quae</span> <span class='ocrx_word' id='word_1_30' title='bbox 451 729 670 784; x_wconf 86' lang='lat' dir='ltr'>laedunt</span> <span class='ocrx_word' id='word_1_31' title='bbox 710 728 952 783; x_wconf 79' lang='lat' dir='ltr'>oculum,</span> <span class='ocrx_word' id='word_1_32' title='bbox 996 727 1214 781; x_wconf 76' lang='lat' dir='ltr'>festinas</span> <span class='ocrx_word' id='word_1_33' title='bbox 1254 726 1502 789; x_wconf 78' lang='lat' dir='ltr'>demere3</span> <span class='ocrx_word' id='word_1_34' title='bbox 1546 726 1588 779; x_wconf 90' lang='lat' dir='ltr'>si</span> <span class='ocrx_word' id='word_1_35' title='bbox 1629 725 1759 797; x_wconf 84' lang='lat' dir='ltr'>quid</span> 
     </span>
    </p>
   </div>
   <div class='ocr_carea' id='block_1_8' title="bbox 244 890 1960 1011">
    <p class='ocr_par' dir='ltr' id='par_1_8' title="bbox 244 890 1960 1011">
     <span class='ocr_line' id='line_1_8' title="bbox 297 890 1956 947; baseline -0.004 -9"><span class='ocrx_word' id='word_1_36' title='bbox 297 898 363 938; x_wconf 82' lang='lat'>37.</span> <span class='ocrx_word' id='word_1_37' title='bbox 389 898 575 938; x_wconf 70' lang='lat' dir='ltr'>Carnam</span> <span class='ocrx_word' id='word_1_38' title='bbox 598 895 736 936; x_wconf 90' lang='lat' dir='ltr'>Codd.</span> <span class='ocrx_word' id='word_1_39' title='bbox 763 894 863 947; x_wconf 86' lang='lat' dir='ltr'>aliq.</span> <span class='ocrx_word' id='word_1_40' title='bbox 892 896 1017 935; x_wconf 81' lang='lat' dir='ltr'>Feae.</span> <span class='ocrx_word' id='word_1_41' title='bbox 1044 917 1085 922; x_wconf 37' lang='grc' dir='ltr'>ἢ</span> <span class='ocrx_word' id='word_1_42' title='bbox 1109 894 1173 934; x_wconf 82' lang='grc'>38.</span> <span class='ocrx_word' id='word_1_43' title='bbox 1200 894 1364 933; x_wconf 74' lang='lat' dir='ltr'>oculum</span> <span class='ocrx_word' id='word_1_44' title='bbox 1383 890 1523 946; x_wconf 70' lang='grc' dir='ltr'><em>βγζκε</em></span> <span class='ocrx_word' id='word_1_45' title='bbox 1560 893 1696 932; x_wconf 78' lang='lat' dir='ltr'>oculos</span> <span class='ocrx_word' id='word_1_46' title='bbox 1718 891 1956 943; x_wconf 85' lang='lat' dir='ltr'>bScd‚LCt.</span> 
     </span>
     <span class='ocr_line' id='line_1_9' title="bbox 244 954 1960 1011; baseline -0.003 -11"><span class='ocrx_word' id='word_1_47' title='bbox 244 963 304 1011; x_wconf 81' lang='lat' dir='ltr'>(ln</span> <span class='ocrx_word' id='word_1_48' title='bbox 336 962 361 999; x_wconf 87' lang='lat' dir='ltr'>S</span> <span class='ocrx_word' id='word_1_49' title='bbox 393 962 543 1000; x_wconf 86' lang='lat' dir='ltr'>tamen</span> <span class='ocrx_word' id='word_1_50' title='bbox 576 969 799 1011; x_wconf 86' lang='lat' dir='ltr'>superscr.</span> <span class='ocrx_word' id='word_1_51' title='bbox 842 969 933 997; x_wconf 77' lang='lat' dir='ltr'>um:</span> <span class='ocrx_word' id='word_1_52' title='bbox 973 958 1014 996; x_wconf 88' lang='lat' dir='ltr'>in</span> <span class='ocrx_word' id='word_1_53' title='bbox 1058 957 1087 996; x_wconf 85' lang='lat' dir='ltr'>E</span> <span class='ocrx_word' id='word_1_54' title='bbox 1119 958 1218 1008; x_wconf 84' lang='lat' dir='ltr'>post</span> <span class='ocrx_word' id='word_1_55' title='bbox 1247 968 1287 995; x_wconf 67' lang='lat' dir='ltr'>v.</span> <span class='ocrx_word' id='word_1_56' title='bbox 1323 957 1491 996; x_wconf 72' lang='lat' dir='ltr'>laedunt</span> <span class='ocrx_word' id='word_1_57' title='bbox 1521 957 1728 1008; x_wconf 79' lang='lat' dir='ltr'>quattuor</span> <span class='ocrx_word' id='word_1_58' title='bbox 1762 954 1960 1006; x_wconf 76' lang='lat' dir='ltr'>syllabae</span> 
     </span>
    </p>
   </div>
   <div class='ocr_carea' id='block_1_9' title="bbox 244 1023 585 1073">
    <p class='ocr_par' dir='ltr' id='par_1_9' title="bbox 244 1023 585 1073">
     <span class='ocr_line' id='line_1_10' title="bbox 244 1023 585 1073; baseline -0.003 -10"><span class='ocrx_word' id='word_1_59' title='bbox 244 1024 420 1064; x_wconf 77' lang='lat' dir='ltr'>excisae</span> <span class='ocrx_word' id='word_1_60' title='bbox 452 1023 585 1073; x_wconf 85' lang='lat' dir='ltr'>sunt.)</span> 
     </span>
    </p>
   </div>
   <div class='ocr_carea' id='block_1_10' title="bbox 178 1163 1070 2534">
    <p class='ocr_par' dir='ltr' id='par_1_10' title="bbox 178 1163 1070 2534">
     <span class='ocr_line' id='line_1_11' title="bbox 187 1163 1069 1218; baseline -0.002 -13"><span class='ocrx_word' id='word_1_61' title='bbox 187 1176 320 1218; x_wconf 86' lang='lat' dir='ltr'>quam</span> <span class='ocrx_word' id='word_1_62' title='bbox 355 1176 457 1205; x_wconf 87' lang='lat' dir='ltr'>cum</span> <span class='ocrx_word' id='word_1_63' title='bbox 497 1164 590 1205; x_wconf 89' lang='lat' dir='ltr'>aliis</span> <span class='ocrx_word' id='word_1_64' title='bbox 622 1165 861 1213; x_wconf 72' lang='lat' dir='ltr'>arnbulare;</span> <span class='ocrx_word' id='word_1_65' title='bbox 911 1163 1069 1204; x_wconf 83' lang='lat' dir='ltr'>saltem</span> 
     </span>
     <span class='ocr_line' id='line_1_12' title="bbox 187 1227 1070 1278; baseline -0.003 -10"><span class='ocrx_word' id='word_1_66' title='bbox 187 1228 425 1269; x_wconf 86' lang='lat' dir='ltr'>dixissent:</span> <span class='ocrx_word' id='word_1_67' title='bbox 476 1228 642 1278; x_wconf 71' lang='lat' dir='ltr'>saepius</span> <span class='ocrx_word' id='word_1_68' title='bbox 685 1228 833 1268; x_wconf 80' lang='lat' dir='ltr'>celeres</span> <span class='ocrx_word' id='word_1_69' title='bbox 876 1227 1070 1266; x_wconf 79' lang='lat' dir='ltr'>ambula-</span> 
     </span>
     <span class='ocr_line' id='line_1_13' title="bbox 186 1288 1070 1342; baseline -0.003 -12"><span class='ocrx_word' id='word_1_70' title='bbox 186 1292 315 1331; x_wconf 74' lang='lat' dir='ltr'>tiones</span> <span class='ocrx_word' id='word_1_71' title='bbox 333 1292 545 1342; x_wconf 79' lang='lat' dir='ltr'>conficere.</span> <span class='ocrx_word' id='word_1_72' title='bbox 589 1289 764 1330; x_wconf 86' lang='lat' dir='ltr'>Falsum</span> <span class='ocrx_word' id='word_1_73' title='bbox 786 1291 937 1330; x_wconf 85' lang='lat' dir='ltr'>contra</span> <span class='ocrx_word' id='word_1_74' title='bbox 961 1288 1070 1328; x_wconf 90' lang='lat' dir='ltr'>alio-</span> 
     </span>
     <span class='ocr_line' id='line_1_14' title="bbox 185 1351 1066 1404; baseline -0.003 -11"><span class='ocrx_word' id='word_1_75' title='bbox 185 1364 287 1393; x_wconf 84' lang='lat' dir='ltr'>rum</span> <span class='ocrx_word' id='word_1_76' title='bbox 318 1355 387 1393; x_wconf 90' lang='lat' dir='ltr'>est</span> <span class='ocrx_word' id='word_1_77' title='bbox 416 1351 780 1404; x_wconf 87' lang='lat' dir='ltr'>supplementum</span> <span class='ocrx_word' id='word_1_78' title='bbox 811 1352 1066 1403; x_wconf 54' lang='lat' dir='ltr'>empergyisci,</span> 
     </span>
     <span class='ocr_line' id='line_1_15' title="bbox 186 1415 1070 1467; baseline -0.002 -12"><span class='ocrx_word' id='word_1_79' title='bbox 186 1416 352 1456; x_wconf 85' lang='lat' dir='ltr'>etenim</span> <span class='ocrx_word' id='word_1_80' title='bbox 384 1415 600 1467; x_wconf 89' lang='lat' dir='ltr'>oppositio</span> <span class='ocrx_word' id='word_1_81' title='bbox 632 1416 747 1454; x_wconf 87' lang='lat' dir='ltr'>inter</span> <span class='ocrx_word' id='word_1_82' title='bbox 776 1415 1070 1466; x_wconf 63' lang='lat' dir='ltr'>expergiscen-</span> 
     </span>
     <span class='ocr_line' id='line_1_16' title="bbox 185 1478 1070 1519; baseline -0.002 0"><span class='ocrx_word' id='word_1_83' title='bbox 185 1480 282 1519; x_wconf 85' lang='lat' dir='ltr'>dum</span> <span class='ocrx_word' id='word_1_84' title='bbox 314 1480 357 1518; x_wconf 89' lang='lat' dir='ltr'>et</span> <span class='ocrx_word' id='word_1_85' title='bbox 386 1478 639 1517; x_wconf 76' lang='lat' dir='ltr'>currendum</span> <span class='ocrx_word' id='word_1_86' title='bbox 668 1478 816 1518; x_wconf 88' lang='lat' dir='ltr'>minus</span> <span class='ocrx_word' id='word_1_87' title='bbox 856 1480 924 1517; x_wconf 89' lang='lat' dir='ltr'>est</span> <span class='ocrx_word' id='word_1_88' title='bbox 961 1489 1070 1517; x_wconf 92' lang='lat' dir='ltr'>con-</span> 
     </span>
     <span class='ocr_line' id='line_1_17' title="bbox 184 1540 1070 1590; baseline -0.003 -8"><span class='ocrx_word' id='word_1_89' title='bbox 184 1542 331 1582; x_wconf 90' lang='lat' dir='ltr'>cinna.</span> <span class='ocrx_word' id='word_1_90' title='bbox 367 1563 414 1569; x_wconf 90' lang='lat'>—</span> <span class='ocrx_word' id='word_1_91' title='bbox 447 1541 611 1590; x_wconf 78' lang='lat' dir='ltr'>curres]</span> <span class='ocrx_word' id='word_1_92' title='bbox 655 1541 722 1580; x_wconf 87' lang='lat' dir='ltr'>«Si</span> <span class='ocrx_word' id='word_1_93' title='bbox 764 1540 941 1581; x_wconf 90' lang='lat' dir='ltr'>sudoris</span> <span class='ocrx_word' id='word_1_94' title='bbox 981 1541 1070 1580; x_wconf 91' lang='lat' dir='ltr'>im-</span> 
     </span>
     <span class='ocr_line' id='line_1_18' title="bbox 183 1601 1066 1658; baseline -0.001 -14"><span class='ocrx_word' id='word_1_95' title='bbox 183 1601 354 1658; x_wconf 83' lang='lat' dir='ltr'>patiens</span> <span class='ocrx_word' id='word_1_96' title='bbox 375 1602 500 1644; x_wconf 92' lang='lat' dir='ltr'>noles</span> <span class='ocrx_word' id='word_1_97' title='bbox 521 1614 655 1644; x_wconf 89' lang='lat' dir='ltr'>sanus</span> <span class='ocrx_word' id='word_1_98' title='bbox 683 1614 818 1643; x_wconf 87' lang='lat' dir='ltr'>cursu</span> <span class='ocrx_word' id='word_1_99' title='bbox 843 1603 1066 1644; x_wconf 87' lang='lat' dir='ltr'>interdum</span> 
     </span>
     <span class='ocr_line' id='line_1_19' title="bbox 182 1666 1069 1715; baseline -0.002 -7"><span class='ocrx_word' id='word_1_100' title='bbox 182 1668 301 1708; x_wconf 88' lang='lat' dir='ltr'>vires</span> <span class='ocrx_word' id='word_1_101' title='bbox 322 1668 420 1706; x_wconf 88' lang='lat' dir='ltr'>tuas</span> <span class='ocrx_word' id='word_1_102' title='bbox 438 1677 674 1715; x_wconf 80' lang='lat' dir='ltr'>exercerc,</span> <span class='ocrx_word' id='word_1_103' title='bbox 709 1666 789 1706; x_wconf 88' lang='lat' dir='ltr'>sed</span> <span class='ocrx_word' id='word_1_104' title='bbox 813 1666 934 1706; x_wconf 89' lang='lat' dir='ltr'>domi</span> <span class='ocrx_word' id='word_1_105' title='bbox 956 1668 1069 1706; x_wconf 83' lang='lat' dir='ltr'>otio-</span> 
     </span>
     <span class='ocr_line' id='line_1_20' title="bbox 183 1729 1068 1781; baseline -0.001 -10"><span class='ocrx_word' id='word_1_106' title='bbox 183 1741 260 1771; x_wconf 89' lang='lat' dir='ltr'>sus</span> <span class='ocrx_word' id='word_1_107' title='bbox 281 1729 413 1770; x_wconf 89' lang='lat' dir='ltr'>sedes</span> <span class='ocrx_word' id='word_1_108' title='bbox 436 1731 480 1769; x_wconf 91' lang='lat' dir='ltr'>et</span> <span class='ocrx_word' id='word_1_109' title='bbox 511 1730 757 1780; x_wconf 85' lang='lat' dir='ltr'>graecaris,</span> <span class='ocrx_word' id='word_1_110' title='bbox 792 1729 1068 1781; x_wconf 73' lang='lat' dir='ltr'>hydropicus</span> 
     </span>
     <span class='ocr_line' id='line_1_21' title="bbox 184 1791 1065 1844; baseline -0.001 -12"><span class='ocrx_word' id='word_1_111' title='bbox 184 1791 419 1844; x_wconf 88' lang='lat' dir='ltr'>aliquando</span> <span class='ocrx_word' id='word_1_112' title='bbox 449 1794 633 1844; x_wconf 83' lang='lat' dir='ltr'>propter</span> <span class='ocrx_word' id='word_1_113' title='bbox 659 1791 876 1833; x_wconf 82' lang='lat' dir='ltr'>desidiam</span> <span class='ocrx_word' id='word_1_114' title='bbox 908 1791 1065 1841; x_wconf 87' lang='lat' dir='ltr'>factus,</span> 
     </span>
     <span class='ocr_line' id='line_1_22' title="bbox 183 1853 1067 1905; baseline -0.002 -10"><span class='ocrx_word' id='word_1_115' title='bbox 183 1866 206 1895; x_wconf 89' lang='lat' dir='ltr'>a</span> <span class='ocrx_word' id='word_1_116' title='bbox 237 1854 414 1895; x_wconf 87' lang='lat' dir='ltr'>medico</span> <span class='ocrx_word' id='word_1_117' title='bbox 445 1854 592 1894; x_wconf 89' lang='lat' dir='ltr'>iussus</span> <span class='ocrx_word' id='word_1_118' title='bbox 624 1865 799 1905; x_wconf 90' lang='lat' dir='ltr'>curres,</span> <span class='ocrx_word' id='word_1_119' title='bbox 850 1865 953 1895; x_wconf 90' lang='lat' dir='ltr'>cum</span> <span class='ocrx_word' id='word_1_120' title='bbox 989 1853 1067 1894; x_wconf 91' lang='lat' dir='ltr'>tibi</span> 
     </span>
     <span class='ocr_line' id='line_1_23' title="bbox 182 1916 1064 1968; baseline -0.003 -10"><span class='ocrx_word' id='word_1_121' title='bbox 182 1917 310 1968; x_wconf 87' lang='lat' dir='ltr'>longe</span> <span class='ocrx_word' id='word_1_122' title='bbox 341 1916 572 1957; x_wconf 88' lang='lat' dir='ltr'>molestius</span> <span class='ocrx_word' id='word_1_123' title='bbox 596 1917 720 1956; x_wconf 87' lang='lat' dir='ltr'>erit.»</span> <span class='ocrx_word' id='word_1_124' title='bbox 775 1916 890 1958; x_wconf 87' lang='lat' dir='ltr'>Cels.</span> <span class='ocrx_word' id='word_1_125' title='bbox 916 1917 961 1967; x_wconf 87' lang='grc'>3,</span> <span class='ocrx_word' id='word_1_126' title='bbox 995 1917 1064 1957; x_wconf 69' lang='lat'>24:</span> 
     </span>
     <span class='ocr_line' id='line_1_24' title="bbox 182 1979 1063 2032; baseline 0 -12"><span class='ocrx_word' id='word_1_127' title='bbox 182 1979 463 2032; x_wconf 75' lang='lat' dir='ltr'>(Hydropicis)</span> <span class='ocrx_word' id='word_1_128' title='bbox 511 1979 687 2019; x_wconf 76' lang='lat' dir='ltr'>maltum</span> <span class='ocrx_word' id='word_1_129' title='bbox 736 1980 1063 2030; x_wconf 76' lang='lat' dir='ltr'>ambulandum,</span> 
     </span>
     <span class='ocr_line' id='line_1_25' title="bbox 180 2041 1068 2091; baseline 0.001 -9"><span class='ocrx_word' id='word_1_130' title='bbox 180 2043 435 2082; x_wconf 80' lang='lat' dir='ltr'>currendum</span> <span class='ocrx_word' id='word_1_131' title='bbox 464 2042 695 2091; x_wconf 76' lang='lat' dir='ltr'>aliquando</span> <span class='ocrx_word' id='word_1_132' title='bbox 724 2047 795 2083; x_wconf 75' lang='lat' dir='ltr'>est.</span> <span class='ocrx_word' id='word_1_133' title='bbox 836 2042 984 2083; x_wconf 86' lang='lat' dir='ltr'>Altera</span> <span class='ocrx_word' id='word_1_134' title='bbox 1005 2041 1068 2083; x_wconf 88' lang='lat' dir='ltr'>le-</span> 
     </span>
     <span class='ocr_line' id='line_1_26' title="bbox 183 2104 1061 2158; baseline 0.001 -13"><span class='ocrx_word' id='word_1_135' title='bbox 183 2107 268 2146; x_wconf 86' lang='lat' dir='ltr'>ctio</span> <span class='ocrx_word' id='word_1_136' title='bbox 298 2105 438 2146; x_wconf 89' lang='lat' dir='ltr'>Codd.</span> <span class='ocrx_word' id='word_1_137' title='bbox 463 2104 564 2156; x_wconf 84' lang='lat' dir='ltr'>aliq.</span> <span class='ocrx_word' id='word_1_138' title='bbox 592 2107 635 2144; x_wconf 89' lang='lat' dir='ltr'>et</span> <span class='ocrx_word' id='word_1_139' title='bbox 663 2105 773 2145; x_wconf 87' lang='lat' dir='ltr'>Edd.</span> <span class='ocrx_word' id='word_1_140' title='bbox 806 2108 911 2146; x_wconf 76' lang='lat' dir='ltr'>vett.</span> <span class='ocrx_word' id='word_1_141' title='bbox 940 2106 1061 2158; x_wconf 85' lang='lat' dir='ltr'>(Ven.</span> 
     </span>
     <span class='ocr_line' id='line_1_27' title="bbox 185 2167 1067 2218; baseline 0.001 -10"><span class='ocrx_word' id='word_1_142' title='bbox 185 2167 321 2218; x_wconf 71' lang='lat'>4481.)</span> <span class='ocrx_word' id='word_1_143' title='bbox 373 2167 419 2206; x_wconf 76' lang='lat' dir='ltr'>Si</span> <span class='ocrx_word' id='word_1_144' title='bbox 447 2167 552 2206; x_wconf 80' lang='lat' dir='ltr'>nolis</span> <span class='ocrx_word' id='word_1_145' title='bbox 579 2178 729 2217; x_wconf 75' lang='lat' dir='ltr'>sanus,</span> <span class='ocrx_word' id='word_1_146' title='bbox 762 2180 881 2209; x_wconf 76' lang='lat' dir='ltr'>cures</span> <span class='ocrx_word' id='word_1_147' title='bbox 909 2169 1067 2218; x_wconf 75' lang='lat' dir='ltr'>hydro-</span> 
     </span>
     <span class='ocr_line' id='line_1_28' title="bbox 178 2229 1065 2280; baseline 0.003 -12"><span class='ocrx_word' id='word_1_148' title='bbox 178 2230 298 2279; x_wconf 76' lang='lat' dir='ltr'>picus</span> <span class='ocrx_word' id='word_1_149' title='bbox 343 2239 563 2280; x_wconf 84' lang='lat' dir='ltr'>perquam</span> <span class='ocrx_word' id='word_1_150' title='bbox 610 2229 816 2280; x_wconf 80' lang='lat' dir='ltr'>placebat</span> <span class='ocrx_word' id='word_1_151' title='bbox 867 2230 1065 2271; x_wconf 88' lang='lat' dir='ltr'>Bentleio</span> 
     </span>
     <span class='ocr_line' id='line_1_29' title="bbox 182 2292 1066 2343; baseline 0.002 -11"><span class='ocrx_word' id='word_1_152' title='bbox 182 2293 245 2333; x_wconf 91' lang='lat' dir='ltr'>sic</span> <span class='ocrx_word' id='word_1_153' title='bbox 278 2293 537 2343; x_wconf 81' lang='lat' dir='ltr'>exponenti:</span> <span class='ocrx_word' id='word_1_154' title='bbox 585 2293 651 2332; x_wconf 91' lang='lat' dir='ltr'>«Si</span> <span class='ocrx_word' id='word_1_155' title='bbox 683 2292 794 2333; x_wconf 90' lang='lat' dir='ltr'>nolis</span> <span class='ocrx_word' id='word_1_156' title='bbox 826 2304 959 2334; x_wconf 89' lang='lat' dir='ltr'>sanus</span> <span class='ocrx_word' id='word_1_157' title='bbox 988 2305 1066 2334; x_wconf 81' lang='lat' dir='ltr'>ex—</span> 
     </span>
     <span class='ocr_line' id='line_1_30' title="bbox 181 2355 1066 2407; baseline 0.002 -14"><span class='ocrx_word' id='word_1_158' title='bbox 181 2355 393 2406; x_wconf 88' lang='lat' dir='ltr'>pergisci,</span> <span class='ocrx_word' id='word_1_159' title='bbox 437 2365 567 2394; x_wconf 83' lang='lat' dir='ltr'>cures</span> <span class='ocrx_word' id='word_1_160' title='bbox 609 2356 855 2407; x_wconf 81' lang='lat' dir='ltr'>expergisci</span> <span class='ocrx_word' id='word_1_161' title='bbox 896 2355 1066 2406; x_wconf 83' lang='lat' dir='ltr'>hydro-</span> 
     </span>
     <span class='ocr_line' id='line_1_31' title="bbox 182 2417 1065 2470; baseline 0.002 -14"><span class='ocrx_word' id='word_1_162' title='bbox 182 2418 353 2470; x_wconf 86' lang='lat' dir='ltr'>picus.»</span> <span class='ocrx_word' id='word_1_163' title='bbox 414 2417 518 2457; x_wconf 87' lang='lat' dir='ltr'>Mihi</span> <span class='ocrx_word' id='word_1_164' title='bbox 548 2419 592 2457; x_wconf 88' lang='lat' dir='ltr'>et</span> <span class='ocrx_word' id='word_1_165' title='bbox 629 2417 783 2457; x_wconf 89' lang='lat' dir='ltr'>durior</span> <span class='ocrx_word' id='word_1_166' title='bbox 811 2417 988 2458; x_wconf 71' lang='lat' dir='ltr'>videtur</span> <span class='ocrx_word' id='word_1_167' title='bbox 1022 2420 1065 2458; x_wconf 89' lang='lat' dir='ltr'>et</span> 
     </span>
     <span class='ocr_line' id='line_1_32' title="bbox 179 2479 1066 2534; baseline 0.003 -15"><span class='ocrx_word' id='word_1_168' title='bbox 179 2490 321 2532; x_wconf 80' lang='lat' dir='ltr'>prope</span> <span class='ocrx_word' id='word_1_169' title='bbox 352 2480 505 2532; x_wconf 88' lang='lat' dir='ltr'>putida</span> <span class='ocrx_word' id='word_1_170' title='bbox 535 2491 642 2532; x_wconf 86' lang='lat' dir='ltr'>prae</span> <span class='ocrx_word' id='word_1_171' title='bbox 671 2479 831 2531; x_wconf 89' lang='lat' dir='ltr'>altera,</span> <span class='ocrx_word' id='word_1_172' title='bbox 863 2481 935 2522; x_wconf 67' lang='lat' dir='ltr'>vel</span> <span class='ocrx_word' id='word_1_173' title='bbox 965 2494 1066 2534; x_wconf 90' lang='lat' dir='ltr'>pro-</span> 
     </span>
    </p>
   </div>
   <div class='ocr_carea' id='block_1_11' title="bbox 139 2542 1064 2597">
    <p class='ocr_par' dir='ltr' id='par_1_11' title="bbox 139 2542 1064 2597">
     <span class='ocr_line' id='line_1_33' title="bbox 139 2542 1064 2597; baseline 0.003 -15"><span class='ocrx_word' id='word_1_174' title='bbox 139 2556 147 2564; x_wconf 72' lang='lat'><strong><em>¹</em></strong></span> <span class='ocrx_word' id='word_1_175' title='bbox 181 2544 338 2595; x_wconf 84' lang='lat' dir='ltr'>pterea</span> <span class='ocrx_word' id='word_1_176' title='bbox 369 2542 491 2594; x_wconf 89' lang='lat' dir='ltr'>quod</span> <span class='ocrx_word' id='word_1_177' title='bbox 521 2544 651 2583; x_wconf 91' lang='lat' dir='ltr'>nimis</span> <span class='ocrx_word' id='word_1_178' title='bbox 682 2544 756 2583; x_wconf 88' lang='lat' dir='ltr'>diu</span> <span class='ocrx_word' id='word_1_179' title='bbox 780 2547 932 2585; x_wconf 89' lang='lat' dir='ltr'>contra</span> <span class='ocrx_word' id='word_1_180' title='bbox 953 2549 1064 2597; x_wconf 82' lang='lat' dir='ltr'>po&#39;e&#39;-</span> 
     </span>
    </p>
   </div>
   <div class='ocr_carea' id='block_1_12' title="bbox 176 2607 1064 3597">
    <p class='ocr_par' dir='ltr' id='par_1_12' title="bbox 176 2607 1064 3597">
     <span class='ocr_line' id='line_1_34' title="bbox 180 2607 1063 2648; baseline 0.002 -2"><span class='ocrx_word' id='word_1_181' title='bbox 180 2608 251 2646; x_wconf 88' lang='lat' dir='ltr'>tae</span> <span class='ocrx_word' id='word_1_182' title='bbox 282 2617 458 2646; x_wconf 89' lang='lat' dir='ltr'>morem</span> <span class='ocrx_word' id='word_1_183' title='bbox 487 2607 749 2648; x_wconf 83' lang='lat' dir='ltr'>immoratus</span> <span class='ocrx_word' id='word_1_184' title='bbox 771 2610 891 2648; x_wconf 89' lang='lat' dir='ltr'>esset</span> <span class='ocrx_word' id='word_1_185' title='bbox 911 2609 954 2648; x_wconf 92' lang='lat' dir='ltr'>in</span> <span class='ocrx_word' id='word_1_186' title='bbox 975 2620 1063 2648; x_wconf 90' lang='lat' dir='ltr'>una</span> 
     </span>
     <span class='ocr_line' id='line_1_35' title="bbox 180 2667 1064 2722; baseline 0.002 -13"><span class='ocrx_word' id='word_1_187' title='bbox 180 2667 250 2709; x_wconf 87' lang='lat' dir='ltr'>illa</span> <span class='ocrx_word' id='word_1_188' title='bbox 272 2670 584 2721; x_wconf 57' lang='lat' dir='ltr'>emper-qiscencli</span> <span class='ocrx_word' id='word_1_189' title='bbox 604 2671 804 2721; x_wconf 85' lang='lat' dir='ltr'>notione,</span> <span class='ocrx_word' id='word_1_190' title='bbox 840 2673 967 2722; x_wconf 86' lang='lat' dir='ltr'>quasi</span> <span class='ocrx_word' id='word_1_191' title='bbox 987 2683 1064 2711; x_wconf 81' lang='lat' dir='ltr'>ve-</span> 
     </span>
     <span class='ocr_line' id='line_1_36' title="bbox 180 2730 1064 2785; baseline 0.005 -15"><span class='ocrx_word' id='word_1_192' title='bbox 180 2741 230 2770; x_wconf 89' lang='lat' dir='ltr'>ro</span> <span class='ocrx_word' id='word_1_193' title='bbox 246 2731 332 2770; x_wconf 89' lang='lat' dir='ltr'>hoc</span> <span class='ocrx_word' id='word_1_194' title='bbox 348 2730 616 2784; x_wconf 64' lang='lat' dir='ltr'>(eoeperyisci)</span> <span class='ocrx_word' id='word_1_195' title='bbox 632 2733 931 2785; x_wconf 68' lang='lat' dir='ltr'>hydropicum</span> <span class='ocrx_word' id='word_1_196' title='bbox 953 2733 1064 2774; x_wconf 87' lang='lat' dir='ltr'>mul-</span> 
     </span>
     <span class='ocr_line' id='line_1_37' title="bbox 179 2794 1061 2848; baseline 0.005 -16"><span class='ocrx_word' id='word_1_197' title='bbox 179 2795 274 2834; x_wconf 87' lang='lat' dir='ltr'>tum</span> <span class='ocrx_word' id='word_1_198' title='bbox 311 2794 483 2834; x_wconf 87' lang='lat' dir='ltr'>iuvaret</span> <span class='ocrx_word' id='word_1_199' title='bbox 519 2806 571 2835; x_wconf 91' lang='lat' dir='ltr'>ac</span> <span class='ocrx_word' id='word_1_200' title='bbox 601 2797 802 2843; x_wconf 84' lang='lat' dir='ltr'>sanaret3</span> <span class='ocrx_word' id='word_1_201' title='bbox 851 2796 895 2836; x_wconf 93' lang='lat' dir='ltr'>id</span> <span class='ocrx_word' id='word_1_202' title='bbox 940 2797 1061 2848; x_wconf 90' lang='lat' dir='ltr'>quod</span> 
     </span>
     <span class='ocr_line' id='line_1_38' title="bbox 181 2856 1064 2911; baseline 0.003 -15"><span class='ocrx_word' id='word_1_203' title='bbox 181 2856 555 2899; x_wconf 86' lang='lat' dir='ltr'>absurdissimum</span> <span class='ocrx_word' id='word_1_204' title='bbox 586 2860 666 2899; x_wconf 88' lang='lat' dir='ltr'>est.</span> <span class='ocrx_word' id='word_1_205' title='bbox 719 2861 888 2900; x_wconf 87' lang='lat' dir='ltr'>Novam</span> <span class='ocrx_word' id='word_1_206' title='bbox 910 2861 1064 2911; x_wconf 90' lang='lat' dir='ltr'>imagi-</span> 
     </span>
     <span class='ocr_line' id='line_1_39' title="bbox 180 2918 1062 2974; baseline 0.006 -17"><span class='ocrx_word' id='word_1_207' title='bbox 180 2929 284 2958; x_wconf 86' lang='lat' dir='ltr'>nem</span> <span class='ocrx_word' id='word_1_208' title='bbox 314 2918 454 2959; x_wconf 89' lang='lat' dir='ltr'>habes</span> <span class='ocrx_word' id='word_1_209' title='bbox 485 2921 528 2960; x_wconf 91' lang='lat' dir='ltr'>in</span> <span class='ocrx_word' id='word_1_210' title='bbox 557 2924 733 2971; x_wconf 87' lang='lat' dir='ltr'>nostra,</span> <span class='ocrx_word' id='word_1_211' title='bbox 767 2921 822 2962; x_wconf 90' lang='lat' dir='ltr'>ab</span> <span class='ocrx_word' id='word_1_212' title='bbox 846 2924 1062 2974; x_wconf 88' lang='lat' dir='ltr'>antiquis-</span> 
     </span>
     <span class='ocr_line' id='line_1_40' title="bbox 182 2980 1057 3034; baseline 0.007 -15"><span class='ocrx_word' id='word_1_213' title='bbox 182 2980 304 3020; x_wconf 89' lang='lat' dir='ltr'>simis</span> <span class='ocrx_word' id='word_1_214' title='bbox 326 2980 465 3020; x_wconf 90' lang='lat' dir='ltr'>Codd.</span> <span class='ocrx_word' id='word_1_215' title='bbox 490 2984 595 3023; x_wconf 90' lang='lat' dir='ltr'>satis</span> <span class='ocrx_word' id='word_1_216' title='bbox 617 2986 853 3034; x_wconf 86' lang='lat' dir='ltr'>praeterea</span> <span class='ocrx_word' id='word_1_217' title='bbox 867 2984 1057 3025; x_wconf 85' lang='lat' dir='ltr'>firmata.</span> 
     </span>
     <span class='ocr_line' id='line_1_41' title="bbox 185 3042 1062 3097; baseline 0.009 -18"><span class='ocrx_word' id='word_1_218' title='bbox 185 3065 230 3070; x_wconf 93' lang='lat'>—-</span> <span class='ocrx_word' id='word_1_219' title='bbox 253 3042 516 3095; x_wconf 74' lang='lat' dir='ltr'>hydropicus]</span> <span class='ocrx_word' id='word_1_220' title='bbox 541 3045 820 3097; x_wconf 85' lang='lat' dir='ltr'>exemplum,</span> <span class='ocrx_word' id='word_1_221' title='bbox 855 3058 943 3097; x_wconf 92' lang='lat' dir='ltr'>quo</span> <span class='ocrx_word' id='word_1_222' title='bbox 965 3058 1062 3087; x_wconf 86' lang='lat' dir='ltr'>cre-</span> 
     </span>
     <span class='ocr_line' id='line_1_42' title="bbox 179 3103 1056 3149; baseline 0.008 -6"><span class='ocrx_word' id='word_1_223' title='bbox 179 3103 264 3144; x_wconf 91' lang='lat' dir='ltr'>bro</span> <span class='ocrx_word' id='word_1_224' title='bbox 294 3105 337 3144; x_wconf 94' lang='lat' dir='ltr'>in</span> <span class='ocrx_word' id='word_1_225' title='bbox 367 3104 530 3146; x_wconf 89' lang='lat' dir='ltr'>scholis</span> <span class='ocrx_word' id='word_1_226' title='bbox 559 3107 813 3148; x_wconf 87' lang='lat' dir='ltr'>utebantur.</span> <span class='ocrx_word' id='word_1_227' title='bbox 865 3109 953 3149; x_wconf 83' lang='lat' dir='ltr'>Cfr.</span> <span class='ocrx_word' id='word_1_228' title='bbox 978 3110 1056 3149; x_wconf 91' lang='lat' dir='ltr'>Od.</span> 
     </span>
     <span class='ocr_line' id='line_1_43' title="bbox 180 3167 1056 3217; baseline 0.007 -11"><span class='ocrx_word' id='word_1_229' title='bbox 180 3168 230 3216; x_wconf 73' lang='lat'>2,</span> <span class='ocrx_word' id='word_1_230' title='bbox 264 3168 311 3217; x_wconf 73' lang='lat'>2,</span> <span class='ocrx_word' id='word_1_231' title='bbox 347 3168 412 3208; x_wconf 73' lang='lat'>43.</span> <span class='ocrx_word' id='word_1_232' title='bbox 456 3167 566 3208; x_wconf 88' lang='lat' dir='ltr'>Plut.</span> <span class='ocrx_word' id='word_1_233' title='bbox 602 3169 657 3209; x_wconf 89' lang='lat' dir='ltr'>de</span> <span class='ocrx_word' id='word_1_234' title='bbox 687 3171 763 3210; x_wconf 80' lang='lat' dir='ltr'>vit.</span> <span class='ocrx_word' id='word_1_235' title='bbox 797 3182 887 3211; x_wconf 87' lang='lat' dir='ltr'>aer.</span> <span class='ocrx_word' id='word_1_236' title='bbox 922 3171 976 3212; x_wconf 89' lang='lat' dir='ltr'>al.</span> <span class='ocrx_word' id='word_1_237' title='bbox 1011 3173 1056 3212; x_wconf 87' lang='lat'>8:</span> 
     </span>
     <span class='ocr_line' id='line_1_44' title="bbox 181 3221 1060 3290; baseline 0.006 -21"><span class='ocrx_word' id='word_1_238' title='bbox 181 3221 342 3287; x_wconf 67' lang='grc' dir='ltr'><em>ὥσπερ</em></span> <span class='ocrx_word' id='word_1_239' title='bbox 372 3231 415 3270; x_wconf 78' lang='grc' dir='ltr'>εἰ</span> <span class='ocrx_word' id='word_1_240' title='bbox 446 3228 576 3284; x_wconf 74' lang='grc' dir='ltr'><em>λέγοι</em></span> <span class='ocrx_word' id='word_1_241' title='bbox 615 3227 733 3288; x_wconf 75' lang='grc' dir='ltr'><strong><em>πρὸς</em></strong></span> <span class='ocrx_word' id='word_1_242' title='bbox 773 3230 935 3290; x_wconf 75' lang='grc' dir='ltr'><em>ἰατρὸν</em></span> <span class='ocrx_word' id='word_1_243' title='bbox 975 3229 1060 3290; x_wconf 73' lang='grc' dir='ltr'>ἄῤ-</span> 
     </span>
     <span class='ocr_line' id='line_1_45' title="bbox 181 3285 1056 3350; baseline 0.008 -21"><span class='ocrx_word' id='word_1_244' title='bbox 181 3285 366 3346; x_wconf 75' lang='grc' dir='ltr'><em>ῥωστος</em></span> <span class='ocrx_word' id='word_1_245' title='bbox 413 3287 664 3350; x_wconf 73' lang='grc' dir='ltr'><em>ὑδρωπιῶν</em></span> <span class='ocrx_word' id='word_1_246' title='bbox 711 3294 794 3334; x_wconf 77' lang='grc' dir='ltr'>καὶ</span> <span class='ocrx_word' id='word_1_247' title='bbox 841 3290 1056 3348; x_wconf 71' lang='grc' dir='ltr'><em>ᾠδηκώς.</em></span> 
     </span>
     <span class='ocr_line' id='line_1_46' title="bbox 176 3347 1059 3409; baseline 0.008 -18"><span class='ocrx_word' id='word_1_248' title='bbox 176 3347 360 3405; x_wconf 78' lang='grc' dir='ltr'><em>Ἰσχνὸς</em></span> <span class='ocrx_word' id='word_1_249' title='bbox 399 3347 485 3396; x_wconf 75' lang='grc' dir='ltr'>οὖν</span> <span class='ocrx_word' id='word_1_250' title='bbox 522 3356 734 3409; x_wconf 77' lang='grc' dir='ltr'><em>γένωμαι</em></span> <span class='ocrx_word' id='word_1_251' title='bbox 772 3357 854 3396; x_wconf 76' lang='grc' dir='ltr'>καὶ</span> <span class='ocrx_word' id='word_1_252' title='bbox 892 3356 1059 3408; x_wconf 77' lang='grc' dir='ltr'><em>κενός,·</em></span> 
     </span>
     <span class='ocr_line' id='line_1_47' title="bbox 184 3413 1057 3477; baseline 0.006 -23"><span class='ocrx_word' id='word_1_253' title='bbox 184 3415 240 3455; x_wconf 92' lang='grc' dir='ltr'>Τι’</span> <span class='ocrx_word' id='word_1_254' title='bbox 280 3414 318 3455; x_wconf 71' lang='grc' dir='ltr'>δ’</span> <span class='ocrx_word' id='word_1_255' title='bbox 351 3413 408 3458; x_wconf 81' lang='grc' dir='ltr'>οὐ</span> <span class='ocrx_word' id='word_1_256' title='bbox 441 3417 651 3471; x_wconf 72' lang='grc' dir='ltr'>μέλλεις,</span> <span class='ocrx_word' id='word_1_257' title='bbox 697 3416 775 3458; x_wconf 82' lang='grc' dir='ltr'>ἵνα</span> <span class='ocrx_word' id='word_1_258' title='bbox 818 3414 1057 3477; x_wconf 76' lang='grc' dir='ltr'><em>ὑγιαίνῃς;</em></span> 
     </span>
     <span class='ocr_line' id='line_1_48' title="bbox 186 3478 1059 3532; baseline 0.007 -16"><span class='ocrx_word' id='word_1_259' title='bbox 186 3499 233 3506; x_wconf 90' lang='grc'><strong>-</strong></span> <span class='ocrx_word' id='word_1_260' title='bbox 254 3478 312 3530; x_wconf 73' lang='lat' dir='ltr'>ni]</span> <span class='ocrx_word' id='word_1_261' title='bbox 344 3480 370 3519; x_wconf 91' lang='lat' dir='ltr'>i.</span> <span class='ocrx_word' id='word_1_262' title='bbox 395 3492 439 3532; x_wconf 87' lang='lat' dir='ltr'>q.</span> <span class='ocrx_word' id='word_1_263' title='bbox 460 3493 502 3521; x_wconf 89' lang='lat' dir='ltr'>v.</span> <span class='ocrx_word' id='word_1_264' title='bbox 528 3481 594 3522; x_wconf 84' lang='lat'>35.</span> <span class='ocrx_word' id='word_1_265' title='bbox 626 3481 661 3521; x_wconf 73' lang='lat' dir='ltr'>si</span> <span class='ocrx_word' id='word_1_266' title='bbox 688 3493 786 3521; x_wconf 74' lang='lat' dir='ltr'>non.</span> <span class='ocrx_word' id='word_1_267' title='bbox 839 3482 903 3522; x_wconf 87' lang='lat' dir='ltr'>Cf.</span> <span class='ocrx_word' id='word_1_268' title='bbox 933 3482 1059 3522; x_wconf 88' lang='lat' dir='ltr'>Hand</span> 
     </span>
     <span class='ocr_line' id='line_1_49' title="bbox 184 3539 1058 3597; baseline 0.008 -19"><span class='ocrx_word' id='word_1_269' title='bbox 184 3539 307 3580; x_wconf 88' lang='lat' dir='ltr'>Turs.</span> <span class='ocrx_word' id='word_1_270' title='bbox 331 3542 400 3581; x_wconf 90' lang='lat' dir='ltr'>IV.</span> <span class='ocrx_word' id='word_1_271' title='bbox 419 3553 463 3594; x_wconf 85' lang='lat' dir='ltr'>p.</span> <span class='ocrx_word' id='word_1_272' title='bbox 481 3543 573 3584; x_wconf 69' lang='lat'>⁴88.</span> <span class='ocrx_word' id='word_1_273' title='bbox 593 3567 637 3572; x_wconf 87' lang='lat'>--</span> <span class='ocrx_word' id='word_1_274' title='bbox 654 3548 749 3584; x_wconf 84' lang='lat' dir='ltr'>ante</span> <span class='ocrx_word' id='word_1_275' title='bbox 764 3544 884 3597; x_wconf 79' lang='lat' dir='ltr'>diem]</span> <span class='ocrx_word' id='word_1_276' title='bbox 909 3546 1058 3585; x_wconf 88' lang='lat' dir='ltr'>«Hanc</span> 
     </span>
    </p>
   </div>
   <div class='ocr_carea' id='block_1_13' title="bbox 278 3617 939 3659">
    <p class='ocr_par' dir='ltr' id='par_1_13' title="bbox 278 3617 939 3659">
     <span class='ocr_line' id='line_1_50' title="bbox 278 3617 939 3659; baseline 0.005 -6"><span class='ocrx_word' id='word_1_277' title='bbox 278 3617 430 3655; x_wconf 60' lang='lat' dir='ltr'>Honxr.</span> <span class='ocrx_word' id='word_1_278' title='bbox 458 3628 549 3657; x_wconf 69' lang='lat' dir='ltr'>von</span> <span class='ocrx_word' id='word_1_279' title='bbox 576 3619 619 3656; x_wconf 91' lang='lat' dir='ltr'>II.</span> <span class='ocrx_word' id='word_1_280' title='bbox 672 3630 738 3659; x_wconf 83' lang='lat' dir='ltr'>ED.</span> <span class='ocrx_word' id='word_1_281' title='bbox 766 3630 851 3658; x_wconf 79' lang='lat' dir='ltr'><strong>MAI.</strong></span> <span class='ocrx_word' id='word_1_282' title='bbox 880 3621 939 3657; x_wconf 89' lang='grc' dir='ltr'>ΙΙΙ.</span> 
     </span>
    </p>
   </div>
   <div class='ocr_carea' id='block_1_14' title="bbox 1124 1160 2021 3595">
    <p class='ocr_par' dir='ltr' id='par_1_14' title="bbox 1124 1160 2021 3595">
     <span class='ocr_line' id='line_1_51' title="bbox 1137 1160 2019 1214; baseline -0.001 -12"><span class='ocrx_word' id='word_1_283' title='bbox 1137 1161 1373 1203; x_wconf 83' lang='lat' dir='ltr'>formulam</span> <span class='ocrx_word' id='word_1_284' title='bbox 1404 1173 1484 1214; x_wconf 87' lang='lat' dir='ltr'>pro</span> <span class='ocrx_word' id='word_1_285' title='bbox 1516 1164 1723 1214; x_wconf 85' lang='lat' dir='ltr'>suspecta</span> <span class='ocrx_word' id='word_1_286' title='bbox 1756 1161 1892 1201; x_wconf 87' lang='lat' dir='ltr'>habet</span> <span class='ocrx_word' id='word_1_287' title='bbox 1921 1160 2019 1201; x_wconf 89' lang='lat' dir='ltr'>Nol-</span> 
     </span>
     <span class='ocr_line' id='line_1_52' title="bbox 1136 1224 2018 1276; baseline -0.002 -11"><span class='ocrx_word' id='word_1_288' title='bbox 1136 1226 1282 1265; x_wconf 89' lang='lat' dir='ltr'>tenius</span> <span class='ocrx_word' id='word_1_289' title='bbox 1318 1226 1360 1264; x_wconf 91' lang='lat' dir='ltr'>in</span> <span class='ocrx_word' id='word_1_290' title='bbox 1401 1224 1631 1264; x_wconf 86' lang='lat' dir='ltr'>Antibarb.</span> <span class='ocrx_word' id='word_1_291' title='bbox 1671 1236 1713 1276; x_wconf 88' lang='lat' dir='ltr'>p.</span> <span class='ocrx_word' id='word_1_292' title='bbox 1756 1224 1893 1272; x_wconf 59' lang='lat'>1335„</span> <span class='ocrx_word' id='word_1_293' title='bbox 1937 1224 2018 1265; x_wconf 86' lang='lat' dir='ltr'>sed</span> 
     </span>
     <span class='ocr_line' id='line_1_53' title="bbox 1136 1288 2021 1336; baseline -0.002 -8"><span class='ocrx_word' id='word_1_294' title='bbox 1136 1289 1193 1328; x_wconf 87' lang='lat' dir='ltr'>ita</span> <span class='ocrx_word' id='word_1_295' title='bbox 1226 1289 1356 1328; x_wconf 91' lang='lat' dir='ltr'>etiam</span> <span class='ocrx_word' id='word_1_296' title='bbox 1389 1290 1539 1328; x_wconf 79' lang='lat' dir='ltr'>Iuven.</span> <span class='ocrx_word' id='word_1_297' title='bbox 1565 1288 1610 1336; x_wconf 82' lang='lat'>9,</span> <span class='ocrx_word' id='word_1_298' title='bbox 1647 1288 1661 1326; x_wconf 73' lang='lat'>4</span> <span class='ocrx_word' id='word_1_299' title='bbox 1674 1288 1749 1327; x_wconf 88' lang='lat'>08:</span> <span class='ocrx_word' id='word_1_300' title='bbox 1795 1288 2021 1327; x_wconf 64' lang='lat' dir='ltr'>Proximus</span> 
     </span>
     <span class='ocr_line' id='line_1_54' title="bbox 1136 1349 2015 1402; baseline 0 -12"><span class='ocrx_word' id='word_1_301' title='bbox 1136 1355 1233 1391; x_wconf 80' lang='lat' dir='ltr'>ante</span> <span class='ocrx_word' id='word_1_302' title='bbox 1267 1351 1375 1390; x_wconf 75' lang='lat' dir='ltr'>diem</span> <span class='ocrx_word' id='word_1_303' title='bbox 1404 1362 1538 1401; x_wconf 78' lang='lat' dir='ltr'>caupo</span> <span class='ocrx_word' id='word_1_304' title='bbox 1577 1351 1687 1390; x_wconf 76' lang='lat' dir='ltr'>sciet.</span> <span class='ocrx_word' id='word_1_305' title='bbox 1741 1349 1846 1390; x_wconf 91' lang='lat' dir='ltr'>Pliu.</span> <span class='ocrx_word' id='word_1_306' title='bbox 1878 1351 2015 1402; x_wconf 87' lang='lat' dir='ltr'>Epist.</span> 
     </span>
     <span class='ocr_line' id='line_1_55' title="bbox 1136 1413 2020 1464; baseline -0.001 -10"><span class='ocrx_word' id='word_1_307' title='bbox 1136 1415 1183 1464; x_wconf 89' lang='lat'>9,</span> <span class='ocrx_word' id='word_1_308' title='bbox 1217 1413 1295 1455; x_wconf 82' lang='lat'>40:</span> <span class='ocrx_word' id='word_1_309' title='bbox 1343 1414 1479 1463; x_wconf 70' lang='lat' dir='ltr'>Nihil,</span> <span class='ocrx_word' id='word_1_310' title='bbox 1512 1414 1593 1453; x_wconf 74' lang='lat' dir='ltr'>nisi</span> <span class='ocrx_word' id='word_1_311' title='bbox 1624 1415 1733 1464; x_wconf 76' lang='lat' dir='ltr'>quod</span> <span class='ocrx_word' id='word_1_312' title='bbox 1760 1415 2020 1453; x_wconf 74' lang='lat' dir='ltr'>meridianus</span> 
     </span>
     <span class='ocr_line' id='line_1_56' title="bbox 1135 1477 2019 1526; baseline 0 -10"><span class='ocrx_word' id='word_1_313' title='bbox 1135 1488 1303 1517; x_wconf 77' lang='lat' dir='ltr'>somnus</span> <span class='ocrx_word' id='word_1_314' title='bbox 1331 1477 1553 1526; x_wconf 58' lang='lat' dir='ltr'>emautur,</span> <span class='ocrx_word' id='word_1_315' title='bbox 1588 1477 1843 1526; x_wconf 75' lang='lat' dir='ltr'>multumque</span> <span class='ocrx_word' id='word_1_316' title='bbox 1873 1477 1921 1516; x_wconf 79' lang='lat' dir='ltr'>cle</span> <span class='ocrx_word' id='word_1_317' title='bbox 1941 1488 2019 1516; x_wconf 74' lang='lat' dir='ltr'>no—</span> 
     </span>
     <span class='ocr_line' id='line_1_57' title="bbox 1134 1540 2015 1589; baseline -0.003 -8"><span class='ocrx_word' id='word_1_318' title='bbox 1134 1545 1195 1581; x_wconf 75' lang='lat' dir='ltr'>cte</span> <span class='ocrx_word' id='word_1_319' title='bbox 1233 1541 1297 1580; x_wconf 72' lang='lat' dir='ltr'>vel</span> <span class='ocrx_word' id='word_1_320' title='bbox 1333 1544 1430 1580; x_wconf 71' lang='lat' dir='ltr'>ante</span> <span class='ocrx_word' id='word_1_321' title='bbox 1456 1540 1521 1579; x_wconf 79' lang='lat' dir='ltr'>vel</span> <span class='ocrx_word' id='word_1_322' title='bbox 1553 1543 1647 1589; x_wconf 76' lang='lat' dir='ltr'>post</span> <span class='ocrx_word' id='word_1_323' title='bbox 1687 1540 1794 1579; x_wconf 78' lang='lat' dir='ltr'>diem</span> <span class='ocrx_word' id='word_1_324' title='bbox 1822 1540 2015 1579; x_wconf 70' lang='lat' dir='ltr'>sumitur.</span> 
     </span>
     <span class='ocr_line' id='line_1_58' title="bbox 1139 1602 2013 1652; baseline 0 -11"><span class='ocrx_word' id='word_1_325' title='bbox 1139 1627 1183 1631; x_wconf 92' lang='lat'><em>-</em></span> <span class='ocrx_word' id='word_1_326' title='bbox 1203 1604 1390 1642; x_wconf 77' lang='lat' dir='ltr'>Intendes</span> <span class='ocrx_word' id='word_1_327' title='bbox 1420 1603 1610 1642; x_wconf 77' lang='lat' dir='ltr'>animum</span> <span class='ocrx_word' id='word_1_328' title='bbox 1630 1603 1789 1652; x_wconf 75' lang='lat' dir='ltr'>studiis]</span> <span class='ocrx_word' id='word_1_329' title='bbox 1822 1604 1869 1641; x_wconf 92' lang='lat' dir='ltr'>ut</span> <span class='ocrx_word' id='word_1_330' title='bbox 1891 1602 2013 1642; x_wconf 83' lang='lat' dir='ltr'>Ovid.</span> 
     </span>
     <span class='ocr_line' id='line_1_59' title="bbox 1135 1666 2018 1716; baseline 0.001 -11"><span class='ocrx_word' id='word_1_331' title='bbox 1135 1667 1261 1706; x_wconf 88' lang='lat' dir='ltr'>Trist.</span> <span class='ocrx_word' id='word_1_332' title='bbox 1287 1666 1337 1715; x_wconf 75' lang='lat'>4,</span> <span class='ocrx_word' id='word_1_333' title='bbox 1372 1667 1387 1706; x_wconf 53' lang='lat' dir='ltr'>sl</span> <span class='ocrx_word' id='word_1_334' title='bbox 1413 1699 1420 1716; x_wconf 91' lang='lat'>‚</span> <span class='ocrx_word' id='word_1_335' title='bbox 1455 1666 1501 1707; x_wconf 79' lang='lat'>4:</span> <span class='ocrx_word' id='word_1_336' title='bbox 1547 1677 1662 1706; x_wconf 66' lang='lat' dir='ltr'>rmens</span> <span class='ocrx_word' id='word_1_337' title='bbox 1694 1666 1850 1705; x_wconf 79' lang='lat' dir='ltr'>intenta</span> <span class='ocrx_word' id='word_1_338' title='bbox 1880 1666 2018 1706; x_wconf 74' lang='lat' dir='ltr'>malis.</span> 
     </span>
     <span class='ocr_line' id='line_1_60' title="bbox 1134 1728 2019 1779; baseline -0.003 -8"><span class='ocrx_word' id='word_1_339' title='bbox 1134 1731 1313 1771; x_wconf 80' lang='lat' dir='ltr'>Metam.</span> <span class='ocrx_word' id='word_1_340' title='bbox 1340 1729 1388 1777; x_wconf 90' lang='grc'>6,</span> <span class='ocrx_word' id='word_1_341' title='bbox 1421 1730 1469 1770; x_wconf 80' lang='lat'>5:</span> <span class='ocrx_word' id='word_1_342' title='bbox 1518 1729 1708 1768; x_wconf 77' lang='lat' dir='ltr'>animum</span> <span class='ocrx_word' id='word_1_343' title='bbox 1743 1728 1846 1779; x_wconf 78' lang='lat' dir='ltr'>fatis</span> <span class='ocrx_word' id='word_1_344' title='bbox 1884 1729 2019 1768; x_wconf 73' lang='lat' dir='ltr'>inten-</span> 
     </span>
     <span class='ocr_line' id='line_1_61' title="bbox 1135 1789 2017 1832; baseline -0.001 0"><span class='ocrx_word' id='word_1_345' title='bbox 1135 1794 1208 1832; x_wconf 76' lang='lat' dir='ltr'>dit.</span> <span class='ocrx_word' id='word_1_346' title='bbox 1274 1793 1407 1832; x_wconf 77' lang='lat' dir='ltr'>Poeta</span> <span class='ocrx_word' id='word_1_347' title='bbox 1453 1792 1554 1831; x_wconf 89' lang='lat' dir='ltr'>ante</span> <span class='ocrx_word' id='word_1_348' title='bbox 1604 1789 1757 1831; x_wconf 92' lang='lat' dir='ltr'>oculos</span> <span class='ocrx_word' id='word_1_349' title='bbox 1806 1790 2017 1831; x_wconf 89' lang='lat' dir='ltr'>habuisse</span> 
     </span>
     <span class='ocr_line' id='line_1_62' title="bbox 1132 1853 2017 1911; baseline -0.001 -17"><span class='ocrx_word' id='word_1_350' title='bbox 1132 1854 1309 1895; x_wconf 85' lang='lat' dir='ltr'>videtur</span> <span class='ocrx_word' id='word_1_351' title='bbox 1346 1856 1620 1894; x_wconf 87' lang='lat' dir='ltr'>Graecorum</span> <span class='ocrx_word' id='word_1_352' title='bbox 1660 1854 1917 1911; x_wconf 71' lang='grc' dir='ltr'><em>προσέχειν</em></span> <span class='ocrx_word' id='word_1_353' title='bbox 1947 1853 2017 1894; x_wconf 86' lang='lat' dir='ltr'>vel</span> 
     </span>
     <span class='ocr_line' id='line_1_63' title="bbox 1132 1912 2012 1966; baseline -0.001 -8"><span class='ocrx_word' id='word_1_354' title='bbox 1132 1916 1321 1966; x_wconf 73' lang='grc' dir='ltr'><em>ἐπέχειν</em></span> <span class='ocrx_word' id='word_1_355' title='bbox 1365 1913 1450 1956; x_wconf 80' lang='grc' dir='ltr'>τὸν</span> <span class='ocrx_word' id='word_1_356' title='bbox 1493 1912 1612 1957; x_wconf 81' lang='grc' dir='ltr'><em>νοῦν</em></span> <span class='ocrx_word' id='word_1_357' title='bbox 1655 1918 1800 1957; x_wconf 84' lang='grc' dir='ltr'><em>τινί.»</em></span> <span class='ocrx_word' id='word_1_358' title='bbox 1861 1917 2012 1957; x_wconf 81' lang='lat' dir='ltr'>OBBAR.</span> 
     </span>
     <span class='ocr_line' id='line_1_64' title="bbox 1136 1979 2016 2032; baseline 0.001 -13"><span class='ocrx_word' id='word_1_359' title='bbox 1136 2002 1181 2008; x_wconf 91' lang='lat'>—</span> <span class='ocrx_word' id='word_1_360' title='bbox 1226 1980 1392 2030; x_wconf 75' lang='lat' dir='ltr'>studiis]</span> <span class='ocrx_word' id='word_1_361' title='bbox 1440 1991 1573 2020; x_wconf 82' lang='lat' dir='ltr'>verae</span> <span class='ocrx_word' id='word_1_362' title='bbox 1619 1980 1877 2032; x_wconf 84' lang='lat' dir='ltr'>sapientiae.</span> <span class='ocrx_word' id='word_1_363' title='bbox 1937 1979 2016 2020; x_wconf 92' lang='lat' dir='ltr'>Alii</span> 
     </span>
     <span class='ocr_line' id='line_1_65' title="bbox 1131 2037 2018 2095; baseline 0.001 -13"><span class='ocrx_word' id='word_1_364' title='bbox 1131 2041 1380 2093; x_wconf 81' lang='lat' dir='ltr'>languidius</span> <span class='ocrx_word' id='word_1_365' title='bbox 1410 2054 1493 2094; x_wconf 86' lang='lat' dir='ltr'>per</span> <span class='ocrx_word' id='word_1_366' title='bbox 1522 2037 1572 2083; x_wconf 73' lang='grc' dir='ltr'>ἓν</span> <span class='ocrx_word' id='word_1_367' title='bbox 1601 2039 1679 2083; x_wconf 79' lang='grc' dir='ltr'>διὰ</span> <span class='ocrx_word' id='word_1_368' title='bbox 1709 2040 1845 2083; x_wconf 80' lang='grc' dir='ltr'><em>δυοῖν</em></span> <span class='ocrx_word' id='word_1_369' title='bbox 1877 2054 2018 2095; x_wconf 76' lang='lat' dir='ltr'>expo-</span> 
     </span>
     <span class='ocr_line' id='line_1_66' title="bbox 1132 2105 2015 2147; baseline -0.002 -2"><span class='ocrx_word' id='word_1_370' title='bbox 1132 2107 1242 2145; x_wconf 91' lang='lat' dir='ltr'>nunt</span> <span class='ocrx_word' id='word_1_371' title='bbox 1274 2105 1456 2146; x_wconf 87' lang='lat' dir='ltr'>«studiis</span> <span class='ocrx_word' id='word_1_372' title='bbox 1496 2117 1650 2146; x_wconf 88' lang='lat' dir='ltr'>rerum</span> <span class='ocrx_word' id='word_1_373' title='bbox 1682 2107 2015 2147; x_wconf 85' lang='lat' dir='ltr'>honestarum.»</span> 
     </span>
     <span class='ocr_line' id='line_1_67' title="bbox 1135 2168 2016 2220; baseline 0.002 -14"><span class='ocrx_word' id='word_1_374' title='bbox 1135 2191 1180 2195; x_wconf 91' lang='lat'>—</span> <span class='ocrx_word' id='word_1_375' title='bbox 1198 2168 1312 2220; x_wconf 61' lang='lat' dir='ltr'>vigil]</span> <span class='ocrx_word' id='word_1_376' title='bbox 1336 2170 1605 2219; x_wconf 88' lang='lat' dir='ltr'>Neutiquam</span> <span class='ocrx_word' id='word_1_377' title='bbox 1627 2180 1704 2210; x_wconf 90' lang='lat' dir='ltr'>eos</span> <span class='ocrx_word' id='word_1_378' title='bbox 1726 2180 1908 2220; x_wconf 86' lang='lat' dir='ltr'>sequor,</span> <span class='ocrx_word' id='word_1_379' title='bbox 1942 2170 2016 2220; x_wconf 91' lang='lat' dir='ltr'>qui</span> 
     </span>
     <span class='ocr_line' id='line_1_68' title="bbox 1131 2230 2014 2284; baseline 0.005 -16"><span class='ocrx_word' id='word_1_380' title='bbox 1131 2230 1503 2282; x_wconf 81' lang='lat' dir='ltr'>interpretantur:</span> <span class='ocrx_word' id='word_1_381' title='bbox 1554 2235 1874 2284; x_wconf 81' lang='lat' dir='ltr'>«experrectus</span> <span class='ocrx_word' id='word_1_382' title='bbox 1912 2244 2014 2272; x_wconf 90' lang='lat' dir='ltr'>cum</span> 
     </span>
     <span class='ocr_line' id='line_1_69' title="bbox 1132 2294 2014 2345; baseline 0.003 -13"><span class='ocrx_word' id='word_1_383' title='bbox 1132 2294 1241 2342; x_wconf 86' lang='lat' dir='ltr'>eris,</span> <span class='ocrx_word' id='word_1_384' title='bbox 1289 2294 1430 2334; x_wconf 84' lang='lat' dir='ltr'>totum</span> <span class='ocrx_word' id='word_1_385' title='bbox 1469 2305 1552 2345; x_wconf 88' lang='lat' dir='ltr'>per</span> <span class='ocrx_word' id='word_1_386' title='bbox 1592 2294 1712 2335; x_wconf 89' lang='lat' dir='ltr'>diem</span> <span class='ocrx_word' id='word_1_387' title='bbox 1751 2294 2014 2335; x_wconf 87' lang='lat' dir='ltr'>cruciabere</span> 
     </span>
     <span class='ocr_line' id='line_1_70' title="bbox 1130 2354 2011 2407; baseline 0.003 -13"><span class='ocrx_word' id='word_1_388' title='bbox 1130 2354 1257 2395; x_wconf 88' lang='lat' dir='ltr'>malis</span> <span class='ocrx_word' id='word_1_389' title='bbox 1303 2356 1683 2407; x_wconf 82' lang='lat' dir='ltr'>cogitationibus.»</span> <span class='ocrx_word' id='word_1_390' title='bbox 1743 2359 1877 2397; x_wconf 87' lang='lat' dir='ltr'>Recte</span> <span class='ocrx_word' id='word_1_391' title='bbox 1923 2358 2011 2398; x_wconf 87' lang='lat' dir='ltr'>iam</span> 
     </span>
     <span class='ocr_line' id='line_1_71' title="bbox 1132 2418 2014 2471; baseline 0.003 -15"><span class='ocrx_word' id='word_1_392' title='bbox 1132 2418 1400 2468; x_wconf 81' lang='lat' dir='ltr'>Porphyrio:</span> <span class='ocrx_word' id='word_1_393' title='bbox 1436 2419 1503 2458; x_wconf 89' lang='lat' dir='ltr'>«Si</span> <span class='ocrx_word' id='word_1_394' title='bbox 1534 2430 1622 2459; x_wconf 92' lang='lat' dir='ltr'>non</span> <span class='ocrx_word' id='word_1_395' title='bbox 1651 2422 1838 2471; x_wconf 88' lang='lat' dir='ltr'>propter</span> <span class='ocrx_word' id='word_1_396' title='bbox 1867 2419 2014 2471; x_wconf 88' lang='lat' dir='ltr'>philo-</span> 
     </span>
     <span class='ocr_line' id='line_1_72' title="bbox 1129 2480 2015 2534; baseline 0.002 -14"><span class='ocrx_word' id='word_1_397' title='bbox 1129 2481 1331 2531; x_wconf 90' lang='lat' dir='ltr'>sophiam</span> <span class='ocrx_word' id='word_1_398' title='bbox 1360 2480 1629 2532; x_wconf 65' lang='lat' dir='ltr'>vigilaveris,</span> <span class='ocrx_word' id='word_1_399' title='bbox 1676 2483 1861 2534; x_wconf 85' lang='lat' dir='ltr'>propter</span> <span class='ocrx_word' id='word_1_400' title='bbox 1899 2484 2015 2523; x_wconf 87' lang='lat' dir='ltr'>invi-</span> 
     </span>
     <span class='ocr_line' id='line_1_73' title="bbox 1129 2543 2012 2598; baseline 0.003 -15"><span class='ocrx_word' id='word_1_401' title='bbox 1129 2543 1248 2583; x_wconf 89' lang='lat' dir='ltr'>diam</span> <span class='ocrx_word' id='word_1_402' title='bbox 1279 2545 1324 2584; x_wconf 91' lang='lat' dir='ltr'>et</span> <span class='ocrx_word' id='word_1_403' title='bbox 1353 2555 1555 2585; x_wconf 88' lang='lat' dir='ltr'>amorem</span> <span class='ocrx_word' id='word_1_404' title='bbox 1586 2545 1781 2586; x_wconf 87' lang='lat' dir='ltr'>dormire</span> <span class='ocrx_word' id='word_1_405' title='bbox 1812 2557 1900 2586; x_wconf 91' lang='lat' dir='ltr'>non</span> <span class='ocrx_word' id='word_1_406' title='bbox 1928 2557 2012 2598; x_wconf 92' lang='lat' dir='ltr'>po-</span> 
     </span>
     <span class='ocr_line' id='line_1_74' title="bbox 1128 2608 2009 2660; baseline 0.002 -13"><span class='ocrx_word' id='word_1_407' title='bbox 1128 2608 1278 2648; x_wconf 88' lang='lat' dir='ltr'>teris.»</span> <span class='ocrx_word' id='word_1_408' title='bbox 1328 2609 1405 2648; x_wconf 86' lang='lat' dir='ltr'>Est</span> <span class='ocrx_word' id='word_1_409' title='bbox 1434 2609 1584 2660; x_wconf 84' lang='lat' dir='ltr'>igitur:</span> <span class='ocrx_word' id='word_1_410' title='bbox 1635 2609 1900 2659; x_wconf 88' lang='lat' dir='ltr'>«insomnis,</span> <span class='ocrx_word' id='word_1_411' title='bbox 1949 2610 2009 2650; x_wconf 93' lang='lat' dir='ltr'>uti</span> 
     </span>
     <span class='ocr_line' id='line_1_75' title="bbox 1128 2670 2005 2723; baseline 0.003 -14"><span class='ocrx_word' id='word_1_412' title='bbox 1128 2670 1177 2709; x_wconf 84' lang='lat' dir='ltr'>fit</span> <span class='ocrx_word' id='word_1_413' title='bbox 1214 2670 1258 2710; x_wconf 92' lang='lat' dir='ltr'>in</span> <span class='ocrx_word' id='word_1_414' title='bbox 1289 2672 1424 2711; x_wconf 90' lang='lat' dir='ltr'>animi</span> <span class='ocrx_word' id='word_1_415' title='bbox 1463 2671 1918 2723; x_wconf 82' lang='lat' dir='ltr'>perturbationibus.»</span> <span class='ocrx_word' id='word_1_416' title='bbox 1961 2694 2005 2701; x_wconf 86' lang='lat'><em>-</em></span> 
     </span>
     <span class='ocr_line' id='line_1_76' title="bbox 1127 2733 2011 2786; baseline 0.001 -14"><span class='ocrx_word' id='word_1_417' title='bbox 1127 2733 1308 2783; x_wconf 76' lang='lat' dir='ltr'>oculum]</span> <span class='ocrx_word' id='word_1_418' title='bbox 1339 2735 1585 2774; x_wconf 89' lang='lat' dir='ltr'>Numerum</span> <span class='ocrx_word' id='word_1_419' title='bbox 1615 2736 1725 2786; x_wconf 88' lang='lat' dir='ltr'>sing.</span> <span class='ocrx_word' id='word_1_420' title='bbox 1751 2735 1834 2775; x_wconf 90' lang='lat' dir='ltr'>etsi</span> <span class='ocrx_word' id='word_1_421' title='bbox 1855 2735 2011 2774; x_wconf 80' lang='lat' dir='ltr'>adver-</span> 
     </span>
     <span class='ocr_line' id='line_1_77' title="bbox 1127 2795 2009 2849; baseline 0.003 -15"><span class='ocrx_word' id='word_1_422' title='bbox 1127 2795 1327 2836; x_wconf 90' lang='lat' dir='ltr'>santibus</span> <span class='ocrx_word' id='word_1_423' title='bbox 1361 2797 1473 2837; x_wconf 87' lang='lat' dir='ltr'>meis</span> <span class='ocrx_word' id='word_1_424' title='bbox 1515 2797 1653 2837; x_wconf 89' lang='lat' dir='ltr'>Codd.</span> <span class='ocrx_word' id='word_1_425' title='bbox 1687 2798 1870 2846; x_wconf 86' lang='lat' dir='ltr'>retinui,</span> <span class='ocrx_word' id='word_1_426' title='bbox 1909 2798 2009 2849; x_wconf 90' lang='lat' dir='ltr'>quia</span> 
     </span>
     <span class='ocr_line' id='line_1_78' title="bbox 1126 2857 2011 2911; baseline 0.005 -14"><span class='ocrx_word' id='word_1_427' title='bbox 1126 2857 1318 2907; x_wconf 86' lang='lat' dir='ltr'>festuca,</span> <span class='ocrx_word' id='word_1_428' title='bbox 1352 2858 1562 2910; x_wconf 86' lang='lat' dir='ltr'>pulvere,</span> <span class='ocrx_word' id='word_1_429' title='bbox 1596 2859 1905 2911; x_wconf 88' lang='lat' dir='ltr'>similibusque</span> <span class='ocrx_word' id='word_1_430' title='bbox 1935 2872 2011 2901; x_wconf 88' lang='lat' dir='ltr'>re—</span> 
     </span>
     <span class='ocr_line' id='line_1_79' title="bbox 1125 2919 2009 2974; baseline 0.005 -15"><span class='ocrx_word' id='word_1_431' title='bbox 1125 2919 1210 2960; x_wconf 88' lang='lat' dir='ltr'>bus</span> <span class='ocrx_word' id='word_1_432' title='bbox 1240 2932 1355 2961; x_wconf 87' lang='lat' dir='ltr'>unus</span> <span class='ocrx_word' id='word_1_433' title='bbox 1386 2920 1651 2974; x_wconf 86' lang='lat' dir='ltr'>plerumque</span> <span class='ocrx_word' id='word_1_434' title='bbox 1683 2922 1837 2963; x_wconf 91' lang='lat' dir='ltr'>oculus</span> <span class='ocrx_word' id='word_1_435' title='bbox 1868 2922 2009 2963; x_wconf 88' lang='lat' dir='ltr'>laedi-</span> 
     </span>
     <span class='ocr_line' id='line_1_80' title="bbox 1126 2984 2009 3036; baseline 0.003 -14"><span class='ocrx_word' id='word_1_436' title='bbox 1126 2985 1217 3032; x_wconf 85' lang='lat' dir='ltr'>tur3</span> <span class='ocrx_word' id='word_1_437' title='bbox 1264 2984 1384 3024; x_wconf 87' lang='lat' dir='ltr'>unde</span> <span class='ocrx_word' id='word_1_438' title='bbox 1417 2996 1513 3034; x_wconf 84' lang='lat' dir='ltr'>eos,</span> <span class='ocrx_word' id='word_1_439' title='bbox 1562 2986 1636 3036; x_wconf 93' lang='lat' dir='ltr'>qui</span> <span class='ocrx_word' id='word_1_440' title='bbox 1677 2985 1762 3025; x_wconf 89' lang='lat' dir='ltr'>hoc</span> <span class='ocrx_word' id='word_1_441' title='bbox 1792 2996 1880 3025; x_wconf 92' lang='lat' dir='ltr'>non</span> <span class='ocrx_word' id='word_1_442' title='bbox 1911 2986 2009 3025; x_wconf 86' lang='lat' dir='ltr'>ani-</span> 
     </span>
     <span class='ocr_line' id='line_1_81' title="bbox 1126 3046 2009 3099; baseline 0.003 -14"><span class='ocrx_word' id='word_1_443' title='bbox 1126 3046 1484 3097; x_wconf 86' lang='lat' dir='ltr'>madverterunt,</span> <span class='ocrx_word' id='word_1_444' title='bbox 1517 3059 1639 3087; x_wconf 90' lang='lat' dir='ltr'>num.</span> <span class='ocrx_word' id='word_1_445' title='bbox 1663 3047 1881 3099; x_wconf 89' lang='lat' dir='ltr'>pluralem</span> <span class='ocrx_word' id='word_1_446' title='bbox 1903 3048 2009 3088; x_wconf 90' lang='lat' dir='ltr'>sub-</span> 
     </span>
     <span class='ocr_line' id='line_1_82' title="bbox 1124 3110 2006 3162; baseline 0.002 -14"><span class='ocrx_word' id='word_1_447' title='bbox 1124 3110 1319 3151; x_wconf 90' lang='lat' dir='ltr'>stituisse</span> <span class='ocrx_word' id='word_1_448' title='bbox 1350 3110 1471 3150; x_wconf 91' lang='lat' dir='ltr'>haud</span> <span class='ocrx_word' id='word_1_449' title='bbox 1500 3110 1796 3162; x_wconf 87' lang='lat' dir='ltr'>improbabile</span> <span class='ocrx_word' id='word_1_450' title='bbox 1819 3112 1899 3150; x_wconf 90' lang='lat' dir='ltr'>est.</span> <span class='ocrx_word' id='word_1_451' title='bbox 1943 3112 2006 3151; x_wconf 84' lang='lat' dir='ltr'>Ex</span> 
     </span>
     <span class='ocr_line' id='line_1_83' title="bbox 1125 3170 2004 3224; baseline 0.003 -14"><span class='ocrx_word' id='word_1_452' title='bbox 1125 3170 1261 3211; x_wconf 89' lang='lat' dir='ltr'>altera</span> <span class='ocrx_word' id='word_1_453' title='bbox 1295 3174 1447 3212; x_wconf 88' lang='lat' dir='ltr'>tamen</span> <span class='ocrx_word' id='word_1_454' title='bbox 1481 3175 1632 3224; x_wconf 89' lang='lat' dir='ltr'>parte,</span> <span class='ocrx_word' id='word_1_455' title='bbox 1680 3185 1782 3214; x_wconf 90' lang='lat' dir='ltr'>cum</span> <span class='ocrx_word' id='word_1_456' title='bbox 1823 3173 2004 3213; x_wconf 81' lang='lat' dir='ltr'>videam</span> 
     </span>
     <span class='ocr_line' id='line_1_84' title="bbox 1124 3234 2006 3285; baseline 0.001 -12"><span class='ocrx_word' id='word_1_457' title='bbox 1124 3234 1480 3285; x_wconf 88' lang='lat' dir='ltr'>antiquissimam</span> <span class='ocrx_word' id='word_1_458' title='bbox 1511 3246 1611 3276; x_wconf 88' lang='lat' dir='ltr'>esse</span> <span class='ocrx_word' id='word_1_459' title='bbox 1642 3234 1880 3276; x_wconf 87' lang='lat' dir='ltr'>lectionem</span> <span class='ocrx_word' id='word_1_460' title='bbox 1910 3246 2006 3275; x_wconf 82' lang='lat' dir='ltr'>ocu-</span> 
     </span>
     <span class='ocr_line' id='line_1_85' title="bbox 1124 3296 2001 3348; baseline 0.001 -13"><span class='ocrx_word' id='word_1_461' title='bbox 1124 3297 1203 3345; x_wconf 81' lang='lat' dir='ltr'>los,</span> <span class='ocrx_word' id='word_1_462' title='bbox 1249 3296 1351 3336; x_wconf 65' lang='lat' dir='ltr'>vide</span> <span class='ocrx_word' id='word_1_463' title='bbox 1393 3298 1527 3337; x_wconf 89' lang='lat' dir='ltr'>etiam</span> <span class='ocrx_word' id='word_1_464' title='bbox 1567 3299 1700 3348; x_wconf 90' lang='lat' dir='ltr'>atque</span> <span class='ocrx_word' id='word_1_465' title='bbox 1739 3298 1897 3346; x_wconf 90' lang='lat' dir='ltr'>etiam,</span> <span class='ocrx_word' id='word_1_466' title='bbox 1946 3308 2001 3336; x_wconf 93' lang='lat' dir='ltr'>ne</span> 
     </span>
     <span class='ocr_line' id='line_1_86' title="bbox 1124 3359 2003 3411; baseline 0 -13"><span class='ocrx_word' id='word_1_467' title='bbox 1124 3360 1222 3410; x_wconf 87' lang='lat' dir='ltr'>quis</span> <span class='ocrx_word' id='word_1_468' title='bbox 1249 3360 1498 3399; x_wconf 84' lang='lat' dir='ltr'>accuratius</span> <span class='ocrx_word' id='word_1_469' title='bbox 1519 3359 1602 3400; x_wconf 89' lang='lat' dir='ltr'>sibi</span> <span class='ocrx_word' id='word_1_470' title='bbox 1631 3359 1906 3411; x_wconf 88' lang='lat' dir='ltr'>respondere</span> <span class='ocrx_word' id='word_1_471' title='bbox 1929 3370 2003 3398; x_wconf 86' lang='lat' dir='ltr'>ra-</span> 
     </span>
     <span class='ocr_line' id='line_1_87' title="bbox 1124 3419 2003 3471; baseline 0 -11"><span class='ocrx_word' id='word_1_472' title='bbox 1124 3422 1194 3462; x_wconf 89' lang='lat' dir='ltr'>tus</span> <span class='ocrx_word' id='word_1_473' title='bbox 1224 3422 1409 3471; x_wconf 79' lang='lat' dir='ltr'>oculum,</span> <span class='ocrx_word' id='word_1_474' title='bbox 1442 3422 1630 3461; x_wconf 78' lang='lat' dir='ltr'>animum</span> <span class='ocrx_word' id='word_1_475' title='bbox 1660 3432 1781 3461; x_wconf 90' lang='lat' dir='ltr'>num.</span> <span class='ocrx_word' id='word_1_476' title='bbox 1814 3419 2003 3471; x_wconf 88' lang='lat' dir='ltr'>singula-</span> 
     </span>
     <span class='ocr_line' id='line_1_88' title="bbox 1124 3483 2001 3536; baseline -0.001 -12"><span class='ocrx_word' id='word_1_477' title='bbox 1124 3495 1222 3524; x_wconf 85' lang='lat' dir='ltr'>rem</span> <span class='ocrx_word' id='word_1_478' title='bbox 1251 3483 1526 3536; x_wconf 87' lang='lat' dir='ltr'>praetulerit.</span> <span class='ocrx_word' id='word_1_479' title='bbox 1576 3486 1661 3524; x_wconf 89' lang='lat' dir='ltr'>Res</span> <span class='ocrx_word' id='word_1_480' title='bbox 1690 3484 1842 3534; x_wconf 89' lang='lat' dir='ltr'>utique</span> <span class='ocrx_word' id='word_1_481' title='bbox 1876 3485 2001 3535; x_wconf 85' lang='lat' dir='ltr'>parvi</span> 
     </span>
     <span class='ocr_line' id='line_1_89' title="bbox 1125 3546 2001 3595; baseline 0 -9"><span class='ocrx_word' id='word_1_482' title='bbox 1125 3548 1192 3586; x_wconf 89' lang='lat' dir='ltr'>est</span> <span class='ocrx_word' id='word_1_483' title='bbox 1222 3547 1456 3595; x_wconf 87' lang='lat' dir='ltr'>momenti,</span> <span class='ocrx_word' id='word_1_484' title='bbox 1500 3546 1580 3586; x_wconf 87' lang='lat' dir='ltr'>sed</span> <span class='ocrx_word' id='word_1_485' title='bbox 1617 3548 1767 3586; x_wconf 83' lang='lat' dir='ltr'>tamen</span> <span class='ocrx_word' id='word_1_486' title='bbox 1798 3557 2001 3586; x_wconf 88' lang='lat' dir='ltr'>comme-</span> 
     </span>
    </p>
   </div>
   <div class='ocr_carea' id='block_1_15' title="bbox 1672 3623 1718 3659">
    <p class='ocr_par' dir='ltr' id='par_1_15' title="bbox 1672 3623 1718 3659">
     <span class='ocr_line' id='line_1_90' title="bbox 1672 3623 1718 3659; baseline -0.022 0"><span class='ocrx_word' id='word_1_487' title='bbox 1672 3623 1718 3659; x_wconf 71' lang='lat'>26</span> 
     </span>
    </p>
   </div>
  </div>
 </body>
</html>
