2231 3787
331 278 430 330 652

401 409 608 463 Decisis
648 406 900 461 humilem
938 407 1128 479 pennis
1167 407 1492 476 inopemque
1530 401 1737 473 paterni

929 276 1140 317 HORATll
1174 275 1537 316 EPlSTOLARUM

2076 399 2141 449 :30

401 512 462 565 Et
498 511 624 564 laris
663 518 716 564 et
752 509 898 562 fundi
937 515 1226 580 paupertas
1266 503 1474 576 impulit
1511 502 1711 564 audaX,

400 613 465 669 Ut
501 631 691 667 versus
730 612 988 674 facerem,
1030 609 1154 671 sed,
1197 606 1344 678 quod
1381 623 1488 659 non
1526 604 1689 667 desit,
1733 603 2019 657 habentem

402 717 552 780 Quae
593 721 841 785 poterunt
878 728 1118 781 unquam
1155 708 1283 762 satis
1323 724 1624 778 expurgare
1663 705 1894 767 cicutae,

400 818 460 870 Ni
500 815 690 869 melius
730 814 964 868 dormire
1003 820 1187 884 putem
1226 827 1389 881 quam
1427 807 1667 863 scribere
1703 807 1932 861 versus?

439 959 504 998 53.
552 968 799 1009 empuynare
843 967 896 996 ex
938 966 1026 995 uno
1069 953 1333 994 Bersmanni
1375 951 1740 1003 Cuninghamius,
1790 952 1834 990 et
1881 951 1944 990 sic
1975 949 2003 989 d
2041 961 2092 990 ac

385 1020 597 1060 Schmidii
628 1022 826 1071 quartus.

335 1159 378 1166 —
412 1138 569 1178 Decisis
595 1159 620 1166 -
642 1136 804 1188 pennis]
837 1136 926 1176 Cic.
951 1134 1006 1174 ad
1036 1135 1122 1175 Att.
1152 1133 1201 1181 4,

330 1202 377 1249 ⁰2,
410 1202 456 1240 5:
507 1200 630 1239 iidem
671 1199 754 1248 itti,
801 1199 873 1248 qui
913 1197 1014 1237 mihi
1054 1197 1207 1247 pinnas

330 1263 582 1310 inciderant,
631 1261 775 1300 nolunt
818 1260 982 1300 easdem
1024 1259 1203 1299 renasci.

330 1326 472 1364 Etiam
501 1324 544 1363 h.
568 1322 595 1363 l.
622 1323 760 1364 Codd.
785 1321 951 1374 aliquot
980 1323 1091 1361 Feae
1106 1322 1208 1371 pin-

330 1388 407 1427 nis.
442 1409 490 1414 —
521 1387 575 1425 Et
604 1386 707 1425 laris
736 1389 773 1425 et
802 1384 936 1436 fundi]
969 1385 1080 1424 Cum
1106 1385 1208 1435 post

331 1449 555 1488 Octaviani
586 1449 629 1487 et
661 1448 836 1487 Antonii
866 1447 1096 1486 victoriam
1125 1447 1208 1486 ho-

330 1521 431 1550 rum
460 1511 684 1550 veteranis
715 1511 806 1561 agri
851 1510 1204 1560 assignarentur,

330 1574 425 1624 ipse
457 1584 635 1624 quoque
672 1576 910 1624 paternum
947 1571 1135 1612 fundum
1166 1573 1209 1612 et

332 1634 516 1674 domum
547 1635 717 1684 amisit,
749 1637 797 1674 ut
828 1647 881 1674 ex
901 1636 1027 1686 parte
1049 1633 1208 1674 saltem

331 1697 464 1737 etiam
494 1695 695 1747 Virgilius
726 1699 770 1737 et
799 1696 1008 1737 Tibullus.
1036 1718 1080 1725 -
1100 1709 1210 1747 pau-

325 1763 469 1810 pertas
515 1758 692 1810 impulit]
742 1760 912 1798 ironica
961 1758 1207 1810 hyperbola

330 1832 438 1861 usus
469 1822 574 1861 dicit
608 1833 657 1862 se
695 1822 851 1872 primis
882 1822 972 1861 suis
1002 1821 1207 1861 versibus

333 1883 491 1933 (satiris
522 1885 566 1923 et
605 1882 775 1934 epodis)
809 1883 977 1923 civibus
1009 1884 1100 1923 suis
1138 1885 1208 1923 in-

331 1948 565 1985 notescere
597 1944 894 1995 omnibusque
926 1945 1209 1985 demonstra—

331 2018 379 2047 re
420 2007 635 2057 voluisse,
678 2008 820 2047 maius
861 2007 945 2047 sibi
984 2009 1208 2058 ingenium

333 2080 457 2118 esse,
492 2081 626 2121 quam
655 2072 705 2109 ut
733 2070 776 2109 in
806 2070 973 2121 scriptu
1005 2072 1211 2121 quaesto-

331 2132 417 2180 rio,
452 2143 588 2182 quem
617 2131 700 2172 sibi
721 2134 1021 2182 compararat,
1057 2143 1210 2172 conse-

332 2196 551 2233 nesceret.
603 2193 759 2234 Procul
790 2193 925 2233 dubio
947 2196 1096 2233 autem
1116 2195 1210 2245 pri-

332 2257 416 2296 mis
447 2255 526 2296 illis
560 2258 777 2308 poematis
807 2256 969 2307 Virgilii
999 2257 1206 2307 Variique

333 2318 672 2359 familiaritatem
704 2319 789 2359 sibi
819 2318 1090 2369 conciliavit,
1134 2320 1208 2371 qui

331 2392 436 2421 eum
454 2383 696 2422 Maecenati
714 2382 1087 2422 commendarunt
1106 2384 1204 2433 [Sat.

334 2445 349 2482 4
371 2475 378 2492 ,
404 2444 451 2492 6,
476 2444 576 2494 55.),
611 2445 735 2484 cuius
757 2443 1017 2484 liberalitate
1041 2456 1093 2484 ac
1113 2455 1209 2484 mu-

331 2506 554 2546 nificentia
584 2507 722 2557 ipsius
744 2507 943 2547 condicio
974 2506 1130 2547 melior
1150 2508 1209 2547 fa-

333 2571 402 2608 cta
433 2571 513 2608 est.
565 2570 741 2609 Minime
763 2581 893 2619 vero,
926 2572 975 2609 ut
994 2569 1121 2620 volgo
1143 2571 1204 2618 fit,

332 2631 665 2682 intelligendum
711 2634 777 2673 est
825 2632 880 2672 de
925 2633 1136 2673 mercede
1182 2645 1204 2673 a

332 2695 483 2734 nescio
515 2705 602 2745 quo
633 2706 713 2747 pro
743 2695 898 2747 primis
928 2694 1008 2736 illis
1045 2697 1208 2736 carmi-

331 2757 462 2798 nibus
493 2761 637 2809 capta.

386 2820 532 2859 52-57.
581 2821 690 2869 quod
716 2832 799 2860 non
830 2821 945 2870 desit,
978 2820 1204 2872 habentem]

334 2883 600 2933 «Postquam
630 2882 801 2931 habeo,
845 2883 964 2934 quod
995 2884 1103 2923 mihi
1133 2895 1207 2924 sa-

333 2943 387 2983 tis
418 2944 473 2983 sit
502 2943 711 2995 quodque
735 2945 894 2985 deesse
926 2957 1014 2986 non
1045 2946 1208 2986 debeat

333 3005 390 3045 ad
410 3007 544 3045 vitam
566 3007 800 3046 commode
822 3008 1092 3059 degendam,
1116 3010 1206 3048 tam

333 3070 514 3108 insanus
546 3079 714 3117 essem,
756 3070 790 3109 si
821 3070 1018 3110 scribere
1052 3080 1206 3109 versus

333 3129 513 3170 mallem
543 3141 677 3180 quam
708 3132 749 3169 in
771 3132 888 3171 diem
911 3132 1127 3179 dormire,
1161 3134 1209 3171 ut

335 3193 617 3244 quantumvis
648 3193 816 3232 cicutae
848 3204 1075 3244 nunquam
1102 3204 1207 3244 pos-

333 3257 402 3295 set
432 3255 536 3294 satis
567 3266 637 3294 me
660 3266 920 3306 coepuryarc,
954 3258 1124 3296 aestum
1149 3256 1209 3295 se-

333 3316 491 3356 hrilem
533 3317 841 3368 refrigerarem
895 3329 995 3357 nam
1027 3321 1206 3358 auctore

336 3378 464 3419 Celso
494 3381 540 3428 5,
575 3382 639 3420 ⁴5.
675 3391 777 3420 cum
807 3379 899 3420 aliis
931 3379 1076 3420 multis
1114 3381 1207 3430 (ve-

334 3441 397 3480 lut
426 3453 528 3481 aere
570 3442 825 3490 comliustO,
874 3445 1104 3494 papaveris
1142 3442 1206 3482 la-

337 3504 493 3553 crima,
528 3506 717 3554 sesamo)
750 3505 877 3545 mollit
900 3506 1031 3545 etiam
1051 3507 1209 3546 cicutae
1238 3530 1240 3535 =

1266 1143 1414 1172 semen.
1447 1129 1551 1171 Plin.
1567 1132 1617 1171 H.
1630 1132 1679 1172 N.
1692 1131 1760 1181 ⁶25,
1780 1130 1845 1181 43,
1865 1130 1936 1170 95:
1982 1132 2148 1173 Cicutae

1269 1195 1413 1235 semini
1432 1198 1470 1234 et
1486 1195 1597 1246 foliis
1615 1194 1937 1246 refrigeratoria
1963 1195 2038 1234 vis.
2072 1216 2095 1223 —
2123 1218 2148 1224 -

1269 1257 1335 1297 Fit
1363 1268 1417 1297 ea:
1447 1268 1491 1296 eo
1528 1258 1584 1296 acl
1619 1257 1957 1309 refrigerandum
1990 1262 2148 1298 stoma-

1271 1320 1391 1359 chum
1419 1320 1649 1370 malaqma.
1672 1342 1696 1348 -
1715 1342 1739 1349 -
1758 1319 1877 1359 Folia
1906 1332 2066 1370 quoque
2086 1324 2149 1360 tu-

1270 1393 1428 1421 morem
1459 1393 1618 1421 omnem
1648 1381 1909 1432 doloremque
1928 1386 1966 1422 et
1985 1383 2149 1433 epipho-

1270 1455 1344 1483 ras
1371 1445 1528 1484 sedant.
1579 1444 1755 1484 Persius
1786 1445 1832 1493 5,
1866 1444 1966 1485 444:
2013 1445 2149 1486 calido

1271 1506 1343 1546 sub
1374 1511 1541 1556 pectore
1570 1507 1760 1546 mascula
1799 1507 1889 1546 bitis
1924 1509 2144 1558 Intumuit,

1273 1581 1399 1619 quam
1427 1581 1510 1609 non
1539 1569 1788 1609 exstinxerit
1815 1581 1927 1609 urna
1960 1571 2144 1621 cicutae,

1273 1632 1329 1671 ad
1360 1642 1495 1682 quem
1526 1630 1674 1671 locum
1705 1630 1964 1672 Scholiasta:
2005 1633 2149 1674 Cicuta

1270 1695 1455 1734 calorem
1483 1695 1527 1734 in
1554 1694 1670 1734 nobis
1695 1695 1869 1746 frigoris
1896 1696 1962 1735 sui
1987 1696 2030 1735 vi
2068 1707 2147 1736 ex-

1271 1758 1465 1809 stinguit,
1511 1757 1684 1806 ideoque
1723 1759 1955 1798 sacerdotes
1991 1759 2151 1799 Cereris

1271 1820 1508 1861 Eleusiniae
1535 1820 1610 1859 hoc
1638 1820 1812 1869 liquoris
1829 1832 1977 1872 genere
1993 1833 2151 1873 unque-

1273 1883 1450 1931 bantur,
1496 1886 1600 1921 uta
1628 1882 1845 1922 concubitu
1886 1894 1926 1922 se
1969 1884 2150 1924 abstine-

1273 1949 1376 1984 rent.
1428 1947 1615 1984 Prorsus
1653 1946 1804 1984 autem
1839 1956 2052 1996 perversa
2083 1948 2150 1987 est

1272 2007 1464 2046 varietas
1494 2017 1760 2058 eoepuqnare,
1808 2017 1861 2046 ex
1905 2019 2030 2048 mero
2076 2020 2149 2049 er-

1272 2081 1373 2109 rore
1397 2071 1507 2108 orta.
1560 2069 1624 2109 Cf.
1649 2070 1736 2108 Sat.
1760 2069 1806 2116 2,
1831 2069 1876 2118 3,
1909 2070 1985 2109 27:
2015 2072 2150 2111 miror

1271 2132 1406 2171 morbi
1428 2135 1662 2182 purgatum
1691 2136 1727 2171 te
1755 2131 1877 2171 illius.
1914 2155 1958 2160 —
1991 2133 2149 2185 Singu-

1272 2195 1316 2234 la
1336 2195 1437 2244 cet.]
1463 2196 1673 2245 «Insuper
1698 2194 2010 2246 progrediente
2033 2207 2150 2237 sem-

1272 2269 1353 2309 per
1374 2259 1517 2297 aetate
1548 2256 1794 2307 languidior
1814 2268 1992 2309 quoque
2013 2258 2071 2299 fio
2092 2259 2148 2300 ad

1272 2321 1434 2371 scripta
1473 2318 1787 2360 elaboranda.»
1836 2321 1955 2360 Inest
1998 2321 2041 2360 in
2079 2322 2147 2363 his

1271 2384 1490 2424 maestitia
1507 2383 1728 2434 quaedam
1744 2384 1855 2423 mire
1871 2385 2020 2424 tamen
2040 2385 2150 2426 mix-

1271 2448 1314 2485 ta
1345 2457 1449 2486 cum
1486 2446 1637 2486 nescio
1676 2456 1763 2497 qua
1804 2447 1965 2494 ironia;
2012 2449 2145 2499 atque

1272 2507 1380 2548 tales
1412 2519 1514 2549 cum
1537 2509 1779 2548 etiamtunc
1801 2508 2007 2560 epistolas
2029 2520 2149 2550 com-

1270 2572 1480 2623 poneret,
1514 2570 1569 2610 de
1599 2569 1748 2621 lyricis
1779 2571 2050 2612 carminibus
2071 2583 2148 2624 po-

1270 2634 1490 2673 tissimum
1530 2633 1747 2684 cogitavit.
1786 2656 1824 2662 —
1866 2635 2144 2687 praedantur]

1271 2695 1565 2748 Pseudoplato
1596 2697 1796 2747 Epinom.
1817 2696 1910 2736 976.
1934 2700 1990 2737 A:
2016 2692 2146 2737 ὅσων

1271 2749 1392 2816 ὧραι
1412 2781 1435 2788 -
1454 2784 1479 2790 -
1499 2757 1738 2811 ληϊζονται
1766 2754 1855 2810 τὴν
1883 2755 1977 2797 τῶν
2015 2757 2146 2810 ζώων

1270 2818 1435 2871 φύσιν.
1479 2844 1524 2849 —
1567 2819 1717 2871 euntes]
1763 2819 1842 2860 Od.
1879 2821 1929 2868 2,
1978 2820 2050 2871 44,
2095 2824 2142 2863 5:

1272 2886 1470 2934 quotquot
1506 2886 1601 2922 eunt
1638 2882 1735 2922 dies.
1788 2882 1867 2921 Od.
1906 2881 1953 2931 4,
2001 2884 2048 2933 5,
2096 2885 2141 2924 7:

1269 2945 1435 2996 gratior
1462 2944 1495 2983 it
1523 2944 1620 2984 dies.
1668 2943 1793 2984 ovid.
1825 2945 1874 2984 A.
1905 2947 1956 2984 A.
1987 2945 2033 2995 3,
2066 2946 2138 2986 62:

1270 3008 1444 3047 Ludite:
1493 3010 1626 3046 eunt
1674 3007 1776 3046 anni
1822 3017 1937 3046 more
1982 3009 2146 3060 fluentis

1270 3081 1419 3120 aquae.
1454 3069 1530 3121 (tos
1559 3066 1665 3109 aiios
1682 3070 1909 3110 voladores.
1942 3071 2142 3121 Burgos.)

1276 3157 1318 3161 —
1358 3134 1617 3183 extorquere]
1658 3133 1817 3172 «invito
1856 3133 2010 3181 mihi‚»
2056 3143 2144 3184 quo

1270 3195 1410 3235 verbo
1440 3194 1656 3245 significat
1682 3206 1729 3235 se
1760 3193 1898 3234 multo
1920 3196 2059 3245 magis
2078 3206 2146 3235 re—

1271 3259 1410 3297 tinere
1443 3268 1606 3308 cupere
1645 3255 1897 3295 facultatem
1927 3256 2145 3307 poeticam

1272 3331 1406 3370 quam
1450 3323 1586 3358 cetera
1630 3319 1792 3358 ludicra
1831 3318 1959 3369 (Epp.
2000 3318 2046 3366 ⁴,
2096 3319 2141 3366 4,

1272 3382 1353 3431 40.)
1377 3381 1509 3431 idque
1532 3381 1676 3431 ipsum
1697 3380 1912 3430 significat
1931 3380 2038 3419 scita
2060 3380 2145 3421 hac

1272 3443 1550 3494 gradatione:
1591 3443 1820 3492 praeclari,
1853 3441 2032 3492 eripere,
2065 3453 2144 3482 ex-

1271 3510 1481 3555 torquere,
1515 3505 1752 3555 enlfiihren,
1785 3505 2025 3554 enti-cissen,
2057 3507 2143 3544 ent-
