2231 3787
884 198 985 237 ARS
1020 197 1264 238 POETICA.

1900 196 2001 249 7113

225 327 445 381 Romani
487 327 671 381 tollent
711 328 923 400 equites
964 327 1289 400 peditesque
1331 331 1667 385 cachinnum.

224 431 471 484 intererit
511 430 734 483 multum
775 431 1004 485 divusne
1045 431 1298 504 loquatur
1338 451 1404 486 an
1444 434 1630 498 heros,

222 534 534 586 Maturusne
573 551 742 587 senex
780 552 848 587 an
888 534 1067 589 adhuc
1105 533 1334 590 florente
1376 537 1595 591 iuventa
1898 540 1999 593 415

220 634 510 699 FerviduS‚
554 644 606 690 et
645 644 891 690 matrona
930 646 1123 709 potens
1164 656 1230 692 an
1272 639 1464 694 sedula
1500 640 1702 705 nutrix,

219 740 557 793 Mercatorne
597 756 770 810 vagus
809 738 1053 795 cultorne
1092 741 1315 797 virentis
1355 742 1539 815 agelli,

204 875 445 916 Lambinus
467 875 741 917 coniectura.
770 897 816 904 —
850 876 945 916 416.
978 876 1030 928 et]
1062 888 1119 916 αη
1150 879 1347 930 quinque
1379 879 1516 930 Regii,
1551 879 1639 920 duo
1673 880 1942 933 Hochederi,

205 940 305 986 LCt,
329 943 367 979 ec
388 951 444 978 an
468 952 512 979 κ.
549 939 613 990 (Ut
634 949 730 988 nos,
765 938 920 987 nostri,
956 939 1090 979 etiam
1120 940 1167 990 E,
1202 940 1447 982 Bentleiani
1478 954 1637 984 omnes
1669 947 1850 997 praeter
1879 947 1941 998 κ.)

207 1025 250 1030 -
278 1001 453 1054 potens]
501 1013 658 1053 parens
696 1013 747 1041 ex
792 1012 880 1041 uno
922 1001 1088 1042 Codice
1129 1003 1229 1044 Fea.
1267 1027 1312 1032 —
1347 1005 1443 1046 447.
1474 1007 1651 1059 ‹vigyentc's
1681 1018 1729 1057 c,
1765 1011 1942 1061 septem

204 1066 323 1117 Regii
355 1064 542 1117 aliique,
578 1066 620 1105 F.

147 1195 333 1236 nisestae
365 1193 696 1246 interpolationi
719 1193 959 1244 debentur,
993 1196 1042 1235 ut

145 1260 345 1300 Davusne
387 1259 589 1308 loquatur
631 1259 792 1298 Erosne
834 1257 1037 1309 (Lama),

146 1324 344 1363 Davusne
373 1323 574 1372 loquatur
602 1321 780 1362 het-usne
801 1321 1036 1373 (Lentim),

145 1386 308 1426 divesne
338 1386 540 1434 loquatur
568 1396 625 1424 an
650 1385 745 1425 Irus
776 1384 1037 1435 (Erasmus),

145 1449 255 1488 ratio
276 1448 434 1488 haberi
457 1448 626 1500 nequit.
665 1449 857 1488 Externa
878 1448 1042 1488 utrius-

145 1523 232 1564 que
254 1510 456 1552 lectionis
478 1512 720 1552 auctoritas
742 1511 836 1552 fere
854 1522 937 1563 par
954 1512 1036 1550 est.

145 1575 486 1615 Commentator
532 1575 667 1626 Cruq.
723 1573 828 1626 legit
871 1574 1040 1614 divesne

144 1639 236 1679 sive
269 1639 469 1688 divusne,
502 1638 752 1690 Porphyrio
785 1636 1040 1677 Hochederi

144 1702 186 1741 in
230 1700 444 1742 lemmate
490 1701 674 1754 quidem
717 1701 909 1752 div-usne,
956 1700 1038 1741 sed

146 1764 346 1806 scholion
379 1765 526 1818 ipsum
559 1765 865 1815 demonstrat,
921 1763 1034 1804 Edit.

141 1829 391 1881 principem
423 1828 641 1869 Venetam
671 1828 794 1870 4481.
819 1829 942 1868 recte
966 1839 1041 1867 ex-

144 1890 299 1932 hibere
330 1893 556 1941 Davusne3
599 1903 703 1932 nam
745 1892 897 1932 nescio
930 1890 1037 1943 quid

142 1956 279 2008 garrit
302 1955 358 1996 de
381 1955 651 1996 Menandro:
683 1954 839 2008 «Apud
859 1956 1041 1996 Menan-

143 2019 275 2059 drum
314 2018 540 2059 inducitur
583 2030 766 2070 servus,
814 2018 1040 2058 inducitur

142 2082 256 2123 liber
286 2081 476 2133 loquens
508 2084 552 2122 et
581 2083 668 2123 hoc
699 2081 769 2123 ille
803 2081 1040 2134 indulgen-

144 2149 213 2186 ter
237 2148 281 2186 et
303 2144 580 2195 inconsulto,
616 2148 661 2185 ut
684 2146 832 2186 omnia
855 2145 1038 2185 domino

143 2207 406 2261 simpliciter
423 2209 628 2249 fateatur.
662 2211 818 2261 ltaque
837 2220 927 2261 quo
946 2219 1040 2249 mo-

143 2272 200 2312 do
246 2272 589 2324 (quodammodo)
637 2272 760 2313 illum
806 2274 1038 2314 excusat.»

144 2336 364 2389 Equidem
403 2338 589 2389 propter
629 2337 710 2377 has
754 2337 1039 2389 potissimum

144 2401 340 2440 rationes
370 2401 541 2440 dirusne
570 2399 781 2452 praetuli,
822 2401 925 2453 quia
957 2411 1040 2452 per

144 2465 286 2504 totum
308 2463 352 2503 h.
378 2462 404 2504 l.
430 2464 485 2504 de
509 2464 735 2515 tragoedia
758 2465 869 2516 agit,
903 2476 927 2504 a
950 2475 1039 2516 qua

144 2527 299 2567 transit
330 2527 387 2566 ad
418 2527 601 2578 Satyros
623 2539 664 2567 V.
691 2528 813 2575 “2204
847 2528 954 2568 satis
977 2529 1040 2567 in-

144 2591 468 2630 convenienter
499 2591 630 2642 igitur
659 2591 730 2631 hic
763 2591 1040 2632 immiscere-

145 2657 215 2694 tur
244 2664 439 2706 persona
473 2655 672 2704 comica,
720 2665 825 2694 cum
857 2658 1037 2695 ceterae

144 2729 303 2758 omnes
348 2717 429 2758 rite
476 2717 532 2757 ad
571 2718 850 2770 tragoediam
881 2717 1040 2758 referri

143 2780 329 2833 possint.
391 2781 462 2821 Sic
509 2783 631 2822 recte
678 2782 765 2822 iam
806 2783 936 2823 Iason
980 2781 1037 2823 de

143 2846 303 2885 Nores:
340 2846 514 2885 «Davus
544 2846 745 2885 comicus
774 2844 945 2886 alienus
968 2847 1039 2887 est

144 2909 259 2949 inter
303 2908 499 2960 reliquas
541 2911 732 2962 tragicas
771 2921 1036 2962 personas.»

143 2976 206 3013 Ac
234 2972 438 3025 profecto
469 2984 655 3025 prorsus
688 2973 883 3014 absurda
916 2973 1039 3014 vide-

144 3040 215 3077 tur
244 3032 492 3087 ἀντίθεσις
513 3036 679 3076 sei-ruli
703 3038 863 3077 comici
887 3039 932 3077 et
952 3040 1040 3076 tra-

142 3100 225 3152 gici
271 3100 437 3140 herois.
495 3100 698 3151 Denique
745 3099 1037 3141 intolerabilis

145 3164 250 3204 mihi
288 3162 445 3204 saltem
489 3162 668 3203 videtur
699 3162 903 3203 eiusdem
938 3175 1040 3204 ser-

938 3227 1019 3255 οη*

142 3227 229 3268 vuli
261 3227 370 3268 Davi
401 3227 609 3279 repetitio
643 3239 681 3267 v.
711 3226 807 3266 937.
862 3228 911 3267 V
942 3238 1034 3267 τω.

143 3293 295 3332 autem
341 3303 429 3332 non
475 3293 788 3344 opponuntur,
838 3290 944 3340 sed,
993 3293 1040 3331 ut

144 3362 268 3403 locus
291 3356 385 3407 ipse
405 3354 682 3407 requirebat,
702 3357 1039 3406 componuntur

139 3420 242 3461 'deus
272 3422 315 3460 et
345 3420 478 3460 heros.
540 3419 590 3459 Et
623 3419 697 3472 qui
731 3420 881 3460 favent
910 3417 1038 3462 alteri

144 3482 343 3534 lectioni,
378 3483 606 3536 quomodo
639 3494 724 3524 non
749 3483 956 3526 viderunt
987 3496 1034 3527 re

1104 1206 1210 1235 vera
1243 1194 1425 1237 differre
1452 1197 1567 1237 inter
1588 1208 1635 1238 se
1659 1209 1895 1240 sermones
1918 1199 2000 1241 de-

1104 1268 1234 1299 orum
1257 1260 1301 1299 et
1321 1259 1515 1301 heroum
1539 1261 1578 1300 in
1603 1262 1844 1313 tragoediis
1867 1265 2001 1304 Grae-

1104 1321 1204 1362 cis?
1241 1322 1413 1375 Quippe
1446 1322 1502 1363 illi
1538 1324 1707 1376 (Apollo
1738 1328 1782 1366 et
1801 1327 2000 1367 Minerva

1103 1386 1147 1426 in
1178 1385 1526 1438 Eumenidibus‚
1561 1388 1757 1429 Minerva
1779 1390 1822 1430 in
1844 1391 1996 1440 Aiace,

1102 1449 1241 1488 Diana
1264 1449 1307 1488 in
1330 1448 1597 1502 Hippolyt0‚
1631 1453 1786 1506 ceteri)
1818 1464 1927 1506 prae
1950 1464 1999 1493 se

1103 1510 1250 1552 ferunt
1282 1513 1434 1554 nescio
1468 1513 1576 1565 quid
1611 1513 1883 1556 sublimioris
1912 1516 2000 1568 spi-

1102 1575 1243 1625 ritus,
1297 1574 1397 1628 plus
1445 1587 1583 1628 quam
1631 1578 1840 1629 humani,
1891 1590 1998 1619 vere

1103 1637 1336 1689 caelestis⁷
1371 1639 1537 1692 quippe
1570 1641 1644 1692 qui
1673 1652 1850 1682 summa
1873 1644 1999 1683 tran-

1102 1700 1316 1753 quillitate
1349 1704 1485 1753 atque
1511 1706 1693 1744 aeterna
1717 1704 1996 1747 beatitudine

1102 1765 1414 1818 perfruantur,
1449 1765 1558 1807 dum
1588 1766 1657 1807 vel
1689 1770 1896 1809 aestuant
1927 1768 1997 1809 vel

1104 1828 1361 1869 mortalium
1429 1830 1715 1882 aegrimoniis
1776 1831 1997 1884 malisque

1104 1893 1419 1934 conflictantur
1432 1893 1610 1934 heroes.
1625 1893 1860 1946 (Plutarch.
1869 1897 2000 1937 Com-

1102 1967 1200 2008 par.
1226 1957 1454 2009 Aristoph.
1481 1958 1523 1997 et
1545 1958 1775 1998 Menandri
1798 1959 1837 2009 4,
1858 1960 1898 1999 6
1921 1959 1993 2000 ed.

1103 2019 1303 2060 Francos.
1343 2031 1386 2072 p.
1424 2019 1522 2060 853.
1560 2021 1640 2060 D.:
1692 2015 1855 2080 ὥσπερ
1897 2018 1996 2062 ἀπὸ

1102 2079 1285 2140 κληοου
1317 2094 1468 2123 ατονε
1465 2083 1532 2136 'uc
1520 2095 1554 2123 ι
1585 2088 1687 2135 τοῖς
1718 2083 1999 2142 ποοσώῖτοις

1102 2141 1162 2184 τὰ
1207 2143 1554 2217 προστυχόντα
1596 2145 1692 2187 τῶν
1736 2144 1998 2202 ὀνομάτων

1101 2209 1185 2249 και
1216 2204 1307 2250 οὐκ
1339 2205 1399 2249 ἄν
1437 2207 1546 2250 acam
1519 2212 1710 2265 γνοίης,
1758 2210 1852 2253 εἴτε
1893 2210 1998 2265 υἱός

1102 2272 1234 2314 ἐστιν
1256 2272 1349 2314 εἴτε
1369 2270 1570 2332 πατὴρ
1552 2272 1632 2314 εἴτ’
1653 2269 1887 2335 dyooczog
1904 2275 1998 2317 εἴτε

1102 2333 1248 2388 θεὸς
1293 2334 1385 2378 εἴτε
1443 2335 1594 2397 γραῦς
1638 2336 1731 2380 εἴτε
1775 2333 1924 2398 ἥρως
1969 2336 1997 2381 ὁ

1102 2399 1361 2457 ὄιαλεγόιιο
1348 2403 1486 2456 Ἴος.)

1161 2466 1177 2505 4
1191 2466 1287 2506 45-4
1300 2466 1315 2505 4
1327 2466 1366 2506 8.
1399 2467 1649 2508 Maturusne
1663 2467 1805 2521 senem]
1822 2468 1919 2508 Vid.
1939 2469 1997 2509 ad

1105 2528 1185 2570 Od.
1210 2528 1251 2578 4,
1275 2529 1315 2577 4,
1340 2530 1408 2570 55.
1443 2531 1562 2583 Virg.
1586 2534 1696 2572 Aen.
1720 2532 1759 2581 9,
1783 2531 1886 2573 246:
1920 2544 1998 2572 αη-

1103 2594 1167 2632 nis
1195 2593 1343 2646 gyrat-is
1372 2598 1498 2644 aeque
1527 2594 1661 2634 animi
1691 2600 1883 2635 maturus
1899 2596 1997 2636 Ale-

1103 2661 1174 2697 tes.
1203 2679 1248 2684 -
1273 2657 1443 2697 iuventa
1464 2658 1680 2711 Fert-idus]
1713 2660 1783 2700 stc
1806 2654 1997 2713 ἡλικίας

1102 2716 1309 2772 ζεούσης
1338 2719 1494 2760 Achill.
1529 2722 1623 2762 Tat.
1655 2733 1700 2774 p.
1724 2722 1791 2763 90.
1818 2724 1992 2765 Iacobs.

1109 2807 1152 2812 -—
1185 2788 1388 2824 matrona
1412 2784 1574 2837 potens]
1610 2796 1751 2837 «quae
1783 2786 1998 2828 domesti-

1104 2858 1206 2887 cum
1238 2848 1364 2898 quasi
1395 2848 1636 2900 imperium
1667 2851 1812 2900 tenet,
1844 2852 1910 2892 die
1928 2862 1998 2904 qe-

1101 2912 1283 2951 bietencle
1311 2911 1574 2963 Hausfrau.»
1623 2913 1819 2955 Iuvenal.
1848 2916 1886 2964 4,
1917 2915 1991 2955 69;

1104 2975 1297 3015 Occurrit
1327 2979 1530 3016 matrona
1551 2981 1714 3027 potens.
1756 3000 1802 3007 —
1851 2979 1997 3019 sedula

1102 3039 1266 3089 amrin]
1314 3041 1362 3079 ut
1406 3038 1472 3080 illa
1514 3040 1670 3082 Cilissa
1711 3042 1753 3082 in
1785 3042 1996 3095 Aeschyli

1104 3103 1306 3154 Cho'cph.
1332 3103 1412 3144 734
1435 3115 1564 3157 seqq.
1590 3108 1635 3146 et
1664 3104 1775 3146 aliae
1814 3107 1854 3146 in
1887 3108 1996 3147 Tra-

1103 3167 1262 3207 chiniis
1294 3170 1339 3207 et
1370 3168 1623 3221 Hippolyto.
1655 3191 1699 3198 —
1729 3172 1996 3212 Mei-calerno

1101 3230 1250 3283 vagus]
1283 3233 1330 3271 ut
1359 3226 1575 3290 ἔμπορος
1599 3234 1640 3273 in
1663 3232 1920 3273 Philocteta.
1946 3257 1989 3262 —

1102 3295 1239 3335 cultor
1252 3318 1275 3324 —
1292 3318 1314 3324 -
1330 3297 1470 3348 agelli]
1494 3297 1686 3347 tragicus
1705 3295 1772 3336 ille
1794 3290 1996 3354 αὐτουρ-

1103 3355 1189 3413 γὸς
1221 3360 1262 3399 in
1287 3359 1506 3412 Euripidis
1535 3359 1719 3400 Electra.
1755 3359 1995 3411 (Frequen-

1106 3423 1191 3463 tius
1222 3434 1356 3472 sane,
1404 3424 1451 3463 ut
1492 3423 1848 3463 consentaneum
1880 3425 1990 3473 erat,

1105 3486 1147 3526 in
1193 3485 1448 3527 Comoediis
1489 3486 1602 3527 haec
1640 3495 1836 3538 persona
1866 3497 1994 3527 com-
