2231 3787
283 278 381 331 194

348 408 439 463 Ille
477 407 621 460 velut
660 406 779 459 fidis
819 422 1012 459 arcana
1051 402 1326 457 sodalibus
1366 401 1491 454 olim

910 275 1121 316 nonam
1153 273 1450 314 SATmARUM

2012 400 2079 452 30

304 502 307 504 ³
352 508 617 563 Credebat
656 507 827 562 libris,
871 523 1070 577 neque.
1113 505 1158 557 si
1197 502 1333 555 male
1373 507 1636 560 cesserat,
1678 515 1914 570 unquam

350 612 651 663 Decurrens
691 608 816 662 alio,
858 623 1034 676 neque
1072 605 1114 657 si
1155 604 1320 665 bene·,
1361 619 1468 672 quo
1508 600 1584 661 fit,
1626 608 1683 653 ut
1719 600 1891 654 omnis

349 710 529 763 Votixa
569 717 744 779 pateat
782 706 940 760 veluti
980 704 1248 775 descripta
1286 702 1479 757 tabella

386 928 451 967 34.
484 929 661 977 yesserat
692 923 872 963 Bentleii
903 925 943 962 et
966 922 1156 962 Pottierii
1178 922 1354 972 praeter
1374 930 1511 960 unum
1533 930 1711 968 omnes,
1744 920 1827 971 Scp
1849 920 1894 959 et
1914 929 2026 959 corr.

334 990 377 1032 h.
413 991 516 1028 item
548 990 612 1027 (tt.

334 1062 447 1090 corr.
481 1051 532 1096 S,
567 1050 669 1088 item
702 1049 751 1087 ct
783 1058 834 1086 ac
865 1045 1097 1086 Bentleius.

281 1244 368 1282 nim
398 1240 596 1282 facillime
618 1239 879 1291 plerumque
902 1237 1150 1278 concedere

280 1304 473 1344 solemus
517 1305 740 1342 mortuum
786 1300 979 1351 aliquem
1024 1298 1150 1338 nobis

282 1367 567 1418 praestitisse.

335 1487 480 1528 30-34.
514 1487 583 1526 Ille
603 1487 704 1536 cet]
739 1484 954 1525 «Lucilius
976 1484 1151 1523 intimos

282 1551 415 1590 animi
464 1550 647 1588 affectus
697 1551 736 1588 et
791 1558 975 1587 arcanas
1023 1556 1152 1586 curas

282 1611 579 1652 concredcbat
612 1622 646 1650 s.
672 1609 977 1650 committebat
1005 1608 1152 1647 Satiris

283 1675 393 1713 suis.
428 1684 583 1723 magna
608 1683 709 1711 cum
740 1670 1017 1722 simplicitate
1041 1670 1154 1720 (nai-

280 1736 384 1785 velc‘)
425 1735 571 1774 omnia
613 1744 714 1773 cum
752 1732 991 1772 lectoribus
1029 1742 1154 1771 com-

283 1797 535 1840 municans,
570 1797 659 1835 sive
692 1794 796 1845 quid
827 1795 869 1833 in
900 1795 984 1832 vita
1008 1793 1154 1844 quoti—

285 1857 411 1897 diana
445 1858 482 1896 ei
515 1855 614 1895 mali
654 1856 897 1901 acciderat,
941 1866 1019 1894 seu
1050 1853 1154 1904 quid

284 1920 483 1972 prosperi
523 1919 806 1967 contigerat.»
856 1919 918 1957 De
958 1918 1047 1955 vita
1077 1927 1156 1954 au-

286 1986 375 2021 tem
425 1992 503 2020 sua
556 1981 744 2020 maxime
795 1991 874 2031 per
917 1979 1155 2018 Satirarum

284 2043 446 2083 librum
488 2044 535 2082 X.
568 2042 743 2081 videtur
782 2043 922 2092 egisse
963 2040 1155 2080 Heusdio

288 2105 419 2146 Lucil.
458 2117 500 2156 p.
546 2105 632 2143 177.
712 2104 877 2143 Verum
922 2103 1158 2142 consenta-

288 2178 421 2208 neum
454 2169 518 2205 est
554 2165 654 2205 alibi
686 2176 862 2216 quoque
894 2164 1061 2216 passim
1091 2174 1159 2201 re—

284 2240 385 2268 rum
439 2238 620 2267 suarum
675 2228 947 2266 mentionem
999 2224 1054 2263 ab
1104 2235 1156 2263 eo

288 2292 493 2330 iniectam
526 2300 640 2328 esse.
690 2289 779 2328 Nec
808 2298 914 2326 vero
945 2288 1065 2325 recte
1088 2296 1159 2324 ex—

285 2354 458 2406 plicavit
503 2351 747 2392 Bentleius:
801 2352 912 2390 «Seu
956 2349 1072 2390 bene
1118 2350 1158 2388 ei

288 2417 487 2456 cesserat
518 2415 558 2454 in
592 2413 849 2461 scribendo,
888 2423 967 2452 seu
998 2410 1155 2457 male»;

286 2489 388 2518 cum
419 2477 472 2515 de
505 2475 710 2515 omnibus
741 2475 855 2513 vitae
891 2472 1160 2513 vicissitudi-

287 2539 417 2579 nibus
447 2536 776 2587 intelligendum
799 2537 866 2575 sit.
907 2537 1054 2575 Lectio
1073 2545 1161 2585 qes-

286 2605 397 2641 serat.
426 2601 676 2639 accusativo
699 2608 851 2637 carere
873 2607 957 2636 non
989 2597 1156 2647 posset,

288 2666 420 2712 atque
452 2663 596 2699 ortum
629 2661 695 2698 est
732 2670 783 2698 ex
815 2669 902 2697 non
942 2656 1159 2697 intellecta

288 2723 452 2763 Horatii
483 2732 630 2761 manu.
669 2741 711 2748 —
737 2720 935 2769 unquam]
969 2720 1079 2759 Cum
1100 2718 1161 2758 lo-

290 2796 369 2825 cus
400 2783 633 2823 deliniatur
660 2794 701 2821 v.
736 2783 841 2829 alio,
885 2782 1080 2832 praestat
1113 2782 1161 2819 ut

291 2848 423 2886 etiam
466 2848 641 2895 tempus
686 2844 956 2893 significetur
998 2853 1039 2881 v,
1078 2854 1160 2880 un-

291 2919 444 2956 quam:
479 2916 654 2955 usquam
679 2906 761 2944 alio
792 2905 980 2944 otiosum
1003 2906 1082 2943 est.
1111 2924 1155 2931 -

292 2971 526 3009 Decurrens
569 2966 674 3017 alio]
722 2965 862 3005 «aliud
909 2965 1160 3014 confugium

293 3039 565 3080 quaerens.»
616 3051 658 3055 —
713 3029 854 3066 l'otiva
881 3049 904 3055 -
933 3048 957 3055 -
986 3026 1159 3077 tabella]

294 3089 467 3129 «Solent
501 3089 694 3138 naufragi
728 3100 857 3128 suum
888 3088 1159 3137 naufragium

292 3152 335 3191 in
367 3149 522 3190 tabella
555 3150 779 3199 depictum
811 3148 1093 3188 circumferre
1121 3149 1165 3187 et

294 3213 336 3252 in
375 3210 549 3263 templis
579 3209 703 3249 alicui
736 3210 819 3249 deo
856 3211 1163 3249 consecratum

295 3272 584 3324 suspendere.
645 3271 708 3311 Ad
739 3271 854 3310 hunc
875 3270 1057 3310 modum
1079 3271 1166 3308 Lu-

296 3333 380 3374 cilii
409 3335 527 3374 senis
550 3333 636 3372 vita
667 3334 757 3372 tam
788 3330 902 3371 clara
925 3333 992 3371 est
1012 3332 1053 3369 in
1075 3329 1165 3370 suis

296 3394 442 3443 libris,
485 3395 610 3446 quasi
652 3395 773 3434 esset
806 3393 977 3444 depicta
1014 3393 1055 3431 in
1086 3390 1165 3430 ali-

300 3467 385 3508 qua
425 3455 615 3496 tabula.»
678 3455 816 3495 Conni.
849 3454 978 3501 Caco.
1039 3452 1161 3493 Cont.

669 988 729 1034 (rt
762 996 866 1030 nos.
905 985 1097 1024 Pottierii
1136 984 1317 1034 quartus
1354 983 1397 1021 ct
1433 991 1498 1033 pr.
1539 980 1600 1032 b.)
1645 1004 1687 1009 —
1727 992 1906 1031 usquam
1934 991 1957 1020 c
1987 983 2031 1021 et

1213 1235 1291 1276 Od.
1328 1238 1372 1284 4,
1414 1237 1463 1283 5,
1507 1235 1571 1275 43.
1624 1236 1713 1276 Cic.
1738 1235 1793 1276 de
1823 1237 1918 1277 Nat.
1951 1236 2081 1276 Deor.

1214 1298 1260 1346 3,
1294 1298 1367 1345 37,
1401 1299 1482 1337 89:
1524 1308 1659 1337 nonne
1697 1298 1995 1337 animadvertis
2031 1307 2086 1337 ex

1213 1364 1270 1399 tot
1298 1359 1446 1398 tabulis
1476 1360 1620 1408 pictis,
1663 1370 1789 1408 quam
1826 1359 1946 1398 multi
1982 1358 2087 1398 votis

1211 1422 1295 1460 vim
1325 1422 1572 1470 tempestatis
1592 1422 1810 1471 effuqerint
1832 1421 1876 1460 in
1898 1424 2088 1471 portum-

1216 1493 1291 1531 que
1319 1482 1426 1521 salvi
1450 1482 1742 1531 pervenerint?
1769 1504 1815 1510 —
1838 1482 1955 1534 senis]
1980 1481 2087 1522 Hie-

1215 1554 1428 1594 ronymus
1459 1544 1499 1583 in
1531 1544 1692 1584 Chron.
1723 1544 1778 1584 ad
1802 1543 1863 1584 Ol.
1897 1543 1997 1593 469,
2043 1543 2084 1583 2.

1216 1606 1354 1645 XLVI.
1375 1604 1600 1644 dumtaxat
1629 1615 1769 1645 annos
1791 1606 1830 1645 ei
1860 1604 2012 1644 tribuit
2032 1605 2084 1654 (a.

1217 1679 1258 1707 u.
1284 1678 1321 1706 c.
1345 1667 1627 1716 (ΜΘ-652),
1663 1666 1707 1706 id
1737 1666 1857 1718 quod
1886 1666 2087 1717 congruit

1218 1739 1320 1769 curn
1342 1727 1486 1768 Lucilii
1508 1740 1621 1768 anno
1642 1728 1787 1778 natali,
1813 1739 1949 1780 quem
1969 1727 2088 1768 idem

1219 1791 1513 1841 Hieronymus
1547 1790 1791 1842 Olympiadi
1842 1791 1933 1830 458.
1977 1790 2090 1830 assi-

1219 1855 1333 1903 gnat.
1381 1853 1475 1892 Fuit
1494 1854 1664 1892 amicus
1685 1853 1875 1892 Africani
1905 1852 2087 1892 minoris

1219 1914 1379 1953 mortui
1411 1925 1448 1952 a.
1472 1925 1516 1952 u.
1541 1925 1578 1953 c.
1612 1914 1706 1953 625.
1741 1916 1784 1953 et
1812 1913 1896 1953 sub
1929 1924 1982 1953 eo
2003 1914 2090 1953 Nu-

1220 1976 1415 2014 mantino
1445 1974 1562 2014 hello
1595 1976 1647 2023 (a.
1672 1976 1782 2025 624.)
1805 1985 1944 2026 eques
1974 1973 2090 2014 mili-

1219 2037 1345 2083 tax‘it,
1386 2036 1501 2075 unde
1535 2035 1681 2075 multis
1712 2037 1856 2075 visum
1886 2037 1973 2084 est,
2015 2046 2090 2075 er-

1220 2108 1367 2137 rorem
1411 2097 1453 2136 in
1503 2097 1735 2136 indicando
1780 2097 1933 2137 mortis
1976 2107 2090 2136 anno

1221 2160 1509 2199 commissum
1549 2169 1647 2198 esse
1689 2157 1744 2197 ab
1790 2158 2087 2208 Hieronymo;

1220 2231 1377 2260 verum
1420 2231 1504 2259 van
1549 2219 1725 2260 tleusde
1771 2218 1903 2259 Lucil.
1940 2230 1983 2271 p.
2021 2219 2088 2258 44.

1221 2282 1539 2322 demonstravit
1568 2284 1671 2321 tunc
1701 2292 1788 2321 non
1817 2283 1873 2321 ita
1903 2291 2004 2320 raro
2025 2279 2091 2320 fa-

1221 2346 1340 2383 ctum
1385 2354 1509 2392 esse,
1564 2345 1614 2382 ut
1656 2344 1748 2383 acri
1796 2343 1949 2383 militia
1981 2352 2093 2393 puer

1221 2407 1442 2445 Romanus
1462 2405 1549 2445 XV.
1573 2415 1789 2445 annorum
1817 2404 1994 2446 militiae
2014 2413 2095 2444 no-

1221 2478 1324 2507 men
1355 2467 1504 2514 daret;
1547 2467 1661 2507 hanc
1698 2469 1846 2506 autem
1883 2476 2087 2519 praema-

1222 2531 1365 2568 turam
1406 2527 1604 2568 militiam
1643 2527 1863 2569 sublatam
1907 2538 2007 2569 esse
2038 2527 2087 2567 C.

1223 2591 1405 2629 Gracchi
1443 2589 1672 2630 tribunicia
1715 2589 1809 2640 lege
1842 2588 1964 2640 (Plut.
1995 2589 2092 2628 Vita

1221 2652 1293 2701 5.),
1327 2651 1614 2702 quadriennio
1644 2653 1744 2702 post
1772 2651 1965 2691 excisam
2000 2652 2092 2691 Nu-

1222 2714 1452 2760 mantiam,
1487 2724 1573 2763 qua
1595 2715 1771 2752 cautum
1793 2714 1881 2762 est,
1914 2723 1970 2753 ne
1993 2712 2091 2764 quis

1223 2775 1330 2814 infra
1360 2775 1485 2814 XVII.
1510 2775 1664 2813 aetatis
1693 2785 1858 2814 annum
1886 2774 1943 2814 ad
1976 2772 2094 2814 mili-

1224 2838 1328 2875 tiam
1358 2838 1606 2886 cogeretur.
1666 2836 1790 2875 Idem
1808 2846 1915 2875 vero
1943 2833 2093 2876 Lucilii

1223 2899 1356 2938 vitam
1387 2898 1591 2949 producit
1622 2908 1765 2948 usque
1802 2897 1859 2937 ad
1902 2908 1942 2938 a.
1973 2909 2018 2938 u.
2048 2908 2088 2938 c.

1225 2959 1336 3007 687„
1369 2959 1469 3009 quia
1501 2959 1625 2997 Satir.
1649 2959 1693 2997 L.
1725 2958 1793 2997 20.
1817 2959 1885 2998 Fr.
1908 2957 1958 2999 4:
1992 2957 2092 2998 Cal-

1216 3020 1347 3070 purni
1384 3030 1550 3058 saevam
1583 3020 1711 3070 leqem
1746 3019 1904 3059 Pisonis
1930 3019 2093 3059 memi-

1225 3082 1357 3130 nerit,
1400 3080 1469 3120 illo
1499 3091 1614 3120 anno
1645 3080 1700 3120 de
1731 3079 1901 3120 ambitu
1929 3078 2089 3129 latam3

1226 3143 1402 3195 proprie
1435 3142 1561 3192 igitur
1579 3153 1620 3181 v.
1639 3142 1746 3181 senis
1763 3139 2093 3191 intelligendum

1227 3216 1340 3245 esse.
1410 3204 1576 3244 Verum
1622 3203 1736 3244 duae
1782 3203 1974 3243 maxime
2010 3201 2094 3243 ob-

1227 3268 1342 3307 stant
1381 3263 1688 3306 difficultates:
1736 3264 1931 3316 primum
1974 3264 2094 3304 enim

1227 3329 1408 3368 minime
1455 3326 1628 3367 constat
1667 3336 1697 3367 a
1739 3324 1902 3365 Lucilio
1948 3323 2093 3377 legem

1229 3389 1509 3441 Calpurniam
1550 3389 1600 3429 de
1635 3386 1796 3428 anubim
1832 3387 2090 3438 significari,

1228 3462 1330 3493 cum
1373 3452 1506 3492 etiam
1548 3450 1598 3491 de
1636 3449 1824 3500 pecuniis
1861 3448 2095 3500 repetundis
