2231 3787
872 290 968 330 LlB.
1005 290 1033 329 1.

1097 289 1207 329 SAT.
1241 288 1290 327 X.

242 427 399 478 Facta
439 423 580 477 canit
617 420 757 494 pede
798 429 878 474 ter
923 436 1217 491 percusso3
1258 419 1395 472 sorte
1436 435 1572 489 epos
1612 434 1737 470 acer

243 527 308 581 Ut
346 543 505 579 nemo
545 524 735 578 Varius
775 523 948 586 ducit,
990 520 1147 574 molle
1189 530 1349 592 atque
1390 520 1621 574 facetum

243 627 458 698 Virgilio
501 634 804 680 annuerunt
845 624 1144 696 gaudentes
1186 640 1311 676 rure
1354 623 1638 676 Camenae.

244 731 357 783 Hoc
398 738 536 791 erat,
580 736 802 800 experto
844 728 1038 780 frustra
1077 727 1317 780 Varrone
1357 724 1578 778 Atacino

241 834 414 902 Atque
456 830 783 902 quibusdam
823 829 969 891 aliis,
1012 827 1204 882 melius
1236 826 1386 899 quod
1414 826 1654 881 scribere
1687 843 1929 898 possem,

283 997 349 1038 44..
375 999 525 1038 rarius
541 998 639 1036 dicit
653 997 775 1035 molle
792 997 833 1044 S,
861 996 997 1034 I'arus
1016 994 1104 1044 (sic)
1125 994 1251 1033 ductu
1269 994 1390 1033 molle
1405 993 1450 1043 b,
1478 994 1629 1032 Varius
1644 994 1813 1033 ductum
1827 994 1948 1033 molle

231 1072 278 1101 c.
316 1060 452 1099 Varus
472 1061 637 1099 ductum
661 1059 780 1097 molle
802 1058 850 1102 d,
881 1058 1016 1096 I'arus
1032 1057 1142 1096 dictu
1160 1058 1263 1096 mole
1279 1069 1322 1107 p,
1354 1058 1529 1096 Varius:
1553 1058 1675 1096 ductu
1692 1057 1812 1096 molle
1829 1057 1875 1096 C.
1900 1079 1942 1085 —

230 1123 292 1163 45.
328 1127 566 1162 annuerant
597 1123 646 1170 S,
681 1123 907 1160 annuerint
938 1131 972 1160 s.
1007 1120 1231 1159 adnuerint
1261 1119 1395 1171 bcdp.
1424 1119 1558 1160 -.'1.7,
1589 1121 1745 1169 possint
1776 1120 1817 1159 d.

174 1291 329 1330 regum
351 1279 519 1318 heroici
541 1277 755 1329 temporis
777 1276 971 1316 facinora
995 1277 1057 1315 at-

173 1353 259 1394 que
297 1340 621 1381 vicissitudines
662 1350 886 1390 exponere
926 1336 1050 1378 solet.

1118 1275 1294 1325 Ideoque
1322 1276 1365 1315 in
1396 1276 1575 1326 epistolis
1597 1276 1737 1316 Cicero
1762 1277 1862 1315 haec
1881 1277 2002 1316 Bruti

1118 1339 1245 1389 refert
1273 1339 1424 1378 ¹rerba:
1470 1340 1540 1378 Ne
1580 1340 1663 1378 illi
1703 1343 1819 1378 sunt
1851 1341 2004 1388 pedes

177 1428 219 1432 ——
247 1405 351 1454 pede
371 1408 433 1443 ter
455 1401 667 1453 percusso]
692 1400 957 1451 «Tragoedia
982 1400 1056 1438 tri-
1114 1402 1278 1451 faceti
1323 1413 1378 1440 ac
1423 1402 1624 1441 deliciis
1676 1402 1998 1452 ingredienti

175 1467 328 1506 metris
364 1465 569 1506 versibus
609 1464 821 1515 (senariis)
856 1463 945 1503 sere
985 1464 1055 1502 te-

171 1530 328 1568 xitur.»
388 1529 528 1568 Comi.
564 1529 694 1574 Can.
752 1527 932 1567 Tibicen
974 1537 1055 1565 au—

175 1593 262 1632 tem
294 1593 336 1631 in
365 1590 546 1642 singuliS
577 1591 766 1642 dipodiis
803 1590 918 1642 pede
949 1601 1055 1641 per-

175 1666 306 1695 cusso
350 1665 563 1694 numeros
604 1654 715 1705 (den
762 1653 901 1704 Talet)
940 1653 1055 1692 indi-

175 1717 326 1765 cabat,
374 1717 491 1756 unde
529 1717 740 1766 percussio
769 1714 889 1754 idem
920 1716 1052 1765 atque

174 1781 310 1829 ictus,
343 1777 556 1836 κροῦσις.
605 1777 813 1818 Claudius
836 1776 1055 1816 Sacerdos

175 1842 268 1882 Lib.
304 1843 340 1882 l.
373 1853 416 1894 p.
451 1843 525 1881 ⁶26:
576 1853 720 1881 versus
752 1841 1053 1890 percutientes,

174 1906 217 1944 id
253 1908 328 1953 est,
370 1905 622 1943 scandentes.
661 1924 704 1931 —
740 1904 853 1953 acer]
898 1903 1056 1942 «fervi-

176 1967 306 2015 dus»,
351 1967 545 2017 feuriy.
582 1990 627 1996 —
666 1967 830 2016 Varius]
868 1965 966 2005 vid.
999 1965 1056 2005 ad

179 2029 327 2078 Od.1l‚
362 2029 409 2077 6,
444 2030 481 2068 sl.
535 2030 622 2068 Sat..
650 2030 693 2079 11,
729 2031 775 2078 5,
809 2029 876 2070 40.
912 2051 959 2057 -
984 2029 1058 2068 du-

174 2092 242 2143 cit]
276 2092 402 2143 quasi
433 2103 454 2130 a
489 2092 651 2132 nendo.
704 2092 826 2132 Ovid.
852 2093 979 2132 Trist.
1006 2093 1021 2131 -l
1046 2124 1054 2141 ,

179 2156 253 2204 Μ,
299 2156 371 2194 47:
424 2159 562 2194 tamen
598 2155 685 2204 ipse
727 2159 922 2194 tremente
951 2155 1059 2194 Car—

177 2218 293 2256 mina
330 2217 529 2256 ducebam
566 2218 874 2267 qualiacunque
908 2229 1055 2257 manu.

179 2278 387 2319 Similiter
440 2281 651 2320 deducere.
715 2281 838 2320 Conf.
881 2282 968 2320 Sat.
1009 2281 1056 2330 ⁶2,

181 2344 229 2391 4,
263 2341 302 2382 4.
351 2342 582 2390 Quomodo
619 2343 853 2382 Santenius
888 2343 945 2382 ad
975 2344 1060 2382 Te-

182 2405 367 2444 rentian.
391 2414 434 2454 p.
459 2403 553 2443 ⁶226.
606 2404 833 2455 praeferre
868 2404 1060 2455 potuerit

182 2465 322 2506 Codd.
365 2464 543 2505 Dorvill.
578 2468 622 2505 et
662 2468 688 2505 S
727 2465 965 2506 lectionem
995 2466 1062 2504 di-

180 2529 254 2576 cit,
289 2527 499 2578 equidem
521 2538 608 2567 non
630 2527 837 2579 intelligo.
861 2551 906 2557 —-
924 2527 1057 2580 molle]

182 2587 236 2630 τὸ
279 2586 556 2642 μαλθακόν,
600 2592 664 2630 die
699 2592 834 2642 sanfte
878 2591 1057 2638 Grazie3

181 2654 245 2694 sic
291 2652 549 2693 laudaturus
595 2654 814 2694 Haemum
845 2654 1061 2705 optimum

181 2717 391 2765 mimum,
423 2716 586 2756 mollem
617 2719 748 2756 vocat
773 2716 992 2757 Iuvenalis
1014 2717 1058 2766 3,

183 2778 249 2818 99.
284 2777 371 2818 Cfr.
396 2779 482 2818 Sat.
508 2779 553 2827 1¹,
587 2779 636 2827 9,
668 2780 737 2819 25.

237 2840 382 2882 45-49.
434 2842 620 2893 Vir‘qilio]
660 2843 735 2894 qui
771 2844 876 2882 tunc
907 2842 1064 2882 edide-

184 2905 252 2942 rat
279 2902 486 2943 Bucolica
516 2906 560 2944 et
590 2905 824 2956 Georgica,
865 2905 1061 2945 Aeneida

184 2966 227 3004 in
269 2965 474 3006 manibus
512 2966 723 3006 hahebat.
783 2966 869 3008 Illis
913 2967 1066 3007 tribuit

187 3026 363 3066 dicendi
399 3038 538 3077 genus
574 3029 696 3068 molle
732 3030 964 3080 (tenerum)
997 3032 1066 3069 at-

188 3099 273 3140 que
293 3089 476 3140 facetum
497 3090 769 3140 (venustum,
795 3092 958 3132 voller
978 3093 1067 3132 An—

185 3150 357 3204 muth).
421 3151 594 3199 Quintil.
620 3153 665 3201 6,
699 3153 745 3203 3,
781 3154 854 3194 49ῑ
901 3156 1067 3194 Face-

189 3218 291 3254 tum
335 3225 497 3264 quoque
538 3225 621 3253 non
663 3219 828 3256 tantum
868 3217 1068 3256 circari-

188 3277 327 3316 dicula
355 3277 504 3326 opinor
523 3277 752 3316 consistere.
798 3279 940 3328 Neque
960 3280 1069 3319 enim

188 3340 341 3378 diceret
366 3339 567 3378 Horatius
602 3338 835 3389 facetum
870 3342 1071 3380 carminis

189 3413 317 3452 qenus
336 3405 497 3441 natu-ra
516 3411 751 3440 concessum
772 3412 855 3441 esse
878 3403 1067 3454 Viryilio.

190 3465 362 3504 Decoris
385 3465 492 3504 hanc
510 3465 646 3515 mayis
665 3468 703 3504 et
720 3465 912 3505 eoecultae
930 3467 1071 3506 cuius-

195 3529 292 3567 dam
328 3529 556 3580 elegyantiae
594 3529 913 3580 appellationem
949 3535 1067 3579 puto.

1119 1463 1160 1513 (l.
1210 1464 1548 1515 insyrediendi)
1594 1465 1786 1503 molles.
1832 1485 1876 1491 —
1917 1476 2003 1503 an-

1118 1527 1311 1578 nuerunt]
1341 1525 1584 1578 penultima
1608 1526 1757 1576 brevi,
1791 1529 1838 1566 ut
1859 1527 1999 1576 Epod.

1118 1592 1164 1639 9,
1201 1592 1265 1630 117.
1296 1588 1531 1638 verterunt,
1565 1591 1674 1641 Epp.
1701 1591 1748 1638 »1,
1782 1589 1829 1638 4,
1863 1590 1901 1629 7.
1936 1591 2003 1629 cle-

1119 1652 1283 1692 d'erunt.
1324 1676 1367 1681 ——
1399 1653 1485 1691 Hoc
1522 1656 1613 1691 erat
1651 1653 1753 1704 cet.]
1793 1652 1866 1691 His
1902 1663 2006 1691 ver-

1118 1716 1187 1756 bis
1232 1716 1438 1755 Horatius
1484 1715 1645 1766 repetit
1682 1715 1912 1766 superiora
1946 1716 2002 1765 (v.

1120 1779 1203 1828 37.)
1235 1779 1334 1817 haec
1365 1790 1438 1829 eqo
1469 1778 1564 1816 ludo
1597 1779 1680 1816 cet.
1745 1778 1863 1816 «Hoc
1900 1777 2007 1816 sati-

1119 1842 1264 1881 ricum
1295 1841 1543 1880 carminum
1575 1850 1713 1890 genus
1747 1840 1847 1889 (Sat.
1881 1840 1924 1888 11,
1959 1839 2003 1888 4,

1120 1904 1205 1954 ⁶24..)
1239 1905 1356 1952 erat,
1403 1904 1447 1942 in
1479 1914 1566 1954 quo
1608 1901 1777 1942 felicius
1806 1902 2006 1941 Varrone

1122 1967 1329 2014 Atacino,
1363 1965 1525 2005 frustra
1546 1964 1589 2003 id
1612 1967 1815 2015 experto,
1850 1966 1893 2003 et
1915 1965 2009 2015 qui-

1122 2030 1316 2071 busdam
1347 2027 1439 2068 aliis
1471 2027 1796 2067 elaborarem.»
1834 2049 1878 2054 —
1906 2028 2009 2065 Var-

1122 2093 1236 2145 rone]
1270 2094 1315 2132 P.
1349 2092 1450 2142 (non
1483 2091 1525 2130 C.
1550 2101 1634 2129 nec
1663 2089 1744 2140 M.)
1775 2089 2006 2129 Terentius

1122 2158 1262 2196 Varro
1295 2155 1505 2195 Atacinus
1538 2153 1607 2205 (ab
1639 2155 1796 2201 Atace,
1845 2151 2005 2192 Galliae

1124 2218 1424 2259 Narbonensis
1462 2216 1523 2266 ss.)
1556 2228 1595 2256 a.
1620 2228 1662 2256 u.
1699 2226 1736 2254 c.
1771 2215 2003 2254 672—717.

1124 2281 1445 2332 Argonautica,
1499 2277 1780 2319 laudabiliter
1827 2275 2008 2328 Apollo-

1125 2345 1248 2383 nium
1269 2344 1489 2390 imitatus,
1523 2352 1706 2380 carmen
1728 2340 1783 2379 de
1808 2339 2010 2379 Caesaris

1125 2405 1242 2445 bello
1286 2404 1572 2455 Aquitanico,
1629 2402 1917 2450 Leucadiam,
1965 2400 2011 2439 id

1127 2469 1215 2516 est,
1241 2465 1428 2518 elegiam
1449 2466 1492 2505 in
1510 2463 1720 2517 puellam,
1745 2474 1881 2516 quam
1901 2462 2011 2502 ada—

1126 2529 1298 2579 mabat,
1322 2527 1617 2581 Ephemerida
1652 2539 1707 2567 ex
1735 2528 1868 2567 Arato
1900 2537 2010 2565 con-

1125 2603 1305 2633 versam
1346 2591 1435 2642 (cfr.
1465 2591 1607 2641 Bergk
1643 2591 1686 2630 in
1722 2591 1832 2630 Mus.
1866 2589 2004 2629 Rhen.

1125 2657 1176 2696 N.
1201 2656 1243 2695 F.
1268 2656 1299 2694 Ι.
1323 2666 1366 2706 p.
1391 2653 1520 2703 372),
1555 2654 1690 2692 etiam
1720 2653 1876 2692 satiras
1909 2663 2014 2692 con-

1127 2718 1382 2770 scripserat.
1445 2716 1509 2757 Cf.
1544 2714 1718 2764 Quintil.
1756 2716 1828 2765 40,
1863 2716 1908 2764 4,
1941 2715 2009 2755 87.

1131 2803 1176 2808 —
1208 2781 1340 2829 Atque
1369 2779 1617 2828 quibusdam
1646 2779 1754 2830 aliis]
1797 2779 1916 2826 Quos
1947 2778 2010 2818 si-

1129 2844 1335 2895 gnificet,
1368 2843 1644 2893 ignoramus,
1680 2843 1800 2881 certe
1821 2851 1910 2880 non
1930 2841 2015 2880 En-

1128 2908 1254 2947 nium
1283 2916 1430 2956 neque
1470 2904 1733 2952 Pacuvium,
1779 2904 1829 2942 ut
1862 2902 2015 2942 volunt

1130 2969 1423 3018 Scholiastae,
1467 2968 1547 3009 sed
1590 2967 1776 3008 sortasse
1807 2966 2015 3006 Saevium

1128 3035 1418 3080 Nicanorem,
1455 3029 1596 3070 Sullae
1626 3027 1883 3080 aequalem,
1919 3027 2016 3078 «qui

1129 3097 1308 3137 satiram
1337 3094 1524 3143 scripsit,
1563 3093 1608 3131 in
1638 3103 1724 3142 qua
1752 3091 1945 3130 libertum
1975 3100 2016 3129 se

1129 3158 1366 3199 indicabat»
1401 3156 1595 3207 (Sueton.
1630 3156 1823 3194 Gramm.
1856 3152 1935 3203 5.)‚
1971 3154 2016 3192 et

1131 3221 1177 3260 T.
1212 3219 1464 3268 Quinctium
1482 3219 1630 3257 Attam
1654 3216 1746 3267 (cfr.
1772 3215 1828 3255 ad
1854 3215 2011 3266 Epistt.

1133 3284 1180 3332 2,
1229 3283 1272 3330 4,
1327 3280 1442 3331 79.),
1499 3281 1606 3320 item
1653 3280 1709 3320 M.
1759 3278 2013 3318 Terentium

1131 3345 1384 3383 Varronem
1404 3343 1655 3391 Reatinum,
1680 3351 1816 3391 quem
1835 3340 2016 3390 praeter

1133 3407 1392 3457 Menippeas
1424 3405 1559 3444 etiam
1598 3402 1806 3443 Luciliani
1837 3400 2014 3451 generis

1135 3469 1378 3508 Satirarum
1402 3466 1538 3507 libros
1553 3466 1760 3517 quattuor
1781 3462 2014 3513 scripsisse

1135 3541 1253 3571 nunc
1284 3541 1338 3570 ex
1367 3527 1625 3578 Hieronymi
1656 3525 1799 3566 indice
1825 3534 2013 3577 operum
