2231 3787
802 310 898 349 ΜΒ.
936 311 965 349 1.
1028 310 1188 349 icius‘r.
1225 312 1311 349 vn.
1870 311 1960 363 451

223 441 330 493 lam
370 441 496 493 satis
536 450 631 494 est.

707 443 769 493 At
807 449 860 493 tu
901 450 1158 514 quantum
1203 442 1281 494 vis
1323 441 1460 494 tolle.

1538 444 1789 513 Benigne.

222 544 337 595 Non
378 543 546 595 invisa
586 543 726 596 seres
764 544 948 614 pueris
987 543 1307 596 munuscula
1348 544 1542 614 parvis.

223 646 348 697 'sam
388 652 575 698 teneor
613 643 781 707 dono,
824 662 985 717 quam
1025 645 1067 698 si
1115 645 1348 698 dimittar
1386 654 1630 700 onustus.

224 746 287 800 Ut
324 745 475 810 libet3
516 746 651 801 haec
691 748 870 818 porcis
910 746 1071 800 hodie
1110 747 1447 801 comedenda
1487 748 1778 821 relinques,

261 912 327 951 ⁴6.
368 913 633 962 quantumvis
663 914 693 952 L
735 915 778 952 et
816 912 1053 952 Bentleius.

1091 936 1134 940 —
1170 915 1234 953 118.
1276 919 1420 954 tenear
1449 916 1490 953 S.
1529 938 1572 943 —-
1615 917 1679 955 49.
1714 917 1918 967 relinques

206 975 381 1024 bSch,
413 974 615 1027 plerique
653 976 867 1023 Potuerii,
901 976 1068 1015 Veneta
1101 975 1225 1025 ili-82¹,
1262 978 1367 1026 LCt,
1409 977 1631 1018 Bentleius
1674 982 1718 1019 et
1747 981 1802 1019 0:
1850 991 1919 1020 re-

206 1038 358 1088 linquis
386 1040 477 1078 tres
507 1039 718 1087 Pottierii‚
755 1050 808 1078 ex
838 1036 930 1078 aliis
962 1039 1048 1079 FM.

151 1178 333 1219 liberius
371 1180 546 1230 vaganti
585 1180 906 1230 remissiusque
949 1179 1031 1218 ob-

152 1241 395 1282 ambulanti
428 1242 576 1294 (Epist.
602 1242 648 1290 ⁶2,
683 1243 730 1290 2,
765 1242 848 1291 80.)
882 1242 1030 1281 iocose

153 1306 431 1356 opponitur.»
460 1306 550 1345 Hac
573 1305 691 1344 enim
713 1304 1030 1355 significatione

153 1368 252 1418 quis
282 1378 481 1418 unquam
510 1379 580 1407 w.
606 1368 664 1407 ita
695 1368 910 1407 iunxisset
938 1379 1034 1406 eon-

151 1434 311 1469 traetus
330 1430 453 1481 leget,
488 1430 623 1469 «wird
643 1430 914 1481 einqezoyen,
936 1430 1032 1480 fru-

150 1493 224 1544 9al
258 1493 412 1541 lesen»,
457 1503 538 1544 pro
576 1492 644 1531 his
681 1490 751 1531 vel
789 1491 1029 1532 similibus:

151 1559 390 1595 contractus
419 1555 530 1594 domi
565 1565 667 1594 suae
701 1555 809 1594 vivet
847 1555 1033 1594 assidue-

154 1629 230 1668 que
259 1617 362 1669 leget
380 1618 450 1656 -‘?
483 1618 765 1667 Quamquam
786 1618 938 1657 Latina
959 1629 1030 1657 vv.

154 1682 190 1721 si
211 1682 269 1720 ita
291 1681 546 1732 acceperis,
580 1678 719 1720 multo
743 1681 875 1720 etiam
896 1681 1033 1730 magis

153 1742 335 1784 ridicula
354 1745 483 1782 erunt
504 1754 639 1794 quam
661 1745 923 1783 Germanica
946 1742 1030 1783 illa.

157 1830 202 1836 —-
235 1807 337 1847 Cum
364 1806 573 1857 Zephyris]
609 1806 800 1857 Zephyri
831 1807 922 1847 sive
955 1808 1034 1847 Fa-

152 1870 270 1910 vonii
290 1880 329 1908 a.
355 1869 396 1908 d.
421 1869 489 1908 VI.
513 1869 616 1908 Idus
639 1868 766 1909 Febr.
787 1868 842 1908 ab
868 1881 1034 1910 occasu

154 1943 297 1983 eoque
329 1930 641 1983 aequinoctiali
682 1932 841 1972 ssantes
871 1934 1035 1973 Roma-

154 1996 220 2035 nis
249 2006 330 2035 ver
359 1994 641 2046 aperiebant,
673 1995 792 2035 unde
826 1994 1034 2036 Claudia-

155 2068 237 2097 nus
268 2056 322 2097 de
361 2058 408 2097 R.
442 2059 564 2098 Pros.
597 2058 643 2106 2,
684 2058 759 2097 73:
808 2058 1036 2108 Compellat

154 2120 410 2170 Zephyrum:
452 2120 577 2158 Pater
605 2131 628 2159 o
657 2121 897 2170 91·atissime
925 2122 1035 2161 veris

156 2184 240 2221 cet.
277 2204 322 2210 —-
355 2182 577 2220 hirundine
600 2182 758 2233 prima]
789 2182 855 2222 Ab
878 2184 1034 2223 hirun—

156 2244 258 2284 dine
295 2254 429 2295 saepe
464 2254 544 2282 ver
583 2243 853 2295 designatur.
907 2245 1030 2286 Cons.

156 2305 334 2347 Hesiod.
360 2307 406 2345 Ο.
432 2308 475 2345 et
505 2307 554 2345 D.
592 2307 686 2346 566.
735 2308 824 2347 Cic.
859 2308 915 2347 ad
945 2310 1031 2348 Att.

157 2371 229 2419 40,
253 2371 296 2409 2:
330 2367 620 2422 Λαλαγεῦσα
648 2371 736 2409 iam
757 2371 871 2410 adest
902 2371 1033 2421 (unde

157 2443 280 2472 mare
303 2443 404 2472 mox
429 2433 512 2471 erit
532 2433 764 2484 apertum).
816 2433 1035 2473 Leonidas

156 2493 329 2547 Antliol.
373 2493 508 2534 Palat.
551 2496 601 2534 11.
644 2495 747 2534 279:
794 2489 842 2533 ‘O
887 2492 1036 2546 πλόος

156 2552 358 2614 (ὖραῖος·
401 2557 484 2596 καὶ
522 2553 613 2613 γὰρ
649 2555 924 2611 λαλαγεῦσα
954 2571 1036 2606 χε-

157 2614 432 2673 λιδώνἽΙδη
451 2619 738 2673 με’μβλωκεν
758 2616 828 2669 χώ
851 2623 1034 2679 χαρίεις

156 2684 392 2741 Ζέφυρος.
443 2684 628 2736 Oppian.
653 2684 841 2724 Halieut.
867 2685 905 2734 3,
930 2685 1030 2726 244:

158 2742 341 2804 εἰαρινὴ
364 2743 585 2803 Ζεφύρου
604 2744 938 2804 ,τρωτάγγελος
959 2742 1036 2805 ὅρ-

157 2822 245 2860 νις.
298 2809 420 2849 Ovid.
447 2811 558 2850 Fast.
590 2811 638 2859 Ξ,
671 2810 765 2850 853.
817 2811 929 2861 Ergo
960 2822 1034 2850 se-

157 2873 280 2923 ptem
324 2872 556 2912 minimum
598 2883 781 2913 menses
821 2872 877 2912 ab
918 2872 1031 2914 Urbe

158 2932 357 2972 afuturus
388 2936 483 2973 erat
512 2935 731 2976 Horatius.
994 2936 997 2938 ’

213 2992 359 3033 44-49.
403 2995 497 3034 Νοη
534 2996 635 3048 cet.]
678 2998 930 3039 Sententiae
969 3000 1031 3040 sic

160 3057 504 3095 connectuntur:
540 3059 656 3098 «Iam
685 3060 867 3101 minime
898 3073 1030 3112 aegre

160 3120 206 3157 tu
240 3117 370 3157 ‘feres
419 3116 667 3159 absentiam
722 3133 894 3172 meam,
954 3123 1029 3163 ubi

159 3179 336 3227 scieris,
358 3178 458 3218 ideo
481 3182 787 3223 tantummodo
809 3196 881 3224 me
903 3185 1032 3226 abes—

158 3252 207 3281 se
246 3240 301 3280 ab
347 3240 482 3290 Urbe,
531 3244 579 3280 ut
622 3245 793 3284 sanitati
837 3247 1029 3287 tuendae

159 3315 344 3356 operam
375 3304 493 3343 dem.
546 3305 638 3344 Hoc
667 3306 798 3356 igitur
817 3319 897 3358 pro
920 3311 1031 3348 ami-

159 3368 258 3406 citia
295 3369 369 3406 tua
408 3366 572 3406 libente
609 3369 755 3408 animo
786 3371 891 3409 mihi
923 3382 1032 3411 con-

159 3430 315 3479 cedes,
350 3431 606 3470 existimans
637 3442 802 3470 novum
832 3432 917 3471 hoc
938 3433 1029 3473 fore

159 3490 427 3532 beneficium
470 3493 512 3532 in
555 3503 627 3532 me
673 3492 905 3543 collatum,
950 3505 1031 3546 par

160 3553 309 3605 utique
342 3554 442 3604 illis,
477 3554 638 3606 quibus
670 3557 760 3595 tam
789 3555 1030 3596 liberaliter

1098 1190 1171 1219 me
1203 1183 1303 1219 ante
1335 1181 1540 1229 affecisti,
1585 1195 1687 1224 cum
1719 1184 1762 1224 id
1793 1196 1974 1239 semper

1098 1245 1351 1294 spectares,
1387 1256 1440 1283 ne
1464 1244 1578 1284 dona
1612 1250 1681 1286 tua
1705 1258 1973 1301 quocunque

1097 1305 1232 1345 modo
1273 1317 1470 1357 unquam
1512 1308 1618 1347 mihi
1663 1321 1850 1352 onerosa
1894 1314 1975 1353 lie-

1097 1370 1215 1415 rent;
1249 1380 1352 1408 nam
1382 1369 1581 1421 profecto
1612 1373 1658 1410 tu
1689 1384 1975 1426 nequaquam

1098 1429 1251 1471 similis
1284 1442 1331 1471 es
1364 1431 1655 1473 Calabrorum
1686 1434 1880 1486 illorum,
1913 1440 1976 1479 vi-

1098 1504 1250 1534 rorum
1272 1505 1379 1534 sane
1410 1495 1658 1544 bonorum,
1693 1499 1774 1538 sed
1805 1499 1976 1552 politio—

1098 1556 1158 1595 ris
1187 1557 1303 1596 vitae
1335 1558 1592 1608 ignarorum
1624 1563 1737 1600 cet.»
1775 1585 1819 1590 —
1859 1563 1975 1603 locu—

1096 1619 1257 1671 pletem]
1283 1620 1373 1659 Hoc
1390 1621 1528 1661 verbo
1551 1633 1599 1661 se
1622 1624 1726 1663 satis
1749 1634 1975 1677 superque

1100 1683 1360 1722 contentum
1391 1694 1490 1724 esse
1522 1683 1665 1724 villula
1697 1697 1776 1725 sua
1812 1687 1973 1728 Sabina

1101 1744 1329 1795 significat.
1353 1768 1396 1774 —
1425 1747 1616 1799 Beniqize]
1641 1749 1809 1789 Gratias
1840 1762 1975 1801 agens

1099 1807 1270 1847 urbane
1293 1808 1458 1849 donum
1480 1810 1646 1862 hospes
1668 1814 1860 1853 recusat.
1907 1814 1976 1853 Sic

1100 1880 1310 1910 sermone
1342 1873 1590 1923 antiquiore
1623 1877 1709 1913 tam
1746 1876 1891 1925 qratia
1920 1882 1978 1917 esc

1101 1934 1167 1982 (ac
1189 1934 1224 1973 si
1245 1935 1536 1986 accepissem)
1561 1937 1603 1975 et
1624 1935 1716 1975 Itali
1738 1941 1852 1977 tante
1870 1951 1978 1990 qra—

1098 1997 1175 2036 zie.
1230 1996 1294 2037 Cf.
1325 2008 1366 2036 V.
1398 1998 1464 2037 62.
1514 1998 1650 2039 Plaut.
1681 2000 1814 2040 Stich.
1846 2001 1892 2053 3,
1926 2003 1973 2051 2,

1101 2059 1173 2098 48:
1216 2060 1375 2099 Locata
1404 2064 1463 2100 est
1491 2072 1619 2110 opera
1648 2074 1759 2102 nunc
1789 2065 1976 2114 quidem:

1099 2125 1188 2160 tam
1215 2123 1361 2173 qratia
1390 2126 1460 2161 est.
1513 2123 1721 2164 Similiter
1749 2127 1973 2179 Aristoph.

1099 2185 1205 2222 Ran.
1229 2185 1328 2223 507:
1370 2184 1464 2225 ΘΕ.
1494 2179 1607 2225 Ἀλλ’
1641 2184 1800 2228 εἴσιθι.
1833 2188 1974 2230 ΞΑΝ.

1100 2244 1343 2295 Κάλλιστ’,
1375 2246 1570 2288 ἐπαινῶ.
1615 2274 1639 2280 -
1676 2276 1700 2282 -
1738 2251 1833 2292 ΘΕ.
1865 2247 1976 2292 Ἀλλ’

1101 2306 1239 2348 εἴσιθ’
1272 2303 1351 2361 ἅμ’
1382 2310 1507 2362 ἐμοί.
1550 2310 1690 2353 ΞΑΝ.
1721 2313 1860 2355 Πάνυ
1890 2328 1978 2355 κα-

1100 2369 1207 2422 λῶς.
1236 2396 1280 2401 —-
1307 2373 1408 2412 Tam
1437 2378 1576 2413 teneor
1607 2377 1712 2426 cet.]
1747 2378 1879 2418 «Tam
1899 2377 1978 2418 ob-

1101 2434 1256 2485 ligatus
1287 2434 1362 2474 tibi
1395 2446 1496 2476 sum
1522 2437 1650 2486 dono,
1684 2438 1804 2489 quod
1825 2440 1973 2489 offers,

1101 2508 1235 2548 quam
1280 2499 1316 2537 si
1361 2498 1522 2538 eodem
1567 2503 1750 2541 onustus
1792 2502 1976 2543 domum

1100 2560 1338 2600 redirem.»
1386 2562 1657 2602 Monendum
1679 2566 1773 2604 erat
1793 2568 1978 2616 propter

1101 2622 1348 2672 quendam,
1384 2625 1458 2674 qui
1479 2626 1541 2664 sic
1563 2625 1813 2678 interpungi
1833 2628 1973 2667 iussit:

1102 2685 1201 2724 Tam
1230 2689 1394 2735 teneor,
1435 2688 1542 2726 dono
1573 2699 1700 2737 quam
1730 2691 1814 2729 cet.
1876 2691 1974 2741 Ipsa

1098 2758 1256 2788 versus
1295 2760 1481 2789 caesura
1518 2752 1659 2800 vetat,
1702 2763 1757 2791 ne
1796 2764 1835 2792 v.
1869 2754 1976 2793 dono

1098 2811 1383 2862 seiungamus
1415 2824 1436 2851 a
1459 2812 1598 2852 verbo
1629 2817 1780 2855 teneor.
1808 2839 1853 2843 —
1875 2817 1976 2857 haec

1091 2874 1234 2923 porcis
1255 2874 1357 2925 cet.]
1381 2875 1695 2926 Innocentem‚
1730 2877 1810 2917 sed
1832 2878 1975 2918 subri-

1097 2935 1289 2976 diculam
1340 2931 1590 2993 ἀγροικίαν
1648 2940 1790 2990 quivis
1849 2940 1973 2980 facile

1097 2999 1244 3038 sentit.
1283 3021 1326 3027 ⁷—
1360 3000 1490 3052 hodie]
1523 3002 1617 3040 Non
1649 3004 1714 3042 est
1756 3003 1970 3049 otiosum;

1097 3061 1176 3100 sed
1208 3061 1446 3111 significat,
1481 3063 1643 3104 diutius
1672 3065 1764 3116 pira
1796 3067 1879 3106 ista
1901 3077 1974 3106 as-

1096 3125 1267 3164 servari
1296 3135 1382 3164 non
1408 3135 1556 3176 posse.
1584 3149 1628 3153 —
1653 3127 1870 3179 relinques]
1894 3129 1974 3167 Re-

1097 3186 1193 3237 cepi
1226 3197 1343 3226 nunc
1373 3189 1557 3238 propter
1578 3188 1716 3227 Codd.
1736 3191 1973 3228 auetorita-

1094 3249 1183 3287 tem
1211 3249 1254 3287 et
1274 3249 1374 3299 quia
1395 3259 1502 3289 sane
1524 3248 1689 3290 facilius
1709 3262 1732 3289 a
1754 3250 1973 3300 negligen-

1095 3309 1278 3350 tioribus
1309 3310 1597 3362 scriptoribus
1627 3311 1814 3351 librariis
1853 3313 1972 3351 sutu—

1094 3384 1194 3412 rum
1242 3374 1286 3412 in
1333 3385 1547 3425 praesens
1590 3375 1750 3413 mutari
1800 3377 1972 3425 poterat

1096 3446 1230 3486 quam
1276 3438 1443 3476 contra.
1510 3438 1790 3486 Quamquam
1838 3447 1970 3487 prae-

1094 3508 1197 3538 sens
1240 3499 1440 3546 relinquis
1482 3498 1706 3537 efficacius
1750 3497 1969 3540 nonnullis

1094 3560 1161 3598 est
1180 3560 1343 3599 visum:
1378 3559 1597 3610 praesenti
1621 3560 1738 3600 enim
1766 3561 1967 3612 tempore
