2231 3787
780 300 876 338 [AB.
912 301 940 338 1.
1003 299 1164 338 Eptsr.
1199 300 1247 338 x.
1819 297 1923 347 479

170 435 372 503 Nempe
416 433 550 484 inter
590 431 765 484 varias
804 430 1037 482 nutritur
1075 428 1208 482 silva
1248 428 1524 482 columnas

169 534 551 605 Laudaturque
592 533 813 592 domus,
864 531 1051 603 longos
1089 549 1230 603 quae
1271 531 1530 602 prospicit
1567 548 1743 602 agros,

168 637 421 689 Naturam
463 635 701 706 expellas
743 635 914 693 furca,
957 644 1134 688 tamen
1175 650 1353 704 usque
1393 641 1661 688 recurret.

171 739 233 790 Et
270 737 408 790 mala
449 746 763 808 perrumpet
801 737 974 789 furtim
1016 735 1224 790 fastidia
1266 736 1467 789 victrix.
1859 737 1924 787 255

208 936 275 977 ⁶24.
310 936 495 986 arpenas
515 936 573 975 Sd
595 939 639 976 et·
671 938 760 975 tres
788 936 1002 982 Potticrii,
1037 936 1143 975 item
1168 935 1270 975 tFO:
1305 934 1485 984 expelles
1503 933 1644 985 bel-Zp,
1678 934 1872 974 Pottierii

157 998 377 1051 plerique,
411 998 593 1038 Bentleii
625 998 916 1038 membranae
950 999 1041 1038 sere
1065 1010 1243 1043 omnes,
1279 997 1387 1037 Cod.
1417 998 1727 1045 Lovaniensis,
1762 998 1873 1037 LCM

157 1064 200 1101 et
228 1061 466 1102 Bentleius.
516 1085 550 1089 —
585 1063 649 1101 ²25.
681 1062 852 1112 fastiqia
877 1061 1016 1102 Codd.
1041 1063 1162 1102 Torr.
1188 1065 1229 1100 et
1254 1062 1445 1100 Pottierii
1479 1060 1666 1112 aliquot,
1699 1060 1874 1111 restiyia

155 1127 363 1175 quattuor
394 1125 583 1164 Pottierii
617 1128 658 1163 et
691 1125 738 1163 C.
777 1126 836 1173 (ct
869 1136 970 1169 nos,
1007 1125 1176 1173 nostri.)

98 1285 316 1337 versatur,
340 1293 414 1329 aut
435 1289 640 1330 omnibus
658 1292 723 1330 sat
745 1293 850 1330 nota
867 1291 978 1329 est.»

99 1353 219 1392 HAxn
250 1353 373 1393 Turs.
398 1353 467 1392 IV.
492 1364 534 1404 p.
562 1353 654 1392 1157.
691 1376 724 1380 —
768 1353 876 1391 inter
900 1363 981 1391 va-

97 1415 187 1454 rias
206 1437 229 1443 —
255 1415 481 1467 columnas]
523 1415 734 1466 Loquitur
772 1414 827 1453 de
858 1414 981 1466 peri-

98 1476 227 1528 stylio
258 1480 480 1518 exstructo
512 1489 563 1516 ex
605 1476 822 1517 columnis
860 1489 982 1516 mar-

99 1540 262 1580 moreis
291 1541 413 1579 vario
434 1538 581 1579 colore
603 1539 848 1580 maculatis.
901 1540 982 1579 Se-

99 1614 208 1643 neca
238 1603 374 1654 Epist.
409 1603 512 1649 445,
546 1602 594 1642 8;
642 1614 718 1641 nos
747 1602 981 1654 (delectant)

96 1666 326 1718 ingentium
352 1665 546 1704 maculae
565 1666 870 1705 columnarum.
915 1665 978 1706 Cf.

99 1728 153 1769 ad
184 1728 262 1769 Od.
288 1729 333 1775 Ξ,
368 1729 441 1776 48,
475 1727 514 1767 3.
543 1751 588 1756 -—
620 1728 821 1780 nutritur]
852 1739 979 1768 “cum

98 1802 274 1833 summo
296 1791 441 1832 studio
464 1789 660 1830 colitur.»
684 1813 727 1818 —
753 1791 871 1843 silva]
896 1792 983 1830 «vi-

1044 1288 1214 1328 futuris.
1266 1287 1553 1327 Enuntiatum
1593 1290 1745 1327 autem
1782 1288 1928 1340 mpo—

1044 1351 1258 1391 theticum
1289 1350 1361 1389 hic
1391 1349 1528 1390 multo
1560 1351 1705 1402 aptius
1737 1353 1824 1397 est,
1860 1354 1927 1389 at-

1044 1425 1131 1466 que
1154 1413 1316 1453 eadem
1347 1414 1675 1453 constructione
1697 1412 1775 1453 Od.
1801 1412 1849 1459 4,
1883 1413 1923 1455 4.

1045 1477 1113 1516 66.
1146 1487 1254 1516 usus
1277 1478 1363 1516 est:
1387 1467 1592 1515 ‘Lucteres
1614 1498 1633 1504 -
1651 1480 1860 1525 -proruet
1879 1497 1930 1504 ·--

1042 1540 1254 1579 victorem.
1318 1539 1461 1578 «Licet
1502 1540 1707 1578 naturam
1751 1548 1927 1578 summa

1043 1602 1086 1641 vi
1131 1603 1174 1641 et
1218 1599 1496 1641 callidissima
1537 1602 1631 1640 arte
1673 1601 1928 1652 opprimere

1045 1665 1235 1712 coneris,
1256 1667 1406 1704 tamen
1428 1666 1581 1704 manet
1601 1664 1760 1703 invicta
1779 1674 1930 1703 suum·

1045 1739 1131 1778 que
1150 1729 1215 1767 ius
1234 1726 1316 1767 sibi
1332 1726 1569 1766 vindicat.»
1605 1727 1771 1766 Seneca
1789 1726 1926 1777 Epist.

1046 1791 1145 1839 41¹9,
1179 1792 1225 1830 2:
1267 1791 1437 1829 Natura
1466 1793 1696 1828 contumat-
1725 1792 1808 1827 est:
1847 1800 1930 1827 non

98 1853 311 1894 ridarium
330 1852 560 1905 peristylio
577 1855 814 1894 cinctum.»
839 1853 917 1893 Od.
939 1853 977 1900 3,
1037 1857 1170 1904 potest
1190 1853 1321 1899 vinci,·
1352 1863 1473 1891 suum
1497 1852 1643 1901 poscit.
1686 1852 1838 1890 Iuven.
1861 1850 1927 1897 ⁴3,

100 1917 166 1965 40,
189 1918 213 1956 5
235 1926 302 1967 sq.
337 1916 468 1956 Corn.
488 1917 598 1968 Nep.
618 1918 702 1956 Att.
724 1916 797 1965 43,
822 1917 860 1956 ⁶2.
898 1918 981 1966 (At-

99 1979 173 2019 tici
201 1978 375 2028 domus)
406 1980 638 2018 amoenitas
667 1990 747 2018 non
769 1979 978 2030 aedificio,

10 2041 22 2050 “
97 2042 167 2081 sed
184 2041 291 2080 silva
310 2040 538 2080 constabat.
580 2040 687 2081 Plin.
710 2042 821 2093 Epp.
845 2043 894 2089 5,
929 2041 976 2088 6,

98 2103 173 2143 20:
221 2103 362 2142 diaeta
381 2125 405 2131 -
425 2126 448 2132 -
467 2104 595 2154 cingit
625 2104 831 2152 areolam,
874 2115 982 2153 quae

99 2169 300 2215 quattuor
320 2166 509 2214 platanis
538 2165 820 2204 inumbratur.
869 2166 982 2205 Inter

98 2229 174 2267 has
207 2239 445 2267 nim-morea
482 2227 601 2267 labro
639 2238 755 2277 aqua
794 2229 984 2267 exundat

99 2291 466 2339 circumiectasque
497 2291 696 2340 platanos
727 2295 766 2330 et
799 2291 983 2330 subiecta

94 2353 284 2404 platanis
314 2351 531 2403 (violaria,
571 2353 751 2403 rosaria)
784 2353 864 2392 leni
899 2353 982 2392 ad-

98 2416 290 2467 speryine
317 2416 438 2465 fovet.
490 2415 745 2455 Pseudotib.
769 2416 815 2464 3,
840 2416 887 2464 3,
913 2417 977 2455 45:

100 2479 156 2518 Et
186 2489 360 2517 nemora
399 2478 441 2516 in
481 2478 667 2517 domibus
704 2489 847 2517 sacros
884 2479 982 2517 imi-

101 2541 238 2580 tantia
265 2540 391 2579 lucos.
443 2541 614 2580 Seneca
632 2542 839 2581 controv.
859 2541 907 2589 5,
932 2542 977 2580 5:

101 2605 220 2644 Intra
256 2603 449 2655 aedificia
485 2607 626 2642 vestra
662 2604 797 2642 undas
835 2607 874 2642 et
907 2614 983 2642 ne-

100 2677 224 2706 mora
275 2665 630 2715 comprehenditis.
702 2665 766 2705 Cf.
813 2665 984 2705 Becker

104 2729 251 2769 Gallus
272 2727 357 2779 (ed.
378 2727 467 2778 alt.)
490 2729 537 2767 11.
563 2739 608 2779 p.
634 2728 727 2768 486.
756 2751 802 2757 —-
825 2727 982 2780 longos]

105 2789 215 2831 «late
247 2792 448 2830 extentos
486 2791 530 2829 in
559 2789 685 2832 Urbis
714 2791 874 2831 vicinia
903 2801 986 2842 per

104 2864 259 2904 agrum
296 2854 596 2899 Romanum,»
636 2852 740 2893 olim
770 2852 986 2893 fertilissi—

104 2925 249 2962 mum,
281 2925 399 2954 nunc
427 2925 566 2966 prope
597 2914 812 2956 incultum
834 2927 886 2956 ac
906 2927 986 2955 va-

106 2979 239 3017 stum.
276 2998 321 3003 —
346 2977 564 3028 prospicit]
601 2979 744 3017 Etiam
779 2979 823 3018 in
850 2989 985 3030 prosa

107 3038 322 3078 oratione.
384 3037 547 3078 Plinius
567 3040 677 3090 Epp.
712 3041 762 3087 2,
796 3041 871 3090 ⁴7,
906 3041 981 3080 ⁴2:

108 3099 328 3148 CoenatiO,
389 3111 497 3149 quae
551 3100 798 3141 latissimum
838 3113 982 3152 mare,

107 3162 391 3214 lonqissimum
418 3161 535 3210 litus,
567 3163 878 3203 amoenissimas
903 3164 986 3204 vil-

106 3225 172 3265 las
193 3224 408 3275 prospicit.
459 3224 629 3263 Seneca
658 3225 793 3275 Epist.
823 3226 899 3275 86,
932 3227 982 3265 7:

106 3298 217 3327 nunc
245 3285 448 3325 blattaria
465 3289 615 3324 vocant
642 3284 813 3335 balnea,
834 3307 855 3314 -
868 3309 888 3315 -
906 3288 988 3326 nisi

109 3359 163 3388 av
187 3349 291 3389 solio
319 3359 447 3400 agros
475 3351 512 3388 et
541 3347 683 3386 maria
703 3348 983 3398 prospiciunt.

164 3474 232 3515 24.
267 3475 335 3514 25.
380 3474 592 3513 Naturam
629 3472 814 3522 appellas
846 3471 986 3525 furca]

113 3537 260 3575 Lectio
300 3536 494 3586 expelles·
517 3536 612 3574 orta
656 3536 722 3574 est
766 3545 819 3573 ex
856 3544 983 3584 seqq.

1046 1916 1148 1956 239:
1183 1919 1322 1954 tamen
1351 1915 1408 1953 ad
1435 1925 1571 1953 mores
1601 1917 1760 1952 natura
1789 1923 1932 1952 recur-

1044 1980 1100 2019 rit
1130 1979 1385 2026 Damnatos,
1416 1979 1510 2029 selca
1529 1981 1567 2016 et
1594 1976 1754 2015 mutari
1776 1975 1927 2014 nescia.

1043 2042 1119 2081 Est
1157 2043 1308 2080 autem
1345 2040 1470 2090 furca
1504 2039 1711 2089 expellere
1747 2038 1931 2088 aliquem

1043 2101 1336 2155 proverbialis
1364 2101 1527 2141 locutio
1559 2112 1640 2152 pro
1663 2110 1848 2152 «aspere
1869 2102 1933 2138 at—

1045 2177 1132 2217 que
1163 2165 1455 2216 ignominiose
1487 2162 1725 2203 exturbare
1766 2164 1811 2202 et
1850 2162 1932 2201 eii-

1046 2239 1193 2267 cere.»
1242 2227 1467 2278 Aristopb.
1510 2228 1599 2266 Pax
1630 2225 1735 2265 637:
1781 2219 1931 2276 Τήνδε

1044 2289 1134 2342 μὲν
1163 2287 1348 2346 δικροῖς
1377 2285 1566 2329 ἐώθουν
1596 2283 1684 2339 τὴν
1712 2283 1830 2327 θεὸν
1859 2298 1932 2325 κε-

1046 2351 1338 2408 κράγμασιν.
1399 2350 1555 2391 Catull.
1598 2351 1698 2389 405:
1744 2349 1932 2389 Mentula

1045 2422 1224 2455 conatur
1259 2415 1518 2464 Pimplaeum
1555 2413 1775 2452 ascendere
1809 2423 1932 2451 mon-

1046 2482 1152 2517 tem:
1181 2479 1328 2517 Musae
1355 2476 1534 2528 furcillis
1556 2475 1831 2525 praecipitem
1861 2475 1933 2514 eii-

1045 2541 1172 2579 ciunt.
1226 2539 1317 2579 Cic.
1343 2538 1397 2578 ad
1428 2540 1515 2578 Att.
1544 2538 1616 2585 42,
1648 2538 1694 2584 Ξ,
1728 2536 1774 2577 4:
1818 2537 1931 2586 Quo-

1045 2603 1161 2643 niam
1197 2601 1371 2653 s‘urcilla
1409 2601 1700 2649 extrudimur,
1745 2599 1931 2638 Brundi-

1045 2667 1153 2705 sium
1199 2665 1347 2716 coyito.
1403 2686 1447 2692 —
1502 2661 1675 2714 furtim]
1727 2662 1930 2700 «ratione

1048 2728 1175 2780 quasi
1205 2726 1502 2773 clandestina,
1535 2726 1583 2764 ut
1608 2723 1834 2775 quomodo
1856 2723 1933 2763 fiat

1046 2791 1115 2830 vix
1149 2788 1501 2835 animadvertas,
1542 2785 1612 2826 illa
1643 2786 1828 2826 divitum
1866 2785 1932 2825 fa-

1048 2853 1176 2893 stidia
1204 2861 1419 2903 perversa
1450 2852 1494 2889 et
1528 2851 1712 2889 naturae
1751 2850 1932 2889 contra-

1046 2916 1111 2955 ria
1140 2915 1295 2961 vincit,
1343 2913 1542 2964 ipsique,
1590 2912 1875 2963 quantumvis
1905 2922 1929 2950 a

1047 2975 1236 3028 simplici
1282 2976 1370 3014 vita
1426 2975 1720 3023 recesserint,
1782 2975 1932 3012 tamen

1048 3038 1285 3090 aliquando
1316 3035 1385 3077 vel
1414 3037 1537 3076 inviti
1566 3036 1623 3076 ad
1653 3047 1753 3076 eam
1782 3035 1930 3074 redire

1048 3103 1308 3153 coguntur.»
1373 3097 1517 3139 Schol.
1560 3099 1695 3149 antiq.
1738 3097 1929 3138 Barthii:

1050 3165 1239 3204 «Natura
1268 3162 1535 3214 sapientior,
1567 3161 1722 3213 paucis
1753 3161 1932 3199 conten-

1048 3229 1112 3274 ta,
1144 3225 1293 3264 vincet
1322 3234 1374 3263 ac
1395 3221 1625 3263 damnabit-
1654 3221 1930 3262 fastidiosam

1046 3287 1267 3328 luxuriem
1311 3284 1497 3325 divitum
1549 3283 1762 3335 pleraque
1813 3279 1927 3321 male

1048 3348 1403 3400 appetentium.»
1467 3347 1635 3386 Seneca
1680 3345 1814 3395 Epist.
1853 3343 1927 3389 90,

1051 3411 1124 3450 ⁴6:
1155 3411 1217 3450 Ad
1229 3413 1393 3460 parata
1407 3409 1497 3448 nati
1517 3418 1656 3447 sumus
1666 3419 1679 3444 .·
1701 3417 1774 3444 nos
1789 3405 1931 3444 omnia.

1049 3472 1165 3511 nobis
1193 3472 1383 3524 difficilia
1409 3470 1597 3521 facilium
1625 3467 1840 3518 fastidio
1868 3466 1930 3517 fc-

1050 3545 1193 3572 cimus.
