2231 3787
241 173 341 226 778

311 307 385 359 Ex
424 304 593 360 oculis
634 321 835 365 rorem,
878 304 1058 367 saliet,
1101 304 1288 359 tundet
1324 304 1465 375 pede
1505 312 1717 357 terram.

1045 174 1258 216 HORATII

1953 304 2055 357 430

309 395 530 479 Ut,‘qui
571 407 820 462 conducti
860 406 1070 479 plorant
1107 407 1159 458 in
1196 406 1407 467 funere,
1449 404 1633 458 dicunt

307 509 369 562 Et
407 509 604 564 faciunt
640 526 811 581 prope
850 508 1005 579 plura
1042 506 1347 560 dolentibus
1387 523 1453 560 ex
1491 506 1694 567 animo,
1737 505 1816 560 sic

308 611 530 665 Derisor
567 628 697 665 vero
736 609 856 681 plus
896 608 1175 662 laudatore
1212 615 1474 661 movetur.

307 715 479 784 Reges
519 712 767 765 dicuntur
804 709 983 764 multis
1022 727 1218 781 urgere
1257 708 1465 765 culullis

308 817 369 868 Et
407 823 662 884 torquere
701 829 878 874 mero,
921 829 1084 883 quem
1122 812 1468 883 perspexisse
1500 811 1765 875 laborant,

1956 814 2057 866 435

345 965 438 1006 431.
479 965 533 1009 Ill
562 975 668 1014 quac
704 963 931 1002 con-ductae
965 963 1264 1002 Kirchmanno
1301 962 1483 1001 auctore
1518 962 1561 1001 F.
1600 984 1644 989 —
1681 960 1776 1002 434.
1810 962 2005 1003 dicuntur

290 1040 366 1068 cur
393 1039 563 1079 surpere
592 1027 672 1066 cui.
697 1026 777 1065 illis
806 1025 925 1064 multi
957 1024 1046 1075 (sic)
1079 1026 1125 1064 B.
1164 1048 1208 1053 —-
1242 1024 1335 1065 435.
1362 1024 1629 1074 prospeaeisse
1659 1035 1683 1064 e
1716 1023 1856 1064 Codd.
1881 1025 1925 1064 F.
1955 1048 2000 1053 -

288 1090 475 1130 laborent
502 1089 632 1130 BETc
662 1090 706 1128 et
736 1099 800 1140 pr.
824 1087 869 1136 b,
902 1088 1010 1127 item
1042 1086 1180 1138 Ct.(Ut
1208 1097 1304 1136 nos,
1337 1086 1396 1126 Sd
1428 1088 1473 1126 et
1503 1096 1617 1127 corr.
1640 1085 1686 1126 b.
1721 1087 1796 1126 «In
1826 1085 2002 1128 duobus

291 1152 394 1193 solis
423 1153 571 1205 reperi
610 1151 819 1200 laborent,
866 1160 1058 1201 quorum
1096 1149 1140 1188 in
1180 1160 1269 1189 uno
1307 1149 1595 1190 emendatum
1636 1151 1730 1190 erat
1766 1149 2002 1190 laborant.»

288 1215 459 1265 Bssx‘ri..)
493 1237 537 1243 —
571 1213 665 1255 437.
697 1213 842 1264 fallent
871 1212 951 1253 Bb.
986 1212 1050 1264 (Ut
1079 1223 1181 1261 nos,
1217 1212 1351 1252 STcd.
1384 1214 1433 1253 ln
1462 1213 1494 1252 E
1524 1223 1738 1253 versuum
1772 1211 2000 1253 433-453.

234 1349 357 1397 dare,
389 1359 569 1387 manare
592 1346 761 1397 poetica
787 1345 914 1386 mella
938 1345 1049 1396 Epp.
1074 1345 1114 1394 4,

237 1413 311 1461 ⁴9,
342 1411 409 1452 44.
446 1434 491 1439 -—
523 1412 593 1450 Ea:
628 1410 758 1449 oculis
783 1407 943 1460 rorem]
989 1407 1113 1448 ovid.

235 1476 336 1515 Met.
364 1473 436 1523 44,
468 1473 569 1513 708:
615 1472 809 1512 madidas
839 1471 1119 1511 lacrimarum

235 1548 331 1577 rore
359 1547 552 1576 coronas.
580 1556 623 1563 -
649 1535 791 1574 tundet
811 1534 918 1584 pede
942 1531 1114 1583 terram]

237 1599 301 1640 Cf.
336 1598 414 1638 Od.
439 1599 488 1647 3,
520 1598 592 1645 ⁴8,
626 1599 697 1637 45:
746 1597 911 1637 Gaudet
938 1596 1116 1635 invisam

230 1662 435 1713 pepulisse
461 1661 595 1712 fossor
627 1661 701 1699 Ter
726 1660 828 1710 pede
857 1663 1029 1699 terram.

291 1723 494 1764 431-433.
528 1724 599 1773 qui
619 1723 812 1762 conducti
829 1722 1016 1772 plorant]
1050 1722 1117 1761 Si-

236 1787 500 1837 gnificantur
542 1785 764 1837 praeficae
787 1817 794 1834 ,
853 1784 907 1824 de
953 1783 1116 1834 quibus

236 1850 390 1889 Festus
409 1862 416 1888 :
449 1850 658 1900 Praeficae
679 1848 887 1887 dicuntur
906 1846 1116 1887 mulleres

236 1911 293 1950 ad
322 1910 657 1950 lamentandum
693 1912 918 1950 mortuum
951 1909 1118 1949 condu-

238 1976 364 2021 ctae,
416 1984 530 2024 quae
575 1973 681 2012 dant
725 1973 885 2012 ceteris
930 1972 1114 2012 modum

235 2035 490 2087 plangendi,
515 2036 639 2086 quasi
661 2035 703 2074 in
725 2035 811 2074 hoc
828 2035 975 2086 ipsum
993 2045 1119 2084 prae-

235 2098 380 2148 fectae.
427 2098 645 2137 Naevius:
690 2098 804 2136 Haec
834 2097 999 2147 quidem
1026 2108 1117 2136 me-

239 2161 395 2209 hercle,
424 2161 593 2210 opinor,
612 2161 801 2211 praefica
822 2163 900 2208 est,
935 2170 1041 2209 quae
1060 2160 1117 2198 sic

234 2227 447 2263 mortuum
485 2222 709 2261 collauda-t.
764 2221 970 2261 Similiter
1002 2223 1116 2261 Acro

237 2287 282 2325 et
300 2285 481 2331 Nonius,
503 2285 575 2335 qui
594 2284 721 2323 affert
732 2283 870 2324 verba
885 2282 1033 2324 Lucilii
1046 2284 1112 2333 22,

238 2349 252 2386 ’1
273 2359 281 2385 t
314 2348 500 2387 mercede
519 2357 627 2395 quae
648 2347 882 2387 Conductae
899 2348 999 2398 flent
1019 2347 1118 2386 alie-

236 2423 288 2450 no
320 2410 363 2449 in
390 2410 535 2461 funere
558 2410 791 2461 practicae,
824 2410 955 2449 Multo
984 2414 1023 2449 et
1048 2421 1118 2450 ca-

230 2474 354 2525 pillos
380 2473 571 2512 scindunt
590 2476 627 2512 et
646 2472 831 2511 clamant
849 2473 998 2523 magis.
1038 2474 1119 2512 Ge-

236 2548 344 2577 nere
376 2537 525 2575 autem
555 2533 800 2575 masculino
822 2535 987 2574 infinite
1009 2546 1116 2575 usus

236 2599 414 2639 videtur
433 2599 578 2650 poeta,
598 2599 646 2636 ut
666 2598 907 2637 mutatione
927 2609 950 2637 a
967 2598 1118 2637 Kirch-

236 2672 400 2702 manno
431 2662 474 2700 et
499 2659 754 2700 Marklando
779 2661 1004 2712 proposita
1031 2662 1117 2700 mi—

238 2726 356 2764 nime
395 2734 510 2774 opus
549 2723 617 2761 sit.
677 2722 739 2762 Cf.
774 2723 944 2762 Becker
973 2724 1118 2764 Gallus

1181 1344 1251 1384 Sic
1279 1342 1501 1396 Eupolidis
1533 1340 1683 1395 κόλαξ
1713 1343 1832 1395 apud
1860 1345 2059 1386 Meineke

1181 1408 1401 1458 Fragmm.
1439 1407 1562 1447 Com.
1594 1408 1645 1446 II.
1678 1417 1722 1458 p.
1747 1405 1851 1447 484:
1883 1402 1988 1448 Κᾶν
2016 1420 2061 1448 τι

1180 1466 1302 1526 τύχῃ
1321 1467 1469 1522 λέγων
1492 1465 1519 1508 ὁ
1542 1464 1768 1519 πλούταξ,
1787 1465 1911 1511 πάνυ
1932 1468 2059 1512 τοῦτ’

1181 1529 1359 1572 ἐπαινῶ
1404 1531 1500 1571 Καὶ
1540 1528 1939 1585 καταπλήττομαι
1978 1531 2061 1573 δο-

1180 1592 1279 1634 κῶν
1308 1599 1436 1634 τοῖσι
1465 1590 1656 1648 λόγοισι
1685 1596 1883 1652 χαίρειν.

1237 1656 1440 1698 434-437.
1464 1658 1602 1709 Reyes]
1616 1659 1826 1709 utsaepe,
1841 1656 2064 1710 «locuple-

1181 1722 1293 1760 tes.»
1318 1719 1381 1760 Cf.
1402 1721 1489 1759 Sat.
1511 1720 1683 1769 11‚2,86.
1703 1743 1749 1748 —
1766 1732 1919 1772 urgere
1932 1722 2064 1761 culul—

1178 1783 1240 1835 lis]
1259 1782 1357 1822 Vid.
1373 1782 1429 1821 ad
1446 1782 1579 1831 Od.l,
1603 1782 1669 1831 34,
1694 1783 1760 1822 Μ.
1784 1781 2002 1823 Timocles
2018 1784 2062 1824 in

1181 1846 1314 1885 Grotii
1336 1846 1438 1885 Exc.
1462 1856 1506 1897 p.
1527 1845 1628 1884 693:
1661 1841 1869 1897 Πατάξω
1891 1847 1930 1885 τ’
1953 1843 2062 1886 ἴσον

1180 1905 1270 1961 ’ἴσῳ
1315 1908 1565 1964 ποτηρίοις
1592 1904 1832 1961 Μεγάλοις
1864 1901 2062 1948 ἅπασαν

1179 1967 1268 2023 τὴν
1285 1966 1518 2022 ἀλήθειαν
1535 1967 1737 2027 φράσαι.
1762 1971 1956 2012 Grotius:
1989 1973 2064 2011 Po-

1180 2038 1273 2073 tans
1295 2045 1381 2083 par
1394 2033 1497 2083 pari
1515 2032 1678 2084 uryeb
1691 2044 1714 2072 o
1733 2033 1875 2072 virum
1894 2035 2063 2086 Magnis

1181 2096 1422 2143 culullis,
1467 2107 1615 2136 verum
1642 2099 1689 2135 ut
1717 2107 1836 2136 omne
1864 2097 2059 2137 enuntiet.

1185 2183 1230 2187 —
1255 2159 1461 2209 torquere]
1484 2161 1533 2198 ut
1552 2156 1830 2209 βασανίζειν
1844 2189 1855 2208 ,
1889 2159 2063 2212 «explo-

1180 2233 1325 2262 rare.»
1357 2222 1467 2273 Epp.
1492 2222 1531 2270 4,
1556 2222 1622 2271 48,
1647 2221 1721 2262 38:
1754 2225 1791 2262 et
1813 2222 1910 2261 vino
1931 2226 2064 2262 tortus

1180 2288 1218 2324 et
1246 2285 1329 2323 ira.
1381 2283 1598 2335 Lepidum
1636 2282 1891 2336 exemplum
1929 2296 2062 2337 prae-

1180 2346 1258 2386 bet
1287 2347 1466 2386 Sueton.
1501 2345 1645 2385 Tiber.
1680 2345 1754 2386 42:
1797 2347 1992 2397 Princeps
2018 2349 2064 2388 in

1178 2409 1271 2459 ipsa
1308 2409 1572 2459 publicorum
1607 2419 1773 2448 morum
1811 2411 2064 2451 correctione

1180 2483 1274 2511 cum
1315 2471 1540 2521 Pomponio
1576 2471 1724 2510 Flacco
1768 2475 1806 2511 et
1837 2473 1883 2511 L.
1920 2474 2064 2514 Pisone

1180 2539 1339 2574 noctem
1381 2534 1703 2584 continuumque
1746 2533 1916 2575 biduum
1959 2546 2062 2586 epu-

1180 2598 1306 2637 lando
1338 2598 1605 2647 potandoque
1639 2598 1915 2646 consumpsil‚·
1956 2609 2062 2648 quo-

1180 2671 1276 2699 rum
1297 2659 1421 2698 alteri
1442 2659 1613 2708 Syriam
1626 2659 1908 2708 provinciam,
1940 2660 2063 2700 alteri

1174 2722 1493 2773 praefecturam
1517 2721 1635 2760 Urbis
1662 2720 1873 2771 confestim
1902 2722 2060 2773 detulit,

240 2787 324 2836 (ed.
350 2784 438 2835 alt.)
461 2786 530 2824 Ill.
554 2795 598 2836 p.
623 2785 718 2824 279.
753 2785 1019 2836 Corruptum
1042 2797 1118 2825 au·
1179 2784 1378 2823 codicillis
1407 2794 1568 2832 quoque
1588 2783 1903 2823 iucundissimos
1922 2787 1959 2823 el
1978 2796 2064 2825 om-

237 2852 328 2888 tem
362 2858 461 2887 esse
493 2848 677 2898 apparet
707 2847 750 2886 in
783 2848 937 2898 primis
967 2847 1117 2888 verbis
1178 2847 1295 2885 nium
1332 2846 1537 2885 horarum
1575 2846 1732 2884 amicos
1752 2846 1977 2896 professus.
2013 2870 2059 2875 —

236 2910 552 2961 Porphyrionis
583 2907 802 2949 scholion:
839 2909 1119 2949 «Alexandri-

237 2984 289 3012 ae
311 2970 451 3011 obolis
474 2971 795 3019 conducuntur,
820 2972 895 3022 qui
916 2974 1117 3012 mortuos

237 3036 395 3082 fleant,
443 3034 486 3072 et
527 3033 614 3073 hoc
650 3036 741 3072 tam
770 3033 900 3072 valde
936 3033 1113 3083 faciunt,

237 3099 286 3137 ut
328 3095 384 3135 ab
428 3095 734 3146 ignorantibus
778 3094 950 3135 illorum
981 3095 1115 3136 fuisse

240 3158 505 3207 credantur,
539 3158 611 3208 qui
644 3157 931 3197 efferuntur.»
959 3179 1002 3185 —
1037 3159 1118 3198 De-

237 3221 361 3273 risor]
393 3217 552 3277 εῗρων,
600 3217 734 3260 falsus
764 3218 979 3259 laudator.
1028 3219 1112 3260 Cfr.

239 3284 348 3334 Epp.
382 3284 430 3331 4,
470 3282 544 3331 48,
583 3282 647 3321 Η.
688 3304 727 3310 -
770 3281 976 3333 movetur]
1025 3284 1117 3323 «si—

239 3344 450 3384 mulatam
488 3345 622 3384 animi
657 3344 1002 3384 commotionem
1038 3357 1117 3385 ex-

241 3408 378 3447 ternis
422 3407 554 3458 signis
600 3406 848 3458 exprimere
888 3408 1116 3447 conatur.»

1174 2908 1434 2959 perspexisse
1459 2907 1666 2958 labora-nt]
1700 2909 1907 2959 «penitus
1929 2919 2060 2950 nosse

1180 2970 1474 3009 vehementer
1494 2970 1720 3021 cupiunt.»
1761 2970 1855 3010 «Sic
1880 2972 1927 3010 tu
1949 2981 2062 3022 quo-

1182 3042 1268 3082 que
1288 3046 1325 3080 ,n
1357 3032 1519 3082 inquit,
1570 3030 1834 3082 «diligenter
1864 3031 2058 3083 explora,

1179 3095 1331 3132 utrum
1361 3104 1463 3133 cum
1494 3092 1749 3133 simulatore
1777 3093 1856 3133 tibi
1886 3102 1958 3133 res
1987 3095 2057 3142 sit,

1181 3169 1236 3198 an
1269 3169 1372 3197 cum
1402 3158 1546 3198 amico
1586 3158 1806 3198 sincero.»
1855 3158 1919 3197 De
1955 3169 2061 3210 per-

1181 3220 1295 3260 fecto
1326 3214 1565 3276 ἀορίστως
1592 3221 1737 3272 posito
1768 3219 1881 3260 conf.
1915 3231 1957 3259 v.
1989 3220 2055 3261 98.

1187 3305 1227 3311 —
1261 3282 1337 3333 An]
1371 3281 1433 3322 Cf.
1463 3293 1504 3320 v.
1536 3281 1630 3322 462.
1671 3303 1717 3310 -—
1747 3281 1820 3320 sub
1847 3281 1965 3331 volpe
1993 3282 2060 3321 la-

1180 3345 1320 3395 tentes]
1352 3343 1519 3384 «dolosi
1549 3354 1601 3384 ac
1633 3342 1873 3396 duplices.»
1909 3344 2060 3383 Archi-

1181 3406 1335 3448 lochus
1365 3418 1408 3459 p.
1435 3407 1526 3447 469.
1561 3406 1682 3447 Lieb.
1706 3417 1749 3458 p.
1775 3405 1868 3446 485.
1892 3405 2052 3458 Bergk:
