2231 3787
852 221 950 259 12113.
985 221 1015 258 1.
1083 220 1170 258 sat.
1203 220 1252 257 ιι.
1895 215 1961 265 25

138 353 350 424 Quippe
388 352 653 423 benignus
693 359 820 405 crat.
898 350 1091 403 Contra
1135 349 1242 407 liic,
1285 366 1352 401 ne
1392 347 1650 418 prodigus
1689 363 1811 400 esse

139 456 359 509 Dicatur
394 462 665 515 metuens,
710 452 853 523 inopi
896 451 1026 505 dare
1068 450 1197 504 nolit
1235 450 1433 511 amic0,
1933 450 1963 499 5

139 557 328 628 Frigus
369 574 477 628 quo
518 555 820 625 duramque
861 555 1054 607 samem
1093 551 1400 623 propellere
1440 552 1625 622 possit.

139 661 293 712 Hunc
333 658 376 711 si
416 656 779 729 perconteriS,
823 656 906 709 avi
948 673 1044 709 cur
1083 663 1244 725 atque
1284 654 1520 725 parentis

139 760 479 815 Praeclaram
518 759 723 830 ingrata
762 758 986 829 stringat
1016 755 1189 809 malus
1230 755 1464 826 ingluvie
1504 772 1643 817 rem,

251 905 337 943 Sat.
371 905 422 943 ΙΙ.
484 904 522 942 6.
565 903 762 954 depellere
797 902 885 942 LCt
922 903 965 942 et
994 898 1134 940 Bentl.
1175 911 1198 939 e
1235 899 1372 939 Codd.
1411 900 1579 950 (atque,
1627 900 1674 938 ut
1711 898 1909 945 videtur,

196 978 352 1006 omnes
383 966 591 1006 Pottierii.
655 968 705 1008 Ut
735 976 838 1013 nOS,
876 964 1061 1016 BbScdp
1093 966 1137 1004 et
1169 965 1337 1004 «maior
1365 975 1495 1017 pars»
1519 963 1658 1005 Codd.
1683 963 1838 1013 Bentl.)
1867 986 1910 991 —

197 1031 235 1069 8.
268 1030 448 1081 strinqat
477 1028 588 1069 >ven-3·
623 1029 807 1080 inqlurle
840 1028 917 1079 (sic
950 1028 1056 1078 fere)
1088 1029 1135 1067 B.

142 1156 360 1206 Inscriptt.
396 1166 454 1194 m.
479 1155 570 1194 Lat.
605 1156 655 1193 N.
680 1153 803 1194 4075.
829 1152 905 1201 al.,
950 1153 1027 1192 EX

141 1219 184 1258 S.
220 1219 262 1258 C.
297 1218 454 1259 COIRE
482 1216 722 1257 LICEBAT.
749 1216 1023 1266 —plzarma—

142 1281 338 1332 eopolae]
387 1278 702 1319 circulatorum
746 1289 913 1329 genus,
966 1278 1021 1317 de

143 1355 231 1395 quo
264 1344 369 1383 Cato
401 1341 520 1393 apud
544 1340 648 1381 Gell.
674 1342 719 1390 4,
755 1342 828 1389 45,
862 1341 912 1380 9:
944 1341 1026 1380 ›lta-

144 1418 221 1458 que
258 1407 326 1457 (M.
362 1403 574 1454 Caelium)
608 1404 787 1452 auditis,
835 1415 916 1443 non
943 1415 1025 1442 au-

142 1469 350 1517 scultatis,
384 1471 601 1516 tamquam
622 1466 1021 1517 pharmacopolam,

142 1543 244 1571 nam
282 1531 370 1570 eius
409 1530 539 1569 verba
581 1530 834 1578 audiuntur,
879 1539 1026 1568 verum

145 1595 181 1634 el
209 1605 249 1634 se
278 1605 396 1633 nemo
434 1593 670 1642 committit,
716 1593 750 1632 sl
788 1603 914 1644 aeqer
951 1595 1022 1631 est.

148 1678 191 1686 —
217 1655 409 1707 Mendici]
433 1655 650 1695 Videntur
671 1654 848 1704 harioli,
881 1655 1022 1703 Isiaci,

146 1717 251 1758 Galli
284 1717 493 1769 (Cybelae
525 1718 807 1767 sacerdotes,
839 1729 1025 1774 μητρα-

145 1778 342 1838 γύρται),
376 1781 562 1821 fortasse
595 1781 730 1820 etiam
760 1780 927 1820 Iudaei.
961 1781 1029 1819 Iu—

143 1857 245 1885 ven.
270 1846 318 1893 6,
355 1843 458 1884 543:
504 1844 719 1884 Arcanam
750 1845 909 1883 Iudaea
942 1848 1029 1883 tre-

145 1919 260 1947 mens
301 1907 508 1947 mendicat
548 1908 593 1946 in
637 1918 786 1946 aurem
822 1908 1030 1956 Interpres

146 1972 283 2022 lequm
326 1970 596 2019 Solymarum
638 1971 724 2010 cet.
787 1969 1029 2009 «Bettel-

140 2034 462 2084 propheten.»
499 2056 544 2061 ——
565 2032 732 2082 mimae]
761 2031 1030 2071 «muliercu-

146 2095 215 2136 lae
249 2094 555 2146 gesticulariae
587 2095 630 2133 in
662 2094 809 2134 mimis
833 2096 876 2134 et
897 2093 1030 2134 salta-

148 2157 376 2206 triculae,»
399 2159 448 2197 ut
468 2158 526 2196 ait
549 2156 653 2196 Gell.
676 2157 713 2206 4,
738 2158 777 2205 5,
803 2157 860 2206 3.,
885 2157 1032 2196 cuius-

149 2221 271 2261 modi
319 2222 415 2259 erat
464 2220 698 2270 Cytheris,
749 2221 805 2260 M.
856 2219 1031 2259 Antonii

151 2284 316 2331 amica,
361 2283 450 2322 Cic.
482 2281 539 2321 ad
568 2283 654 2322 Att.
690 2282 762 2331 40,
798 2282 873 2329 40,
905 2283 945 2322 5.
983 2304 1027 2310 —

151 2345 409 2394 balatrones]
444 2344 731 2384 «Balatrones
775 2346 819 2383 et
862 2343 1031 2383 blateas

151 2406 294 2447 bullas
333 2405 410 2446 luti
449 2418 501 2446 ex
540 2405 771 2446 itineribus
802 2407 875 2444 aut
912 2405 1033 2456 quod

153 2471 207 2510 de
231 2468 640 2509 calceamentorum
662 2466 794 2508 soleis
817 2467 1029 2514 eraditur,

153 2531 480 2584 appellabant.»
517 2532 686 2571 Fnsrus.
728 2530 795 2570 Ad
818 2541 954 2580 quem
975 2527 1035 2568 lo-

154 2606 257 2635 cum
279 2595 326 2634 C.
347 2594 394 2634 O.
415 2592 587 2634 Miiller:
616 2592 732 2632 «Alia
749 2593 1035 2644 antiquorum

153 2657 547 2709 grammaticorum
568 2656 965 2707 interpretamenta
978 2654 1039 2694 af-

154 2720 238 2760 fert
266 2721 490 2770 Interpres
513 2718 716 2769 Cruquii,
751 2718 827 2768 qui
855 2717 1038 2757 blatero—

153 2793 224 2822 nes
254 2792 331 2821 eos
367 2780 548 2832 proprie
581 2779 721 2819 dictos
752 2790 852 2820 esse
889 2779 1035 2819 tradit.

154 2847 202 2885 ln
247 2842 478 2884 Glossariis
524 2841 662 2882 Labb.
698 2844 786 2882 est:
833 2843 1035 2891 Balatro,

155 2902 369 2956 ἄσωτος,
419 2907 462 2944 et
503 2905 647 2954 Blato,
692 2901 1036 2958 ματαιολόγος.

158 2968 285 3016 Quod
322 2966 482 3007 Paulus
521 2967 627 3006 dicit
665 2967 735 3006 vix
770 2966 982 3006 credibile
1014 2978 1039 3006 a

158 3031 285 3070 Festo
315 3028 538 3081 prolatum
569 3039 685 3069 esse.
746 3028 833 3068 Sed
862 3029 935 3068 hic
971 3029 1042 3068 ba-

158 3094 340 3132 latrones
369 3103 393 3130 a
422 3090 580 3131 blateIS
602 3092 694 3131 sive
716 3090 794 3131 luti
815 3090 945 3131 bullis
966 3103 1041 3143 ap-

158 3154 309 3207 pellari
350 3152 632 3205 prodiderat,
679 3154 722 3193 ni
762 3153 930 3193 fallor.»
991 3155 1042 3195 Ut

158 3217 299 3257 lutum
333 3215 517 3264 calceis,
551 3217 615 3256 sic
644 3217 688 3255 hi
718 3227 902 3257 scurrae
929 3216 1042 3256 divi-

161 3281 279 3321 tibus
309 3278 379 3319 vel
410 3279 555 3318 invitis
587 3278 846 3319 adhaerent.
885 3303 928 3307 —
959 3279 1042 3318 sol-

161 3342 332 3394 licitum]
374 3342 559 3393 propter
594 3340 920 3391 quaesticulum
957 3341 1043 3380 im—

163 3405 397 3444 minutum.
443 3427 487 3432 —
523 3402 682 3454 Tiqelli]
727 3403 807 3443 «M.
838 3401 1041 3453 Tigellius

165 3468 470 3519 Hermogenes
501 3465 699 3506 musicae
730 3464 835 3504 artis
865 3464 1042 3516 peritis-

1087 1153 1226 1193 simus
1277 1154 1319 1192 et
1367 1153 1492 1191 voc-Is
1538 1153 1725 1191 eximiae
1773 1152 1820 1191 C.
1864 1150 1969 1190 lullo

1089 1215 1268 1255 Caesari
1309 1214 1511 1254 dictatori
1552 1213 1777 1254 familiaris
1819 1212 1898 1252 fuit
1927 1214 1970 1251 et

1087 1278 1189 1328 post
1216 1275 1478 1328 Cleopatrae
1510 1279 1721 1327 acceptus
1759 1276 1967 1321 maxime,

1088 1340 1285 1390 Augusto
1318 1350 1497 1390 quoque
1537 1338 1716 1378 Caesari
1752 1338 1973 1378 amicissi—

1090 1413 1211 1451 mus,
1247 1413 1299 1441 eo
1332 1402 1452 1452 quod
1475 1400 1603 1441 dulce
1627 1402 1811 1441 caneret
1832 1402 1875 1440 et
1895 1411 1973 1438 ur-

1088 1464 1205 1504 bane
1236 1465 1477 1513 iocaretur,
1513 1464 1625 1504 adeo
1648 1465 1695 1503 ut
1716 1464 1830 1502 inter
1851 1462 1974 1502 fami-

1088 1527 1220 1568 liares
1272 1528 1313 1567 et
1364 1527 1635 1567 domesticos
1683 1525 1970 1565 haberetur.»

1092 1590 1232 1630 Comi.
1268 1590 1398 1635 CRUQ.
1460 1591 1523 1629 De
1555 1590 1641 1629 hoc
1671 1586 1847 1638 Tigellio
1880 1587 1969 1626 Cic.

1091 1652 1146 1692 ad
1168 1654 1296 1692 1Fam.
1332 1653 1378 1701 7,
1422 1651 1496 1701 24,
1540 1653 1589 1691 2:
1639 1650 1774 1690 Habes
1816 1650 1975 1689 Sardos

1088 1716 1273 1764 venales,
1320 1715 1451 1753 allum
1488 1714 1571 1753 allo
1602 1714 1854 1763 nequiorem.
1895 1712 1974 1752 Co-

1090 1778 1228 1830 qnostl
1267 1789 1403 1816 meam
1437 1789 1610 1816 eausam
1639 1780 1677 1816 et
1713 1776 1830 1815 istius
1859 1775 1975 1814 sala—

1092 1841 1204 1880 conis
1239 1840 1517 1888 iniquitatem.
1579 1840 1816 1879 Diversum
1857 1838 1976 1877 hunc

1093 1903 1310 1942 maiorem
1345 1901 1572 1952 Tigellium
1613 1912 1712 1941 esse
1745 1900 1800 1939 ab
1834 1898 1977 1950 Tigel-

1092 1965 1149 2005 lio
1183 1967 1462 2016 Hermogene
1493 1969 1594 2016 post
1623 1964 1876 2004 Dacierium
1906 1973 1978 2001 ac-

1095 2030 1246 2068 curate
1278 2028 1599 2068 demonstravit
1633 2027 1903 2066 Kirchnerus
1933 2025 1977 2064 in

1096 2091 1292 2138 Quaestt.
1322 2091 1472 2129 Horat.
1506 2091 1536 2128 Ι.
1571 2100 1613 2140 p.
1648 2088 1714 2129 4⁶3.
1749 2100 1847 2139 sqq.
1910 2087 1974 2128 Cf.

1093 2153 1286 2191 Zeltsclzr.
1327 2152 1357 2203 f.
1399 2152 1611 2191 Altertltw.
1657 2150 1777 2191 4846.
1821 2161 1864 2201 p.
1899 2150 1978 2190 408

1097 2226 1195 2266 sqq.
1232 2237 1277 2242 ——
1303 2214 1513 2265 benignus]
1537 2208 1849 2270 ἄκυρΟἏΩγία.
1884 2214 1978 2252 Non

1097 2278 1216 2317 enim
1236 2277 1456 2328 benignus
1490 2278 1603 2325 erat,
1637 2275 1718 2316 sed
1748 2275 1975 2326 prodigus.

1095 2340 1262 2379 Verum
1294 2340 1379 2378 hoc
1401 2339 1505 2378 dicit
1527 2350 1580 2378 ex
1601 2338 1775 2377 illorum
1796 2348 1981 2388 persua-

1098 2402 1245 2450 sione,
1280 2401 1443 2451 quibus
1473 2402 1657 2452 propter
1689 2400 1804 2438 dona
1837 2399 1979 2438 ineos

1098 2463 1253 2504 collata
1285 2462 1504 2513 benignus
1534 2461 1785 2501 videbatur.

1155 2527 1274 2566 6-42.
1300 2524 1547 2575 propellere]
1580 2525 1622 2563 in
1654 2535 1718 2575 pr.
1755 2525 1865 2562 orat.
1891 2522 1981 2562 fre—

1101 2589 1307 2641 quentius
1352 2587 1573 2637 depellere,
1620 2585 1740 2637 quod
1787 2584 1918 2635 gloss.
1956 2596 1978 2622 a

1100 2649 1319 2691 nonnullis
1340 2660 1448 2689 vero
1472 2648 1759 2689 substitutum
1783 2649 1865 2695 est,
1894 2647 1982 2686 iam

1101 2714 1219 2766 apud
1241 2712 1387 2754 Schol.
1411 2714 1502 2752 Iuv.
1529 2711 1602 2760 114,
1636 2711 1731 2751 ⁶273.
1769 2711 1920 2761 Friqus
1939 2712 1983 2750 et.

1099 2778 1254 2829 famem
1279 2775 1532 2826 propulsare
1562 2773 1767 2813 dixerunt
1803 2774 1890 2813 Cic.
1926 2772 1982 2811 de

1102 2841 1222 2880 Finn.
1248 2838 1297 2887 4,
1330 2839 1408 2885 ¹25,
1443 2837 1508 2876 69.
1561 2837 1659 2875 Tac.
1684 2837 1796 2875 Ann.
1822 2834 1888 2884 44,
1912 2834 1979 2874 24.

1106 2925 1151 2931 —
1175 2901 1362 2953 inqrata]
1396 2911 1484 2939 non
1509 2900 1669 2947 «tetra,
1704 2897 1877 2945 foeda»,
1903 2896 1984 2936 sed

1104 2975 1220 3015 quae
1251 2973 1481 3013 nunquam
1512 2961 1718 3009 satiatur,
1752 2970 1984 3010 nunquam

1104 3026 1300 3078 acceptis
1323 3025 1528 3064 contenta
1552 3025 1660 3063 est.»
1698 3021 1836 3062 Plaut.
1861 3022 1980 3061 Asin.

1106 3091 1150 3137 4,
1183 3090 1233 3137 2,
1269 3088 1344 3126 4Ο;
1384 3087 1563 3137 Inqrata
1592 3089 1717 3135 atque
1745 3085 1874 3123 irrita
1902 3095 1985 3124 esse

1104 3152 1246 3191 omnia
1283 3149 1466 3200 intelliqo
1507 3149 1621 3198 Quae
1651 3147 1755 3186 decli.
1807 3148 1981 3186 Lucret.

1105 3215 1150 3262 3,
1176 3214 1305 3253 4046:
1339 3212 1498 3252 Deinde
1519 3211 1651 3250 animi
1674 3211 1890 3261 inqratam
1910 3220 1986 3248 na-

1106 3281 1248 3317 turam
1270 3286 1444 3325 paseere
1472 3285 1631 3323 semper
1659 3273 1790 3323 Atque
1819 3271 1986 3321 explere

1107 3339 1220 3378 bonis
1248 3338 1370 3378 rebus
1399 3337 1639 3385 satiareque
1658 3344 1876 3383 nunquam
1897 3334 1981 3372 cet.

1108 3400 1276 3442 Callim.
1303 3402 1473 3451 Fragm.
1500 3399 1601 3438 1106:
1637 3390 1764 3436 ὅσσα
1784 3397 1821 3435 τ’
1845 3389 1986 3434 ὀδόν-

1108 3476 1200 3503 των
1228 3458 1418 3502 Ἐνὸόθι
1448 3460 1660 3517 νειαίρην
1692 3460 1726 3498 τ’
1761 3459 1827 3508 εἰς
1857 3452 1985 3506 ἀχά-
