2231 3787
316 256 415 307 682
1120 255 1331 295 HonATn

316 390 460 428 Tacito
493 390 656 429 scimus
688 400 725 427 a.
751 400 792 427 u.
819 400 855 427 c.
880 388 995 427 705..
1030 386 1257 426 consulem
1281 399 1318 425 a.
1345 398 1384 424 u.
1412 398 1448 424 c.
1473 384 1565 424 739.
1590 395 1727 424 annos
1751 386 1899 423 natum
1922 384 2123 424 XXXIV..

315 461 424 498 intra
458 471 494 498 a.
521 470 562 498 u.
588 470 625 499 c.
651 458 880 499 743—74-6.
906 469 1043 497 annos
1065 457 1429 496 xxxvttt—xm.
1479 454 1643 502 Quodsi
1664 454 1912 493 vicenarius
1942 463 2127 492 uxorem

314 528 435 568 duxit
475 540 513 568 a.
549 541 591 568 u.
627 540 663 568 c.
699 530 792 568 725.
827 529 1054 577 maiorque
1097 525 1283 565 [iliorum
1326 527 1453 564 natus
1488 526 1556 563 est
1585 525 1824 574 sequente,
1870 523 1940 562 hic
1971 521 2126 562 iisdem

314 598 394 637 illis
430 598 569 638 tribus
600 600 723 637 annis
755 595 1110 636 adolescentulus
1143 596 1236 633 erat
1265 593 1538 633 RVH-XX.
1572 604 1810 641 annorum,
1859 603 1945 643 qua
1986 593 2128 631 aetate

314 679 393 708 cur
423 668 478 707 ad
510 669 680 719 poetica
714 667 854 706 studia
890 665 1147 705 incumbere
1181 675 1267 703 non
1299 663 1511 715 potuerit,
1545 674 1828 714 nequaquam
1859 661 2002 702 video.
2050 662 2129 701 Mi-

316 740 409 778 nori
440 741 588 778 autem
620 738 706 776 filio
738 737 916 776 honoris
948 738 1115 774 tantum
1147 745 1281 774 causa
1312 735 1558 772 memorato
1580 735 1817 783 praecepta
1840 743 1926 771 non
1947 731 2131 771 tradun-

317 813 400 848 tur.
437 811 488 859 (v.
514 808 623 857 366.)
674 808 827 857 Neque
859 804 967 845 aliae
999 806 1148 844 insunt
1169 803 1472 849 difficultates,
1506 813 1618 853 quae
1641 802 1860 842 removeri
1882 804 2127 852 nequeant3

313 890 413 918 nam
446 890 498 917 ex
529 889 608 922 eo,
643 876 760 927 quod
795 877 837 915 L.
862 876 960 915 Piso
990 877 1092 926 post
1122 872 1399 913 consulatum
1430 872 1485 912 al)
1509 871 1621 913 Urbe
1653 871 1833 921 afuerit,
1867 871 1984 911 haud
2008 872 2130 911 recte

315 961 336 987 a
369 947 586 987 nonnullis
617 946 851 996 colligitur,
895 956 976 996 per
1007 955 1084 984 eos
1115 954 1254 983 annos
1284 943 1339 982 ad
1370 943 1585 981 maiorem
1618 942 1712 982 eius
1741 940 1902 989 filium,
1949 942 2128 988 Romae,

314 1022 358 1057 ut
404 1020 530 1069 puto,
581 1017 841 1067 degentem,
890 1016 1003 1054 hane
1035 1012 1267 1065 epistolam
1298 1013 1477 1052 omnino
1509 1011 1640 1051 scribi
1672 1023 1757 1051 non
1787 1012 2004 1063 potuisse,
2052 1009 2133 1050 sed

314 1089 525 1139 scriptam
556 1097 654 1126 esse
687 1089 787 1125 ante
821 1083 1099 1124 consulatum
1131 1094 1168 1122 a.
1201 1095 1245 1122 u.
1279 1093 1317 1122 c.
1351 1082 1444 1121 739.
1477 1081 1546 1121 vel
1584 1082 1668 1121 hoc
1698 1082 1792 1133 ipso
1823 1092 1954 1121 anno.
2007 1079 2134 1128 Quod

314 1170 420 1198 vcro
448 1156 611 1197 nullam
633 1156 768 1207 patris
790 1165 941 1194 rerum
963 1156 1189 1205 gestarum
1210 1153 1482 1192 mentionem
1504 1152 1659 1201 iniieit,
1694 1162 1748 1191 ex
1769 1162 1822 1190 eo
1844 1149 2130 1202 explicamus,

315 1227 434 1279 quod
476 1226 679 1266 Horatius
718 1236 742 1264 a
780 1225 1050 1276 panegyrico
1089 1234 1252 1274 genere
1293 1233 1476 1274 prorsus
1507 1220 1790 1261 abhorrebat.
1854 1218 2134 1269 Quinctilium

314 1300 465 1337 autem
495 1297 660 1335 Varum
693 1297 773 1335 etsi
804 1296 1031 1334 mortuum
1064 1295 1151 1333 iam
1182 1305 1220 1332 a.
1254 1305 1297 1332 u.
1322 1304 1359 1332 c.
1383 1292 1476 1332 730.
1500 1292 1588 1331 XV.
1618 1293 1721 1343 post
1749 1290 1875 1330 annis
1905 1292 2132 1341 tamquam

312 1378 470 1407 x-erum
502 1366 639 1405 critici
670 1366 900 1416 specimen
931 1363 1100 1403 laudari
1130 1375 1172 1403 v.
1197 1363 1291 1403 438.
1325 1374 1412 1402 non
1442 1362 1661 1414 potuisse,
1701 1361 1897 1400 amicum
1925 1369 2134 1411 praeser-

313 1438 392 1477 tim
431 1438 587 1488 poetae
629 1435 1040 1475 coniunctissimum
1083 1433 1174 1484 (Od.
1206 1434 1254 1481 t,
1287 1432 1396 1482 24),
1445 1442 1578 1472 nemo
1607 1442 1688 1483 pro
1719 1431 1841 1470 certo
1871 1429 2130 1475 contendet3

315 1509 473 1554 immo,
508 1507 627 1557 quod
658 1505 821 1544 mortui
852 1505 980 1544 amici
1011 1506 1102 1543 tam
1132 1502 1376 1542 honorifice
1406 1502 1630 1550 meminit,
1671 1501 1856 1551 gratiam
1887 1510 1938 1539 ac
1968 1499 2134 1540 festivi—

314 1580 450 1617 tatem
484 1578 613 1616 totius
643 1575 724 1615 loci
758 1586 1029 1626 magnopere
1052 1576 1202 1624 auget,
1237 1584 1362 1622 cum,
1397 1574 1432 1613 si
1457 1573 1660 1612 criticum
1681 1570 1873 1622 aliquem
1896 1570 2135 1610 etiamtunc

315 1648 596 1699 superstitem
642 1647 699 1685 ita
744 1645 992 1693 laudasset,
1040 1644 1302 1685 adulationis
1344 1644 1515 1684 crimen
1556 1644 1625 1682 vix
1663 1642 1859 1681 devitare
1899 1640 2132 1692 potuisset.

315 1720 468 1768 Neque
504 1728 610 1757 vero
650 1728 702 1756 ex
742 1729 784 1756 v,
815 1718 881 1756 55.
915 1715 1091 1766 colligas
1132 1716 1373 1754 etiamtunc
1401 1714 1562 1754 vixisse
1592 1711 1816 1763 Virgilium
1847 1711 2134 1761 Variumque,

318 1799 420 1827 cum
450 1786 587 1826 verba
620 1787 724 1827 satis
756 1786 991 1826 commode
1023 1787 1086 1826 sic
1109 1784 1314 1836 explicari
1335 1784 1533 1835 possint:
1570 1782 1765 1832 «Magnis
1784 1781 1949 1833 poetis,
1982 1778 2136 1831 quales

316 1860 465 1897 nostra
497 1859 640 1896 aetate
672 1855 726 1895 illi
758 1856 975 1896 suerunt.»
1035 1857 1223 1895 Maxima
1255 1852 1488 1893 difficultas
1519 1855 1668 1891 autem
1696 1850 1919 1903 plerisque
1945 1850 2038 1890 visa
2069 1852 2139 1889 est

319 1927 409 1975 illa,
445 1927 566 1978 quod
595 1930 643 1966 A.
669 1928 713 1967 P.
737 1926 831 1966 387.
880 1927 952 1977 Sp.
977 1925 1169 1965 Maecius
1189 1926 1330 1975 Tarpa
1361 1923 1592 1963 manifesto
1624 1924 1854 1972 tamquam
1882 1921 2008 1960 vivus
2039 1930 2137 1959 me-

317 2002 536 2046 moratur,
571 1998 639 2036 cui
671 1997 756 2035 iam
787 2007 826 2035 a.
851 2008 893 2035 u.
919 2006 956 2034 c.
982 1995 1074 2034 699.
1107 2006 1130 2033 a
1163 1994 1371 2044 Pompeio
1397 1994 1552 2043 Magno
1581 1991 1896 2031 demandatam
1925 2000 2026 2030 esse
2047 1990 2136 2030 sci-

319 2079 418 2107 mus
451 2078 606 2107 euram
636 2066 968 2118 probandarum
992 2063 1237 2104 fabularum
1257 2096 1264 2112 ,
1298 2074 1411 2114 quae
1434 2064 1474 2101 in
1497 2061 1611 2101 ludis
1633 2062 1722 2101 suis
1745 2061 1896 2101 essent
1916 2059 2133 2100 edendae.

318 2138 407 2177 Cic.
443 2137 498 2176 ad
528 2138 646 2175 Fam.
673 2137 718 2182 7,
745 2137 787 2183 t,
814 2136 850 2173 2l.
912 2135 1077 2174 Verum
1108 2134 1334 2173 Weichert
1364 2135 1407 2172 P.
1435 2134 1480 2172 L.
1508 2143 1550 2183 p.
1575 2131 1669 2171 334.
1694 2132 1818 2171 recte
1839 2130 2010 2169 monuit
2030 2140 2138 2181 pro-

317 2210 416 2258 pter
444 2207 530 2245 hoc
562 2217 648 2245 non
680 2216 778 2245 esse
812 2204 1096 2254 cogitandum
1126 2204 1181 2243 de
1213 2201 1500 2242 aedilitate
1523 2201 1690 2241 Maecii.
1741 2201 1834 2240 Iam
1863 2199 1940 2239 ubi
1969 2201 2137 2240 statue—

323 2278 461 2316 rimus
491 2276 610 2314 hunc
651 2286 690 2315 a.
722 2287 763 2314 u.
799 2286 835 2314 c.
868 2274 961 2313 699.
994 2273 1128 2314 fuisse
1159 2275 1302 2313 aetate
1334 2272 1585 2324 quaestoria
1619 2270 1794 2322 (XXVII.
1819 2270 1963 2320 ann.)‚
2008 2270 2136 2309 natus

318 2357 420 2386 cum
451 2346 505 2385 sit
535 2346 713 2384 circiter
741 2356 779 2384 a.
810 2356 853 2384 u.
886 2356 923 2383 c.
949 2344 1067 2391 672„
1111 2346 1312 2395 tempore
1343 2343 1473 2383 huius
1504 2340 1753 2392 scriptionis
1783 2350 1921 2379 senex
1950 2338 2028 2379 fuit
2057 2349 2138 2378 an-

318 2426 476 2455 norum
507 2415 646 2460 LXX,
681 2425 766 2465 qua
798 2416 940 2454 aetate
973 2413 1179 2465 permulti
1210 2416 1254 2453 et
1283 2413 1461 2453 fuerunt
1489 2413 1534 2451 et
1555 2411 1807 2451 etiamnunc
1827 2411 1930 2450 sunt
1948 2408 2138 2461 perboni

318 2487 570 2537 poematum
618 2484 780 2530 critici3
827 2486 874 2523 ut
916 2486 1089 2524 taceam
1120 2483 1298 2524 consilio
1329 2482 1422 2531 illo,
1470 2481 1589 2533 quod
1620 2480 1763 2521 Pisoni
1793 2479 1946 2528 datur,
1991 2479 2137 2531 potius

319 2557 473 2595 scitam
510 2555 662 2594 Maecii
703 2553 880 2594 laudem
912 2555 1156 2601 contineri,
1204 2564 1338 2605 quam
1369 2555 1417 2592 ut
1447 2551 1686 2591 crediderit
1713 2561 1911 2601 unquam
1942 2549 2059 2598 fore,
2090 2551 2139 2588 ut

324 2624 582 2665 adolescens
627 2624 897 2664 carminibus
940 2625 1069 2664 nimis
1109 2624 1367 2675 frequenter
1398 2633 1500 2662 cum
1531 2633 1638 2662 sene
1670 2620 2006 2661 communicatis
2035 2619 2138 2659 huic

326 2694 451 2734 valde
482 2693 846 2734 incommodaret.
900 2694 1025 2742 Quod
1065 2693 1118 2733 ad
1150 2695 1195 2733 L.
1221 2693 1388 2734 Pisonis
1428 2691 1640 2744 praefecti
1670 2689 1781 2730 filios
1811 2690 1989 2739 attinet,
2034 2688 2136 2728 nihil

327 2776 431 2804 sane
477 2764 531 2803 de
575 2765 642 2804 bis
687 2765 881 2810 constat,
928 2764 1010 2804 nisi
1055 2763 1175 2815 quod
1214 2766 1328 2803 Acro
1357 2763 1531 2802 Lucium
1559 2762 1689 2800 vocat
1715 2759 1918 2799 maiorem
1944 2759 2139 2798 iuvenum

327 2846 365 2873 v.
390 2834 483 2874 366.
510 2836 554 2873 L.
579 2836 726 2873 autem
759 2835 855 2873 Piso
888 2832 976 2873 ille.
1013 2832 1165 2873 consul
1197 2833 1269 2883 qui
1301 2832 1380 2872 fuit
1408 2843 1447 2871 a.
1473 2843 1515 2870 u.
1541 2842 1578 2870 c.
1604 2830 1695 2870 753.
1718 2830 1934 2880 cuiusque
1955 2839 2138 2880 magna-

322 2905 484 2943 nimam
515 2903 766 2943 libertatem
800 2906 1018 2942 memorat
1040 2904 1139 2942 Tac.
1163 2905 1274 2942 Ann.
1299 2903 1338 2950 2,
1363 2900 1447 2949 34„
1481 2911 1519 2939 a.
1545 2911 1585 2939 u.
1612 2912 1648 2939 c.
1673 2900 1766 2939 769.
1793 2900 1894 2951 (quo
1915 2911 1967 2939 ex
1989 2901 2136 2939 nostra

321 2974 573 3012 coniectura
606 2974 745 3012 XLlll.
781 2984 919 3012 annos
952 2976 1078 3012 natus
1111 2972 1264 3011 suisset.
1294 2973 1337 3010 L.
1370 2970 1538 3010 Pisonis
1568 2969 1778 3021 praefecti
1809 2969 1906 3009 urbi
1937 2968 2063 3018 tilius)
2095 2970 2139 3008 et

321 3045 509 3082 mortem
545 3044 865 3093 opportunam,
900 3053 983 3091 qua
1018 3042 1258 3081 exstinctus
1289 3041 1356 3079 est
1386 3041 1485 3078 ante
1509 3050 1641 3089 quam
1667 3049 1771 3078 reus
1792 3040 1998 3090 peractus
2019 3041 2140 3078 esset

321 3124 358 3150 a.
385 3124 426 3151 u.
453 3124 490 3150 (·.
517 3112 609 3150 777.
634 3114 742 3150 Ann.
769 3111 806 3151 4.
838 3112 928 3157 it,
963 3114 1111 3150 utrum
1144 3110 1258 3149 Lucii
1291 3120 1381 3148 cos.
1408 3109 1524 3158 739.‚
1558 3119 1613 3148 an
1646 3109 1778 3149 Cnaei
1811 3119 1902 3149 cos.
1936 3108 2049 3156 734„
2081 3119 2136 3147 an

322 3183 508 3221 sortasse
541 3181 652 3220 tertii
685 3179 866 3219 alicuius
897 3181 1065 3219 Pisonis
1098 3178 1209 3218 filius
1241 3179 1391 3226 suerit,
1427 3189 1506 3218 nos
1536 3179 1805 3229 ignoramus.
1858 3179 2041 3228 Propter
2071 3187 2139 3216 ra-

322 3253 485 3297 tiones,
536 3261 645 3301 quas
691 3248 833 3290 attuli.
882 3249 1089 3299 equidem
1131 3250 1310 3299 antiquo
1350 3247 1617 3287 Scholiastae
1650 3247 1899 3287 testimonio
1928 3245 2137 3296 refragari

323 3320 468 3360 nolim.
522 3323 570 3359 At
612 3320 683 3369 qui
728 3319 806 3358 rati
850 3321 947 3357 sunt
978 3320 1125 3357 Artem
1159 3319 1378 3369 poeticam
1410 3318 1618 3368 scriptam
1652 3327 1749 3356 esse
1781 3318 1978 3366 tempore
2010 3316 2136 3354 ante-

323 3391 433 3428 riore
466 3391 572 3428 intra
607 3399 744 3427 annos
776 3388 912 3427 730—
933 3387 1049 3428 735..
1095 3399 1181 3438 quo
1216 3390 1414 3438 tempore
1447 3398 1604 3427 recens
1636 3386 1765 3425 suerit
1795 3383 2008 3433 Quinctilii
2040 3395 2135 3423 mc-

323 3461 478 3504 moria,
513 3460 700 3497 vixerint
734 3459 974 3496 etiamtunc
1006 3456 1205 3507 Virgilius
1237 3460 1279 3496 et
1309 3457 1485 3502 Varius,
1519 3457 1799 3505 Maeciusque
1830 3455 1970 3506 aptior
2000 3463 2134 3505 quam
