2231 3787
224 312 326 363 450

826 308 1039 348 HORATII
1071 305 1438 346 EPISTOLARUM

296 442 372 495 Ad
413 458 559 494 mare
599 439 893 493 descendet
933 446 1082 490 vates
1126 446 1246 489 tuus
1287 444 1339 487 et
1379 434 1477 486 sibi
1520 441 1704 504 parcet

296 545 720 613 Comi-actusque
761 540 926 611 leget,
969 548 1044 600 te,
1087 536 1260 589 dulcis
1301 534 1510 602 amice„
1540 533 1740 587 reviset

300 647 433 700 Cum
472 643 755 714 Zephyris,
800 642 842 694 si
885 638 1179 698 concedeS‚
1223 646 1276 690 et
1312 635 1599 689 hirundine
1637 634 1824 706 prima.

296 750 434 808 Non,
478 762 585 816 quo
626 760 774 796 more
814 742 944 812 piris
983 740 1130 794 vesci
1171 737 1400 793 Calaber
1440 736 1589 790 iubet
1631 735 1857 807 hospeS‚

296 851 369 901 Tu
408 865 492 900 me
532 845 699 899 fecisti
738 842 1076 914 locupletem.
1156 842 1385 894 Vescere
1427 838 1605 892 sodes.

2015 836 2039 852 μ

1978 835 2044 888 ‘lo

339 1021 403 1060 43.
451 1019 644 1059 concedes
674 1027 898 1068 superscr.
935 1016 945 1054 i
978 1012 1212 1066 (concedis)
1243 1013 1294 1061 b,
1329 1012 1530 1052 concedas
1566 1022 1603 1049 c.

230 1202 271 1205 —
307 1176 448 1227 illinet]
485 1175 678 1215 Primam
708 1173 905 1212 hiemem
935 1171 1102 1222 signifi-

226 1242 318 1287 cat,
365 1238 441 1277 ubi
479 1238 654 1277 montes
686 1235 842 1276 Albani
883 1235 969 1273 iam
1000 1235 1100 1273 nive

225 1302 533 1353 asperguntur.
588 1299 677 1338 Cic.
703 1298 757 1338 de
780 1297 920 1337 Divin.
947 1297 990 1345 4,
1025 1295 1068 1334 44
1091 1327 1098 1344 ,

226 1365 299 1404 48;
348 1363 526 1403 tumulos
553 1361 711 1401 Albano
740 1361 784 1399 in.
812 1363 949 1398 monte
977 1358 1103 1396 niva-

223 1427 292 1466 IeS.
338 1426 524 1465 Omnino
556 1422 625 1463 illo
648 1424 851 1474 tempore
874 1421 997 1460 nives
1019 1419 1103 1459 fre—

225 1490 483 1541 quentiores
533 1488 659 1526 erant
707 1486 750 1524 in
797 1483 917 1524 Italia
966 1493 1102 1534 quam

225 1563 355 1591 nunc.
385 1574 430 1579 —-
452 1550 514 1589 Ad
538 1547 670 1599 mare]
701 1548 745 1587 in
777 1545 990 1598 oppidum
1022 1543 1102 1583 ali—-

223 1613 343 1665 quod
374 1613 668 1658 maritimum,
715 1608 906 1657 Veliam,
956 1605 1102 1646 Saler-

224 1687 345 1716 num.
389 1676 507 1726 (Epp.
540 1674 578 1721 4,
614 1673 679 1720 45,
714 1671 769 1721 4.)
803 1671 992 1719 Ostiam,
1027 1670 1101 1720 qui

224 1740 378 1790 portus
408 1737 542 1776 maris
574 1734 693 1774 haud
724 1733 853 1773 nimis
885 1742 1100 1772 amoenus

223 1804 264 1840 et
295 1797 554 1849 tranquillus
577 1808 675 1836 esse
706 1797 903 1847 poterat,
939 1805 1102 1845 quem-

224 1873 310 1913 que
342 1871 563 1911 nusquam
585 1859 830 1905 memorat,
865 1855 1099 1906 significari

225 1935 311 1963 non
350 1925 470 1974 puto.
533 1920 612 1961 Alii
651 1931 806 1960 rursus
844 1920 1027 1970 propter
1054 1929 1095 1956 v.

223 1985 289 2026 45.
325 1987 366 2024 et
397 1985 579 2036 propter
601 1982 769 2022 Calabri
788 1980 957 2030 hospitis
977 1990 1100 2018 men-

223 2048 389 2087 tionem
432 2047 484 2096 (V.
521 2044 602 2094 114.)
644 2045 890 2094 cogitarunt
930 2041 984 2080 de
1016 2042 1100 2080 Ta-

223 2111 373 2157 rento,
408 2107 529 2159 quod
559 2110 711 2146 tamen
742 2105 801 2145 ibi
830 2105 958 2144 unice
994 2113 1100 2154 pro-

223 2175 321 2224 pter
366 2171 563 2222 quietem
607 2171 650 2208 et
693 2169 830 2208 otium
872 2177 958 2206 una
997 2176 1099 2204 cum

222 2235 381 2274 Tibure
413 2232 631 2272 laudatur.
675 2252 720 2259 -
765 2229 947 2268 Intimae
987 2227 1100 2267 ami—

222 2297 347 2335 citiae
380 2294 638 2345 significatio
670 2292 784 2331 inest
813 2292 856 2330 in
885 2302 954 2330 w.
985 2293 1101 2329 vates

221 2364 339 2407 tuus,
371 2359 420 2396 ut
450 2355 526 2395 Od.
552 2356 598 2404 Ξ,
633 2354 679 2402 6,
712 2352 786 2393 24:
825 2353 936 2392 Vatis
956 2352 1096 2400 amici3

222 2421 265 2461 id
295 2420 413 2472 quod
445 2430 530 2458 non
562 2415 895 2464 intellexerunt,
944 2415 1018 2466 qui
1055 2415 1098 2453 in

223 2485 306 2523 hac
351 2479 544 2534 Epistola
589 2480 694 2519 satis
739 2489 890 2517 acrem
936 2477 1100 2516 Horatii

222 2556 326 2586 cum
383 2544 641 2584 Maecenate
701 2538 1098 2591 expostulationem

221 2607 474 2659 repperisse
506 2604 588 2645 sibi
611 2603 828 2643 visisunt.
857 2624 900 2629 —
927 2601 1102 2641 Contra-

221 2674 388 2717 ctusque
417 2666 532 2718 leget]
558 2666 737 2713 «Omne,
772 2664 905 2703 etiam
926 2661 1099 2702 levissi-

223 2742 346 2770 mum
368 2729 523 2780 frigus,
559 2727 678 2778 quod
700 2736 835 2777 quam
858 2723 1100 2764 molestum

224 2793 329 2831 mihi
360 2793 413 2831 sit
443 2789 584 2842 probe
607 2789 740 2836 nosti,
772 2788 1002 2835 vitaturus,
1026 2796 1101 2824 ve-

225 2852 367 2893 stibus
409 2850 627 2892 involutus
657 2861 729 2890 me
761 2851 979 2900 quantum
1016 2858 1100 2899 po-

225 2919 341 2962 tero,
376 2915 483 2953 dum
515 2912 749 2953 commode
772 2911 893 2962 lego,
929 2913 1102 2950 contra-

223 2978 329 3017 ham
358 2978 489 3026 atque
521 2973 806 3014 incurvabo.»
855 2973 1102 3013 Contractus

226 3050 330 3090 ergo
385 3040 451 3076 est
506 3035 1099 3086 zusammenqekauert,

224 3095 1099 3151 eng:susamnieizyeschinieqt(Voss),

225 3164 273 3202 ut
303 3163 389 3201 Sat.
415 3161 462 3209 2,
497 3161 542 3207 7,
578 3159 652 3197 61:
687 3159 954 3197 Contractum
984 3157 1102 3207 (seni-

226 3224 299 3263 bus
318 3246 341 3252 -
360 3226 500 3273 caput.
552 3221 809 3270 Hieronym.
844 3220 921 3270 Ep.
954 3219 1019 3258 53.
1046 3218 1100 3258 de

224 3285 480 3337 Vigilantioz
526 3283 773 3335 qravissimo
802 3282 960 3332 frigore
995 3282 1104 3321 sotus

227 3352 351 3396 atque
380 3349 619 3386 contractus
648 3344 957 3384 Dormitantius
992 3344 1103 3394 vigi-

227 3410 327 3449 labit
358 3411 399 3448 in
428 3407 588 3448 lectulo.
639 3408 782 3456 Atque
814 3406 877 3444 sic
914 3406 1002 3444 iam
1035 3406 1102 3444 in-

229 3471 391 3511 tellexit
413 3472 462 3519 Q.
479 3472 692 3510 Sectanus
713 3467 996 3519 (Sergardius)
1014 3468 1098 3506 Sat.

234 3536 274 3580 1,
319 3534 361 3572 6.
406 3534 449 3572 6;
499 3533 624 3581 Inque
654 3541 803 3569 manus
830 3531 939 3569 venit
982 3530 1104 3569 tritus

1165 1172 1213 1211 de
1240 1182 1356 1210 inore
1386 1169 1560 1219 libellus,
1596 1169 1742 1209 Nescio
1772 1169 1872 1218 quid
1894 1178 2043 1220 ,nu-qa—

1165 1245 1281 1283 rum,
1327 1236 1648 1280 contractusque
1680 1231 1886 1283 legebam3
1931 1232 2045 1271 Nam

1166 1307 1262 1335 rore
1298 1296 1513 1334 auctumni
1550 1295 1846 1342 matutinisque
1877 1293 2045 1343 pruinis

1165 1358 1385 1409 Frigidum
1413 1357 1602 1397 intrabat
1629 1357 1742 1396 male
1769 1359 1909 1395 sarias
1932 1365 2044 1394 aura

1163 1421 1388 1472 fenestra33
1438 1421 1481 1459 in
1517 1419 1695 1460 Adnott.
1729 1419 1823 1470 ipse
1856 1417 2044 1470 explicat

1164 1483 1548 1522 rannicchiato.
1600 1483 1745 1533 Atque
1774 1491 1960 1532 prorsus
1980 1481 2044 1520 sic

1166 1544 1384 1583 Lucianus
1415 1544 1458 1583 in
1489 1542 1703 1583 Saturnal.
1729 1543 1778 1592 9,
1812 1542 1851 1582 9.
1884 1543 1929 1582 in
1949 1542 2044 1582 hie-

1165 1607 1248 1647 mis
1307 1606 1627 1657 descriptione:
1690 1605 1740 1644 οἱ
1794 1598 2044 1661 ἄνθρωποι

1164 1664 1507 1718 ἐπικεκυφότες
1526 1691 1550 1697 -
1570 1693 1595 1699 -
1615 1662 1746 1720 ἀμφὶ
1775 1663 1863 1719 τὴν
1893 1664 2045 1719 κάμι-

1164 1744 1249 1771 νον
1281 1731 1330 1769 οἱ
1357 1728 1539 1770 πολλοί.
1595 1730 1759 1781 (Ipsum
1789 1729 1924 1781 frigus
1949 1741 2045 1769 con-

1164 1797 1345 1833 tractum
1382 1794 1569 1832 vocatur
1609 1803 1634 1831 a
1663 1790 1841 1842 Virgilio
1881 1793 2040 1842 Georg.

1164 1857 1211 1906 4,
1246 1857 1348 1897 259:
1395 1868 1493 1906 apes
1533 1859 1746 1895 contracto
1782 1855 1943 1906 frigore
1972 1855 2043 1905 pi-

1162 1918 1299 1970 9rae.)
1362 1918 1486 1958 Nulla
1535 1920 1687 1957 autem
1740 1918 1856 1957 inest
1907 1928 2044 1969 repu-

1164 1981 1367 2032 gnantia3
1415 1990 1542 2029 nam,
1587 1982 1635 2019 ut
1665 1978 1842 2030 colliges
1882 1990 1937 2018 ex
1970 1979 2045 2019 Se—

1165 2043 1279 2082 ctani
1317 2041 1546 2090 versibus,
1595 2042 1728 2080 etiam
1769 2040 1852 2081 sub
1892 2039 2042 2080 Italiae

1163 2105 1398 2145 mitissimo
1458 2102 1601 2153 caelo,
1663 2103 1796 2143 etiam
1846 2101 2039 2152 Salerni,

1163 2177 1318 2206 mense
1357 2168 1478 2206 certe
1518 2166 1744 2215 Ianuario,
1790 2163 1862 2205 vel
1905 2165 2043 2205 senti-

1165 2240 1264 2269 mus
1307 2228 1532 2268 interdum
1567 2227 1640 2268 vel
1679 2227 1844 2267 sentire
1885 2225 2043 2267 saltem

1163 2290 1291 2331 nobis
1348 2291 1555 2330 videmur
1613 2289 1838 2341 frigidulas
1892 2299 2040 2328 auras.

1165 2353 1297 2403 Quid,
1332 2353 1452 2404 quod
1481 2354 1632 2393 nostra
1653 2351 1958 2403 interpretatio
1980 2351 2043 2392 fe-

1163 2418 1322 2457 stivam
1361 2415 1549 2468 praebet
1588 2416 1828 2466 imaginem
1862 2413 2040 2456 lectoris

1163 2480 1424 2532 φαντασίᾳ,
1457 2477 1623 2518 nullam
1652 2477 1870 2528 reliquae:
1907 2478 1943 2528 4)
1969 2478 2037 2517 «in

1164 2544 1350 2592 angusto
1369 2539 1574 2581 cubiculo
1588 2551 1624 2586 ς»
1645 2540 1684 2591 2)
1707 2550 1917 2580 «secessu
1936 2551 2041 2591 gau-

1164 2605 1323 2653 dens,»
1373 2604 1584 2649 Cerutus‚
1627 2604 1676 2641 ut
1703 2603 1920 2642 Diintzer:
1961 2614 2042 2643 zu-

1162 2667 1471 2717 ruclcyezoqen3
1504 2664 1541 2714 3)
1576 2665 1778 2716 «parcius
1799 2665 1954 2705 vivens
1975 2664 2043 2704 le—

1164 2739 1315 2778 gam3»
1357 2728 1400 2765 in
1438 2737 1525 2776 qua
1563 2726 1698 2765 etiam
1727 2724 1911 2765 ridicula
1940 2727 2042 2766 iun-

1164 2791 1288 2828 ctura
1332 2787 1554 2836 offendor,
1608 2789 1651 2826 et
1695 2798 1808 2837 quae
1852 2787 2042 2827 afferunt

1165 2849 1366 2901 exempla
1400 2850 1520 2900 (Epp.
1549 2850 1593 2898 4,
1627 2850 1674 2898 5,
1708 2849 1782 2888 20:
1817 2849 2042 2890 Contracta

1161 2936 1180 2942 -
1197 2935 1215 2941 -
1227 2915 1494 2962 paupertate.
1527 2911 1680 2951 Moret.
1702 2911 1777 2951 78:
1813 2912 1912 2961 Quis
1931 2912 2041 2952 enim

1163 2974 1418 3015 contractior
1446 2971 1550 3011 illo?
1590 2974 1758 3012 Seneca
1788 2973 1844 3013 de
1874 2974 1943 3013 Tr.
1966 2985 2035 3013 an.

1165 3037 1209 3085 9,
1234 3036 1279 3075 3:
1308 3036 1497 3075 habitare
1517 3036 1783 3075 contractius
1809 3035 1864 3075 de
1885 3035 2035 3076 Benef.

1164 3099 1211 3146 2,
1246 3097 1322 3146 34,
1357 3098 1403 3137 3:
1431 3098 1730 3148 parcissimum
1748 3097 1953 3137 hominem
1970 3109 2042 3138 vo-

1163 3171 1308 3199 camus
1350 3161 1493 3210 pusilli
1539 3160 1671 3199 animi
1718 3164 1755 3199 et
1802 3159 2041 3212 contracti.)

1165 3221 1333 3262 habent
1372 3222 1520 3261 omnia
1559 3222 1785 3261 notionem
1822 3223 1897 3261 aut
1930 3232 2040 3261 con-

1165 3286 1359 3336 temptus
1404 3285 1479 3323 aut
1521 3283 1904 3334 reprehensionis,
1953 3293 2040 3334 qua

1164 3347 1295 3398 poeta
1325 3346 1419 3397 ipse
1450 3355 1498 3385 se
1525 3344 1703 3385 afficere
1734 3355 1821 3384 non
1848 3345 2038 3396 poterat.

1165 3409 1318 3458 Neque
1347 3417 1455 3446 vero
1488 3405 1680 3446 Obbario
1701 3405 1918 3446 accedere
1939 3416 2042 3458 pos-

1166 3479 1266 3509 sum
1297 3470 1355 3508 ita
1385 3469 1714 3520 interpretanti:
1763 3468 1838 3508 «V.
1867 3472 2041 3508 contra-

1164 3534 1253 3569 ctus
1282 3529 1347 3569 vel
1371 3531 1411 3570 in
1434 3529 1659 3581 publicum
1680 3529 1936 3581 prodeunti,
1967 3527 2038 3570 vel
