2231 3787
857 283 953 321 Lm.
989 283 1038 321 ll.
1101 283 1212 321 SAT.
1249 284 1315 321 lll.

249 416 320 464 Ac
361 413 535 482 potius
577 412 710 465 soliis
751 429 946 483 parcus
989 421 1238 465 vescatur
1277 413 1501 464 amaris:

254 513 305 565 Si
349 513 535 583 positis
578 514 715 566 intus
757 513 867 566 Chii
910 514 1217 584 veterisque
1261 513 1466 567 Falerni

262 613 399 667 Mille
441 614 614 668 cadis.
658 614 781 666 nihil
823 624 927 674 est,
970 623 1267 668 tercentum
1307 614 1546 675 milibus,
1591 633 1711 668 acre

257 716 408 768 Potet
447 725 685 778 acetum3
727 717 851 786 age.
895 717 937 768 si
978 725 1030 770 et
1068 716 1370 769 stramentis
1412 716 1649 777 incubet,
1692 716 1861 769 unde-

253 817 535 887 Octoginta
575 834 741 869 annos
781 825 959 873 natus.
1002 818 1086 871 cui
1137 817 1370 888 stragula
1411 818 1595 872 vestis‘.

252 915 540 970 Blattarum
595 936 658 972 ae
698 922 959 972 tinearum
998 918 1217 989 epulae,
1260 928 1530 989 putrescat
1570 921 1618 972 in
1659 936 1805 972 arca:

255 1018 513 1071 Nimirum
553 1020 771 1072 insanus
813 1021 997 1090 paucis
1038 1020 1307 1074 videatur.
1357 1038 1422 1073 eo
1463 1020 1609 1091 quod

1913 1021 2003 1072 120

256 1120 480 1173 Maxima
520 1138 644 1191 pars
684 1121 955 1173 hominum
996 1120 1184 1172 morbo
1224 1121 1448 1173 iactatur
1486 1121 1693 1174 codem.

259 1221 421 1274 Filius
461 1230 551 1274 aut
592 1222 750 1274 etiam
791 1221 925 1274 haee
963 1221 1186 1274 libertus
1227 1231 1282 1273 ut
1315 1221 1494 1275 ebibat
1533 1222 1717 1279 lieres.

258 1323 349 1375 Dis
391 1322 603 1376 inimice
644 1340 836 1383 senez,
879 1321 1160 1376 custodis?
1198 1324 1273 1375 Ne
1313 1322 1403 1376 tibi
1445 1323 1619 1377 desit?

255 1424 579 1490 Quantulum
627 1424 768 1477 enim
809 1441 1050 1478 summae
1091 1424 1319 1478 curtabit
1360 1426 1592 1496 quisque
1633 1425 1862 1486 dicrum,

257 1527 468 1597 Ungere
508 1527 551 1579 si
591 1525 774 1580 caules
813 1525 932 1579 oleo
973 1525 1195 1579 meliore
1234 1536 1503 1597 caputque

1908 1527 2007 1582 ν125

256 1628 513 1699 Coeperis
552 1628 764 1698 impexa
803 1627 1017 1681 foedum
1056 1628 1365 1699 porrigine?
1404 1630 1608 1693 Quare,

297 1777 389 1818 444.
421 1782 627 1828 pascatur
658 1789 882 1829 superscr.
914 1789 983 1818 ves
1013 1779 1053 1817 S.
1107 1802 1149 1806 —
1202 1778 1294 1818 449.
1326 1779 1548 1819 Blatarum
1579 1779 1652 1819 bs.
1693 1803 1735 1807 κ
1764 1784 1952 1830 putescat

241 1841 288 1880 C.
328 1861 371 1868 —
410 1842 502 1881 426.
530 1842 754 1893 pruriqine
785 1841 828 1880 b.

185 1942 436 1983 omnibus.»
472 1966 516 1971 —
548 1947 808 1993 metuensque
842 1955 880 1982 v.
919 1954 954 1983 e.
992 1954 1066 1982 sa—

184 2005 316 2057 crum]
340 2007 427 2045 Sat.
453 2006 468 2045 4
492 2037 500 2055 ,
536 2007 551 2045 4
572 2038 579 2054 ,
613 2007 657 2046 74
681 2019 688 2045 ;
722 2010 940 2055 tamquam
963 2016 1066 2055 par-

185 2079 276 2108 cere
303 2068 449 2107 sacris,
469 2089 517 2096 —
534 2068 764 2119 Porrectus]
798 2069 875 2108 Hie
898 2069 942 2107 et
962 2066 1064 2106 alibi

185 2130 409 2170 Bentleius
438 2130 534 2170 sine
566 2141 699 2170 causa
729 2131 904 2182 scripsit
929 2130 1067 2180 proie-

186 2197 295 2241 ctus,
327 2193 693 2244 tiinyezvorfen;
728 2192 831 2232 illud
863 2196 930 2233 est
949 2194 1067 2245 lang]

188 2255 565 2305 ausyestreckt.
604 2277 647 2283 ——
679 2255 827 2305 foliis-
847 2278 869 2284 -
889 2256 1064 2309 amaris]

189 2320 236 2358 ut
267 2316 467 2365 cichorii,
501 2316 655 2356 intubi.
692 2339 738 2345 —
768 2319 912 2367 positis
944 2319 1064 2370 intus]

191 2379 336 2420 «domi
391 2379 454 2428 (in
504 2380 739 2430 apotheca)
785 2381 1065 2420 asservatis.»

191 2442 255 2482 Cf.
288 2453 328 2480 v.
356 2440 447 2481 44⁵2.
486 2464 529 2469 —
568 2439 892 2492 Clcii-Fdlerni]
939 2442 1063 2482 Cons.

190 2505 277 2544 Sat.
310 2504 355 2552 4,
391 2503 462 2550 40,
503 2502 568 2543 ⁶24.
607 2526 652 2531 —
685 2504 787 2542 nihil
823 2504 894 2556 est]
935 2503 1066 2554 «quid

191 2565 322 2606 dieo‘?
365 2576 450 2605 non
488 2566 593 2605 satis
624 2568 690 2606 est
722 2566 883 2606 dixisse
914 2566 1066 2605 mille.»

193 2650 240 2657 —
273 2627 528 2678 stramentis]
574 2639 687 2677 quae
720 2628 927 2666 iumentis
957 2625 1068 2666 sub—

190 2691 326 2731 sterni
371 2688 527 2728 solent.
564 2711 608 2715 —
646 2689 753 2727 unde
782 2711 804 2716 -
836 2688 1065 2739 Octoginta]

191 2755 254 2794 De
283 2750 423 2791 verbo
454 2751 569 2789 inter
598 2749 710 2790 duos
739 2760 896 2790 versus
928 2749 1068 2789 diviso

192 2814 307 2855 conf.
330 2815 418 2853 Sat.
444 2814 490 2862 4,
523 2812 569 2862 3,
604 2812 672 2852 62.
708 2833 754 2841 —
778 2813 970 2864 seraqula
997 2823 1070 2852 ve-

192 2876 277 2928 stis]
310 2878 483 2928 tapetes
512 2885 617 2915 cum
645 2875 776 2916 variis
797 2875 1069 2915 ornamentis

194 2939 383 2979 intextis.
417 2959 464 2966 —
495 2937 736 2978 Blattarum
772 2948 823 2977 ae
862 2937 1071 2977 tinearum

193 3000 354 3050 epulae]
383 3000 562 3049 Speise
588 3000 678 3051 fiir
705 2999 934 3039 Schaben
970 2999 1071 3038 und

195 3064 398 3103 Metten.
451 3061 515 3101 Cf.
540 3061 648 3113 Epp.
673 3063 718 3111 4,
751 3062 827 3110 20,
863 3062 928 3101 42.
962 3062 1073 3101 Mar-

196 3123 282 3164 tial.
318 3125 366 3170 6.
401 3123 474 3171 60,
507 3123 560 3162 7:
612 3125 747 3174 Quam
784 3124 904 3163 multi
942 3124 1074 3163 tin-eas

190 3189 370 3238 pascunt
400 3185 630 3234 blattasque
658 3187 829 3226 diserti!
863 3210 906 3214 —
941 3187 1074 3226 Nimi-

194 3248 305 3300 rum]
329 3247 427 3287 Vid.
445 3246 500 3287 ad
523 3247 630 3298 Epp.
651 3248 744 3295 4,9,
767 3249 803 3286 4.
824 3270 867 3276 -
889 3249 1074 3288 iactatur

197 3312 340 3352 Motus
371 3309 709 3350 tebricitantium
731 3308 909 3350 violenti
939 3311 1074 3360 signi-

198 3373 402 3414 ficantur.
486 3372 642 3411 laetari
704 3372 822 3411 enim
883 3371 1072 3412 verbum

199 3435 430 3487 proprium
459 3436 528 3475 est
557 3433 612 3474 de
644 3432 777 3482 febri,
821 3433 876 3473 de
908 3433 1070 3473 surore.

201 3497 321 3538 Ovid.
346 3498 472 3538 Trist.
496 3496 544 3543 4,
578 3496 626 3545 3,
658 3496 710 3536 26
732 3507 738 3534 :
775 3496 978 3545 Fessaque
1005 3496 1075 3535 ia-

1129 1943 1232 1981 ctati
1260 1944 1448 1992 eorporis
1467 1954 1560 1982 ossa
1580 1944 1729 1983 dolent.
1773 1941 1897 1994 Apul.
1922 1944 2009 1984 Me—

1130 2006 1233 2044 tam.
1268 2006 1311 2054 9,
1345 2005 1392 2045 3:
1426 2006 1514 2057 iuqi
1542 2006 1686 2056 furore
1714 2006 1881 2045 iactari.

1188 2067 1379 2107 42'2-432.
1409 2068 1485 2107 Dis
1504 2068 1680 2119 inimice]
1701 2068 1831 2117 θεοῖς
1846 2067 2005 2125 ἑχθρέ,

1131 2145 1150 2166 ιι
1171 2130 1240 2169 cui
1294 2140 1450 2169 omnes
1503 2129 1545 2169 di
1598 2131 1694 2169 irati
1746 2132 1899 2170 sunt.»
1960 2152 2004 2158 -

1130 2193 1191 2232 Ne
1233 2192 1305 2231 tibi
1349 2190 1498 2242 desit?]
1545 2192 1740 2232 «Ideone
1781 2191 2004 2241 custodis,

1131 2265 1184 2294 ne
1227 2254 1336 2294 sorte
1369 2254 1445 2294 tibi
1490 2255 1632 2295 desit?
1680 2255 1856 2295 Minime
1901 2265 2008 2294 vero

1132 2316 1207 2355 tibi
1257 2315 1418 2356 deesse
1474 2318 1658 2368 poterit,
1720 2315 2006 2367 quantulum»

1132 2381 1216 2418 cet.
1251 2378 1369 2428 (desit
1397 2378 1597 2418 absolute
1629 2378 1696 2417 vel
1729 2379 2010 2428 impersona-

1131 2439 1249 2488 liter,
1284 2444 1329 2480 ut
1360 2440 1534 2479 Terent.
1558 2439 1742 2490 Adelph.
1767 2441 1816 2487 5,
1850 2438 1895 2488 4,
1929 2439 2006 2478 27:

1134 2502 1295 2540 Deerit:
1343 2503 1382 2540 id
1422 2513 1513 2541 mea.
1547 2502 1714 2541 minime
1746 2502 1892 2552 refert,
1940 2501 2010 2550 qui

1131 2576 1221 2603 sum
1268 2568 1372 2603 natu
1418 2564 1667 2614 maoeimus.)
1722 2587 1766 2592 —
1817 2563 2010 2616 curtabit]

1135 2625 1406 2666 «absumet».
1453 2649 1496 2654 —
1537 2626 1888 2677 (jngere-caules
1925 2626 2010 2665 oleo

1131 2688 1312 2740 meliore]
1346 2687 1468 2728 Cons.
1495 2689 1581 2727 Sat.
1606 2689 1654 2736 ⁶2,
1678 2688 1727 2736 2,
1761 2688 1812 2727 59
1834 2697 1935 2738 sqq.
1961 2709 2006 2717 —-

1132 2749 1316 2801 impexa]
1349 2750 1596 2801 «pectendo
1618 2761 1706 2790 non
1730 2750 2008 2801 repurgata.»

1134 2813 1276 2853 Minus
1305 2811 1421 2851 bene
1454 2812 1586 2852 Voss:
1632 2811 1924 2852 verzottelt.
1963 2833 2006 2838 -

1130 2874 1360 2925 porriqine]
1384 2873 1701 2922 «furfuribusm
1726 2869 2008 2929 πιτυριάσει,

1134 2936 1484 2987 Kleienqrind.
1548 2934 1702 2975 Celsus
1734 2935 1780 2985 6,
1814 2936 1860 2975 2:
1907 2936 2012 2974 Por-

1132 2999 1225 3049 riqo
1268 3002 1348 3046 est,
1398 2997 1468 3036 ubi
1508 2998 1617 3037 inter
1652 2997 1761 3047 pilos
1802 2997 2009 3047 quaedam

1135 3062 1256 3111 quasi
1297 3060 1541 3110 squamulae
1582 3062 1760 3110 surqunt
1801 3069 1954 3107 eaeque
1987 3068 2015 3097 a

1135 3129 1226 3164 cute
1262 3123 1548 3168 resolvuntur,⁵
1593 3126 1629 3161 et
1673 3122 1880 3161 interdum
1915 3131 2012 3159 ma-

1137 3188 1249 3235 dent,
1290 3186 1420 3225 multo
1449 3185 1614 3234 saepius
1647 3184 1779 3223 siccae
1807 3186 1914 3221 sunt.
1947 3203 1970 3211 -
1991 3202 2013 3208 -

1138 3249 1317 3298 Fereque
1346 3249 1388 3287 id
1424 3248 1465 3286 in
1502 3247 1652 3297 capillo
1688 3247 1755 3297 fit,
1798 3244 1942 3284 rarius
1970 3242 2014 3281 in

1138 3311 1289 3359 barba,
1324 3310 1552 3359 aliquando
1571 3310 1697 3348 etiam
1715 3309 1756 3346 in
1777 3303 2009 3355 supercilio.

1138 3398 1162 3404 -
1191 3396 1214 3401 —
1245 3371 1506 3412 Commodius
1535 3375 1591 3410 est
1620 3369 1788 3409 subinde
1817 3365 2014 3416 pectendo

1139 3443 1368 3485 repurgare
1399 3431 1528 3482 (unde
1562 3432 1604 3470 h.
1629 3429 1656 3469 l.
1680 3427 1866 3478 impexa)
1886 3437 2016 3476 quam

1137 3497 1180 3535 id
1217 3507 1270 3535 ex
1303 3498 1385 3534 toto
1425 3492 1655 3543 prohibere.
1708 3491 1900 3530 Serenus
1935 3488 2015 3528 Sa-
