2231 3787
190 321 290 373 700
994 318 1207 359 HORATH

258 451 470 523 Virgilio
511 450 817 521 Varioque?
895 450 1002 519 Ego
1042 466 1159 504 cur,
1203 446 1484 517 acquirere
1526 460 1696 514 pauca
1935 442 2000 493 50

258 554 310 606 Si
350 570 596 624 possum,
639 550 902 612 invideor‚
945 567 1066 603 cum
1104 548 1283 618 lingua
1323 545 1536 600 Catonis
1576 552 1628 598 et
1668 542 1797 596 Enni

259 656 573 708 Sermonem
613 652 841 724 patrium
881 649 1128 704 ditaverit
1167 656 1219 702 et
1256 664 1395 700 nova
1433 664 1614 700 rerum

255 756 479 810 Nomina
517 753 834 826 protulerit?
876 750 1047 804 Licuit
1084 766 1411 820 semperque
1450 746 1631 801 licebit

299 923 365 961 55.
404 920 573 971 I'irgyilio
607 920 796 967 Varoque
826 927 1049 969 superscr.
1086 916 1101 954 i
1130 915 1175 963 b,
1214 900 1464 966 Viryilioque
1497 913 1686 962 Varoque
1715 912 1760 951 T.
1803 935 1846 940 —
1880 911 1948 950 56.

237 984 390 1033 possim
433 983 639 1033 quattuor
671 981 801 1031 Regii.
848 979 1015 1030 (Nostri
1037 977 1245 1028 possum.)
1286 999 1330 1004 —
1371 975 1438 1015 59.
1464 975 1698 1024 producere
1739 972 1948 1024 BbSTcp,

242 1045 405 1085 LCtFJ:
436 1045 664 1094 procudere
685 1054 708 1082 e
731 1043 882 1094 paucis
906 1040 1044 1081 Codd.
1071 1041 1173 1090 (non
1194 1038 1298 1088 suis)
1330 1036 1552 1077 Bentleius
1574 1038 1618 1076 et
1638 1037 1692 1076 M.
1722 1059 1764 1064 —
1787 1033 1949 1085 nomen]

189 1183 363 1226 Caecilii
404 1183 630 1234 Plautique
669 1181 912 1222 comoediis
950 1191 1063 1220 nova
1130 1177 1235 1218 Plin.
1260 1178 1310 1217 H.
1335 1179 1384 1217 N.
1409 1177 1483 1226 33,
1516 1177 1563 1224 3,
1593 1176 1666 1216 43:
1700 1176 1922 1227 Signatum
1951 1179 2009 1215 est

188 1247 325 1288 xerba
357 1258 444 1286 non
484 1245 783 1293 offenderent,
826 1242 1066 1294 iniquitatis
1133 1240 1235 1293 (aes)
1267 1243 1367 1280 uota
1389 1240 1609 1289 pecudum.
1658 1236 1791 1278 Simili
1818 1238 2007 1288 imagine

189 1313 392 1358 accusat,
423 1309 564 1360 quod,
594 1309 629 1348 si
657 1307 806 1358 quida
825 1305 1001 1356 Virgilio
1024 1306 1068 1344 et
1130 1305 1281 1343 Iuven.
1320 1303 1368 1352 7,
1405 1301 1478 1342 54:
1529 1302 1600 1352 qui
1631 1300 1847 1342 Communi
1882 1301 2010 1352 feriat

187 1373 340 1421 Vario,
382 1371 544 1422 quibus
585 1371 715 1410 tacite
747 1370 893 1408 semet
922 1369 1067 1419 ipsum
1130 1376 1300 1405 carmen
1328 1364 1494 1403 triviale
1517 1368 1702 1412 moneta,
1734 1363 1853 1403 unde
1879 1363 2011 1403 Hein-

189 1435 404 1485 adiungit,
430 1435 639 1473 novatum
662 1433 803 1479 esset,
831 1441 963 1481 aegre
986 1430 1070 1469 fer-
1132 1427 1228 1466 rich
1257 1427 1329 1465 hic
1349 1426 1508 1478 probat
1525 1426 1757 1476 procudere
1775 1436 1937 1465 nomen.
1961 1448 2005 1452 -—

190 1500 286 1537 rent
320 1499 363 1536 et
393 1495 717 1536 stomachosius
738 1493 995 1534 vellicarent
1016 1503 1067 1532 ac
1125 1493 1344 1539 praesente
1358 1493 1459 1528 nota
1471 1490 1701 1539 producere
1716 1488 1878 1538 nomen]
1899 1489 2011 1527 lma-

189 1560 508 1611 x'ituperarent.
544 1558 655 1597 Cum
677 1558 806 1607 igitur
825 1557 896 1596 hic
917 1555 1071 1606 loqua-
1133 1553 1230 1603 gine
1262 1563 1315 1591 ex
1345 1552 1469 1602 parte
1492 1551 1728 1602 desumpta
1750 1561 1774 1590 a
1798 1549 2007 1598 nummis,

188 1626 260 1663 tur
303 1633 389 1661 non
430 1621 484 1660 de
517 1619 706 1660 Caecilio
748 1621 793 1659 et
823 1618 973 1659 Plauto
1001 1617 1070 1656 x‘i-
1099 1611 1103 1617 ’
1133 1624 1324 1664 quorum
1354 1615 1485 1653 notae
1518 1614 1621 1652 tunc
1652 1612 1887 1663 quotannis
1910 1622 2011 1651 mu-

189 1683 420 1732 ventibus,
468 1682 548 1722 sed
587 1682 642 1721 de
681 1681 870 1722 residuis
911 1690 1070 1721 eorum
1132 1675 1340 1715 tabantur
1369 1686 1423 1714 ex
1453 1674 1632 1714 arbitrio
1663 1685 1912 1714 annuorum
1931 1673 2012 1713 tri-

192 1746 422 1799 operibus,
454 1746 658 1796 apertum
682 1746 748 1785 est
767 1745 896 1784 unice
914 1752 1070 1783 veram
1134 1738 1410 1777 umvirorum
1430 1736 1717 1776 monetalium
1740 1737 1876 1788 (recte
1893 1736 2012 1776 enim

192 1820 290 1849 esse
322 1807 560 1847 lectionem
590 1807 723 1855 dabit,
770 1818 851 1858 pro
883 1817 969 1857 qua
1001 1803 1071 1844 alii
1133 1800 1311 1839 vertunt
1338 1810 1451 1838 vom
1479 1799 1740 1850 heutiqen,
1773 1798 2012 1850 jetziqen

193 1870 331 1910 Codd.
358 1870 466 1909 dedit
484 1868 554 1909 vel
577 1869 723 1917 dabat,
752 1868 871 1919 quod
893 1878 1073 1918 expres·
1134 1861 1406 1913 Stempel),
1449 1862 1494 1901 in
1533 1860 1669 1901 altera
1707 1863 1833 1912 parte
1863 1861 2014 1901 servat

191 1933 246 1973 sit
276 1930 653 1981 Regelsbergerus
679 1932 894 1980 sequente
917 1927 1071 1968 Schel-
1134 1923 1272 1964 verba
1301 1924 1506 1975 propria;
1545 1935 1682 1976 quem
1710 1934 1843 1964 usum
1873 1924 2013 1963 Hora-

190 1994 275 2034 le.»
321 1995 556 2034 Wmcufflzr
597 1992 652 2032 de
683 1994 729 2031 L.
762 1992 891 2031 Vario
922 2002 965 2042 p.
1001 1990 1068 2030 66.
1136 1987 1303 2026 tianum
1333 1998 1430 2026 rem
1460 1988 1627 2038 ipsam,
1666 1983 1722 2026 τὸ
1753 1983 1936 2043 κύριον,
1969 1986 2014 2026 et

192 2056 311 2097 «Noli
342 2055 547 2106 colligere
579 2067 632 2094 ex
653 2056 738 2094 hoe.
759 2053 876 2102 loeo⁷
909 2054 1069 2093 vixisse
1100 2009 1104 2098 1
1135 2049 1372 2099 imaginem
1420 2050 1511 2089 Sive
1556 2047 1733 2107 τρόπον
1775 2049 2011 2088 artificiose

191 2121 430 2161 etiamtunc
451 2116 674 2168 Virgilium
699 2118 741 2156 et
759 2117 964 2164 VarIum3
990 2115 1071 2155 sed
1134 2111 1350 2151 miscendi
1382 2113 1426 2150 et
1456 2113 1581 2162 quasi
1605 2111 1902 2152 confundendi
1923 2121 2013 2150 non

192 2183 234 2221 hi
257 2182 351 2221 eius
372 2180 527 2219 aetatis
550 2180 711 2229 egregii
737 2180 894 2230 poetae
918 2180 1070 2218 contra
1135 2173 1240 2212 satis
1271 2174 1515 2224 respiciens
1536 2174 1759 2214 Bentleius
1784 2172 2014 2224 metapho-

193 2245 363 2295 priscos
405 2241 645 2281 Caecilium
676 2243 719 2280 et
760 2239 958 2280 Plautum
989 2251 1071 2291 po-
1136 2246 1229 2274 ram
1275 2237 1544 2276 continuavit
1594 2238 1773 2288 recepta
1823 2235 2012 2276 lectione

192 2309 379 2352 nuntur3
404 2305 604 2355 utrisque
621 2303 741 2342 idem
761 2302 1070 2343 novandorum
1130 2299 1362 2347 procudere
1389 2310 1619 2338 nummum.
1652 2300 1819 2338 Verum
1839 2299 1888 2337 ut
1903 2309 2012 2348 pro-

191 2368 434 2409 verborum
456 2367 524 2406 ius
546 2366 836 2405 vindicatur.»
869 2365 1068 2404 DiLLENB.
1135 2362 1284 2401 ducere
1308 2373 1525 2401 nummum
1554 2360 1700 2413 (veluti
1716 2362 1760 2401 in
1781 2361 2013 2400 hominum

1137 2423 1440 2475 conspectum)
1478 2424 1695 2476 significat
1722 2434 1905 2464 nummo
1935 2433 2014 2462 nu-

1135 2497 1217 2539 per
1247 2497 1354 2526 cuso
1376 2488 1570 2538 primum
1592 2487 1654 2526 uti
1678 2487 1718 2526 in
1741 2485 2012 2526 commercio

1137 2549 1415 2601 quotidiano,
1456 2550 1524 2589 «in
1554 2550 1752 2590 notitiam
1781 2549 2013 2589 hominum

1138 2612 1386 2660 deducere,
1405 2626 1424 2646 »
1465 2614 1513 2650 ut
1542 2612 1688 2652 minus
1719 2610 1836 2651 clare
1861 2610 2014 2650 dicunt

1137 2674 1422 2722 Scholiastae,
1456 2674 1570 2714 hanc
1596 2674 1746 2714 tamen
1775 2672 2013 2713 lectionem

196 2455 238 2460 —-
264 2431 484 2481 acquirere
505 2428 665 2479 pauca]
695 2427 948 2467 Admodum
978 2438 1073 2467 mo-

194 2494 318 2533 deste
338 2505 345 2531 :
373 2490 551 2544 «paucis
570 2490 725 2530 saltem
744 2489 892 2530 verbis
911 2491 954 2530 et
970 2501 1073 2530 con—

194 2554 510 2596 structionibus
542 2565 705 2604 augere
736 2552 930 2604 linguam
956 2554 1072 2592 Lati-

193 2629 294 2659 nam
314 2630 354 2665 3»
388 2620 435 2657 ut
463 2617 639 2656 videtur
669 2617 754 2656 hoc
779 2616 873 2667 ipso
894 2614 991 2655 loco
1014 2614 1075 2655 fe—

194 2683 306 2721 cisse
326 2682 367 2720 in
384 2679 523 2720 verbo
540 2680 746 2727 invideor,
771 2674 1070 2730 φθονοῦμαι,

199 2757 278 2797 pro
308 2744 515 2783 invidetur
533 2743 647 2782 mihi.
680 2742 888 2781 Priscian.
914 2742 978 2791 18,
1004 2742 1070 2790 18,
1137 2739 1334 2785 tuentes;
1372 2738 1435 2777 sic
1459 2738 1694 2786 producere
1733 2746 1881 2775 nomen
1925 2745 2012 2774 «οο

1136 2801 1329 2852 primum
1373 2799 1436 2838 uti
1466 2800 1509 2838 in
1540 2809 1748 2839 sermone
1793 2795 1861 2837 vel
1901 2797 2013 2837 scri-

1136 2864 1262 2914 pto.»
1334 2862 1416 2912 (lta
1461 2861 1578 2900 enim
1627 2859 1742 2900 malo
1792 2858 2011 2911 explicare

1137 2935 1272 2976 quam
1303 2935 1405 2963 curn
1427 2923 1543 2972 aliis,
1581 2933 1775 2969 «creare,
1804 2921 2010 2971 facere»)

1136 2986 1270 3026 Vides
1315 2997 1421 3025 vero
1476 2985 1609 3024 etiam
1666 2996 1737 3024 vv.
1790 2985 2013 3036 Siynatum

1130 3053 1349 3100 praesente
1377 3052 1478 3088 nota
1507 3047 1744 3088 excludere
1783 3059 1825 3087 ν.
1853 3058 2013 3097 procu—

202 2808 293 2847 138.
329 2817 369 2857 p.
395 2806 514 2845 1161.
538 2807 584 2844 P.
620 2804 683 2844 Cf.
707 2806 816 2856 Epp.
842 2806 887 2852 1,
920 2805 969 2852 5,
992 2804 1069 2843 24:

200 2871 395 2918 imperor.
420 2869 645 2907 Steinerus
663 2870 811 2906 tamen
830 2866 1070 2917 (Comment.

198 2933 343 2972 Horat.
369 2932 494 2981 Speo.
519 2931 568 2969 11.
593 2942 635 2981 p.
660 2930 764 2980 18),
799 2940 900 2968 cum
932 2929 1073 2968 Hora—

196 2995 279 3033 tius
311 2995 429 3031 amet
459 2991 642 3031 vocibus
684 2992 873 3031 reddere
906 2992 1072 3042 primas

194 3066 296 3095 suas
314 3054 654 3105 significationes
672 3065 812 3106 paene
831 3052 1069 3102 obsoletas,

196 3121 241 3157 ut
272 3118 350 3156 Od.
379 3117 414 3162 1,
441 3116 506 3163 36,
531 3116 596 3154 ΞΟ.
627 3116 903 3164 umbiliosior,
938 3116 977 3164 3,
1003 3115 1068 3163 11,

195 3182 259 3220 Ξῖ.
290 3179 523 3229 pereuntis,
558 3179 643 3216 Sat.
669 3179 707 3225 Ξ,
734 3178 773 3226 4,
799 3178 864 3218 11.
892 3178 1069 3227 sapiens,

199 3241 295 3282 coll.
321 3243 533 3281 Cicerone
565 3241 690 3279 Tusc.
716 3240 755 3288 3,
778 3241 816 3289 9,
842 3241 906 3280 20.
933 3237 1072 3289 expli—

197 3307 286 3344 cat:
316 3305 375 3343 ich
401 3303 533 3342 werde
555 3301 737 3341 clesslzalb
760 3301 855 3351 (von
876 3303 951 3341 den
973 3302 1074 3340 Leu-

196 3366 275 3417 lcn)
323 3365 572 3417 anycsehen,
620 3364 718 3414 falle
759 3365 836 3414 aus
864 3364 949 3402 und
978 3363 1073 3414 {sebe

194 3431 370 3469 Αηείοεε.
402 3450 446 3455 -
482 3426 660 3478 Catonis]
703 3426 765 3466 Cf.
798 3427 904 3477 Epp.
939 3426 987 3472 2,
1022 3427 1068 3475 2,

198 3492 288 3530 117.
320 3514 350 3517 —v
394 3489 514 3540 Enni]
549 3489 713 3529 (11100.
739 3488 777 3534 4,
802 3488 842 3537 8,
866 3489 933 3528 ⁶20.
960 3489 1066 3540 Epp.

203 3554 234 3599 1,
263 3552 325 3598 io,
352 3552 390 3590 7.
425 3552 463 3601 Ξ,
491 3553 527 3599 1,
553 3552 618 3591 50.
651 3575 690 3579 —
724 3551 946 3602 Siynalum
968 3550 1069 3602 cet]

1137 3113 1230 3151 dere
1267 3114 1313 3150 ut
1344 3107 1653 3164 ταυτολόγον,
1688 3111 1768 3150 etsi
1793 3107 2012 3150 Marcilius

1137 3173 1347 3225 explicat:
1414 3173 1728 3225 «procudendo
1786 3173 2009 3223 signare.»

1138 3238 1312 3287 (Contra
1336 3237 1450 3275 hanc
1470 3234 1703 3275 lectionem
1725 3235 1810 3274 hoc
1831 3245 2011 3285 quoque

1139 3299 1413 3339 monendum
1426 3311 1432 3337 :
1450 3299 1673 3350 Signatum
1679 3301 1897 3348 praesente
1910 3301 2012 3336 nota

1130 3363 1363 3412 procudere
1382 3372 1596 3400 nummum
1617 3363 1684 3400 est
1704 3371 1827 3400 mera
1845 3369 1896 3399 ac
1912 3369 2013 3410 per-

1138 3426 1268 3476 petua
1292 3424 1550 3472 necessitas,
1577 3434 1665 3462 non
1686 3421 1872 3469 licentia,
1904 3419 2011 3460 libe-

1137 3498 1183 3526 ra
1196 3485 1390 3528 facultas.
1414 3487 1650 3525 Praeterea
1667 3494 1801 3536 quam
1818 3483 2008 3523 maxime

1137 3551 1352 3590 concinna
1397 3550 1465 3588 est
1507 3542 1733 3605 dvacpopc'c
1777 3546 1958 3586 Nomina
1985 3566 2002 3573 —
