2231 3787
270 232 362 285 160

332 364 685 436 Distorquens
726 364 936 428 oculOS,
978 375 1036 419 ut
1075 384 1158 419 mo
1200 365 1446 436 eriperet.

898 236 1112 276 HORATII
1143 236 1442 278 sATIRARUM

1523 364 1656 418 Male
1697 363 1869 418 salsus
2006 366 2072 418 65

332 465 527 520 Ridens
567 465 933 519 dissimulare:
975 484 1154 520 meum
1195 467 1344 520 iecur
1383 482 1542 519 urere
1580 464 1717 518 bilis.

333 568 487 621 Certe
530 567 713 620 nescio
753 567 883 637 quid
923 576 1132 621 secreto
1172 566 1308 620 velle
1348 566 1493 637 loqui
1533 574 1584 619 te

332 668 526 722 Aiebas
566 686 793 722 mecum.

871 668 1081 722 Memini
1120 667 1288 729 bene,
1332 666 1429 720 sed
1470 666 1691 721 meliore

370 819 436 857 68.
469 819 636 858 meliore
665 820 709 858 S.
755 827 856 857 cum
892 828 980 856 uno
1021 815 1251 866 alteroque
1284 828 1307 856 e
1340 817 1430 857 suis
1467 816 1606 857 Codd.
1645 815 1889 857 Bentleius:
1935 828 2024 859 me·-

319 882 413 921 ιεονι·
444 881 750 933 bcp‚l,C1FMJ.

262 983 317 1021 acl
348 987 438 1021 arte
467 981 701 1031 spenzolate
732 978 943 1030 Gargallo.
996 979 1136 1019 Minus

261 1047 381 1083 recte
426 1043 704 1083 Torrentius:
754 1052 901 1091 «quae
947 1039 1139 1091 obsequi

262 1105 480 1153 nollent»,
524 1108 570 1144 ut
600 1105 668 1144 est
698 1103 817 1155 apud
858 1103 990 1142 Tacit.
1024 1105 1136 1142 Ann.

270 1169 278 1207 Ι
303 1200 310 1215 ,
345 1169 420 1208 65ῑ
454 1168 586 1207 lentae
616 1167 838 1206 adversum
858 1166 1038 1215 imperia
1058 1176 1140 1204 au-

260 1240 340 1269 res.
377 1253 420 1257 -
460 1229 572 1269 Male
607 1228 752 1279 salsus]
797 1238 958 1278 «prave
1005 1229 1138 1278 atque

227 1313 231 1315 -
262 1293 571 1342 intempestive
608 1291 800 1329 iocans.»
855 1289 979 1328 Hand
1012 1290 1136 1329 Turs.

263 1355 330 1392 111.
364 1364 406 1404 p.
441 1352 535 1392 584.
573 1373 616 1379 —
651 1351 778 1402 iecur]
812 1351 861 1389 H.
893 1349 918 1389 l.
951 1353 1019 1390 est
1050 1351 1139 1390 irae

263 1415 420 1462 sedes,
453 1416 500 1453 ut
531 1413 608 1453 Od.
634 1414 679 1461 4,
716 1412 790 1461 43,
824 1412 876 1451 3:
909 1424 986 1452 vae
1005 1424 1140 1452 'meum

261 1479 437 1517 Ferreus
458 1475 614 1527 difficili
635 1475 711 1513 bile
731 1478 856 1513 tumet
878 1475 1013 1522 tecum
1038 1474 1140 1514 alibi

263 1539 439 1578 amoris.
496 1537 591 1576 vid.
635 1536 691 1575 ad
731 1535 808 1575 Od.
852 1537 898 1583 4,
945 1537 1021 1586 25,
1072 1538 1136 1576 45.

262 1601 308 1647 4,
334 1601 349 1638 4
371 1631 378 1648 ,
405 1600 469 1638 42.
498 1621 542 1626 -
564 1609 687 1637 urere
708 1597 810 1646 bilis]
842 1598 1019 1637 Aristot.
1039 1601 1142 1638 Pro-

263 1661 397 1701 blem.
417 1660 490 1700 30:
526 1651 662 1709 ὅσοις
682 1657 732 1698 δὲ
752 1657 859 1699 λίαν
882 1655 1034 1712 πολλὴ
1059 1660 1142 1699 καὶ

262 1719 418 1780 θερμὴ
461 1719 508 1775 (ἦ
548 1718 669 1774 χολὴ
715 1718 1006 1778 ἐνυπάρχει),
1047 1735 1142 1775 μα-

263 1787 389 1827 νικοὶ
437 1785 518 1825 καὶ
567 1781 764 1834 εὐφυεῖς
804 1785 883 1823 καὶ
923 1783 1140 1841 ἑρωτικοὶ

264 1850 345 1889 καὶ
376 1843 615 1899 εὐκίνητοι
655 1842 773 1902 πρὸς
812 1843 924 1896 τοὺς
953 1843 1143 1899 θυμοὺς

264 1913 343 1951 καὶ
375 1907 461 1960 τὰς
491 1908 764 1960 ἐπιθυμίας.

320 1971 497 2012 69-74.
540 1971 749 2010 tricesima
787 1969 975 2022 sabbata]
1009 1971 1143 2010 «Sab-

265 2036 363 2075 bata
394 2034 449 2074 de
480 2045 567 2073 uno
590 2032 764 2073 sabbati
795 2032 865 2072 die
897 2033 1047 2073 Matth.
1071 2034 1139 2082 22,

268 2100 306 2138 4.
341 2097 474 2137 Marci
508 2097 553 2143 4,
590 2096 653 2134 24.
687 2094 863 2146 Ioseph.
898 2096 1075 2146 Antiqq.
1099 2095 1139 2144 3,

269 2161 342 2208 40,
378 2161 392 2198 4
420 2173 426 2198 ;
461 2154 584 2197 κατὰ
613 2155 663 2197 δὲ
694 2155 908 2210 ἑβδόμην
940 2153 1140 2214 ἡμέραν,

266 2217 371 2274 ἥτις
425 2218 652 2269 σάββατα
705 2218 934 2260 καλεῖται.
1007 2222 1142 2260 Recte

267 2285 368 2323 inita
413 2283 626 2334 temporis
668 2283 997 2334 computatione
1037 2282 1144 2323 sab-

266 2346 366 2385 bata
399 2345 453 2384 ab
485 2345 605 2384 initio
636 2345 738 2383 anni
767 2345 882 2385 sacri
920 2345 1142 2385 tricesima

265 2408 463 2449 incidunt
505 2408 547 2446 in
591 2407 739 2458 ipsum
783 2408 978 2458 primum
1023 2407 1143 2447 diem

266 2469 638 2521 scenopegiorum
658 2469 746 2507 XV.
772 2468 814 2508 d.
840 2468 1017 2508 Octobr.
1046 2470 1145 2508 Ete-

266 2533 357 2571 nim
388 2542 467 2571 sex
495 2541 676 2569 menses
715 2528 893 2570 lunares
924 2529 979 2570 ab
1009 2530 1144 2582 Aprili

268 2594 325 2633 ad
364 2592 602 2633 Octobrem
643 2592 998 2643 complectuntur
1037 2593 1144 2633 sab-

267 2655 370 2695 bata
401 2655 549 2704 viginti
580 2655 789 2704 quinque.
842 2653 1145 2701 Quemadmo—

268 2717 375 2756 dum
405 2719 554 2755 autem
585 2716 801 2766 septimus
832 2716 1020 2766 quisque
1049 2715 1143 2756 dies

268 2778 505 2819 sabbatum
536 2780 627 2826 est,
663 2779 721 2817 ita
751 2777 873 2817 festis
897 2777 1054 2817 diebus
1076 2789 1146 2817 se-

269 2841 392 2892 ptimi
436 2840 602 2879 mensis
647 2839 702 2878 ad
750 2849 889 2878 unum
937 2839 1144 2880 omnibus

269 2901 558 2941 sabbatorum
616 2911 780 2939 nomen
846 2899 1141 2940 tribuebatur.

267 2964 397 3013 Atqui
427 2962 596 3013 primus
627 2961 828 3002 Octobris
851 2962 945 3001 dies
969 2965 1036 3002 est
1056 2962 1146 3003 sol-

268 3025 413 3064 lemne
457 3024 724 3063 buccinandi
769 3025 860 3064 sive
907 3024 1143 3065 sabbatum

269 3087 413 3126 XXVI.
468 3086 553 3125 Csr.
579 3088 706 3125 Num.
731 3086 802 3133 29,
829 3088 866 3125 4.
914 3087 1049 3126 Levit.
1074 3088 1142 3137 23,

269 3148 337 3188 24.
401 3149 606 3198 Sequitur
649 3148 742 3187 dies
786 3149 893 3188 Tisri
939 3150 1142 3199 quintus,

269 3209 445 3259 volgare
467 3209 703 3248 sabbatum
733 3210 915 3258 XXVII„
951 3212 1017 3249 est
1036 3221 1146 3262 poe—

270 3271 479 3312 nitentiae
504 3269 573 3310 vel
604 3269 934 3322 supplicationis
960 3272 1141 3312 XXVIII.

270 3336 398 3374 Num.
433 3333 504 3380 29,
540 3333 579 3371 7.
632 3333 765 3371 Levit.
798 3332 870 3381 23,
912 3333 978 3372 27.
1025 3335 1145 3374 Duo-

1201 979 1310 1019 Tisri
1342 980 1494 1031 quinto
1525 980 1722 1030 decimo,
1755 982 1900 1033 primo
1921 991 2083 1022 sceno—

1203 1042 1459 1093 pegiorum,
1513 1054 1627 1094 quae
1677 1054 1857 1095 semper
1906 1047 2081 1085 constat

1203 1104 1450 1144 castissime
1481 1104 1706 1145 celebrata
1734 1107 1800 1155 et,
1835 1107 1954 1157 quod
1985 1118 2083 1147 ma-

1201 1167 1305 1206 ximi
1336 1169 1549 1208 momenti
1589 1170 1679 1217 est,
1726 1169 1935 1209 Romanis
1976 1170 2082 1210 satis

1202 1231 1302 1268 nota
1357 1229 1505 1270 fuisse.
1590 1230 1727 1270 Levit.
1774 1230 1852 1279 23,
1905 1229 2078 1272 34-44.

1202 1289 1422 1330 Plutarch.
1457 1293 1662 1343 Sympos.
1696 1292 1771 1340 IV,
1807 1293 1856 1342 6,
1889 1293 1929 1333 2.
1971 1294 2085 1333 Dici-

1203 1355 1273 1392 tur
1312 1353 1444 1392 etiam
1487 1353 1648 1393 festum
1691 1353 2084 1394 tabernaculorum

1203 1411 1306 1466 (τὴν
1337 1415 1571 1471 προτέραν
1598 1411 1684 1467 τῆς
1704 1411 1876 1472 ἑορτῆς
1897 1412 2084 1469 σκηνὴν

1203 1471 1541 1528 ὀνομάζουσιν.
1595 1476 1705 1516 Plut.
1740 1476 1766 1516 l.
1796 1476 1841 1528 l.)
1882 1479 1926 1518 et
1966 1488 2087 1518 com-

1202 1536 1409 1589 plectitur
1429 1539 1623 1589 integros
1641 1541 1813 1590 septem
1831 1539 1925 1579 dies
1947 1550 1971 1579 a
1993 1541 2082 1580 XV.

1202 1600 1311 1639 Tisri
1341 1611 1483 1650 usque
1515 1600 1571 1639 ad
1591 1601 1699 1641 XXI.
1732 1601 1904 1641 Primus
1935 1604 2086 1642 autem

1205 1661 1335 1701 huius
1377 1661 1673 1702 hebdomadis
1704 1662 1798 1703 dies
1837 1664 1879 1702 et
1908 1662 2087 1705 ultimus

1204 1723 1399 1763 maxime
1421 1723 1536 1763 sacri
1558 1725 1685 1763 erant
1705 1725 1749 1763 et
1766 1726 1945 1775 praeter
1964 1727 2088 1766 cete-

1204 1796 1278 1825 ros
1308 1784 1572 1824 dicebantur
1601 1785 1832 1826 sabbata.»
1892 1788 2078 1827 ROEDER.

1204 1846 1398 1886 Eximius
1415 1846 1677 1897 Theologus‚
1703 1848 1776 1899 qui
1799 1859 1917 1887 nunc
1937 1849 2086 1900 ipsum

1202 1909 1244 1947 in
1276 1920 1329 1948 eo
1353 1911 1443 1958 est,
1477 1911 1525 1948 ut
1554 1909 1794 1950 obscuram
1814 1910 1979 1950 Iudai0i
1999 1912 2082 1950 Ka-

1202 1967 1385 2009 lendarii
1424 1972 1644 2011 rationem
1684 1972 1865 2012 tandem
1906 1973 2082 2013 ordinet

1204 2034 1336 2082 atque
1368 2032 1574 2082 illustret,
1617 2045 1641 2072 a
1681 2044 1753 2073 me
1784 2034 1868 2074 hoc
1899 2034 1954 2074 de
1985 2033 2082 2075 loco

1205 2093 1430 2134 consultus
1474 2105 1577 2134 cum
1621 2096 1761 2144 esset,
1816 2107 1905 2135 non
1956 2107 2086 2147 pror-

1205 2166 1279 2195 sus
1311 2156 1578 2207 improbavit
1613 2157 1802 2198 Roederi
1838 2158 2082 2207 rationem;

1205 2218 1290 2257 hoc
1320 2220 1471 2258 tamen
1509 2219 1724 2259 adiunxit:
1773 2220 1966 2268 «Quodsi
2002 2220 2083 2260 ad-

1206 2281 1535 2321 numerandum
1566 2284 1634 2322 est
1671 2283 1714 2322 et
1744 2284 2084 2322 controversum

1205 2340 1310 2381 illud
1332 2342 1570 2383 sabbatum
1590 2341 1975 2402 ὁευτερόπρωτον
1993 2345 2088 2396 (Lu-

1206 2417 1285 2446 cae
1317 2407 1365 2455 6,
1400 2408 1473 2458 4.),
1507 2408 1572 2447 45.
1607 2407 1702 2448 dies
1733 2408 1899 2448 mensis
1933 2408 2082 2457 Nisan,

1205 2468 1254 2506 ut
1271 2467 1467 2517 videtur,
1492 2470 1605 2509 teste
1627 2471 1816 2522 Iosepho
1835 2469 2079 2521 (Archaeol.

1206 2529 1254 2579 3,
1289 2531 1365 2579 40,
1408 2532 1447 2570 5.
1499 2531 1574 2580 43,
1608 2532 1655 2580 8,
1689 2531 1745 2583 4.)
1782 2543 1864 2584 pro
1896 2532 2085 2572 sabbato

1207 2591 1486 2642 celebratus,
1539 2595 1583 2632 et
1630 2593 1726 2634 dies
1774 2596 2082 2642 pentecostes,

1207 2654 1245 2693 6.
1266 2654 1361 2694 dies
1382 2655 1550 2695 mensis
1571 2655 1716 2705 sivan,
1741 2657 1967 2697 tricesima
1987 2655 2088 2697 sab-

1206 2716 1309 2755 bata
1340 2717 1384 2756 in
1414 2717 1535 2756 diem
1556 2718 1622 2758 40.
1655 2719 1822 2759 mensis
1853 2719 1960 2759 Tisri
1980 2730 2086 2771 per-

1207 2789 1343 2829 quam
1379 2780 1480 2830 apte
1516 2779 1736 2819 incidunt:
1790 2782 1957 2821 etenim
2001 2782 2085 2821 hoc

1207 2841 1277 2880 die
1323 2841 1419 2891 ipso
1467 2852 1675 2892 magnum
1720 2841 1824 2883 illud
1869 2842 2083 2884 sollemne

1207 2903 1505 2953 expiationum
1537 2903 1873 2954 celebrabatur,
1908 2905 1962 2945 de
1994 2915 2082 2956 quo

1206 2964 1344 3003 Levit.
1368 2964 1443 3013 23,
1467 2966 1532 3005 27.
1557 2967 1790 3006 tremenda
1812 2967 1924 3007 haec
1945 2966 2083 3007 verba

1206 3025 1434 3077 leguntur:
1487 3028 1653 3068 «Omnis
1681 3030 1847 3080 anima,
1881 3040 1989 3079 quae
2015 3029 2085 3081 af-

1204 3089 1320 3139 flicta
1347 3100 1430 3127 non
1457 3089 1584 3139 fuerit
1614 3091 1678 3130 die
1717 3092 1815 3141 hac,
1856 3090 2008 3141 peribit
2037 3091 2086 3131 de

1200 3150 1367 3200 populis
1395 3151 1503 3199 suis,·
1540 3156 1575 3191 ec
1606 3153 1676 3202 qui
1705 3153 1840 3202 operis
1869 3153 2085 3203 quidpiam

1211 3213 1368 3262 secet-ic,
1414 3214 1550 3254 delebo
1587 3226 1679 3254 eum
1718 3217 1766 3255 de
1797 3215 1953 3265 populo
1991 3226 2081 3256 suo.

1207 3276 1312 3314 Tam
1344 3276 1466 3315 triste
1498 3277 1626 3326 igitur
1655 3275 1892 3327 sollemne,
1929 3279 2083 3318 notum

1209 3338 1342 3376 etlam
1370 3338 1600 3387 Romanis,
1647 3339 1962 3390 superstitiosis
1996 3341 2084 3379 uti-

270 3395 470 3435 decimus
508 3394 744 3434 sabbatum
785 3393 961 3445 volgare
997 3396 1141 3436 XXIX.
1206 3410 1292 3449 que
1314 3410 1492 3440 sacrum
1523 3400 1750 3451 quendam
1781 3403 2000 3441 terrorem
2021 3402 2084 3441 in-

273 3458 350 3496 cui
372 3457 619 3498 succedunt
649 3458 857 3498 tricesima
877 3457 1049 3498 sabbata
1073 3458 1142 3498 die
1206 3463 1358 3502 cutere
1392 3465 1577 3513 poterat.
1639 3461 1815 3503 Plurimi
1845 3474 2079 3505 assensere
