2231 3787
864 249 958 287 LlB.
994 247 1023 286 1.

1086 247 1197 287 sAT.
1232 248 1300 287 vi.
1892 246 1990 296 ’109

241 379 348 431 Nos
391 378 566 431 facere
607 396 635 429 a
677 377 832 447 volgo
875 377 1029 447 longe
1070 377 1338 448 longeque
1378 379 1652 430 remotos?

241 481 482 550 Namque
523 488 662 541 estc,
703 478 936 550 populus
978 479 1209 532 Laevino
1249 478 1427 532 mallet
1467 478 1726 531 honorem

241 581 413 644 Quam
454 581 617 634 Decio
657 579 914 633 mandare
954 597 1119 641 now),
1164 597 1468 650 censorque
1508 588 1749 633 moveret

1924 580 1989 629 ³20

238 683 463 753 Appius,
509 683 739 753 ingenuo
779 682 822 734 si
863 699 967 734 non
1009 699 1187 735 essem
1227 690 1377 752 patre
1416 689 1599 734 natus:

239 782 327 835 Vel
370 783 584 843 meritc,
628 783 882 854 quoniam
922 783 972 834 in
1012 784 1230 854 propria
1270 801 1376 836 non
1414 782 1555 854 pelle
1594 783 1884 854 quiessem.

277 933 340 973 48.
380 934 454 973 Vos
483 932 703 973 Bentleius
735 935 848 973 coni.
887 956 930 961 —
965 933 1084 984 Ionae
1114 933 1275 983 lateque
1306 937 1396 973 tres
1427 934 1641 981 Pottierii,
1676 933 1833 982 Aldus,
1869 936 1930 974 Lt.

166 1054 251 1095 qua
280 1044 438 1083 virtute
471 1045 545 1092 sit,
572 1055 789 1095 quaerere
826 1045 1042 1094 oportet.»

165 1105 250 1145 Sed
283 1106 388 1157 quid
421 1106 637 1146 attinebat
659 1107 902 1145 admonere
926 1107 1045 1144 Mae-

165 1172 383 1215 cenatem,
418 1180 471 1208 ne
494 1169 675 1216 faceret,
701 1179 815 1218 quae
840 1179 942 1206 eum
966 1168 1045 1206 mi-

165 1231 281 1270 nime
324 1231 469 1269 facero
512 1231 599 1270 iam
636 1242 769 1282 supra
810 1229 1044 1281 praedica-

164 1294 289 1332 verat
316 1293 535 1332 Horatius.
596 1295 737 1333 Immo
759 1304 834 1332 nos
852 1294 1044 1344 pertinet

163 1359 218 1397 ad
250 1358 478 1397 Horatium
509 1359 553 1397 et
582 1356 690 1397 alios
714 1357 917 1397 eiusdem
941 1368 1045 1396 con-

163 1419 347 1461 dicionis
385 1431 436 1459 ac
474 1419 711 1459 voluntatis
750 1421 884 1459 viros.
928 1443 972 1448 -
1016 1431 1040 1458 a

161 1483 551 1535 volqo--remotos]
576 1483 652 1522 Od.
678 1484 717 1531 ⁵2,
744 1483 810 1528 ⁴6,
835 1482 909 1522 37:
943 1483 1043 1521 mihi

162 1570 184 1576 —
204 1569 226 1576 -
246 1548 383 1586 Parca
403 1569 425 1575 —
445 1570 466 1575 -
489 1547 598 1585 (ledit
617 1568 640 1574 -
659 1547 894 1597 malignum
931 1556 1044 1595 sper-

159 1621 258 1649 nere
285 1610 442 1660 volgus.
497 1609 575 1649 Od.
601 1609 649 1657 3,
676 1609 691 1647 4
715 1640 723 1657 ,
759 1610 800 1647 4:
836 1608 912 1647 Odi
938 1620 1043 1657 pro—

159 1673 306 1724 fanum
323 1673 464 1723 volssus
485 1676 522 1711 et
541 1682 678 1710 arceo.
713 1671 881 1710 Seneca
902 1671 1037 1721 Epist.

161 1735 209 1775 3:
256 1735 484 1774 Dissimiles
512 1745 595 1773 esse
634 1745 726 1772 nos
762 1734 883 1784 volqo
913 1733 1038 1781 sciat,

161 1798 232 1847 qui
252 1797 479 1847 inspexerit
501 1797 691 1847 propius.
734 1819 779 1823 —-
817 1796 936 1846 lontqe
956 1796 1043 1834 lon-

159 1860 300 1912 9eque]
340 1859 496 1901 Modus
533 1858 852 1910 superlativum
893 1859 1042 1909 expri-

160 1923 311 1964 mendi
347 1924 481 1964 etiam
522 1922 641 1974 apud
683 1923 772 1962 Cic.
815 1922 871 1961 de
917 1922 1037 1961 Finn.

159 1987 207 2035 2,
240 1987 316 2034 ⁶24,
350 1987 441 2035 68.,
485 1997 621 2036 quem
652 1987 887 2026 servarunt
923 1984 1036 2033 Itali,

160 2050 285 2101 lunqo
306 2049 432 2100 lungo
453 2048 679 2088 interdum
701 2048 915 2088 dicentes.
950 2048 1041 2088 Ab-

162 2112 298 2152 surda
329 2113 397 2151 est
436 2111 572 2150 altera
613 2109 741 2150 lectio
781 2111 900 2162 longe
937 2111 1043 2150 late-

161 2185 239 2222 que
259 2175 442 2224 propter
462 2174 610 2224 ipsum
629 2184 670 2212 V.
694 2177 892 2220 remotos,
921 2172 1041 2223 quod

161 2235 400 2276 latitudinis
449 2247 634 2276 sensum
682 2236 879 2287 respuit,
939 2246 1040 2274 cum

163 2300 314 2337 contra
352 2299 472 2337 recte
511 2297 683 2337 dicatur
721 2298 840 2348 longe
881 2298 1043 2347 lateque

156 2364 324 2410 palere,
347 2360 517 2410 spargi,
542 2360 733 2410 diffundi.
768 2360 892 2399 Hand
913 2361 1038 2399 Turs.

163 2424 232 2462 111.
265 2434 308 2474 p.
343 2423 444 2461 552:
482 2423 648 2473 «Saepe
682 2424 952 2461 commutata
975 2423 1042 2460 est

163 2483 347 2524 formula
368 2485 487 2536 longe
506 2485 688 2534 lateque,
722 2495 836 2536 quae
861 2484 915 2524 de
938 2495 1042 2535 spa-

164 2548 231 2588 tiis
263 2549 433 2587 tantum
465 2547 550 2587 dici
579 2549 776 2599 poterat,
809 2546 943 2586 veluti
966 2547 1040 2586 Di-

162 2612 272 2662 gest.
297 2609 342 2658 4,
376 2610 425 2659 4,
459 2610 532 2659 39,
567 2611 613 2649 l:
661 2613 697 2649 el
733 2610 851 2660 lonqe
881 2610 1042 2659 lateque

160 2685 250 2714 rem
291 2673 502 2713 meliorem
544 2673 681 2724 fecit.»
719 2696 764 2700 —
803 2671 944 2723 Decio]
993 2673 1037 2711 P.

162 2737 323 2777 Decius
354 2737 471 2785 Mus,
514 2735 650 2775 homo
679 2745 828 2782 novus,
871 2735 1041 2785 primus

163 2809 187 2838 e
218 2798 362 2838 Deciis
384 2796 538 2838 consul
569 2796 647 2836 fuit
668 2799 713 2836 et
734 2797 776 2835 in
797 2794 913 2835 bello
937 2807 1039 2835 cum

163 2860 325 2900 Latinis
354 2870 434 2911 pro
464 2858 713 2910 legionibus
744 2859 952 2899 Romanis
974 2858 1040 2898 dis

164 2921 312 2962 inferis
356 2932 455 2962 sese
501 2921 680 2962 devovit
722 2933 761 2961 a.
795 2932 836 2960 u.
871 2932 909 2961 c,
943 2920 1037 2961 444.

164 2985 255 3024 Liv.
287 2984 334 3032 8,
368 2984 407 3023 9.
452 2985 605 3023 Iuven.
634 2983 679 3033 8,
713 2983 815 3024 254:
860 2983 1043 3023 Plebeiae

163 3047 388 3086 Deciorum
435 3047 621 3096 animae,
669 3045 828 3096 plebeia
873 3046 1043 3097 fuerunt

163 3108 368 3155 Nomina,·
408 3119 489 3157 pro
520 3109 613 3147 totis
642 3107 870 3158 le9ionibus
899 3108 940 3146 hi
974 3112 1042 3146 ta—

162 3181 257 3210 men
285 3173 323 3209 et
357 3181 437 3219 pro
477 3169 672 3208 Omnibus
701 3170 877 3209 auoeiliis
919 3174 1043 3220 atque

163 3233 276 3272 omni
298 3231 408 3282 pube
435 3232 589 3271 Latina
617 3231 839 3283 Sufficiunt
878 3233 940 3272 dis
974 3233 1043 3272 in-

162 3295 291 3345 fernis
322 3295 554 3344 Terraeque
577 3295 761 3344 parenti.
796 3316 842 3322 —
871 3295 1041 3347 Appius]

164 3356 329 3408 Appius
352 3355 561 3396 Claudius
590 3354 799 3403 Pulcher,
833 3357 878 3395 P.
904 3355 1042 3396 Clodii

167 3417 322 3467 frater,
369 3419 424 3459 de
457 3430 544 3470 quo
583 3416 756 3458 Caelius
787 3417 905 3468 apud
949 3418 1038 3458 Cic.

168 3479 223 3519 ad
254 3480 371 3519 Fam.
396 3481 444 3529 8,
480 3480 551 3529 ⁴4,
586 3479 624 3520 4:
658 3481 904 3520 Persuasum
923 3484 980 3519 est
1009 3481 1042 3520 ei

1109 1054 1327 1082 censuram
1359 1042 1581 1081 lomentum
1611 1048 1682 1082 aul
1715 1044 1870 1082 nitrum
1891 1054 1986 1082 esse.

1108 1106 1270 1144 Errare
1320 1106 1417 1143 milii
1464 1106 1654 1151 videlu›·,·
1706 1117 1805 1145 nam
1851 1107 1991 1144 sordes

1108 1168 1243 1206 eluere
1271 1168 1376 1215 roll,
1422 1178 1549 1205 venas
1577 1168 1651 1206 sibi
1684 1180 1820 1207 omnes
1849 1174 1885 1207 et
1922 1170 1989 1207 vi-

1107 1241 1226 1269 scera
1248 1230 1396 1279 aperit.
1461 1230 1536 1268 llic
1560 1230 1741 1280 quidem
1773 1241 1852 1283 pro
1875 1242 1988 1281 quo-

1107 1293 1172 1331 vis
1214 1302 1400 1331 censore
1447 1302 1605 1331 severo
1652 1294 1752 1344 poni
1797 1293 1985 1332 videtur.

1106 1354 1203 1393 vid.
1238 1355 1406 1393 Becker
1434 1354 1594 1393 Handb.
1620 1356 1657 1393 d.
1684 1360 1787 1394 rom.
1811 1356 1983 1394 Alterlli.

1106 1420 1155 1464 2,
1192 1420 1236 1466 «1,
1284 1419 1375 1458 196.
1414 1442 1457 1446 ——
1491 1419 1525 1457 si
1565 1419 1659 1470 non]
1704 1420 1790 1459 (jfr.
1845 1421 1988 1469 Reisig

1107 1482 1198 1520 Lol.
1234 1481 1451 1529 Sprachw.
1477 1492 1518 1532 p.
1544 1481 1656 1529 520„
1691 1482 1765 1532 qui
1796 1485 1921 1533 putat
1946 1483 1987 1522 in

1108 1544 1305 1582 oratione
1328 1546 1449 1582 recta
1471 1544 1525 1583 ita
1550 1544 1789 1584 dicendum
1821 1545 1953 1586 luisse
1976 1558 1983 1583 :

1108 1607 1169 1645 «si
1202 1617 1289 1645 non
1321 1606 1447 1645 sim.»
1509 1608 1638 1646 Certe
1664 1619 1749 1646 non
1774 1610 1840 1647 est
1865 1619 1990 1658 pror-

1105 1679 1180 1707 sus
1212 1668 1332 1707 idem
1363 1680 1413 1707 ac
1446 1670 1569 1718 quia,
1608 1672 1656 1708 ut
1687 1681 1739 1708 ex
1772 1670 1987 1709 Diomede

1105 1729 1195 1770 volt
1226 1732 1446 1781 Cruquius
1479 1742 1520 1783 p.
1547 1731 1660 1780 :39.i.,
1695 1734 1818 1772 cuius
1848 1733 1987 1772 verba

1106 1794 1320 1844 exscripsi
1342 1794 1397 1832 ad
1420 1795 1505 1833 Sat.
1533 1795 1576 1841 4,
1611 1795 1657 1843 9,
1691 1796 1757 1834 ⁶22.
1818 1795 1984 1836 Verum

1104 1856 1190 1895 hoc
1221 1856 1344 1895 dicit:
1381 1858 1593 1907 «Appius,
1626 1858 1675 1896 ut
1697 1868 1852 1897 omnes
1874 1857 1982 1897 alios

1105 1917 1357 1966 libertinos,
1384 1930 1455 1958 nie
1479 1930 1681 1970 quoque,
1706 1920 1741 1959 si
1762 1920 1892 1960 huius
1914 1932 1987 1961 es-

1106 1992 1203 2021 sem
1226 1981 1518 2030 condicionis,
1554 1984 1711 2021 senatu
1739 1984 1984 2022 moveret.»

1110 2066 1154 2071 —
1183 2045 1249 2083 Vel
1266 2045 1427 2097 merito]
1451 2045 1530 2083 καὶ
1553 2041 1749 2095 εἰκότως
1770 2057 1834 2098 γε.
1871 2046 1986 2084 Scite

1105 2107 1190 2146 hoc
1210 2106 1430 2147 versiculo
1453 2107 1689 2158 significat,
1725 2118 1772 2147 se
1799 2119 1984 2159 prorsus

1105 2169 1348 2209 abhorrere
1381 2170 1436 2209 ab
1468 2169 1712 2209 honoribus
1751 2172 1987 2211 Maecena-

1105 2233 1159 2272 tis
1191 2232 1339 2272 favore
1374 2233 1620 2284 captandis.
1657 2256 1701 2262 —
1737 2245 1774 2283 q.
1807 2235 1851 2272 in
1881 2245 1987 2283 pro-

1100 2295 1202 2344 pria
1230 2306 1312 2333 vnon
1349 2296 1455 2345 pelle
1495 2296 1705 2346 quiessem]
1750 2296 1835 2335 «Ex
1879 2306 1987 2346 pro-

1104 2357 1260 2397 verbio
1299 2360 1525 2408 sumptum
1567 2359 1633 2397 est
1677 2358 1718 2396 in
1761 2368 1861 2405 eos,
1910 2358 1984 2408 qui

1105 2419 1424 2459 mediocrItatis
1456 2429 1562 2458 suae
1595 2417 1716 2457 obliti
1749 2419 1916 2458 maiora
1937 2429 1985 2457 se

1107 2482 1210 2534 ipsis
1241 2483 1476 2533 appetunt,
1511 2492 1623 2531 quos
1656 2492 1742 2520 non
1769 2481 1985 2520 contineri

1105 2545 1217 2583 intra
1254 2543 1505 2595 pelliculam
1544 2543 1778 2583 dicimus.»
1828 2545 1982 2582 Poura.

1105 2608 1273 2646 Seneca
1305 2607 1440 2657 Epist.
1467 2607 1513 2645 9:
1545 2607 1732 2656 plerique
1761 2607 1988 2656 sapientem

1104 2670 1286 2719 undique
1329 2669 1567 2708 submovent
1610 2673 1648 2708 el
1694 2669 1809 2708 intra
1855 2673 1989 2708 eutem

1103 2744 1225 2771 suam
1247 2736 1412 2782 coqunl.
1447 2730 1627 2771 Martial.
1653 2730 1700 2778 3,
1726 2731 1792 2770 46.
1817 2730 1871 2770 de
1894 2741 1989 2770 cer-

1105 2794 1220 2834 done
1243 2796 1499 2845 arrogante:
1533 2797 1593 2842 te,
1615 2793 1715 2832 mihi
1734 2794 1876 2842 erede,
1898 2804 1988 2833 me-

1103 2861 1239 2897 mento
1267 2858 1389 2896 Nunc
1417 2857 1460 2895 in
1483 2856 1701 2906 pellicula,
1743 2856 1884 2904 cerdo,
1926 2859 1987 2894 te-

1103 2932 1202 2960 nere
1231 2924 1318 2959 tua.
1380 2920 1457 2959 Est
1478 2921 1630 2958 autem
1655 2918 1837 2968 propria
1849 2917 1984 2967 pellis,

1107 2992 1269 3032 «quam
1299 2983 1453 3021 natura
1476 2981 1570 3032 ipsa
1592 2981 1698 3020 mihi
1727 2979 1806 3020 soli
1837 2979 1989 3019 tribuit

1105 3044 1186 3092 ita,
1231 3044 1279 3082 ut
1310 3042 1420 3083 alius
1452 3041 1611 3082 nullius
1643 3043 1740 3082 sit.»
1790 3043 1859 3081 Sic
1895 3040 1986 3080 Itali

1105 3106 1230 3145 starsi
1273 3106 1335 3145 ne'
1367 3105 1456 3144 suoi
1492 3105 1642 3155 panni.
1720 3105 1933 3155 (Manzoni
1973 3105 1988 3143 i

1106 3169 1310 3219 promessi
1362 3168 1471 3218 sposi
1526 3167 1604 3207 Ed.
1649 3166 1770 3208 4842.
1814 3178 1856 3218 p.
1893 3167 1984 3215 25.)

1107 3232 1274 3272 Goethe
1306 3230 1483 3270 Riemer
1503 3231 1553 3269 II.
1577 3241 1620 3281 p.
1637 3229 1661 3268 ⁴l
1673 3228 1745 3268 30:
1777 3229 1857 3268 Mil
1874 3228 1988 3267 einer

1105 3292 1507 3343 hypochondrischen
1531 3290 1884 3342 Unbehaylichkeit
1903 3290 1987 3328 sich

1108 3366 1186 3395 aus
1206 3356 1340 3395 seiner
1358 3356 1472 3394 Haut
1489 3354 1642 3394 heraus
1663 3354 1706 3391 in
1726 3353 1813 3391 eine
1832 3351 1987 3390 andere

1107 3419 1274 3468 sennen,
1305 3418 1394 3457 will
1421 3417 1527 3465 sich,
1559 3415 1688 3454 danlae
1720 3414 1848 3462 mich,
1875 3413 1986 3452 nicht

1105 3480 1214 3520 ¹wohl
1256 3480 1426 3520 zie-men.
1500 3476 1627 3529 (Alia,
1677 3475 1757 3515 sed
1802 3486 1984 3527 prorsus
