2231 3787
883 253 979 291 LlB.
1015 252 1045 292 l.

1107 253 1268 292 lil‘lST.
1305 254 1333 291 l.

1926 249 2017 303 301

279 382 357 435 Ad
397 400 684 435 summam:
729 382 945 453 sapiens
987 399 1092 435 uno
1133 382 1304 435 minor
1344 390 1424 435 est
1468 383 1616 439 love,
1661 383 1836 437 (lives,

277 484 464 546 Liber,
507 483 825 546 lionoratUS,
868 483 1114 555 pulcher,

1159 501 1251 537 rex
1290 483 1525 555 (lenique
1567 502 1784 555 regum,

277 586 574 657 Praecipue
615 604 803 642 sanus,
846 586 946 639 nisi
987 603 1108 640 cum
1148 586 1333 657 pituita
1373 585 1598 640 molesta
1639 596 1733 640 est.

208 847 306 887 adv.
347 848 478 887 Stoie.
520 846 602 896 33.)
664 846 882 887 Lucianus
928 846 1086 886 eadem

207 913 339 961 atque
393 910 598 949 Horatius
652 909 790 949 ironia
846 920 954 949 usus
1001 910 1082 948 vit.

206 975 321 1013 auct.
353 972 419 1012 20.
455 972 509 1012 de
543 972 708 1011 Stoico:
759 969 912 1024 μόνος
943 963 1086 1021 οὗτος

206 1034 387 1086 σοφός,
432 1031 585 1087 μόνος
616 1031 786 1085 καλός,
833 1033 987 1087 μόνος
1016 1032 1085 1075 δι’-

205 1112 357 1149 καιος,
381 1093 619 1155 ἀνδρεῖος,
641 1096 885 1149 βασιλεύς,
909 1094 1082 1156 ῥήτωρ,

204 1158 461 1211 πλούσιος,
502 1160 775 1214 νομοθέτης
805 1162 884 1201 καὶ
915 1156 1082 1210 τᾶλλα,

205 1221 367 1265 ὁπόσα
403 1224 548 1265 ἐστίν.
607 1225 669 1265 Cf.
705 1226 792 1265 Sat.
829 1226 878 1274 4,
918 1225 964 1274 3,
1007 1225 1084 1266 ⁴⁵24-

205 1300 271 1339 sq.
310 1311 354 1316 -—
378 1287 618 1339 honoratus]
653 1288 734 1327 «ad
766 1288 961 1328 honores
984 1299 1085 1327 eve-

204 1352 346 1391 ctus.»
373 1373 417 1379 -
447 1350 633 1401 pulcher]
660 1351 767 1390 «etsi
797 1352 978 1390 externa
1001 1349 1086 1389 sor-

203 1414 320 1452 tasse
351 1413 501 1463 speeie
533 1411 769 1461 deformis,
810 1412 944 1451 animi
983 1411 1085 1464 pul-

203 1474 452 1514 chritudine
484 1475 600 1514 inter
620 1485 776 1515 omnes
798 1475 1009 1514 eminet.»
1037 1498 1080 1503 —-

201 1536 501 1589 rem-rmum]
541 1538 589 1576 ut
628 1538 865 1577 Persarum
907 1548 998 1576 rex.
1036 1559 1079 1565 -—

201 1599 426 1649 Praecipue
454 1598 597 1650 sanus]
640 1599 889 1648 «Praecipue
918 1610 1000 1651 per
1035 1609 1082 1639 se

201 1663 305 1710 stat,
338 1662 589 1712 significans
615 1662 725 1710 quod
753 1662 990 1701 maximum
1009 1665 1081 1701 est.

202 1725 359 1765 Errant
389 1725 518 1775 igitur
547 1725 838 1775 interpretes,
873 1724 947 1775 qui
978 1724 1084 1763 red—

201 1786 311 1826 dunt
325 1786 595 1826 vollkommen
606 1787 776 1838 gesund.
788 1802 806 1822 »
822 1786 941 1825 HAxn
954 1786 1078 1826 Turs.

200 1850 268 1889 IV.
291 1860 334 1901 p.
365 1849 460 1889 528.
514 1849 588 1888 «ld
631 1860 740 1889 vero
787 1850 890 1889 ante
934 1849 1081 1888 omnia

201 1913 349 1952 cuncti
378 1911 456 1951 tibi
488 1911 762 1962 concedent,
797 1921 901 1952 eum
922 1921 1082 1952 sanum

202 1985 326 2024 esse,
368 1975 450 2014 nisi
481 1973 557 2014 ubi
588 1974 700 2014 forte
730 1975 886 2026 pituita
918 1971 1083 2032 (κόρυ-

200 2038 280 2088 ζα,
326 2032 620 2094 κατάρῥους,
663 2037 995 2089 Schnupsen)
1042 2038 1082 2077 ei

200 2098 389 2139 molesta
429 2101 538 2140 est.»
590 2101 718 2139 Grata
764 2099 922 2151 dilogia
966 2101 1083 2141 inest

202 2162 242 2200 in
273 2173 313 2200 v.
347 2173 495 2211 sanus,
539 2162 659 2213 quod
690 2173 794 2202 eum
823 2163 866 2202 h.
899 2161 925 2203 l.
950 2175 1082 2204 usur—

201 2225 331 2275 petur
361 2224 415 2264 de
447 2234 658 2275 corpore,
693 2226 843 2264 tamen
864 2226 935 2264 vix
956 2224 1082 2265 aliter

201 2285 296 2325 fieri
327 2288 495 2337 potest,
530 2297 665 2337 quam
695 2288 743 2326 ut
768 2286 897 2328 simul
919 2287 1082 2327 resera-

201 2359 301 2389 mus
322 2348 379 2388 ad
409 2350 658 2389 Stoicorum
692 2360 823 2390 usum
853 2348 1077 2400 loquendi,

201 2411 275 2461 qui
307 2412 557 2463 sapientem
587 2422 718 2452 suum
748 2413 877 2452 unice
907 2424 1076 2463 sanum,

202 2477 376 2516 eeteros
408 2474 616 2517 mortales
655 2477 824 2517 insanos
855 2478 899 2517 et
937 2478 1080 2517 stultos

1152 847 1304 898 pretes
1352 846 1458 886 mihi
1503 848 1630 886 notos
1676 848 2029 898 etiampitue'tam

1154 908 1209 958 (h.
1243 907 1268 948 l.
1304 907 1474 960 trisyll.)
1517 920 1540 948 e
1579 909 1825 949 Stoicorum
1869 910 2029 950 scholis

1152 972 1332 1022 petitam
1365 983 1485 1012 esse:
1522 971 1789 1012 obiiciebant
1821 975 1938 1013 enim
1972 976 2031 1014 si-

1151 1033 1289 1074 bimet
1320 1035 1422 1086 ipsi,
1470 1034 1554 1074 hoc
1586 1035 1922 1075 incommodum
1963 1037 2030 1076 in—

1150 1097 1329 1136 terdum
1378 1096 1560 1137 obstare
1610 1097 1750 1137 videri
1805 1098 2029 1150 perfectae

1150 1160 1432 1209 beatitudini3
1467 1172 1519 1200 eo
1549 1160 1715 1201 scilicet
1747 1161 1951 1211 consilio,
1987 1165 2032 1202 ut

1150 1222 1261 1263 facili
1293 1234 1428 1275 opera
1451 1222 1584 1263 talem
1608 1223 1906 1264 obiectionem
1931 1235 2032 1264 con—

1148 1285 1353 1326 futarent.
1417 1288 1539 1326 Hanc
1571 1287 1712 1337 ipsam
1735 1286 2028 1326 ratiunculam

1149 1347 1263 1389 salse
1296 1348 1431 1388 ridet:
1474 1349 1581 1388 «nisi
1613 1360 1715 1388 cum
1746 1349 1897 1400 pituita
1932 1360 2029 1388 mo—

1148 1409 1259 1451 lesta
1290 1414 1357 1452 est
1388 1413 1432 1452 et
1462 1411 1561 1462 tibi,
1599 1414 1643 1451 et
1664 1411 1791 1451 nobis
1814 1411 2029 1450 auditori-

1149 1473 1276 1514 bus.»
1323 1475 1493 1514 Arrian.
1519 1475 1659 1525 Epiet.
1685 1475 1699 1513 4
1723 1506 1729 1523 ,
1756 1474 1801 1522 6,
1829 1474 1899 1513 30:
1938 1474 2031 1514 Ναί

1149 1536 1398 1590 (ἐπέτυχον
1448 1531 1795 1589 εὐδαι,ιιονὶας)·
1843 1531 1945 1575 ἀλλ’
1979 1538 2031 1576 αἱ

1146 1596 1295 1653 μύξαι
1327 1599 1488 1652 (mucus
1516 1603 1554 1640 ct
1581 1600 1698 1639 mala
1721 1600 1879 1649 pituita
1908 1601 2025 1647 nasi,

1149 1662 1304 1703 Catull.
1328 1662 1405 1711 23,
1431 1662 1513 1712 47.)
1545 1674 1642 1714 μου
1674 1656 1855 1718 ῥέουσι.
1891 1662 2029 1713 Τίνος

1148 1718 1234 1766 οὖν
1256 1718 1395 1765 ἕνεκα
1425 1729 1588 1782 χεῖρας
1609 1719 1759 1774 ἔχεις,
1792 1718 2029 1781 ἀνδράπο-

1146 1786 1254 1836 (im),-
1278 1783 1368 1836 οὐχ
1388 1786 1465 1827 ἵνα
1479 1788 1561 1827 καὶ
1576 1781 1873 1844 ἆπομύσσῃς
1891 1799 2030 1828 σεαυ-

1146 1847 1253 1899 τόν,·
1300 1848 1453 1891 Τοῦτο
1497 1842 1584 1890 οὖν
1628 1844 1829 1903 εὔλογον
1872 1847 2027 1901 μύξας

1145 1914 1363 1968 γίνεσθαι
1395 1912 1445 1954 ἑν
1474 1910 1538 1967 τῷ
1569 1908 1770 1966 utiquc-m
1808 1912 1901 1952 Καὶ
1937 1909 2026 1952 πό-

1147 1990 1216 2031 σῳ
1261 1980 1476 2035 κρεῖττον
1517 1972 1871 2028 ἆπομῦξασθαί
1911 1986 1965 2015 σε
1997 1971 2026 2027 ἦ

1146 2038 1391 2094 ἐγκαλεΐν;
1412 2039 1478 2079 Ad
1496 2038 1688 2079 eandem
1705 2038 1905 2090 putidam
1922 2039 2029 2077 ima-

1145 2104 1294 2155 ginem
1324 2102 1564 2143 revertitur
1585 2102 1633 2151 2,
1669 2101 1740 2150 46,
1776 2100 1840 2140 43.
1874 2101 1922 2150 4,
1961 2102 2023 2147 Μ,

1145 2167 1184 2207 9.
1237 2165 1364 2206 Haud
1384 2174 1570 2216 prorsus
1592 2165 1714 2203 recte
1739 2165 1903 2203 Acron:
1942 2164 2028 2203 «Pi-

1145 2229 1252 2269 tuita
1282 2229 1350 2268 est
1379 2226 1566 2267 morbus
1598 2226 1750 2278 capitis
1784 2226 2028 2277 (metapho-

1143 2290 1206 2341 ra)
1229 2290 1286 2330 ad
1314 2290 1470 2330 vitium
1501 2287 1760 2340 gallinarum
1792 2287 1861 2328 vel
1884 2287 2026 2339 pullo-

1143 2365 1287 2394 rum.»
1338 2352 1512 2392 Etenim
1549 2351 1695 2401 potius
1735 2350 1791 2389 ab
1834 2350 2025 2389 homini-

1143 2416 1228 2456 bus
1260 2415 1474 2466 (Schleim,
1508 2412 1761 2463 Schnupfen)
1791 2412 1844 2452 ad
1877 2413 2023 2452 axium

1143 2477 1352 2518 morbum
1375 2475 1530 2528 (Pipps)
1556 2474 1817 2515 translatum
1848 2474 2023 2514 videtur

202 2537 466 2579 vocitabant.
519 2539 604 2579 Sed
636 2538 741 2590 fugit
772 2539 918 2581 adhuc
941 2541 1077 2581 inter-
1143 2552 1166 2580 a
1198 2540 1360 2581 Latinis
1391 2550 1525 2590 quam
1558 2540 1725 2578 eontra.

798 2866 1423 2915 EXCURSUS.

284 2997 448 3045 Quodsi
478 3000 575 3049 quis
612 2996 846 3053 ἐπιτομὴν
883 3000 1071 3051 requirit
1099 2999 1155 3040 ad
1184 2999 1306 3040 illum
1338 3010 1473 3051 quem
1504 3001 1623 3039 initio
1655 2999 1895 3050 significavi
1916 3009 2017 3048 gra-

203 3068 370 3106 viorem
400 3068 616 3108 sentiendi
646 3069 832 3111 modum
861 3071 1110 3111 accuratius
1150 3068 1445 3118 elaboratam,
1493 3070 1608 3109 hanc
1646 3068 1761 3120 legat
1790 3068 2017 3108 Kirchneri

200 3138 244 3176 in
275 3138 468 3185 Quaestt.
493 3138 641 3177 Horat.
664 3150 708 3190 p.
732 3139 807 3179 36:
851 3141 1204 3181 «Sententiarum
1234 3140 1343 3180 ordo
1375 3139 1465 3180 fere
1498 3140 1567 3179 hic
1598 3141 1688 3179 est:
1721 3139 1786 3178 Ad
1819 3138 2014 3178 earmina

201 3206 455 3259 pangenda,
488 3205 584 3257 lyra
605 3209 692 3247 iarn
714 3208 928 3260 deposita,
961 3210 1108 3251 denuo
1130 3222 1153 3250 a
1177 3212 1236 3260 te,
1268 3210 1516 3257 Maecenas,
1550 3210 1718 3249 excitor
1739 3210 1821 3259 (vv.
1850 3207 2010 3253 4-3>);

200 3277 281 3317 sed
311 3279 406 3317 tum
436 3278 558 3317 aetas
588 3279 807 3317 senectuti
837 3280 1018 3331 propior
1048 3282 1092 3321 et
1121 3279 1296 3320 iuvenili
1328 3280 1486 3320 ardore
1513 3279 1721 3320 destituta
1751 3279 1922 3324 monet,
1966 3279 2011 3315 ut

199 3345 345 3387 lusum
388 3347 615 3398 poeticum
659 3347 853 3394 mittam;
900 3350 993 3390 tum
1036 3361 1164 3391 mens
1205 3352 1249 3391 et
1277 3348 1481 3390 voluntas
1511 3361 1535 3389 a
1566 3350 1691 3401 poesi
1722 3359 1794 3388 me
1826 3348 2009 3386 avocant

204 3415 286 3465 (vv.
310 3416 492 3468 4-40.),
524 3416 629 3467 quid
658 3427 843 3467 verum,
877 3420 1049 3459 rectum
1078 3421 1211 3471 atque
1234 3420 1401 3461 decens
1423 3420 1498 3468 sit,
1530 3420 1658 3459 unice
1682 3419 1768 3457 iam
1789 3427 2010 3467 quaeren-

139 3485 142 3488 ’
202 3487 291 3526 tem
323 3488 367 3526 et
396 3497 447 3526 ea
477 3488 818 3538 procurantem,
852 3498 965 3539 quae
996 3491 1200 3541 prompta
1231 3490 1285 3530 ad
1316 3501 1448 3532 usum
1479 3490 1586 3530 sint:
1632 3488 1688 3526 ita
1720 3485 1921 3536 quidem,
1964 3488 2011 3526 ut
