2231 3787
795 239 891 278 LIB.
927 240 955 277 Ι.
1018 238 1183 278 EPIST.
1215 238 1359 278 XVIII.

1894 238 1995 290 565

236 367 314 421 Ad
355 377 405 421 te
445 377 566 439 post
604 368 764 440 paqu
803 376 1028 422 ventura
1068 368 1308 440 pericula
1348 369 1551 422 sentis?

234 471 365 523 Nam
406 478 494 523 tua
536 488 624 524 res
665 471 862 542 agitur,
905 470 1084 541 paries
1125 488 1246 524 cum
1287 470 1563 541 proximus
1603 470 1780 532 ardet,

239 572 298 624 Et
337 571 583 643 neglecta
624 572 797 627 solent
837 572 1087 626 incendia
1126 589 1341 625 sumere
1380 573 1539 626 vires

1927 574 1993 624 85

234 673 417 727 Dulcis
458 674 752 744 inexpertis
794 674 1001 728 cultura
1040 674 1273 745 potentis
1314 674 1494 728 amici:

233 776 497 846 Expertus
538 776 739 829 metuit.

819 778 918 838 Tu,
963 776 1092 829 dum
1132 784 1221 829 tua
1259 776 1411 829 navis
1450 776 1503 828 in
1543 776 1648 830 alto
1689 785 1794 839 est,

233 878 346 930 Hoc
387 894 515 948 age,
559 895 626 931 ne
665 885 866 930 mutata
905 886 1204 931 retrorsum
1243 886 1293 931 te
1334 878 1467 932 ferat
1505 895 1651 931 aura.

269 1028 335 1068 87.
370 1032 520 1068 metuet
550 1029 604 1077 E,
641 1028 781 1068 Codd.
815 1028 1032 1068 Torrentii
1064 1029 1107 1066 et
1137 1029 1312 1078 septem
1350 1029 1566 1076 Pottierii‚
1606 1032 1765 1068 metuat
1796 1028 1935 1069 Codd.

214 1090 394 1141 aliquot.
431 1091 495 1142 (Ut
524 1102 627 1140 nos,
661 1091 815 1142 bScd.)
850 1115 894 1119 -
929 1091 995 1131 88.
1027 1090 1155 1142 ferat]
1195 1091 1318 1130 vehat
1348 1091 1489 1131 Codd.
1525 1092 1739 1132 Torrentii
1781 1090 1937 1142 (nullus

214 1164 296 1192 nec
325 1154 579 1193 nostrorum
611 1164 758 1204 neque
789 1153 1014 1203 Pottierii).

157 1294 327 1334 rentius
353 1293 581 1333 Theonem
601 1294 857 1334 habuerunt
879 1305 962 1345 pro
987 1294 1046 1333 vi-

156 1355 331 1396 rulento
352 1355 498 1407 aliquo
519 1359 650 1408 poeta
674 1359 859 1397 Graeco.
887 1378 932 1385 -—-
958 1357 1045 1396 cir—

157 1418 432 1470 cumroditur]
467 1418 530 1459 Cf.
556 1420 644 1459 Sat.
671 1421 686 1458 4
709 1451 716 1467 ,
741 1418 789 1468 4,
814 1419 881 1459 84.
918 1419 1040 1470 (Epp.

156 1482 196 1530 2,
223 1482 262 1531 4,
288 1483 365 1521 450
387 1482 471 1532 sq.)
506 1481 597 1521 Cic.
624 1492 705 1533 pro
726 1480 863 1521 Balbo
885 1482 953 1530 26,
973 1482 1039 1520 57.-

92 1548 95 1549 ’
154 1544 274 1584 More
302 1545 516 1584 hominum
535 1545 744 1594 invident,
777 1545 821 1583 ιή
846 1544 1044 1583 conviviis

154 1607 329 1655 rodunt,
361 1606 406 1645 in
426 1606 594 1645 circulis
619 1607 836 1656 vellicant,
869 1618 953 1645 ιιοη
973 1606 1042 1645 illo

153 1668 346 1718 inimico,
379 1669 449 1707 sed
476 1668 552 1708 hoc
580 1669 783 1708 ‘maledico
805 1669 922 1708 dente
942 1679 1043 1707 car-

149 1735 270 1780 punc.
313 1755 358 1759 —
406 1735 480 1770 tua
518 1743 584 1771 res
619 1733 778 1783 azy-itur]
825 1732 1040 1771 «Locutio

154 1793 278 1832 fluxit
308 1805 331 1833 e
363 1793 558 1844 iudiciis,
591 1793 692 1843 uhi,
728 1794 942 1846 quamdiu
967 1804 1041 1833 res

154 1856 296 1906 agitur
338 1854 409 1895 vel
454 1855 506 1896 lis
550 1856 743 1908 pendet,
788 1855 1040 1907 periculum

155 1919 243 1966 est,
287 1929 343 1957 ne
390 1919 489 1968 quis
522 1929 655 1957 causa
689 1918 862 1958 cadat.»
895 1919 1041 1958 RUHN-

155 1992 251 2019 KEN.
277 1981 367 2020 Cic.
390 1991 472 2031 pro
497 1980 700 2028 Quinctio
724 1981 791 2029 46,
814 1980 886 2019 53ῑ
912 1980 947 2019 si
967 1981 1041 2019 clu-

1110 1292 1245 1332 modo
1277 1293 1456 1333 animati
1487 1293 1574 1333 sint
1604 1294 1736 1344 atque
1767 1294 1864 1345 ipsi.
1906 1295 1995 1333 Ita-

1110 1365 1196 1405 que
1236 1356 1366 1395 Deme
1401 1355 1621 1404 supercilio
1656 1355 1848 1394 nubem.»
1915 1356 1996 1395 Tot

1106 1415 1247 1455 verba
1278 1416 1481 1456 facienda
1504 1418 1631 1456 erant
1649 1418 1835 1468 propter
1854 1418 1996 1456 trans-

1106 1478 1375 1529 positionem
1420 1489 1443 1517 a
1484 1478 1796 1519 Doederleinio
1825 1489 1995 1530 propo-

1107 1540 1262 1579 sitam:
1296 1552 1337 1580 v.
1363 1540 1429 1580 94.
1455 1541 1520 1580 95.
1545 1541 1692 1581 86-88.
1719 1541 1770 1580 96
1793 1551 1922 1591 seqq.
1945 1564 1990 1568 —

1104 1603 1250 1642 Dulcis
1308 1604 1419 1652 cet.]
1487 1604 1760 1655 Comparant
1816 1602 1994 1643 Pindari

1105 1665 1325 1715 Fragmm.
1349 1677 1392 1717 p.
1417 1665 1512 1705 2116.
1536 1667 1582 1706 B.
1609 1667 1738 1705 min.:
1770 1661 1929 1705 Γλυκὺ
1951 1663 1990 1704 δ’

1105 1722 1348 1784 ἀπείροισι
1369 1724 1605 1780 πόλεμος·
1630 1728 1991 1784 πεπειραμένων

1104 1787 1155 1829 δέ
1184 1802 1255 1840 τις
1290 1788 1472 1847 Ταρβεϊ
1499 1787 1767 1846 προσιόντα
1786 1802 1859 1829 νιν
1880 1803 1993 1847 καρ-

1104 1850 1183 1906 δίᾳ
1213 1850 1467 1909 περισσῶς.
1529 1852 1733 1892 Eundem
1764 1851 1912 1892 locum
1936 1852 1991 1891 de

1103 1914 1415 1955 huiuscemodi
1447 1915 1666 1954 amicitiae
1697 1914 1907 1966 periculis
1929 1915 1992 1954 sic

1103 1978 1308 2017 tractavit
1328 1977 1546 2017 Siracides
1565 1977 1631 2025 43,
1650 1978 1692 2016 44
1717 1988 1724 2015 ;
1748 1975 1826 2029 Μὴ
1849 1972 1991 2025 ἔπεχε

148 2043 330 2092 pondius
351 2047 445 2081 tuus
466 2047 677 2094 aggeretur.
707 2066 752 2071 —
771 2043 917 2092 paries
933 2046 1018 2083 cet.
1024 2043 1037 2095 ]
1106 2039 1444 2097 ῖσηγοοεῖσθαι
1472 2035 1593 2092 μετὰ
1616 2036 1874 2089 δυνάστου,
1906 2041 1990 2079 καὶ

154 2103 459 2184 proxerbium.
494 2103 651 2145 Salust.
676 2106 848 2155 Fragm
873 2116 915 2156 p.
940 2106 1035 2145 2⁹8.
1100 2098 1170 2172 μζ)
1218 2106 1411 2143 πίστευε
1455 2106 1557 2152 τοῖς
1595 2100 1678 2141 πλε
1665 2104 1785 2142 ιόσι
1824 2098 1988 2157 λόγοις

155 2165 269 2206 Gerl
295 2167 400 2206 min.
422 2167 557 2205 Νοη
588 2167 748 2215 tuscis
781 2168 945 2216 siquas
965 2178 1039 2206 ae-
1068 2196 1071 2228 j
1102 2161 1284 2205 αὐτοῦ·
1318 2190 1342 2195 -
1363 2189 1387 2195 -
1407 2162 1719 2221 συντήρησον
1741 2166 1822 2204 και
1844 2162 1990 2222 πρόσ-

153 2228 215 2267 dis
256 2229 365 2279 iynis
405 2229 561 2268 acriter
601 2229 731 2278 cepit,
777 2229 890 2267 haud
915 2229 1071 2279 facile}
1102 2239 1182 2276 εχε
1213 2223 1412 2284 σφοόρ-εζ
1406 2241 1464 2278 ς,
1503 2225 1577 2267 ὁτι
1608 2224 1731 2279 μετὰ
1751 2240 1840 2280 της
1862 2224 1989 2266 πτώ-

152 2295 247 2330 sunt
291 2292 478 2343 defensa
527 2293 627 2341 quin
665 2296 702 2331 et
735 2291 1038 2331 comburantur
1068 2282 1070 2359 ξ
1102 2303 1157 2330 σε
1162 2288 1226 2340 ός
1270 2302 1362 2330 σου
1408 2293 1694 2348 περιπατεῖς.
1723 2313 1767 2318 -—
1801 2292 1985 2343 cultura]

147 2353 401 2404 proaeuma?
1067 2341 1113 2424 ξι
1105 2353 1359 2402 «studium,
1402 2353 1519 2404 quod
1553 2354 1596 2392 in
1626 2354 1795 2392 colendo
1825 2355 1987 2404 poten-

207 2416 356 2457 86—88.
405 2418 657 2458 Sententiae
681 2418 744 2457 sic
766 2418 1038 2458 connectun-

1100 2416 1211 2455 tiore
1244 2416 1389 2456 amico
1409 2416 1613 2467 ponitu1‚
1649 2426 1784 2467 quem
1807 2426 1985 2456 summo

153 2481 246 2518 tur:
298 2480 494 2530 primum
537 2483 642 2533 post
683 2480 873 2521 brevem
918 2480 1036 2521 illam
1067 2502 1069 2523 ³
1101 2478 1317 2529 obsequio
1349 2488 1402 2518 ao
1423 2479 1711 2524 veneratione
1742 2489 1988 2530 prosequa-

154 2541 479 2592 digressionem
500 2555 572 2583 vv.
593 2544 741 2583 81-85.
763 2544 834 2593 qui
853 2545 1036 2583 Dente-—

151 2605 261 2644 vires
299 2606 518 2645 sententia
559 2605 754 2657 generali
800 2606 987 2646 Dulcis—
1014 2629 1037 2635 —
1066 2656 1067 2659 Ἴ

151 2667 295 2707 meluit
328 2667 448 2707 viam
488 2668 573 2708 sibi
608 2670 752 2709 munit
782 2668 838 2707 ad
869 2679 1036 2708 novum

153 2732 469 2781 praeceptum:
506 2731 577 2781 Tu,
602 2732 701 2771 dum
721 2735 795 2771 tua
816 2732 901 2778 cet.
937 2732 1038 2771 «Er-

152 2803 206 2842 go
237 2792 313 2831 uhi
344 2795 555 2845 expertus
586 2795 674 2834 eris
695 2793 792 2834 talis
814 2795 1035 2834 amicitiae

154 2854 481 2905 difficultatem,
525 2867 707 2908 semper
735 2858 932 2906 metues,
980 2868 1035 2896 ne
1066 2906 1068 2911 γ

154 2915 223 2955 vel
267 2919 449 2968 propter
477 2917 600 2958 leves
633 2929 820 2966 causas,
866 2920 1036 2959 mutato
1066 2919 1067 2981 ᾗ

1066 2986 1067 3014 ἓ
1100 2994 1177 3023 305
1208 2983 1422 3033 refertur,
1457 2984 1530 3034 qui
1562 2994 1586 3022 3
1617 2984 1829 3034 portuum
1860 2982 1983 3021 resu—

155 3039 396 3080 scindatur.
442 3042 618 3092 Itaque,
652 3044 759 3085 dum
789 3044 908 3084 bono
931 3056 1035 3085 cum
1064 3039 1066 3043 ’

153 2977 390 3028 aliquando
421 2979 602 3021 fautoris
633 2983 677 3022 in
704 2985 746 3022 te
768 2983 939 3031 animo,
974 2982 1037 3022 di-

155 3113 369 3143 successu
400 3114 450 3143 ea
482 3106 644 3154 uteris,
694 3107 736 3146 in
767 3118 820 3147 eo
851 3110 1033 3147 strenue

155 3165 356 3214 elabora,
390 3177 446 3205 ne
477 3166 623 3206 subito
653 3170 769 3219 regis
800 3170 862 3208 tui
895 3171 1035 3220 gratia

155 3229 349 3269 excidas.

153 3354 295 3395 fectus
317 3366 368 3395 ac
389 3355 531 3395 studia
554 3367 561 3403 ς
596 3367 699 3395 nam
720 3357 927 3407 potentes
948 3358 1034 3397 hoc

154 3417 274 3458 velut
303 3428 384 3458 suo
415 3419 509 3458 iure
540 3417 786 3469 postulant,
823 3420 871 3458 ut
901 3418 1034 3460 clien-

154 3481 221 3521 tes
277 3482 435 3522 eadem
485 3483 729 3532 sequantur
778 3481 1029 3533 eodemque

426 3230 729 3270 Accommoda
771 3232 902 3282 igitur
939 3234 1065 3272 ani-2

153 3303 278 3332 mum
310 3292 585 3343 affectusque
617 3295 716 3333 tuos
747 3295 804 3333 ad
833 3294 945 3335 illius
969 3296 1035 3335 af-
1063 3299 1066 3314 ¹

1100 2555 1203 2584 mur
1233 2555 1420 2584 necesse
1454 2546 1577 2592 est;»
1610 2555 1698 2595 qua
1720 2544 1904 2595 quidem
1926 2544 1988 2584 si-

1100 2607 1379 2658 gnificatIOne
1401 2619 1444 2647 v.
1469 2607 1638 2646 cultura
1656 2607 1834 2646 videtur
1854 2599 1986 2658 ἅπαξ

1101 2667 1364 2724 λεγόμενον
1379 2701 1388 2719 ,
1423 2670 1505 2709 nisi
1526 2669 1645 2721 quod
1667 2671 1920 2710 Lactantius
1942 2671 1982 2719 5,

1066 2751 1069 2768 ι
1100 2734 1140 2772 7.
1176 2733 1241 2772 clei
1270 2733 1384 2772 unici
1407 2733 1529 2782 piam
1559 2736 1596 2771 et
1623 2732 1865 2783 reliqiosam
1894 2732 1987 2771 cul-

1100 2799 1243 2834 turam
1287 2795 1410 2844 dixit,
1459 2805 1511 2834 ac
1555 2794 1757 2835 similiter
1801 2793 1980 2834 Tertull.

1099 2856 1282 2909 Apolog.
1306 2859 1374 2897 24.
1403 2881 1447 2886 —
1483 2862 1558 2897 tua
1588 2857 1707 2896 navis
1734 2858 1779 2896 in
1806 2858 1890 2896 alto
1911 2857 1983 2908 est]

1098 2919 1211 2960 Alibi
1256 2931 1363 2960 sane
1410 2920 1569 2960 eadem
1599 2920 1712 2960 haec
1749 2920 1895 2971 imago
1927 2919 1983 2959 ad

1098 3046 1179 3097 giis
1237 3044 1409 3096 longius
1453 3046 1614 3085 remoti
1663 3046 1980 3096 tempestatum

1097 3119 1150 3148 ac
1178 3109 1397 3148 fluctuum
1420 3107 1630 3160 periculis
1652 3107 1827 3147 obnoxii
1850 3111 1977 3155 sunt,

1097 3174 1146 3211 ut
1175 3174 1243 3212 est
1279 3171 1398 3224 apud
1429 3172 1518 3211 Cic.
1549 3172 1677 3211 Tusc.
1710 3170 1757 3219 4,
1792 3170 1867 3216 48,
1901 3169 1979 3208 42:

1096 3235 1193 3284 Ipsa
1235 3234 1310 3273 sibi
1338 3234 1598 3274 imbecillitas
1626 3233 1811 3282 indulget
1840 3232 1878 3269 in
1912 3230 1979 3269 al-

1097 3301 1265 3347 tumque
1282 3297 1526 3347 provehitur
1544 3296 1795 3345 imprudens.
1832 3292 1895 3332 Cf.
1921 3292 1976 3332 de

1097 3361 1210 3400 Orat.
1237 3361 1276 3410 3,
1301 3360 1368 3405 36,
1394 3359 1488 3400 445.
1522 3359 1688 3397 Verum
1708 3354 1779 3394 vel
1801 3366 1854 3394 ex
1874 3365 1978 3394 ver-

1095 3421 1165 3462 bis
1195 3434 1246 3462 ne
1273 3426 1440 3462 mutata
1459 3425 1689 3461 retrorsum
1709 3422 1746 3457 te
1763 3417 1876 3468 serat
1896 3428 1979 3456 au-

1094 3495 1168 3531 ra,
1202 3485 1245 3523 id
1277 3486 1365 3532 est,
1401 3494 1487 3523 «ne
1518 3481 1634 3532 regis
1663 3480 1722 3521 tui
1744 3480 1880 3531 gratia
1905 3490 1979 3520 ex-
