2231 3787
802 265 899 304 ⁴>ms
937 265 1174 304 PoETICA.
1803 265 1904 316 685

88 395 221 435 modo
260 398 388 447 poeta
429 395 640 435 exaderet
670 397 1129 447 existimationemque
1160 407 1286 435 suam
1317 398 1432 448 apud
1466 398 1702 449 populares
1735 402 1901 439 temere

86 464 305 512 laederet3
344 477 396 504 an
440 466 572 516 (quod
613 466 938 517 propemodum
970 464 1242 517 probabilius
1274 467 1459 514 videtur)
1491 467 1807 508 adolescentuli
1839 471 1904 509 in-

86 533 184 574 dole
215 537 347 585 atque
379 536 551 585 ingenio
583 535 847 584 delectatus,
881 535 998 576 nullo
1030 535 1262 576 illiusmodi
1294 536 1475 576 consilio
1497 538 1712 589 impulsus
1734 542 1788 581 de
1809 546 1901 583 arte

84 605 256 654 poetica
302 615 403 644 cum
449 616 501 644 eo
546 606 686 644 amice
732 605 919 656 colloqui
961 608 1005 646 et
1041 605 1261 646 disserere
1293 608 1334 646 in
1365 609 1512 648 animo
1543 595 1770 660 habuerit,
1817 625 1902 664 qua

83 672 422 724 seriptIuneulae
455 673 749 725 formantque
774 676 1156 724 innocentissima,
1191 679 1238 715 ut
1259 677 1396 717 videri
1416 678 1634 727 debebat,
1669 685 1902 724 occasione

84 754 190 783 usus
222 742 350 783 utiles
390 743 677 794 popularibus
713 744 1038 785 admonitiones
1068 745 1286 796 praebere
1318 749 1524 798 tecteque
1554 749 1789 802 obiurgare
1819 755 1903 794 ini-

84 824 196 864 quos
238 824 343 853 suos
388 813 711 854 obtrectatores
749 814 866 853 haud
910 815 1097 865 neglexit
1127 816 1347 867 simulque
1379 818 1720 870 demonstravit,
1769 834 1902 873 quam

83 884 257 934 penitus
296 884 401 923 artis
441 884 639 923 omnium
679 883 960 924 difficillimae
992 888 1164 925 secreta
1199 889 1510 939 perspexisset.
1573 892 1798 943 Utcunque
1831 905 1902 934 res

83 964 130 994 se
176 952 330 1002 habet,
378 955 498 994 certe
546 952 708 994 multus
753 957 821 994 est
857 955 899 994 in
935 955 1230 1005 significandis
1262 960 1522 1007 praesertim
1554 961 1899 1014 difficultatibus,

83 1034 196 1074 quae
240 1026 398 1075 poetae
445 1024 698 1064 necessario
736 1025 822 1063 sint
860 1025 1164 1075 superandae,
1213 1027 1249 1065 si
1280 1028 1479 1068 omnium
1512 1029 1712 1080 plausum
1744 1035 1901 1074 merito

83 1095 196 1134 i'erre
240 1093 356 1134 velit.
419 1095 583 1134 Verum
629 1095 877 1142 enimverO,
924 1106 978 1134 ne
1024 1096 1152 1135 nimis
1190 1096 1364 1137 aridum
1401 1099 1660 1150 siccumque
1693 1103 1903 1144 evaderet

83 1165 265 1204 huiusce
301 1165 548 1215 argumenti
586 1168 746 1215 poema
785 1163 1121 1214 didascalicum,
1163 1165 1292 1216 quale
1332 1167 1514 1217 quidem
1545 1171 1662 1220 apud
1693 1174 1898 1222 Graecos,

82 1235 202 1285 quod
241 1236 397 1283 sciam,
439 1233 607 1274 nullum
643 1235 867 1283 exstabat,
912 1234 1181 1275 exhilarandi
1228 1239 1353 1277 erant
1382 1237 1601 1280 lectorum
1630 1242 1762 1282 animi
1794 1245 1901 1285 iocis

82 1305 303 1345 interdum
335 1306 440 1346 satis
471 1305 646 1345 acerbis
680 1307 718 1344 in
751 1308 983 1356 poetarum
1015 1306 1139 1354 vitia,
1175 1307 1216 1345 in
1247 1318 1381 1358 prava
1412 1312 1803 1359 grammaticorum
1836 1316 1905 1354 iu-

81 1376 214 1422 dicia,
249 1377 290 1415 in
322 1387 581 1427 perversam
611 1377 911 1415 Romanorum
942 1374 1278 1424 educationem,
1313 1390 1395 1418 nec
1426 1391 1532 1418 vero
1563 1380 1725 1421 oblitus
1756 1387 1822 1423 cst
1852 1396 1900 1425 se

81 1447 237 1496 suique
282 1444 448 1486 similes
492 1447 648 1496 poetas
692 1445 934 1485 defendere
980 1446 1196 1486 adversus
1240 1449 1509 1498 antiquarios
1545 1452 1678 1502 atque
1721 1455 1900 1495 omnino

82 1526 299 1567 persaepe
330 1516 502 1555 ridendo
532 1517 666 1555 dicere
693 1527 853 1555 verum.
915 1517 1242 1556 Sententiarum
1272 1517 1382 1557 ordo
1403 1521 1535 1570 atque
1562 1524 1741 1562 mutuus
1764 1535 1902 1564 nexus

81 1596 103 1625 a
136 1585 283 1625 multis
313 1586 637 1637 reprehensus,
671 1597 694 1624 a
725 1584 925 1636 pluribus
949 1587 1079 1625 etiam
1106 1597 1261 1637 parum
1283 1592 1561 1639 perspectus,
1594 1592 1699 1631 mihi
1721 1593 1902 1643 quidem

81 1666 263 1707 semper
306 1654 577 1696 admirabilis
623 1656 743 1696 visus
788 1658 855 1696 est
900 1658 943 1695 et
981 1655 1076 1696 talis
1118 1657 1341 1708 profecto,
1389 1658 1529 1709 qualis
1561 1660 1696 1700 debet
1726 1674 1825 1703 esse
1858 1665 1900 1704 in

81 1726 289 1778 epistola,
336 1738 442 1766 vera
472 1727 692 1767 sermonis
724 1725 946 1766 familiaris
977 1727 1189 1777 imagine,
1240 1728 1281 1767 id
1318 1730 1405 1776 est,
1454 1730 1666 1770 occultior
1696 1734 1740 1771 et
1768 1731 1903 1773 laxior

81 1808 215 1847 quam
246 1797 319 1848 qui
351 1797 590 1848 requiritur
619 1797 661 1835 In
692 1798 898 1846 poemate
932 1807 1054 1839 mere
1088 1796 1370 1837 didascalico.
1421 1800 1501 1838 Diu
1522 1802 1671 1840 autem
1694 1802 1903 1842 multum-

80 1878 167 1917 que
211 1867 444 1915 haesitavi,
490 1868 640 1906 utrum
685 1866 756 1906 hic
793 1878 845 1906 ex
884 1877 1008 1906 more
1041 1879 1065 1906 a
1097 1866 1244 1907 multis
1284 1868 1386 1907 inde
1418 1879 1441 1907 a
1473 1870 1686 1921 Rappolto
1725 1876 1900 1912 servato

80 1936 397 1987 subiungerem
429 1938 741 1988 argumentum
770 1937 896 1976 XVII.
933 1936 1143 1988 (Rappolt)
1175 1936 1245 1977 vel
1265 1938 1411 1978 XVIII.
1447 1938 1636 1990 (Arnold)
1666 1940 1734 1980 vel
1754 1942 1899 1982 XXIII.

81 2007 277 2058 (Wetzel)
310 2006 378 2046 vel
408 2008 532 2046 XXV.
563 2007 781 2057 (Doering)
814 2006 1030 2058 capitibus
1065 2007 1344 2047 distinctum:
1378 2008 1458 2047 sed
1494 2020 1597 2048 cum
1632 2012 1902 2061 experientia

80 2078 194 2117 duee
218 2076 448 2116 didicerim
470 2075 630 2117 talibus
648 2073 871 2128 σχήμασι
894 2088 976 2116 nec
997 2076 1242 2128 philologos
1264 2089 1347 2117 nec
1369 2078 1607 2130 discipulos
1631 2091 1901 2133 magnopere

80 2148 218 2187 iuvari
249 2150 324 2186 aut
354 2146 565 2186 delectari
596 2158 738 2196 eaque
770 2147 940 2195 statim,
986 2145 1061 2185 ubi
1092 2145 1288 2197 perlecta
1318 2149 1443 2195 sunt,
1482 2159 1535 2187 ex
1567 2152 1716 2189 mente
1746 2163 1901 2194 rursus

81 2218 288 2258 excidere
320 2216 490 2265 solere,
525 2216 733 2267 equidem
761 2217 803 2255 in
824 2217 1145 2256 commentario
1167 2216 1288 2267 ipso,
1320 2216 1576 2268 ubicunque
1599 2223 1902 2263 necessarium

82 2290 199 2337 erat,
233 2288 395 2329 seriem
425 2289 769 2340 praeceptorum
800 2297 851 2326 ac
882 2287 1113 2326 transitum
1145 2286 1200 2326 ab
1232 2297 1320 2326 uno
1340 2286 1395 2326 ad
1416 2286 1605 2328 alterum
1627 2288 1752 2330 brevi
1773 2292 1901 2343 signi-

81 2360 216 2400 ficare
246 2356 447 2411 praetuli.

193 2574 298 2614 Miro
328 2584 435 2612 sane
467 2582 574 2611 casu
602 2571 768 2610 factum
800 2572 886 2619 est,
921 2573 968 2610 ut
999 2581 1051 2610 eo
1073 2571 1168 2621 ipso
1191 2570 1282 2617 (lie,
1317 2582 1405 2622 quo
1427 2583 1465 2611 a.
1491 2572 1611 2612 4838.
1633 2574 1765 2614 etiam
1785 2575 1900 2615 hanc

82 2644 404 2685 praefationem
434 2640 716 2681 absolveram
746 2641 982 2691 operisque
1015 2641 1306 2687 tradideram,
1355 2642 1561 2681 Turicum
1593 2643 1677 2682 hoc
1706 2655 1901 2695 opuscu-

81 2714 173 2754 lum
200 2714 479 2765 perveniret:
512 2713 575 2751 De
593 2711 830 2751 Horatiana
852 2712 907 2750 ad
926 2712 1086 2750 Pisones
1106 2711 1308 2759 Epistola.
1356 2711 1531 2760 Scripsit
1560 2712 1633 2751 Dr.
1659 2712 1898 2756 Guilelmus

83 2784 201 2825 Lilie.
270 2783 565 2831 Vratislaviae,
598 2782 642 2820 F.
675 2781 783 2821 Hit-t.
817 2780 1231 2820 MDCCCXXXVIII.
1265 2780 1303 2819 8.
1338 2791 1435 2831 pag.
1460 2780 1525 2820 94.
1578 2783 1729 2833 Neque
1751 2786 1899 2824 tamen

82 2857 320 2907 propterea
349 2852 418 2892 vel
448 2852 638 2892 verbum
658 2862 797 2890 unum
819 2861 947 2889 meae
973 2861 1106 2888 curae
1131 2851 1302 2888 mutare
1327 2860 1511 2890 necesse
1535 2850 1691 2899 habui3
1725 2864 1898 2903 verum,

84 2926 294 2977 quoniam
337 2922 593 2963 huiusmodi
636 2919 769 2961 libelli
813 2921 912 2971 post
950 2919 1114 2970 aliquot
1154 2929 1293 2958 annos
1324 2930 1347 2958 a
1378 2919 1586 2960 studiosis
1616 2922 1686 2961 vix
1716 2925 1901 2975 reperiri

83 2997 288 3047 possunt,
335 2992 623 3034 commodum
666 2991 811 3030 visum
842 2992 932 3038 est,
979 2990 1205 3039 scriptoris
1245 2989 1395 3039 utique
1427 2990 1603 3030 sincero
1632 2993 1726 3031 veri
1755 2994 1900 3034 studio

85 3066 205 3105 ducti
248 3062 516 3114 singularem
561 3061 814 3112 opinionem
857 3060 928 3099 hic
967 3069 1346 3107 commemorare,
1394 3071 1479 3100 non
1520 3072 1607 3112 quo
1646 3073 1745 3103 eam
1776 3075 1901 3104 com-

116 3135 299 3175 rebem:

83 3146 110 3187 p
194 3206 295 3253 Pag.
329 3203 395 3242 92¹.
450 3200 569 3240 «Sed
613 3200 823 3250 quoniam
863 3199 903 3238 in
940 3198 1076 3238 rebus
1110 3201 1266 3238 natura
1296 3210 1375 3239 sua
1405 3199 1550 3241 dubiis
1581 3199 1683 3241 licet
1711 3203 1895 3253 opinari,

85 3273 219 3314 talem
250 3271 474 3324 quandam
505 3270 561 3310 de
582 3270 697 3309 Artis
726 3269 926 3320 poeticae
958 3270 1076 3308 sorte
1100 3271 1144 3308 et
1163 3270 1326 3319 origine
1359 3271 1667 3320 cogitationem
1698 3272 1802 3311 mihi
1834 3273 1900 3311 in-

87 3342 242 3383 formo.
296 3341 518 3388 Horatius,
559 3350 662 3379 cum
697 3349 779 3391 per
818 3339 952 3377 vitam
990 3339 1145 3389 poesin
1175 3338 1406 3390 diligenter
1435 3341 1612 3379 curaret
1640 3340 1897 3392 singulaque

89 3412 143 3452 ad
187 3422 289 3452 eam
333 3410 595 3462 pertinentia
640 3408 857 3460 poematis
894 3408 984 3448 suis
1018 3408 1299 3457 inseruisset,
1346 3409 1401 3448 de
1440 3409 1598 3448 eodem
1636 3413 1899 3461 argumento

90 3480 225 3521 multa
255 3482 377 3532 prius
406 3480 611 3527 fortasse,
649 3488 782 3529 quam
816 3476 872 3516 ad
902 3477 1082 3518 Pisones
1111 3477 1334 3518 scribendi
1361 3477 1591 3518 consilium
1621 3482 1823 3531 caperet,
1856 3481 1899 3521 in
