2231 3787
825 267 920 306 LIB.
956 268 1003 307 11.

1065 269 1238 308 sAT.r
1841 271 1941 323 493

204 397 336 450 Cum
366 396 464 449 sibi
494 397 724 468 quisque
752 397 921 458 timet,
964 416 1290 469 quamquam
1318 408 1398 452 est
1434 399 1681 459 intactus,
1725 411 1777 455 et
1805 402 1939 455 odit!

203 497 342 562 Quid
381 497 608 552 facium?
646 498 809 552 Saltat
845 498 1115 561 Milonius,
1158 509 1214 552 ut
1253 500 1418 553 semel
1460 502 1562 555 icto

201 599 439 652 Accessit
475 600 651 653 fervor
689 600 846 671 capiti
887 617 1254 671 numerusque
1293 601 1542 655 lucernis.
1877 606 1942 658 ‘225

203 699 389 753 Castor
426 700 623 770 gaudet
662 701 845 772 equis,
888 718 990 754 ovo
1029 710 1320 772 prognatus
1360 703 1552 756 eodem

201 801 426 870 Pugnis3
469 811 600 872 quot
638 803 871 872 capitum
908 803 1111 862 visunt,
1155 803 1374 856 totidem
1413 805 1710 858 studiorum

198 901 360 954 Milia:
402 920 486 955 mc
526 902 754 973 pedibus
794 903 1024 957 delectat
1061 903 1312 958 claudere
1357 905 1522 958 verba

204 1002 368 1056 Lucili
409 1003 510 1056 ritu
551 1008 790 1057 nostrum
828 1005 1063 1058 melioris
1104 1015 1345 1077 utroque.

241 1167 308 1207 ⁶24.
355 1168 566 1207 Millonius
608 1169 735 1219 pauci
782 1168 920 1208 codd.
958 1169 1152 1218 (Bentleii
1197 1171 1345 1210 Codex
1377 1173 1575 1223 Regius),
1610 1177 1656 1214 ut
1687 1178 1753 1216 est
1783 1188 1889 1217 sane

186 1229 304 1279 apud
337 1231 455 1268 Grut.
481 1228 551 1277 54,
578 1230 614 1268 l.
650 1251 696 1257 —
730 1231 852 1269 simul
873 1241 926 1270 ex
947 1241 1034 1270 uno
1056 1232 1163 1271 (lod.
1200 1234 1241 1272 F.
1281 1256 1322 1260 —-
1363 1239 1456 1273 acto
1486 1246 1709 1287 superscr.
1740 1239 1820 1279 icto
1850 1251 1887 1278 c.

131 1371 249 1423 poris
266 1372 515 1418 momento,
536 1380 623 1420 quo
641 1371 833 1422 primum
855 1370 1006 1412 ebrius

133 1433 274 1472 sactus
306 1434 415 1472 est.»
467 1433 576 1472 Feae
608 1437 652 1472 ut
681 1434 804 1472 simul
831 1445 912 1485 pro
948 1436 1007 1473 si-

132 1495 218 1534 mul
260 1498 303 1534 ut
346 1495 601 1535 inusitatum
641 1498 722 1536 est.
765 1520 809 1524 —
842 1498 1008 1537 icto--

131 1556 272 1607 capiti]
305 1556 563 1596 «vinolentia
602 1559 732 1609 capili
770 1559 1007 1609 perturba-

132 1621 220 1659 to.»
271 1620 410 1659 Comi.
437 1621 510 1659 Cn.
545 1621 619 1660 Est
642 1619 879 1676 τρωθέντι.
924 1623 1007 1662 Eu-

134 1683 214 1733 rip.
258 1680 378 1732 Cycl.
421 1680 521 1721 42⁴:
582 1681 884 1736 γιγνώσκων,
933 1677 1008 1723 ὅτι

135 1740 314 1800 Τρώσει
336 1756 407 1782 νιν
430 1739 575 1794 οἶνος.
599 1744 847 1784 Archiloch.
874 1746 1004 1785 Sehn.

133 1806 202 1846 Fr.
236 1806 306 1854 69,
348 1807 393 1846 2:
441 1804 554 1860 οἴνῳ
595 1808 1008 1865 συγκεραυνωθεὶς

134 1869 328 1924 φρένας.
399 1869 522 1909 Οῖίεἰ.
557 1871 738 1910 Remed.
772 1873 869 1911 Am.
905 1871 1004 1911 446:

133 1931 263 1970 multo
293 1935 481 1980 tempora
511 1943 664 1981 quassa
692 1944 820 1973 mero.
858 1954 902 1962 ——-
934 1945 1012 1972 nu-

133 2003 352 2042 merusque
394 1994 585 2046 lucernis]
624 1996 774 2036 Iuven.
809 1996 854 2044 6,
902 1995 1005 2035 304:

136 2055 239 2096 Cum
269 2055 420 2094 bibitur
449 2057 625 2105 concha,
659 2067 753 2097 cum
781 2059 869 2097 iam
886 2058 1012 2097 verti-

133 2118 229 2168 9ine
248 2121 396 2157 tectum
409 2118 604 2158 Ambulat
622 2123 658 2158 et
677 2121 851 2170 qeminis
865 2131 1013 2160 πεπιν-

134 2180 195 2231 qia
216 2190 355 2218 mensa
374 2181 564 2219 lucernis.
596 2182 769 2221 Petron.
792 2181 868 2222 64:
900 2183 1012 2221 Sane

137 2242 224 2280 iam
253 2241 446 2280 lucernae
474 2243 574 2280 mihi
606 2242 842 2294 (Encolpio)
870 2243 1013 2293 plures

135 2303 383 2342 videbantur
421 2304 570 2343 ardere
609 2307 694 2344 cet.
740 2306 883 2344 Strato
921 2307 1012 2344 An-

138 2364 243 2405 thol.
268 2364 401 2405 Palat.
427 2366 474 2405 Il.
500 2377 540 2417 p.
561 2367 655 2405 54²2.
683 2366 854 2416 (Ebrius
875 2367 1013 2418 loqui-

137 2428 246 2477 tur):
292 2422 378 2466 Χῶ
418 2424 594 2477 λύχνος
631 2423 854 2476 ἔσχισται
883 2425 1012 2469 διδύ-

138 2502 238 2542 μην
285 2486 470 2542 φλόγα,
529 2490 610 2529 καὶ,
657 2488 728 2540 δὶς
776 2486 1008 2548 ἁριθμέω,

137 2548 352 2592 Πολλάκι
391 2549 643 2609 πειράζων,
690 2550 803 2603 τοὺς
839 2548 1014 2593 ἀνακε-

136 2613 406 2667 κλιμένους.
430 2637 474 2642 -
494 2614 640 2655 Castor
655 2615 758 2666 cet.]
779 2614 831 2655 Jl.
847 2629 889 2668 γ,
908 2615 1010 2656 ’237ῑ

138 2673 366 2734 Κάστορά
403 2677 448 2716 θ’
489 2673 763 2729 ἱππόδαμον
800 2678 880 2718 καὶ
921 2673 1013 2729 πὺξ

137 2734 326 2794 ἀγαθὸν
367 2735 687 2779 Πολυδεύκεα.
740 2739 818 2779 Od.
850 2741 893 2789 4,
936 2741 1009 2790 42,

137 2803 212 2842 25:
252 2813 486 2852 puerosque
524 2803 679 2849 Ledae,
721 2802 839 2841 Hunc
875 2804 1010 2853 equis,

137 2864 256 2903 illum
298 2875 497 2914 superare
535 2865 691 2916 puynis
726 2863 926 2904 Nobilem.
965 2886 1008 2893 —

139 2924 393 2976 ovo-eodem]
425 2924 570 2965 Ledae
588 2937 612 2965 a
634 2927 735 2965 Iove
758 2926 887 2976 cygni
909 2936 1014 2977 spe-

141 2987 207 3026 cie
239 2996 538 3037 compressae.
600 2985 703 3026 «Vel
746 2986 903 3027 fratres
935 2998 1014 3038 ge-

140 3046 259 3087 melli
313 3047 486 3087 diversa
541 3050 787 3098 sequuntur
840 3049 1009 3098 studia;

141 3109 262 3161 quid,
296 3119 486 3160 quaeso,
527 3109 708 3159 saciant,
742 3111 817 3161 qui
839 3111 1011 3162 cognati

139 3171 254 3211 inter
283 3181 331 3211 se
362 3181 448 3210 non
479 3172 641 3209 sunt‘?»

193 3233 340 3272 27-29.
385 3236 484 3280 quot
519 3231 716 3283 capitum]
758 3233 1012 3273 «Terentia-

140 3304 247 3334 num
277 3293 382 3333 illud
410 3294 599 3344 (Phorm.
621 3293 670 3342 2,
693 3293 738 3341 4,
773 3293 872 3344 ⁴40:
907 3295 1014 3344 Quot

139 3357 342 3406 homines,
376 3361 433 3396 tot
462 3356 685 3396 sententiae
696 3366 709 3402 ‚·
740 3366 838 3395 suus
864 3357 1014 3406 cuique

140 3429 270 3458 mos.»
327 3420 458 3458 Aeno.
490 3419 610 3457 Pers.
634 3418 674 3466 5,
706 3417 779 3456 52:
812 3417 925 3457 Mille
943 3417 1013 3456 ho-

140 3481 300 3520 minum
317 3481 468 3531 species
481 3484 520 3520 et
538 3491 681 3520 rerum
700 3479 877 3519 discolor
889 3490 1010 3520 usus:

235 3556 386 3594 HoRAT.
413 3566 503 3593 vot..
531 3556 576 3592 ΙΙ.
628 3565 692 3592 ευ.
722 3564 805 3591 im.
834 3554 895 3591 111.

1076 1372 1180 1412 Velle
1209 1384 1329 1413 suum
1359 1375 1507 1424 cuique
1536 1380 1616 1424 est,
1659 1388 1731 1416 nec
1759 1383 1852 1418 voto
1881 1380 1947 1418 vi-

1068 1435 1182 1473 vitur
1208 1447 1305 1475 utto.
1343 1459 1387 1465 -—
1419 1436 1626 1487 claudere]
1656 1438 1752 1477 Vid.
1777 1439 1832 1479 ad
1854 1441 1942 1480 Sat.

1073 1497 1087 1535 4
1110 1529 1117 1545 ,
1154 1497 1224 1545 210,
1258 1497 1324 1536 59.
1354 1520 1397 1526 —
1423 1501 1608 1538 nostram
1635 1501 1816 1541 melioris
1834 1507 1949 1542 utro-

1071 1558 1161 1609 que]
1194 1560 1294 1609 «qui
1325 1558 1482 1599 melior
1520 1560 1597 1600 suit
1629 1564 1672 1601 et
1702 1565 1743 1602 te
1776 1566 1821 1604 et
1850 1575 1944 1613 me,

1071 1621 1266 1670 Trebati,
1313 1632 1451 1661 censu
1496 1626 1537 1662 et
1582 1624 1822 1673 natalil)us;
1871 1627 1949 1667 suit

1073 1684 1191 1722 enim
1222 1684 1288 1722 vir
1328 1684 1472 1724 bonus
1513 1687 1557 1724 et
1595 1685 1722 1727 valde
1765 1688 1944 1739 nobilis,

1072 1747 1223 1796 utpote
1247 1746 1387 1796 Magni
1409 1748 1604 1798 Pompeii
1622 1759 1774 1788 avus.»
1804 1751 1944 1791 Comi.

1074 1808 1203 1852 Caro.
1218 1807 1270 1846 ad
1294 1808 1336 1846 h.
1357 1807 1382 1846 l.
1408 1809 1570 1848 Contra
1591 1809 1647 1848 ad
1668 1822 1708 1849 V.
1730 1812 1794 1851 75.
1815 1813 1950 1853 Scho-

1071 1867 1222 1909 liastae
1244 1880 1333 1908 uno
1355 1880 1599 1910 consensu:
1635 1873 1843 1913 «Constat
1863 1876 1951 1915 Lu-

1074 1930 1220 1970 cilium
1250 1932 1467 1971 maiorem
1500 1932 1556 1982 (id
1588 1936 1677 1982 est,
1722 1938 1946 1988 magnum)

1074 1992 1341 2032 avunculum
1366 1995 1561 2045 Pompeii
1592 1995 1749 2045 suisse3
1785 2000 1949 2039 etenim

1075 2055 1169 2093 avia
1200 2056 1394 2106 Pompeii
1426 2056 1577 2096 Lucilii
1607 2069 1734 2098 soror
1764 2060 1948 2100 suerat.»

1075 2116 1262 2156 Differre
1294 2116 1476 2168 quidem
1506 2118 1682 2158 videtur
1712 2120 1862 2161 Vellei.
1897 2124 1948 2171 2,

1074 2178 1153 2217 ¹29:
1202 2178 1298 2217 Fuit
1343 2179 1408 2218 hic
1457 2180 1739 2233 (Pompeius)
1789 2186 1953 2235 genitus

1073 2244 1211 2280 matre
1226 2241 1410 2290 Lucilia,
1433 2243 1574 2292 stirpis
1588 2246 1839 2286 senatoriae.
1870 2247 1954 2286 Ve-

1076 2313 1176 2341 rum
1207 2302 1359 2352 quidni
1390 2305 1585 2355 Pompeii
1608 2308 1651 2345 et
1672 2308 1768 2346 avia
1790 2310 1834 2347 et
1855 2318 1953 2347 ma-

1078 2366 1144 2403 ter
1174 2375 1226 2403 ex
1257 2366 1385 2414 gente
1408 2364 1570 2404 Lucilia
1595 2377 1695 2406 esse
1727 2370 1951 2419 potuerit?

1077 2426 1282 2476 Magnum
1320 2427 1468 2466 autem
1506 2428 1774 2470 avunculum
1819 2433 1955 2470 Pom-

1076 2488 1162 2539 peii
1208 2487 1340 2527 fuisse
1372 2487 1587 2529 Lucilium
1626 2491 1772 2542 potius
1817 2503 1952 2544 quam

1079 2548 1372 2597 avunculum,
1420 2552 1574 2591 aetatis
1614 2553 1807 2593 rationes
1847 2556 1953 2595 satis

1079 2612 1301 2651 evincunt.
1333 2611 1485 2659 «Quod
1507 2615 1597 2652 tam
1619 2613 1801 2654 sollicite
1820 2626 1957 2666 quae—

1077 2675 1178 2712 runt
1218 2673 1505 2724 interpretes,
1553 2686 1691 2726 quare
1737 2676 1952 2718 Lucilium

1079 2737 1122 2775 et
1167 2734 1371 2775 Trebatio
1420 2737 1463 2775 et
1513 2747 1560 2776 se
1610 2736 1842 2779 meliorem
1885 2739 1954 2779 di-

1077 2798 1211 2846 xerit,
1268 2799 1420 2836 utrum
1468 2797 1694 2839 nobilitate
1742 2800 1803 2850 (ut
1850 2801 1955 2842 fecit

1077 2859 1255 2908 Dousa),
1303 2870 1357 2898 an
1401 2858 1606 2899 facultate
1650 2863 1846 2912 poetica,
1895 2875 1951 2903 an

1075 2932 1184 2960 vero
1233 2920 1434 2961 moribus
1478 2923 1522 2960 et
1565 2922 1650 2961 vita
1698 2923 1768 2972 (ut
1810 2936 1953 2976 nuper

1075 2993 1160 3022 van
1182 2981 1359 3022 Heusde
1382 2982 1514 3022 Lucil.
1541 2994 1584 3034 p.
1608 2984 1708 3034 70.),
1732 2984 1861 3036 plane
1885 2988 1954 3026 est

1075 3040 1131 3083 τὸ
1162 3043 1238 3084 ἐπὶ
1268 3039 1325 3100 τῇ
1356 3041 1491 3100 φακῇ
1518 3040 1689 3101 μύρον.
1729 3046 1804 3086 Est
1832 3047 1951 3086 enim

1076 3117 1128 3146 ex
1173 3116 1380 3146 sermone
1425 3107 1648 3146 communi
1698 3110 1948 3159 sumptum,

1075 3179 1163 3220 quo
1189 3168 1442 3207 etiamnunc
1464 3167 1506 3207 in
1536 3167 1696 3208 talibus
1716 3167 1842 3219 volgo
1864 3170 1951 3208 uti-

1075 3241 1189 3271 mur.
1262 3228 1364 3269 Tale
1409 3231 1477 3269 est
1518 3231 1707 3270 Lucretii
1752 3229 1857 3269 illud
1899 3230 1945 3279 3,

1075 3292 1201 3332 4038:
1234 3292 1415 3332 Lumina
1442 3292 1497 3330 sis
1525 3292 1652 3331 oculis
1679 3292 1804 3331 etiam
1823 3291 1951 3331 bonus

1072 3354 1200 3394 Ancus
1247 3353 1438 3403 reliquit,
1491 3353 1570 3403 Qui
1615 3353 1763 3392 melior
1808 3353 1950 3392 multis

1075 3427 1202 3466 quam
1248 3419 1294 3455 tu
1336 3415 1444 3466 fuit,
1501 3414 1713 3464 improbe,
1772 3413 1944 3454 rebus.»

1073 3479 1276 3519 Romans.
1328 3477 1420 3517 Hoc
1438 3478 1611 3516 rectum
1631 3475 1829 3523 videtur;
1855 3478 1946 3518 ete-
1965 3517 1979 3533 .‹

1520 3551 1562 3587 13
