<?xml version="1.0" encoding="UTF-8"?>
<!DOCTYPE html PUBLIC "-//W3C//DTD XHTML 1.0 Transitional//EN"
    "http://www.w3.org/TR/xhtml1/DTD/xhtml1-transitional.dtd">
<html xmlns="http://www.w3.org/1999/xhtml" xml:lang="en" lang="en">
 <head>
  <title>
</title>
<meta http-equiv="Content-Type" content="text/html;charset=utf-8" />
  <meta name='ocr-system' content='tesseract 3.04.00' />
  <meta name='ocr-capabilities' content='ocr_page ocr_carea ocr_par ocr_line ocrx_word'/>
</head>
<body>
  <div class='ocr_page' id='page_1' title='image "./qhoratiusflaccus02horauoft_0264.png"; bbox 0 0 2231 3787; ppageno 0'>
   <div class='ocr_carea' id='block_1_1' title="bbox 231 259 332 310">
    <p class='ocr_par' dir='ltr' id='par_1_1' title="bbox 231 259 332 310">
     <span class='ocr_line' id='line_1_1' title="bbox 231 259 332 310; baseline -0.03 -10"><span class='ocrx_word' id='word_1_1' title='bbox 231 259 332 310; x_wconf 59' lang='lat'>6244.</span> 
     </span>
    </p>
   </div>
   <div class='ocr_carea' id='block_1_2' title="bbox 870 259 1414 301">
    <p class='ocr_par' dir='ltr' id='par_1_2' title="bbox 870 259 1414 301">
     <span class='ocr_line' id='line_1_2' title="bbox 870 259 1414 301; baseline 0 -2"><span class='ocrx_word' id='word_1_2' title='bbox 870 260 1081 299; x_wconf 76' lang='lat' dir='ltr'>llORATll</span> <span class='ocrx_word' id='word_1_3' title='bbox 1115 259 1414 301; x_wconf 68' lang='lat' dir='ltr'>SATIRARUM</span> 
     </span>
    </p>
   </div>
   <div class='ocr_carea' id='block_1_3' title="bbox 302 389 1800 462">
    <p class='ocr_par' dir='ltr' id='par_1_3' title="bbox 302 389 1800 462">
     <span class='ocr_line' id='line_1_3' title="bbox 302 389 1800 462; baseline -0.002 -18"><span class='ocrx_word' id='word_1_4' title='bbox 302 390 494 444; x_wconf 81' lang='lat' dir='ltr'>Nescio</span> <span class='ocrx_word' id='word_1_5' title='bbox 536 407 600 441; x_wconf 78' lang='lat' dir='ltr'>an</span> <span class='ocrx_word' id='word_1_6' title='bbox 641 389 950 462; x_wconf 56' lang='lat' dir='ltr'>Anticyram</span> <span class='ocrx_word' id='word_1_7' title='bbox 991 390 1122 442; x_wconf 87' lang='lat' dir='ltr'>ratio</span> <span class='ocrx_word' id='word_1_8' title='bbox 1164 389 1262 442; x_wconf 92' lang='lat' dir='ltr'>illis</span> <span class='ocrx_word' id='word_1_9' title='bbox 1303 389 1533 443; x_wconf 87' lang='lat' dir='ltr'>destinet</span> <span class='ocrx_word' id='word_1_10' title='bbox 1572 406 1800 443; x_wconf 91' lang='lat' dir='ltr'>omnem.</span> 
     </span>
    </p>
   </div>
   <div class='ocr_carea' id='block_1_4' title="bbox 301 490 1695 561">
    <p class='ocr_par' dir='ltr' id='par_1_4' title="bbox 301 490 1695 561">
     <span class='ocr_line' id='line_1_4' title="bbox 301 490 1695 561; baseline -0.001 -17"><span class='ocrx_word' id='word_1_11' title='bbox 301 491 544 545; x_wconf 87' lang='lat' dir='ltr'>Heredes</span> <span class='ocrx_word' id='word_1_12' title='bbox 585 491 791 545; x_wconf 75' lang='lat' dir='ltr'>Staberi</span> <span class='ocrx_word' id='word_1_13' title='bbox 834 509 1098 544; x_wconf 88' lang='lat' dir='ltr'>summam</span> <span class='ocrx_word' id='word_1_14' title='bbox 1139 491 1376 545; x_wconf 77' lang='lat' dir='ltr'>incidere</span> <span class='ocrx_word' id='word_1_15' title='bbox 1417 490 1695 561; x_wconf 87' lang='lat' dir='ltr'>sepulcro:</span> 
     </span>
    </p>
   </div>
   <div class='ocr_carea' id='block_1_5' title="bbox 298 592 1615 663">
    <p class='ocr_par' dir='ltr' id='par_1_5' title="bbox 298 592 1615 663">
     <span class='ocr_line' id='line_1_5' title="bbox 298 592 1615 663; baseline -0.002 -17"><span class='ocrx_word' id='word_1_16' title='bbox 298 594 358 646; x_wconf 74' lang='lat' dir='ltr'>Ni</span> <span class='ocrx_word' id='word_1_17' title='bbox 402 594 478 647; x_wconf 93' lang='lat' dir='ltr'>sic</span> <span class='ocrx_word' id='word_1_18' title='bbox 518 593 792 649; x_wconf 75' lang='lat' dir='ltr'><strong>fecissent,</strong></span> <span class='ocrx_word' id='word_1_19' title='bbox 836 593 1189 663; x_wconf 71' lang='lat' dir='ltr'>gladiatorum</span> <span class='ocrx_word' id='word_1_20' title='bbox 1230 592 1359 645; x_wconf 88' lang='lat' dir='ltr'>dare</span> <span class='ocrx_word' id='word_1_21' title='bbox 1400 600 1615 645; x_wconf 90' lang='lat' dir='ltr'>centum</span> 
     </span>
    </p>
   </div>
   <div class='ocr_carea' id='block_1_6' title="bbox 300 693 1873 765">
    <p class='ocr_par' dir='ltr' id='par_1_6' title="bbox 300 693 1873 765">
     <span class='ocr_line' id='line_1_6' title="bbox 300 693 1873 765; baseline -0.001 -17"><span class='ocrx_word' id='word_1_22' title='bbox 300 695 542 748; x_wconf 83' lang='lat' dir='ltr'>Damnati</span> <span class='ocrx_word' id='word_1_23' title='bbox 583 694 783 765; x_wconf 90' lang='lat' dir='ltr'>populo</span> <span class='ocrx_word' id='word_1_24' title='bbox 824 695 973 765; x_wconf 84' lang='lat' dir='ltr'>paria</span> <span class='ocrx_word' id='word_1_25' title='bbox 1013 703 1173 764; x_wconf 87' lang='lat' dir='ltr'>atque</span> <span class='ocrx_word' id='word_1_26' title='bbox 1213 693 1432 764; x_wconf 90' lang='lat' dir='ltr'>epulum</span> <span class='ocrx_word' id='word_1_27' title='bbox 1473 693 1691 746; x_wconf 87' lang='lat' dir='ltr'>arbitrio</span> <span class='ocrx_word' id='word_1_28' title='bbox 1730 694 1873 755; x_wconf 84' lang='lat' dir='ltr'>Arri,</span> 
     </span>
    </p>
   </div>
   <div class='ocr_carea' id='block_1_7' title="bbox 298 794 1811 1170">
    <p class='ocr_par' dir='ltr' id='par_1_7' title="bbox 298 794 1811 1170">
     <span class='ocr_line' id='line_1_7' title="bbox 300 794 1283 867; baseline -0.005 -16"><span class='ocrx_word' id='word_1_29' title='bbox 300 797 570 852; x_wconf 79' lang='lat' dir='ltr'>Frumenti</span> <span class='ocrx_word' id='word_1_30' title='bbox 611 805 868 867; x_wconf 81' lang='lat' dir='ltr'>quantum</span> <span class='ocrx_word' id='word_1_31' title='bbox 908 796 1055 848; x_wconf 90' lang='lat' dir='ltr'>metit</span> <span class='ocrx_word' id='word_1_32' title='bbox 1095 794 1283 848; x_wconf 77' lang='lat' dir='ltr'>Africa.</span> 
     </span>
     <span class='ocr_line' id='line_1_8' title="bbox 299 896 1634 966; baseline -0.001 -15"><span class='ocrx_word' id='word_1_33' title='bbox 299 900 406 951; x_wconf 84' lang='lat' dir='ltr'>Seu</span> <span class='ocrx_word' id='word_1_34' title='bbox 445 907 616 954; x_wconf 80' lang='lat' dir='ltr'>recte,</span> <span class='ocrx_word' id='word_1_35' title='bbox 658 897 760 950; x_wconf 90' lang='lat' dir='ltr'>hoc</span> <span class='ocrx_word' id='word_1_36' title='bbox 801 896 969 950; x_wconf 83' lang='lat' dir='ltr'>volui:</span> <span class='ocrx_word' id='word_1_37' title='bbox 1012 913 1078 949; x_wconf 91' lang='lat' dir='ltr'>ne</span> <span class='ocrx_word' id='word_1_38' title='bbox 1117 896 1190 949; x_wconf 91' lang='lat' dir='ltr'>sis</span> <span class='ocrx_word' id='word_1_39' title='bbox 1230 905 1453 966; x_wconf 88' lang='lat' dir='ltr'>patruus</span> <span class='ocrx_word' id='word_1_40' title='bbox 1492 896 1634 949; x_wconf 92' lang='lat' dir='ltr'>mihi.</span> 
     </span>
     <span class='ocr_line' id='line_1_9' title="bbox 298 998 1555 1068; baseline -0.002 -15"><span class='ocrx_word' id='word_1_41' title='bbox 298 1001 412 1053; x_wconf 92' lang='lat' dir='ltr'>Hoc</span> <span class='ocrx_word' id='word_1_42' title='bbox 453 999 660 1051; x_wconf 77' lang='lat' dir='ltr'>Staberi</span> <span class='ocrx_word' id='word_1_43' title='bbox 700 998 1023 1068; x_wconf 78' lang='lat' dir='ltr'>prudentem</span> <span class='ocrx_word' id='word_1_44' title='bbox 1061 998 1297 1050; x_wconf 91' lang='lat' dir='ltr'>animum</span> <span class='ocrx_word' id='word_1_45' title='bbox 1336 998 1555 1051; x_wconf 82' lang='lat' dir='ltr'>vidisse.</span> 
     </span>
     <span class='ocr_line' id='line_1_10' title="bbox 301 1099 1811 1170; baseline 0 -16"><span class='ocrx_word' id='word_1_46' title='bbox 301 1100 499 1160; x_wconf 87' lang='lat' dir='ltr'>Sensit,</span> <span class='ocrx_word' id='word_1_47' title='bbox 543 1117 665 1153; x_wconf 88' lang='lat' dir='ltr'>cum</span> <span class='ocrx_word' id='word_1_48' title='bbox 705 1116 969 1151; x_wconf 88' lang='lat' dir='ltr'>summam</span> <span class='ocrx_word' id='word_1_49' title='bbox 1009 1099 1295 1169; x_wconf 79' lang='lat' dir='ltr'>patrimoni</span> <span class='ocrx_word' id='word_1_50' title='bbox 1334 1099 1643 1170; x_wconf 81' lang='lat' dir='ltr'>insculpere</span> <span class='ocrx_word' id='word_1_51' title='bbox 1683 1118 1811 1154; x_wconf 80' lang='lat' dir='ltr'>saxo</span> 
     </span>
    </p>
   </div>
   <div class='ocr_carea' id='block_1_8' title="bbox 1362 796 2049 1152">
    <p class='ocr_par' dir='ltr' id='par_1_8' title="bbox 1362 796 2049 1152">
     <span class='ocr_line' id='line_1_11' title="bbox 1362 796 1856 866; baseline 0.002 -18"><span class='ocrx_word' id='word_1_52' title='bbox 1362 796 1484 848; x_wconf 80' lang='lat' dir='ltr'>Sive</span> <span class='ocrx_word' id='word_1_53' title='bbox 1525 813 1625 866; x_wconf 76' lang='lat' dir='ltr'>ego</span> <span class='ocrx_word' id='word_1_54' title='bbox 1664 813 1856 866; x_wconf 87' lang='lat' dir='ltr'>prave,</span> 
     </span>
     <span class='ocr_line' id='line_1_12' title="bbox 1713 896 1889 951; baseline 0 0"><span class='ocrx_word' id='word_1_55' title='bbox 1713 896 1889 951; x_wconf 89' lang='lat' dir='ltr'>Credo</span> 
     </span>
     <span class='ocr_line' id='line_1_13' title="bbox 1633 998 1944 1070; baseline 0.006 -20"><span class='ocrx_word' id='word_1_56' title='bbox 1633 998 1775 1063; x_wconf 85' lang='lat' dir='ltr'>Quid</span> <span class='ocrx_word' id='word_1_57' title='bbox 1815 1016 1944 1070; x_wconf 81' lang='lat' dir='ltr'>ergo</span> 
     </span>
     <span class='ocr_line' id='line_1_14' title="bbox 1981 1102 2049 1152; baseline 0 0"><span class='ocrx_word' id='word_1_58' title='bbox 1981 1102 2049 1152; x_wconf 86' lang='lat'>90</span> 
     </span>
    </p>
   </div>
   <div class='ocr_carea' id='block_1_9' title="bbox 301 1200 1708 1274">
    <p class='ocr_par' dir='ltr' id='par_1_9' title="bbox 301 1200 1708 1274">
     <span class='ocr_line' id='line_1_15' title="bbox 301 1200 1708 1274; baseline 0 -19"><span class='ocrx_word' id='word_1_59' title='bbox 301 1201 544 1255; x_wconf 85' lang='lat' dir='ltr'>Heredes</span> <span class='ocrx_word' id='word_1_60' title='bbox 581 1201 784 1254; x_wconf 73' lang='lat' dir='ltr'>voluit?</span> <span class='ocrx_word' id='word_1_61' title='bbox 824 1200 1015 1265; x_wconf 87' lang='lat' dir='ltr'>Quoad</span> <span class='ocrx_word' id='word_1_62' title='bbox 1056 1201 1209 1262; x_wconf 76' lang='lat' dir='ltr'>vixit,</span> <span class='ocrx_word' id='word_1_63' title='bbox 1253 1201 1481 1254; x_wconf 89' lang='lat' dir='ltr'>credidit</span> <span class='ocrx_word' id='word_1_64' title='bbox 1520 1202 1708 1274; x_wconf 80' lang='lat' dir='ltr'>ingens</span> 
     </span>
    </p>
   </div>
   <div class='ocr_carea' id='block_1_10' title="bbox 299 1302 1738 1375">
    <p class='ocr_par' dir='ltr' id='par_1_10' title="bbox 299 1302 1738 1375">
     <span class='ocr_line' id='line_1_16' title="bbox 299 1302 1738 1375; baseline -0.001 -18"><span class='ocrx_word' id='word_1_65' title='bbox 299 1303 620 1375; x_wconf 81' lang='lat' dir='ltr'>pauperiem</span> <span class='ocrx_word' id='word_1_66' title='bbox 662 1302 845 1355; x_wconf 81' lang='lat' dir='ltr'>vitium</span> <span class='ocrx_word' id='word_1_67' title='bbox 886 1311 938 1356; x_wconf 91' lang='lat' dir='ltr'>et</span> <span class='ocrx_word' id='word_1_68' title='bbox 977 1302 1115 1356; x_wconf 82' lang='lat' dir='ltr'>cavit</span> <span class='ocrx_word' id='word_1_69' title='bbox 1152 1302 1278 1355; x_wconf 88' lang='lat' dir='ltr'>nihil</span> <span class='ocrx_word' id='word_1_70' title='bbox 1319 1304 1523 1366; x_wconf 81' lang='lat' dir='ltr'>acriUS,</span> <span class='ocrx_word' id='word_1_71' title='bbox 1567 1313 1650 1365; x_wconf 86' lang='lat' dir='ltr'>ut,</span> <span class='ocrx_word' id='word_1_72' title='bbox 1695 1305 1738 1358; x_wconf 91' lang='lat' dir='ltr'>si</span> 
     </span>
    </p>
   </div>
   <div class='ocr_carea' id='block_1_11' title="bbox 284 1475 1999 1594">
    <p class='ocr_par' dir='ltr' id='par_1_11' title="bbox 284 1475 1999 1594">
     <span class='ocr_line' id='line_1_17' title="bbox 337 1475 1999 1518; baseline -0.001 0"><span class='ocrx_word' id='word_1_73' title='bbox 337 1479 404 1518; x_wconf 89' lang='lat'>86.</span> <span class='ocrx_word' id='word_1_74' title='bbox 436 1478 536 1517; x_wconf 84' lang='lat' dir='ltr'>Arri</span> <span class='ocrx_word' id='word_1_75' title='bbox 566 1482 602 1516; x_wconf 86' lang='lat' dir='ltr'>et</span> <span class='ocrx_word' id='word_1_76' title='bbox 632 1475 854 1516; x_wconf 87' lang='lat' dir='ltr'>Bentleius</span> <span class='ocrx_word' id='word_1_77' title='bbox 887 1477 1001 1518; x_wconf 86' lang='lat' dir='ltr'>coni.</span> <span class='ocrx_word' id='word_1_78' title='bbox 1038 1497 1081 1503; x_wconf 92' lang='lat'>—</span> <span class='ocrx_word' id='word_1_79' title='bbox 1117 1477 1183 1516; x_wconf 81' lang='lat'>89.</span> <span class='ocrx_word' id='word_1_80' title='bbox 1217 1477 1377 1517; x_wconf 75' lang='lat' dir='ltr'>iussisse</span> <span class='ocrx_word' id='word_1_81' title='bbox 1408 1476 1562 1518; x_wconf 84' lang='lat' dir='ltr'>Lamb.</span> <span class='ocrx_word' id='word_1_82' title='bbox 1598 1478 1710 1517; x_wconf 92' lang='lat' dir='ltr'>coni.</span> <span class='ocrx_word' id='word_1_83' title='bbox 1749 1500 1793 1506; x_wconf 95' lang='lat'><em>—</em></span> <span class='ocrx_word' id='word_1_84' title='bbox 1839 1478 1904 1518; x_wconf 74' lang='lat'>92.</span> <span class='ocrx_word' id='word_1_85' title='bbox 1940 1479 1999 1518; x_wconf 80' lang='lat' dir='ltr'>nit</span> 
     </span>
     <span class='ocr_line' id='line_1_18' title="bbox 284 1539 1209 1594; baseline -0.004 -13"><span class='ocrx_word' id='word_1_86' title='bbox 284 1552 505 1594; x_wconf 87' lang='lat' dir='ltr'>superscr.</span> <span class='ocrx_word' id='word_1_87' title='bbox 551 1541 653 1579; x_wconf 81' lang='lat' dir='ltr'>nihil</span> <span class='ocrx_word' id='word_1_88' title='bbox 682 1541 722 1579; x_wconf 90' lang='lat' dir='ltr'>S.</span> <span class='ocrx_word' id='word_1_89' title='bbox 757 1539 885 1590; x_wconf 75' lang='lat' dir='ltr'>(cavit</span> <span class='ocrx_word' id='word_1_90' title='bbox 913 1540 990 1578; x_wconf 83' lang='lat' dir='ltr'>hae</span> <span class='ocrx_word' id='word_1_91' title='bbox 1019 1539 1120 1578; x_wconf 77' lang='lat' dir='ltr'>nihil</span> <span class='ocrx_word' id='word_1_92' title='bbox 1148 1539 1209 1590; x_wconf 82' lang='lat' dir='ltr'>p.)</span> 
     </span>
    </p>
   </div>
   <div class='ocr_carea' id='block_1_12' title="bbox 223 1669 1112 3521">
    <p class='ocr_par' dir='ltr' id='par_1_12' title="bbox 223 1669 1112 2905">
     <span class='ocr_line' id='line_1_19' title="bbox 226 1669 1106 1726; baseline -0.003 -12"><span class='ocrx_word' id='word_1_93' title='bbox 226 1673 448 1726; x_wconf 60' lang='lat' dir='ltr'>perlatis-is</span> <span class='ocrx_word' id='word_1_94' title='bbox 488 1672 614 1712; x_wconf 82' lang='lat' dir='ltr'>multo</span> <span class='ocrx_word' id='word_1_95' title='bbox 654 1683 923 1724; x_wconf 87' lang='lat' dir='ltr'>componere</span> <span class='ocrx_word' id='word_1_96' title='bbox 962 1669 1106 1711; x_wconf 86' lang='lat' dir='ltr'>solent</span> 
     </span>
     <span class='ocr_line' id='line_1_20' title="bbox 227 1733 1109 1788; baseline -0.003 -13"><span class='ocrx_word' id='word_1_97' title='bbox 227 1736 380 1788; x_wconf 88' lang='lat' dir='ltr'>optimi</span> <span class='ocrx_word' id='word_1_98' title='bbox 419 1735 680 1785; x_wconf 80' lang='lat' dir='ltr'>scriptores,</span> <span class='ocrx_word' id='word_1_99' title='bbox 725 1733 1109 1785; x_wconf 84' lang='lat' dir='ltr'>quemadmodum</span> 
     </span>
     <span class='ocr_line' id='line_1_21' title="bbox 226 1797 1104 1849; baseline -0.003 -12"><span class='ocrx_word' id='word_1_100' title='bbox 226 1799 345 1849; x_wconf 70' lang='lat' dir='ltr'>lonye</span> <span class='ocrx_word' id='word_1_101' title='bbox 388 1797 551 1836; x_wconf 90' lang='lat' dir='ltr'>dicunt.</span> <span class='ocrx_word' id='word_1_102' title='bbox 606 1797 724 1836; x_wconf 76' lang='lat' dir='ltr'>HAND</span> <span class='ocrx_word' id='word_1_103' title='bbox 768 1797 893 1836; x_wconf 90' lang='lat' dir='ltr'>Turs.</span> <span class='ocrx_word' id='word_1_104' title='bbox 942 1797 1011 1834; x_wconf 91' lang='grc' dir='ltr'>ΙΙΙ.</span> <span class='ocrx_word' id='word_1_105' title='bbox 1062 1806 1104 1846; x_wconf 89' lang='lat' dir='ltr'>p.</span> 
     </span>
     <span class='ocr_line' id='line_1_22' title="bbox 227 1857 1106 1909; baseline -0.005 -9"><span class='ocrx_word' id='word_1_106' title='bbox 227 1859 322 1900; x_wconf 75' lang='lat'>664.</span> <span class='ocrx_word' id='word_1_107' title='bbox 359 1882 404 1887; x_wconf 92' lang='lat'>—</span> <span class='ocrx_word' id='word_1_108' title='bbox 445 1859 590 1898; x_wconf 79' lang='lat' dir='ltr'>Nescio</span> <span class='ocrx_word' id='word_1_109' title='bbox 621 1857 690 1909; x_wconf 87' lang='lat' dir='ltr'>an]</span> <span class='ocrx_word' id='word_1_110' title='bbox 739 1860 871 1909; x_wconf 90' lang='lat' dir='ltr'>«puto</span> <span class='ocrx_word' id='word_1_111' title='bbox 915 1868 1106 1909; x_wconf 83' lang='lat' dir='ltr'>prope;»</span> 
     </span>
     <span class='ocr_line' id='line_1_23' title="bbox 226 1917 1110 1968; baseline -0.005 -7"><span class='ocrx_word' id='word_1_112' title='bbox 226 1922 306 1961; x_wconf 87' lang='lat' dir='ltr'>ich</span> <span class='ocrx_word' id='word_1_113' title='bbox 338 1921 488 1960; x_wconf 78' lang='lat' dir='ltr'>weiss</span> <span class='ocrx_word' id='word_1_114' title='bbox 516 1920 671 1968; x_wconf 73' lang='lat' dir='ltr'>nicht,</span> <span class='ocrx_word' id='word_1_115' title='bbox 705 1919 760 1958; x_wconf 86' lang='lat' dir='ltr'>ob</span> <span class='ocrx_word' id='word_1_116' title='bbox 782 1919 931 1958; x_wconf 82' lang='lat' dir='ltr'>nicht.</span> <span class='ocrx_word' id='word_1_117' title='bbox 960 1942 1004 1946; x_wconf 85' lang='lat'>—</span> <span class='ocrx_word' id='word_1_118' title='bbox 1027 1917 1110 1957; x_wconf 85' lang='lat' dir='ltr'>An-</span> 
     </span>
     <span class='ocr_line' id='line_1_24' title="bbox 226 1979 1108 2033; baseline -0.006 -10"><span class='ocrx_word' id='word_1_119' title='bbox 226 1985 405 2033; x_wconf 73' lang='lat' dir='ltr'>ticyram</span> <span class='ocrx_word' id='word_1_120' title='bbox 434 2005 457 2011; x_wconf 92' lang='lat'>-</span> <span class='ocrx_word' id='word_1_121' title='bbox 496 2004 518 2010; x_wconf 86' lang='lat'><em>-</em></span> <span class='ocrx_word' id='word_1_122' title='bbox 557 1981 739 2032; x_wconf 84' lang='lat' dir='ltr'>omnem]</span> <span class='ocrx_word' id='word_1_123' title='bbox 793 1979 1108 2020; x_wconf 89' lang='lat' dir='ltr'>«helleborum</span> 
     </span>
     <span class='ocr_line' id='line_1_25' title="bbox 229 2042 1110 2095; baseline -0.007 -9"><span class='ocrx_word' id='word_1_124' title='bbox 229 2055 423 2094; x_wconf 89' lang='lat' dir='ltr'>omnem,</span> <span class='ocrx_word' id='word_1_125' title='bbox 443 2055 579 2095; x_wconf 86' lang='lat' dir='ltr'>quern</span> <span class='ocrx_word' id='word_1_126' title='bbox 595 2043 764 2094; x_wconf 86' lang='lat' dir='ltr'>profert</span> <span class='ocrx_word' id='word_1_127' title='bbox 774 2044 981 2092; x_wconf 76' lang='lat' dir='ltr'>Anticyra</span> <span class='ocrx_word' id='word_1_128' title='bbox 999 2042 1110 2081; x_wconf 90' lang='lat' dir='ltr'>Pho-</span> 
     </span>
     <span class='ocr_line' id='line_1_26' title="bbox 229 2098 1106 2160; baseline -0.007 -12"><span class='ocrx_word' id='word_1_129' title='bbox 229 2108 417 2148; x_wconf 84' lang='lat' dir='ltr'>censis.»</span> <span class='ocrx_word' id='word_1_130' title='bbox 468 2105 624 2145; x_wconf 85' lang='lat' dir='ltr'>Strabo</span> <span class='ocrx_word' id='word_1_131' title='bbox 656 2105 704 2153; x_wconf 87' lang='lat'>9,</span> <span class='ocrx_word' id='word_1_132' title='bbox 737 2105 789 2144; x_wconf 88' lang='lat'>3:</span> <span class='ocrx_word' id='word_1_133' title='bbox 818 2098 1106 2160; x_wconf 68' lang='grc' dir='ltr'><em>Ἄντίκιρῥα,</em></span> 
     </span>
     <span class='ocr_line' id='line_1_27' title="bbox 229 2161 1109 2225; baseline -0.006 -16"><span class='ocrx_word' id='word_1_134' title='bbox 229 2165 490 2222; x_wconf 67' lang='grc' dir='ltr'>ὁμώνυμος</span> <span class='ocrx_word' id='word_1_135' title='bbox 520 2165 575 2225; x_wconf 66' lang='grc' dir='ltr'>τῇ</span> <span class='ocrx_word' id='word_1_136' title='bbox 608 2163 731 2205; x_wconf 78' lang='grc' dir='ltr'><em>κατὰ</em></span> <span class='ocrx_word' id='word_1_137' title='bbox 752 2163 835 2205; x_wconf 83' lang='grc' dir='ltr'>τὸν</span> <span class='ocrx_word' id='word_1_138' title='bbox 857 2161 1109 2205; x_wconf 80' lang='grc' dir='ltr'><em>Μαλιακὸν</em></span> 
     </span>
     <span class='ocr_line' id='line_1_28' title="bbox 228 2224 1108 2282; baseline -0.006 -10"><span class='ocrx_word' id='word_1_139' title='bbox 228 2229 411 2273; x_wconf 74' lang='grc' dir='ltr'><strong><em>κόλπον</em></strong></span> <span class='ocrx_word' id='word_1_140' title='bbox 455 2231 536 2270; x_wconf 79' lang='grc' dir='ltr'>καὶ</span> <span class='ocrx_word' id='word_1_141' title='bbox 580 2226 666 2282; x_wconf 59' lang='grc' dir='ltr'>τὴν</span> <span class='ocrx_word' id='word_1_142' title='bbox 707 2227 864 2281; x_wconf 70' lang='grc' dir='ltr'>Οἴτην.</span> <span class='ocrx_word' id='word_1_143' title='bbox 926 2228 1020 2268; x_wconf 84' lang='grc' dir='ltr'>Καὶ</span> <span class='ocrx_word' id='word_1_144' title='bbox 1051 2224 1108 2280; x_wconf 78' lang='grc' dir='ltr'>δή</span> 
     </span>
     <span class='ocr_line' id='line_1_29' title="bbox 230 2289 1111 2349; baseline -0.003 -16"><span class='ocrx_word' id='word_1_145' title='bbox 230 2308 382 2346; x_wconf 70' lang='grc' dir='ltr'><em>φασιν</em></span> <span class='ocrx_word' id='word_1_146' title='bbox 428 2293 529 2334; x_wconf 78' lang='grc' dir='ltr'>ἐκεῖ</span> <span class='ocrx_word' id='word_1_147' title='bbox 572 2291 654 2333; x_wconf 76' lang='grc' dir='ltr'>τὸν</span> <span class='ocrx_word' id='word_1_148' title='bbox 693 2290 948 2349; x_wconf 69' lang='grc' dir='ltr'><em>ἑλλέβορον</em></span> <span class='ocrx_word' id='word_1_149' title='bbox 990 2289 1111 2341; x_wconf 74' lang='grc' dir='ltr'>φύε-</span> 
     </span>
     <span class='ocr_line' id='line_1_30' title="bbox 231 2351 1110 2404; baseline -0.005 -6"><span class='ocrx_word' id='word_1_150' title='bbox 231 2358 347 2398; x_wconf 77' lang='grc' dir='ltr'><em>σθαι</em></span> <span class='ocrx_word' id='word_1_151' title='bbox 396 2355 480 2396; x_wconf 75' lang='grc' dir='ltr'>τὸν</span> <span class='ocrx_word' id='word_1_152' title='bbox 529 2351 746 2404; x_wconf 52' lang='grc' dir='ltr'>ἀστεῖον.</span> <span class='ocrx_word' id='word_1_153' title='bbox 798 2352 1010 2395; x_wconf 74' lang='grc' dir='ltr'>ἐνταῦθα</span> <span class='ocrx_word' id='word_1_154' title='bbox 1060 2352 1110 2394; x_wconf 79' lang='grc' dir='ltr'>δὲ</span> 
     </span>
     <span class='ocr_line' id='line_1_31' title="bbox 230 2416 1112 2471; baseline -0.006 -9"><span class='ocrx_word' id='word_1_155' title='bbox 230 2418 548 2471; x_wconf 58' lang='grc' dir='ltr'>σκευάζεσθαι,</span> <span class='ocrx_word' id='word_1_156' title='bbox 576 2417 765 2467; x_wconf 70' lang='grc' dir='ltr'><em>βέλτιον</em></span> <span class='ocrx_word' id='word_1_157' title='bbox 795 2416 892 2457; x_wconf 76' lang='grc' dir='ltr'>κτλ.</span> <span class='ocrx_word' id='word_1_158' title='bbox 946 2420 1112 2458; x_wconf 75' lang='lat' dir='ltr'>Accen-</span> 
     </span>
     <span class='ocr_line' id='line_1_32' title="bbox 229 2481 1110 2523; baseline -0.005 0"><span class='ocrx_word' id='word_1_159' title='bbox 229 2487 323 2523; x_wconf 84' lang='lat' dir='ltr'>tum</span> <span class='ocrx_word' id='word_1_160' title='bbox 368 2482 507 2522; x_wconf 86' lang='lat' dir='ltr'>secuti</span> <span class='ocrx_word' id='word_1_161' title='bbox 552 2482 639 2520; x_wconf 88' lang='lat' dir='ltr'>iam</span> <span class='ocrx_word' id='word_1_162' title='bbox 684 2482 835 2520; x_wconf 90' lang='lat' dir='ltr'>Graeci</span> <span class='ocrx_word' id='word_1_163' title='bbox 886 2481 1110 2520; x_wconf 87' lang='lat' dir='ltr'>interdum</span> 
     </span>
     <span class='ocr_line' id='line_1_33' title="bbox 232 2542 1108 2596; baseline -0.005 -11"><span class='ocrx_word' id='word_1_164' title='bbox 232 2545 355 2596; x_wconf 84' lang='lat' dir='ltr'>(Plut.</span> <span class='ocrx_word' id='word_1_165' title='bbox 389 2545 443 2584; x_wconf 91' lang='lat' dir='ltr'>de</span> <span class='ocrx_word' id='word_1_166' title='bbox 491 2543 635 2583; x_wconf 85' lang='lat' dir='ltr'>cohib.</span> <span class='ocrx_word' id='word_1_167' title='bbox 686 2544 751 2582; x_wconf 86' lang='lat' dir='ltr'>Ira</span> <span class='ocrx_word' id='word_1_168' title='bbox 795 2542 894 2593; x_wconf 57' lang='lat'>113),</span> <span class='ocrx_word' id='word_1_169' title='bbox 943 2543 1108 2591; x_wconf 86' lang='lat' dir='ltr'>Latini,</span> 
     </span>
     <span class='ocr_line' id='line_1_34' title="bbox 230 2604 1111 2658; baseline -0.003 -12"><span class='ocrx_word' id='word_1_170' title='bbox 230 2606 350 2658; x_wconf 89' lang='lat' dir='ltr'>quod</span> <span class='ocrx_word' id='word_1_171' title='bbox 380 2607 541 2655; x_wconf 86' lang='lat' dir='ltr'>sciam,</span> <span class='ocrx_word' id='word_1_172' title='bbox 577 2616 733 2645; x_wconf 90' lang='lat' dir='ltr'>omnes</span> <span class='ocrx_word' id='word_1_173' title='bbox 763 2604 1111 2656; x_wconf 84' lang='lat' dir='ltr'>pronuntiabant</span> 
     </span>
     <span class='ocr_line' id='line_1_35' title="bbox 226 2664 1106 2725; baseline -0.001 -17"><span class='ocrx_word' id='word_1_174' title='bbox 226 2664 491 2725; x_wconf 74' lang='grc' dir='ltr'><em>Ἀντίκυρα,</em></span> <span class='ocrx_word' id='word_1_175' title='bbox 532 2669 733 2717; x_wconf 76' lang='lat' dir='ltr'>Anticyra</span> <span class='ocrx_word' id='word_1_176' title='bbox 764 2666 930 2718; x_wconf 87' lang='lat' dir='ltr'>penult.</span> <span class='ocrx_word' id='word_1_177' title='bbox 966 2667 1106 2707; x_wconf 57' lang='lat' dir='ltr'>brex‘i.</span> 
     </span>
     <span class='ocr_line' id='line_1_36' title="bbox 232 2730 1111 2779; baseline -0.003 -9"><span class='ocrx_word' id='word_1_178' title='bbox 232 2730 353 2770; x_wconf 87' lang='lat' dir='ltr'>Conf.</span> <span class='ocrx_word' id='word_1_179' title='bbox 378 2733 426 2770; x_wconf 89' lang='lat' dir='ltr'>A.</span> <span class='ocrx_word' id='word_1_180' title='bbox 452 2733 495 2769; x_wconf 93' lang='lat' dir='ltr'>P.</span> <span class='ocrx_word' id='word_1_181' title='bbox 521 2730 599 2769; x_wconf 83' lang='lat'>300</span> <span class='ocrx_word' id='word_1_182' title='bbox 627 2742 633 2768; x_wconf 90' lang='lat'><strong>:</strong></span> <span class='ocrx_word' id='word_1_183' title='bbox 664 2730 794 2769; x_wconf 78' lang='lat' dir='ltr'>tribus</span> <span class='ocrx_word' id='word_1_184' title='bbox 812 2730 1021 2779; x_wconf 70' lang='lat' dir='ltr'>Anticyris</span> <span class='ocrx_word' id='word_1_185' title='bbox 1042 2741 1111 2769; x_wconf 80' lang='lat' dir='ltr'>ca-</span> 
     </span>
     <span class='ocr_line' id='line_1_37' title="bbox 223 2791 1111 2843; baseline -0.001 -12"><span class='ocrx_word' id='word_1_186' title='bbox 223 2798 301 2843; x_wconf 72' lang='lat' dir='ltr'>put</span> <span class='ocrx_word' id='word_1_187' title='bbox 344 2792 587 2832; x_wconf 78' lang='lat' dir='ltr'>insanabile.</span> <span class='ocrx_word' id='word_1_188' title='bbox 626 2815 669 2820; x_wconf 89' lang='lat'>—-</span> <span class='ocrx_word' id='word_1_189' title='bbox 703 2791 827 2843; x_wconf 83' lang='lat' dir='ltr'>ratio]</span> <span class='ocrx_word' id='word_1_190' title='bbox 869 2803 999 2831; x_wconf 85' lang='lat' dir='ltr'>«vera</span> <span class='ocrx_word' id='word_1_191' title='bbox 1037 2803 1111 2832; x_wconf 85' lang='lat' dir='ltr'>sa-</span> 
     </span>
     <span class='ocr_line' id='line_1_38' title="bbox 229 2853 1109 2905; baseline -0.002 -11"><span class='ocrx_word' id='word_1_192' title='bbox 229 2855 414 2905; x_wconf 80' lang='lat' dir='ltr'>pientia,</span> <span class='ocrx_word' id='word_1_193' title='bbox 446 2854 648 2893; x_wconf 88' lang='lat' dir='ltr'>medicae</span> <span class='ocrx_word' id='word_1_194' title='bbox 671 2865 857 2894; x_wconf 88' lang='lat' dir='ltr'>munere</span> <span class='ocrx_word' id='word_1_195' title='bbox 881 2853 1109 2904; x_wconf 81' lang='lat' dir='ltr'>fungens.»</span> 
     </span>
    </p>

    <p class='ocr_par' dir='ltr' id='par_1_13' title="bbox 229 2914 1112 3521">
     <span class='ocr_line' id='line_1_39' title="bbox 284 2914 1106 2967; baseline -0.002 -11"><span class='ocrx_word' id='word_1_196' title='bbox 284 2916 430 2956; x_wconf 70' lang='lat'><em>84-87.</em></span> <span class='ocrx_word' id='word_1_197' title='bbox 469 2916 647 2967; x_wconf 79' lang='lat' dir='ltr'>Staberi]</span> <span class='ocrx_word' id='word_1_198' title='bbox 678 2917 741 2955; x_wconf 92' lang='lat' dir='ltr'>De</span> <span class='ocrx_word' id='word_1_199' title='bbox 765 2915 965 2955; x_wconf 88' lang='lat' dir='ltr'>Staberio</span> <span class='ocrx_word' id='word_1_200' title='bbox 988 2914 1106 2964; x_wconf 86' lang='lat' dir='ltr'>nihil,</span> 
     </span>
     <span class='ocr_line' id='line_1_40' title="bbox 231 2976 1111 3028; baseline -0.001 -11"><span class='ocrx_word' id='word_1_201' title='bbox 231 2977 350 3028; x_wconf 86' lang='lat' dir='ltr'>quod</span> <span class='ocrx_word' id='word_1_202' title='bbox 381 2989 467 3016; x_wconf 91' lang='lat' dir='ltr'>non</span> <span class='ocrx_word' id='word_1_203' title='bbox 498 2978 540 3017; x_wconf 94' lang='lat' dir='ltr'>in</span> <span class='ocrx_word' id='word_1_204' title='bbox 561 2978 666 3028; x_wconf 88' lang='lat' dir='ltr'>ipsis</span> <span class='ocrx_word' id='word_1_205' title='bbox 689 2977 851 3016; x_wconf 86' lang='lat' dir='ltr'>Horatii</span> <span class='ocrx_word' id='word_1_206' title='bbox 873 2976 1022 3017; x_wconf 68' lang='lat' dir='ltr'>verbis</span> <span class='ocrx_word' id='word_1_207' title='bbox 1043 2977 1111 3016; x_wconf 90' lang='lat' dir='ltr'>in-</span> 
     </span>
     <span class='ocr_line' id='line_1_41' title="bbox 230 3038 1112 3087; baseline -0.002 -8"><span class='ocrx_word' id='word_1_208' title='bbox 230 3041 300 3087; x_wconf 90' lang='lat' dir='ltr'>sit,</span> <span class='ocrx_word' id='word_1_209' title='bbox 314 3038 581 3079; x_wconf 88' lang='lat' dir='ltr'>Scholiastae</span> <span class='ocrx_word' id='word_1_210' title='bbox 595 3038 723 3078; x_wconf 90' lang='lat' dir='ltr'>nobis</span> <span class='ocrx_word' id='word_1_211' title='bbox 740 3038 930 3078; x_wconf 89' lang='lat' dir='ltr'>tradunt.</span> <span class='ocrx_word' id='word_1_212' title='bbox 942 3062 985 3066; x_wconf 85' lang='lat'>—-</span> <span class='ocrx_word' id='word_1_213' title='bbox 1002 3049 1112 3077; x_wconf 85' lang='lat' dir='ltr'>sum-</span> 
     </span>
     <span class='ocr_line' id='line_1_42' title="bbox 230 3100 1106 3151; baseline -0.001 -11"><span class='ocrx_word' id='word_1_214' title='bbox 230 3111 343 3140; x_wconf 81' lang='lat' dir='ltr'>mam</span> <span class='ocrx_word' id='word_1_215' title='bbox 383 3101 559 3139; x_wconf 76' lang='lat' dir='ltr'>incidere</span> <span class='ocrx_word' id='word_1_216' title='bbox 588 3100 788 3151; x_wconf 79' lang='lat' dir='ltr'>sepulcro]</span> <span class='ocrx_word' id='word_1_217' title='bbox 826 3100 948 3139; x_wconf 87' lang='lat' dir='ltr'>Conf.</span> <span class='ocrx_word' id='word_1_218' title='bbox 976 3112 1013 3138; x_wconf 78' lang='lat' dir='ltr'>v,</span> <span class='ocrx_word' id='word_1_219' title='bbox 1040 3100 1106 3139; x_wconf 90' lang='grc'>90.</span> 
     </span>
     <span class='ocr_line' id='line_1_43' title="bbox 232 3160 1110 3212; baseline -0.001 -12"><span class='ocrx_word' id='word_1_220' title='bbox 232 3163 300 3201; x_wconf 86' lang='lat' dir='ltr'>Sic</span> <span class='ocrx_word' id='word_1_221' title='bbox 332 3162 375 3200; x_wconf 90' lang='lat' dir='ltr'>in</span> <span class='ocrx_word' id='word_1_222' title='bbox 407 3160 611 3212; x_wconf 81' lang='lat' dir='ltr'>sepulcro</span> <span class='ocrx_word' id='word_1_223' title='bbox 634 3160 970 3200; x_wconf 82' lang='lat' dir='ltr'>Trimalchionis</span> <span class='ocrx_word' id='word_1_224' title='bbox 992 3160 1110 3211; x_wconf 89' lang='lat' dir='ltr'>apud</span> 
     </span>
     <span class='ocr_line' id='line_1_44' title="bbox 229 3222 1106 3262; baseline -0.001 0"><span class='ocrx_word' id='word_1_225' title='bbox 229 3225 405 3262; x_wconf 80' lang='lat' dir='ltr'>Petron.</span> <span class='ocrx_word' id='word_1_226' title='bbox 443 3223 519 3261; x_wconf 78' lang='lat'>7¹:</span> <span class='ocrx_word' id='word_1_227' title='bbox 569 3223 645 3262; x_wconf 86' lang='lat' dir='ltr'>EX</span> <span class='ocrx_word' id='word_1_228' title='bbox 686 3223 854 3262; x_wconf 75' lang='lat' dir='ltr'><em>PARVO</em></span> <span class='ocrx_word' id='word_1_229' title='bbox 904 3222 1106 3262; x_wconf 82' lang='lat' dir='ltr'><em>CREVIT.</em></span> 
     </span>
     <span class='ocr_line' id='line_1_45' title="bbox 231 3283 1111 3333; baseline 0 -10"><span class='ocrx_word' id='word_1_230' title='bbox 231 3284 570 3324; x_wconf 85' lang='lat' dir='ltr'><strong><em>SESTERTIVM</em></strong></span> <span class='ocrx_word' id='word_1_231' title='bbox 596 3284 847 3333; x_wconf 73' lang='lat' dir='ltr'><em>RELIQI&#39;IT</em></span> <span class='ocrx_word' id='word_1_232' title='bbox 875 3283 1111 3323; x_wconf 77' lang='lat' dir='ltr'><em>TRECEN—</em></span> 
     </span>
     <span class='ocr_line' id='line_1_46' title="bbox 232 3345 1111 3397; baseline -0.001 -11"><span class='ocrx_word' id='word_1_233' title='bbox 232 3347 362 3386; x_wconf 84' lang='lat' dir='ltr'><em>TIES.</em></span> <span class='ocrx_word' id='word_1_234' title='bbox 391 3369 434 3374; x_wconf 92' lang='lat'>-</span> <span class='ocrx_word' id='word_1_235' title='bbox 458 3346 513 3385; x_wconf 75' lang='lat' dir='ltr'><strong>M</strong></span> <span class='ocrx_word' id='word_1_236' title='bbox 532 3346 589 3385; x_wconf 84' lang='lat' dir='ltr'>sic</span> <span class='ocrx_word' id='word_1_237' title='bbox 616 3346 801 3397; x_wconf 78' lang='lat' dir='ltr'>fecissent</span> <span class='ocrx_word' id='word_1_238' title='bbox 823 3346 926 3394; x_wconf 67' lang='lat' dir='ltr'>cet]</span> <span class='ocrx_word' id='word_1_239' title='bbox 954 3345 1111 3385; x_wconf 90' lang='lat' dir='ltr'>Huius-</span> 
     </span>
     <span class='ocr_line' id='line_1_47' title="bbox 232 3406 1109 3457; baseline 0.001 -11"><span class='ocrx_word' id='word_1_240' title='bbox 232 3407 405 3447; x_wconf 86' lang='lat' dir='ltr'>cemodi</span> <span class='ocrx_word' id='word_1_241' title='bbox 491 3406 730 3447; x_wconf 85' lang='lat' dir='ltr'>multarum</span> <span class='ocrx_word' id='word_1_242' title='bbox 823 3407 1109 3457; x_wconf 79' lang='lat' dir='ltr'>irrogationes</span> 
     </span>
     <span class='ocr_line' id='line_1_48' title="bbox 230 3467 1108 3521; baseline 0 -12"><span class='ocrx_word' id='word_1_243' title='bbox 230 3469 349 3509; x_wconf 87' lang='lat' dir='ltr'>haud</span> <span class='ocrx_word' id='word_1_244' title='bbox 389 3481 489 3509; x_wconf 82' lang='lat' dir='ltr'>raro</span> <span class='ocrx_word' id='word_1_245' title='bbox 534 3471 576 3510; x_wconf 91' lang='lat' dir='ltr'>in</span> <span class='ocrx_word' id='word_1_246' title='bbox 620 3467 928 3521; x_wconf 91' lang='lat' dir='ltr'>sepulcrorum</span> <span class='ocrx_word' id='word_1_247' title='bbox 974 3467 1108 3509; x_wconf 89' lang='lat' dir='ltr'>titulis</span> 
     </span>
    </p>
   </div>
   <div class='ocr_carea' id='block_1_13' title="bbox 1171 1671 2058 3522">
    <p class='ocr_par' dir='ltr' id='par_1_14' title="bbox 1171 1671 2058 3522">
     <span class='ocr_line' id='line_1_49' title="bbox 1172 1671 2054 1722; baseline 0.003 -12"><span class='ocrx_word' id='word_1_248' title='bbox 1172 1671 1458 1722; x_wconf 89' lang='lat' dir='ltr'>reperiuntur</span> <span class='ocrx_word' id='word_1_249' title='bbox 1488 1672 1555 1712; x_wconf 91' lang='lat' dir='ltr'>his</span> <span class='ocrx_word' id='word_1_250' title='bbox 1578 1673 1622 1712; x_wconf 92' lang='lat' dir='ltr'>et</span> <span class='ocrx_word' id='word_1_251' title='bbox 1642 1671 1859 1713; x_wconf 87' lang='lat' dir='ltr'>similibus</span> <span class='ocrx_word' id='word_1_252' title='bbox 1889 1672 2054 1713; x_wconf 75' lang='lat' dir='ltr'>formu-</span> 
     </span>
     <span class='ocr_line' id='line_1_50' title="bbox 1171 1733 2052 1785; baseline 0.002 -12"><span class='ocrx_word' id='word_1_253' title='bbox 1171 1733 1223 1773; x_wconf 92' lang='lat' dir='ltr'>lis</span> <span class='ocrx_word' id='word_1_254' title='bbox 1255 1736 1527 1785; x_wconf 87' lang='lat' dir='ltr'>coneeptae:</span> <span class='ocrx_word' id='word_1_255' title='bbox 1576 1735 1630 1773; x_wconf 89' lang='lat' dir='ltr'>SI</span> <span class='ocrx_word' id='word_1_256' title='bbox 1667 1735 1788 1784; x_wconf 76' lang='lat' dir='ltr'><em>QVIS</em></span> <span class='ocrx_word' id='word_1_257' title='bbox 1824 1735 1933 1775; x_wconf 88' lang='lat' dir='ltr'>HOC</span> <span class='ocrx_word' id='word_1_258' title='bbox 1960 1735 2052 1775; x_wconf 88' lang='lat' dir='ltr'>SE-</span> 
     </span>
     <span class='ocr_line' id='line_1_51' title="bbox 1171 1797 2057 1839; baseline 0.003 -3"><span class='ocrx_word' id='word_1_259' title='bbox 1171 1797 1334 1838; x_wconf 78' lang='lat' dir='ltr'><em>PVLCR</em></span> <span class='ocrx_word' id='word_1_260' title='bbox 1346 1798 1422 1838; x_wconf 75' lang='lat' dir='ltr'>VM</span> <span class='ocrx_word' id='word_1_261' title='bbox 1488 1799 1587 1837; x_wconf 89' lang='lat' dir='ltr'>VEL</span> <span class='ocrx_word' id='word_1_262' title='bbox 1659 1798 2057 1839; x_wconf 84' lang='lat' dir='ltr'><em>MONUMENTVM</em></span> 
     </span>
     <span class='ocr_line' id='line_1_52' title="bbox 1174 1859 2055 1901; baseline 0.002 -2"><span class='ocrx_word' id='word_1_263' title='bbox 1174 1860 1287 1899; x_wconf 77' lang='lat' dir='ltr'>CVM</span> <span class='ocrx_word' id='word_1_264' title='bbox 1313 1859 1584 1900; x_wconf 86' lang='lat' dir='ltr'><em>AEDIFICIO</em></span> <span class='ocrx_word' id='word_1_265' title='bbox 1619 1861 1882 1901; x_wconf 82' lang='lat' dir='ltr'><em>VNIVERSO</em></span> <span class='ocrx_word' id='word_1_266' title='bbox 1922 1862 2055 1901; x_wconf 89' lang='lat' dir='ltr'><strong><em>VEN—</em></strong></span> 
     </span>
     <span class='ocr_line' id='line_1_53' title="bbox 1172 1922 2058 1963; baseline 0.003 -3"><span class='ocrx_word' id='word_1_267' title='bbox 1172 1923 1322 1961; x_wconf 81' lang='lat' dir='ltr'><strong><em>DERE</em></strong></span> <span class='ocrx_word' id='word_1_268' title='bbox 1374 1923 1471 1961; x_wconf 85' lang='lat' dir='ltr'>VEL</span> <span class='ocrx_word' id='word_1_269' title='bbox 1526 1922 1750 1962; x_wconf 84' lang='lat' dir='ltr'><strong><em>DONARE</em></strong></span> <span class='ocrx_word' id='word_1_270' title='bbox 1796 1923 2058 1963; x_wconf 85' lang='lat' dir='ltr'><em>VOLVERIT</em></span> 
     </span>
     <span class='ocr_line' id='line_1_54' title="bbox 1171 1984 2054 2025; baseline 0.002 -2"><span class='ocrx_word' id='word_1_271' title='bbox 1171 1984 1319 2023; x_wconf 84' lang='lat' dir='ltr'><em>DARE</em></span> <span class='ocrx_word' id='word_1_272' title='bbox 1365 1984 1593 2024; x_wconf 82' lang='lat' dir='ltr'><strong><em>DAMNAS</em></strong></span> <span class='ocrx_word' id='word_1_273' title='bbox 1642 1985 1777 2024; x_wconf 87' lang='lat' dir='ltr'><strong><em>ESTO</em></strong></span> <span class='ocrx_word' id='word_1_274' title='bbox 1822 1985 2054 2025; x_wconf 84' lang='lat' dir='ltr'><em>AERARIO</em></span> 
     </span>
     <span class='ocr_line' id='line_1_55' title="bbox 1171 2046 2056 2088; baseline 0.002 -2"><span class='ocrx_word' id='word_1_275' title='bbox 1171 2046 1359 2086; x_wconf 88' lang='lat' dir='ltr'><em>POPVLI</em></span> <span class='ocrx_word' id='word_1_276' title='bbox 1376 2046 1590 2085; x_wconf 85' lang='lat' dir='ltr'><em>ROMANI</em></span> <span class='ocrx_word' id='word_1_277' title='bbox 1604 2047 1684 2086; x_wconf 87' lang='lat' dir='ltr'>HS.</span> <span class='ocrx_word' id='word_1_278' title='bbox 1705 2049 1750 2086; x_wconf 96' lang='lat' dir='ltr'>L.</span> <span class='ocrx_word' id='word_1_279' title='bbox 1771 2049 1829 2088; x_wconf 88' lang='lat' dir='ltr'>M.</span> <span class='ocrx_word' id='word_1_280' title='bbox 1847 2049 1899 2087; x_wconf 92' lang='lat' dir='ltr'>N.</span> <span class='ocrx_word' id='word_1_281' title='bbox 1920 2048 2056 2088; x_wconf 90' lang='lat' dir='ltr'><em>ITEM</em></span> 
     </span>
     <span class='ocr_line' id='line_1_56' title="bbox 1176 2107 2051 2160; baseline 0 -12"><span class='ocrx_word' id='word_1_282' title='bbox 1176 2110 1220 2148; x_wconf 76' lang='lat' dir='ltr'>V.</span> <span class='ocrx_word' id='word_1_283' title='bbox 1242 2110 1283 2147; x_wconf 87' lang='lat' dir='ltr'>V.</span> <span class='ocrx_word' id='word_1_284' title='bbox 1301 2107 1558 2159; x_wconf 58' lang='lat' dir='ltr'>(Virginibus</span> <span class='ocrx_word' id='word_1_285' title='bbox 1577 2108 1817 2160; x_wconf 77' lang='lat' dir='ltr'>Vestalibus)</span> <span class='ocrx_word' id='word_1_286' title='bbox 1832 2109 1913 2148; x_wconf 88' lang='lat' dir='ltr'>HS.</span> <span class='ocrx_word' id='word_1_287' title='bbox 1931 2110 1976 2149; x_wconf 94' lang='lat' dir='ltr'>L.</span> <span class='ocrx_word' id='word_1_288' title='bbox 1993 2111 2051 2150; x_wconf 92' lang='lat' dir='ltr'>M.</span> 
     </span>
     <span class='ocr_line' id='line_1_57' title="bbox 1173 2170 2052 2222; baseline 0 -12"><span class='ocrx_word' id='word_1_289' title='bbox 1173 2172 1225 2210; x_wconf 89' lang='lat' dir='ltr'>N.</span> <span class='ocrx_word' id='word_1_290' title='bbox 1257 2170 1489 2221; x_wconf 84' lang='lat' dir='ltr'>(Inscriptt.</span> <span class='ocrx_word' id='word_1_291' title='bbox 1514 2181 1573 2209; x_wconf 91' lang='lat' dir='ltr'>m.</span> <span class='ocrx_word' id='word_1_292' title='bbox 1604 2171 1695 2209; x_wconf 85' lang='lat' dir='ltr'>Lat.</span> <span class='ocrx_word' id='word_1_293' title='bbox 1727 2171 1773 2210; x_wconf 93' lang='lat' dir='ltr'>T.</span> <span class='ocrx_word' id='word_1_294' title='bbox 1797 2172 1846 2210; x_wconf 86' lang='lat'>11.</span> <span class='ocrx_word' id='word_1_295' title='bbox 1868 2181 1911 2222; x_wconf 91' lang='lat' dir='ltr'>p.</span> <span class='ocrx_word' id='word_1_296' title='bbox 1940 2170 2052 2221; x_wconf 74' lang='lat'><em>290.)</em></span> 
     </span>
     <span class='ocr_line' id='line_1_58' title="bbox 1175 2231 2055 2285; baseline 0.001 -14"><span class='ocrx_word' id='word_1_297' title='bbox 1175 2231 1348 2281; x_wconf 89' lang='lat' dir='ltr'>Quintil.</span> <span class='ocrx_word' id='word_1_298' title='bbox 1375 2232 1419 2281; x_wconf 80' lang='lat'>7,</span> <span class='ocrx_word' id='word_1_299' title='bbox 1453 2232 1498 2279; x_wconf 83' lang='lat'>9,</span> <span class='ocrx_word' id='word_1_300' title='bbox 1533 2232 1576 2271; x_wconf 87' lang='lat'>9:</span> <span class='ocrx_word' id='word_1_301' title='bbox 1617 2233 1745 2272; x_wconf 88' lang='lat' dir='ltr'>Heres</span> <span class='ocrx_word' id='word_1_302' title='bbox 1771 2244 1886 2272; x_wconf 84' lang='lat' dir='ltr'>meus</span> <span class='ocrx_word' id='word_1_303' title='bbox 1916 2233 2055 2285; x_wconf 85' lang='lat' dir='ltr'>(uxori</span> 
     </span>
     <span class='ocr_line' id='line_1_59' title="bbox 1176 2294 2054 2346; baseline 0.001 -13"><span class='ocrx_word' id='word_1_304' title='bbox 1176 2294 1316 2343; x_wconf 85' lang='lat' dir='ltr'>meae)</span> <span class='ocrx_word' id='word_1_305' title='bbox 1340 2295 1442 2333; x_wconf 81' lang='lat' dir='ltr'>clare</span> <span class='ocrx_word' id='word_1_306' title='bbox 1462 2295 1641 2333; x_wconf 80' lang='lat' dir='ltr'>damnas</span> <span class='ocrx_word' id='word_1_307' title='bbox 1661 2299 1756 2334; x_wconf 80' lang='lat' dir='ltr'>esto.</span> <span class='ocrx_word' id='word_1_308' title='bbox 1803 2295 1913 2335; x_wconf 91' lang='lat' dir='ltr'>Hinc</span> <span class='ocrx_word' id='word_1_309' title='bbox 1934 2294 2054 2346; x_wconf 86' lang='lat' dir='ltr'>apud</span> 
     </span>
     <span class='ocr_line' id='line_1_60' title="bbox 1176 2356 2054 2408; baseline 0.001 -12"><span class='ocrx_word' id='word_1_310' title='bbox 1176 2357 1403 2396; x_wconf 83' lang='lat' dir='ltr'>Horatium</span> <span class='ocrx_word' id='word_1_311' title='bbox 1426 2356 1635 2405; x_wconf 77' lang='lat' dir='ltr'>damnati,</span> <span class='ocrx_word' id='word_1_312' title='bbox 1670 2356 1860 2408; x_wconf 82' lang='lat' dir='ltr'>obligati.</span> <span class='ocrx_word' id='word_1_313' title='bbox 1888 2380 1932 2385; x_wconf 87' lang='lat'><em>-</em></span> <span class='ocrx_word' id='word_1_314' title='bbox 1956 2368 2054 2397; x_wconf 87' lang='lat' dir='ltr'>cen-</span> 
     </span>
     <span class='ocr_line' id='line_1_61' title="bbox 1175 2418 2054 2470; baseline 0.002 -13"><span class='ocrx_word' id='word_1_315' title='bbox 1175 2424 1304 2458; x_wconf 79' lang='lat' dir='ltr'>tum-</span> <span class='ocrx_word' id='word_1_316' title='bbox 1331 2440 1353 2446; x_wconf 96' lang='lat'><em>—</em></span> <span class='ocrx_word' id='word_1_317' title='bbox 1375 2418 1529 2470; x_wconf 78' lang='lat' dir='ltr'>paria]</span> <span class='ocrx_word' id='word_1_318' title='bbox 1578 2419 1653 2470; x_wconf 89' lang='lat' dir='ltr'>qui</span> <span class='ocrx_word' id='word_1_319' title='bbox 1697 2421 1793 2459; x_wconf 88' lang='lat' dir='ltr'>erat</span> <span class='ocrx_word' id='word_1_320' title='bbox 1841 2430 2054 2460; x_wconf 88' lang='lat' dir='ltr'>numerus</span> 
     </span>
     <span class='ocr_line' id='line_1_62' title="bbox 1176 2480 2052 2533; baseline 0 -13"><span class='ocrx_word' id='word_1_321' title='bbox 1176 2481 1396 2520; x_wconf 88' lang='lat' dir='ltr'>immanis.</span> <span class='ocrx_word' id='word_1_322' title='bbox 1435 2504 1478 2508; x_wconf 90' lang='lat'>—</span> <span class='ocrx_word' id='word_1_323' title='bbox 1521 2481 1687 2530; x_wconf 75' lang='lat' dir='ltr'>epulum</span> <span class='ocrx_word' id='word_1_324' title='bbox 1725 2481 1902 2521; x_wconf 81' lang='lat' dir='ltr'>arbitrio</span> <span class='ocrx_word' id='word_1_325' title='bbox 1939 2480 2052 2533; x_wconf 81' lang='lat' dir='ltr'>Arri]</span> 
     </span>
     <span class='ocr_line' id='line_1_63' title="bbox 1175 2542 2054 2595; baseline 0.001 -14"><span class='ocrx_word' id='word_1_326' title='bbox 1175 2542 1337 2595; x_wconf 92' lang='lat' dir='ltr'>populo</span> <span class='ocrx_word' id='word_1_327' title='bbox 1369 2542 1582 2583; x_wconf 87' lang='lat' dir='ltr'>dandum.</span> <span class='ocrx_word' id='word_1_328' title='bbox 1645 2544 1693 2591; x_wconf 88' lang='lat' dir='ltr'>Q.</span> <span class='ocrx_word' id='word_1_329' title='bbox 1719 2544 1890 2592; x_wconf 84' lang='lat' dir='ltr'>Arrius,</span> <span class='ocrx_word' id='word_1_330' title='bbox 1925 2544 2054 2583; x_wconf 89' lang='lat' dir='ltr'>Cice—</span> 
     </span>
     <span class='ocr_line' id='line_1_64' title="bbox 1175 2603 2054 2653; baseline 0.001 -9"><span class='ocrx_word' id='word_1_331' title='bbox 1175 2605 1295 2644; x_wconf 92' lang='lat' dir='ltr'>ronis</span> <span class='ocrx_word' id='word_1_332' title='bbox 1345 2603 1590 2653; x_wconf 89' lang='lat' dir='ltr'>familiaris,</span> <span class='ocrx_word' id='word_1_333' title='bbox 1650 2603 2054 2645; x_wconf 87' lang='lat' dir='ltr'>celebratissimum</span> 
     </span>
     <span class='ocr_line' id='line_1_65' title="bbox 1176 2665 2052 2718; baseline 0.001 -12"><span class='ocrx_word' id='word_1_334' title='bbox 1176 2665 1355 2717; x_wconf 91' lang='lat' dir='ltr'>epulum</span> <span class='ocrx_word' id='word_1_335' title='bbox 1387 2665 1572 2705; x_wconf 85' lang='lat' dir='ltr'>funebre</span> <span class='ocrx_word' id='word_1_336' title='bbox 1594 2667 1637 2706; x_wconf 92' lang='lat' dir='ltr'>in</span> <span class='ocrx_word' id='word_1_337' title='bbox 1668 2667 1884 2706; x_wconf 90' lang='lat' dir='ltr'>honorem</span> <span class='ocrx_word' id='word_1_338' title='bbox 1914 2668 2052 2718; x_wconf 89' lang='lat' dir='ltr'>patris</span> 
     </span>
     <span class='ocr_line' id='line_1_66' title="bbox 1174 2727 2053 2779; baseline 0.003 -13"><span class='ocrx_word' id='word_1_339' title='bbox 1174 2727 1336 2779; x_wconf 91' lang='lat' dir='ltr'>populo</span> <span class='ocrx_word' id='word_1_340' title='bbox 1374 2727 1495 2766; x_wconf 88' lang='lat' dir='ltr'>dedit</span> <span class='ocrx_word' id='word_1_341' title='bbox 1534 2728 1646 2767; x_wconf 87' lang='lat' dir='ltr'>circa</span> <span class='ocrx_word' id='word_1_342' title='bbox 1679 2739 1717 2767; x_wconf 93' lang='lat' dir='ltr'>a.</span> <span class='ocrx_word' id='word_1_343' title='bbox 1757 2729 1850 2768; x_wconf 82' lang='lat'>695.</span> <span class='ocrx_word' id='word_1_344' title='bbox 1886 2730 1974 2769; x_wconf 90' lang='lat' dir='ltr'>Cic.</span> <span class='ocrx_word' id='word_1_345' title='bbox 2010 2730 2053 2769; x_wconf 91' lang='lat' dir='ltr'>in</span> 
     </span>
     <span class='ocr_line' id='line_1_67' title="bbox 1173 2789 2054 2842; baseline 0.002 -13"><span class='ocrx_word' id='word_1_346' title='bbox 1173 2790 1315 2829; x_wconf 79' lang='lat' dir='ltr'>Vatin.</span> <span class='ocrx_word' id='word_1_347' title='bbox 1351 2790 1400 2828; x_wconf 69' lang='lat'>112</span> <span class='ocrx_word' id='word_1_348' title='bbox 1431 2800 1517 2839; x_wconf 88' lang='lat' dir='ltr'>sq.;</span> <span class='ocrx_word' id='word_1_349' title='bbox 1551 2790 1674 2828; x_wconf 91' lang='lat' dir='ltr'>cuius</span> <span class='ocrx_word' id='word_1_350' title='bbox 1704 2789 1778 2829; x_wconf 86' lang='lat' dir='ltr'>filii</span> <span class='ocrx_word' id='word_1_351' title='bbox 1808 2792 1856 2829; x_wconf 90' lang='lat' dir='ltr'>ut</span> <span class='ocrx_word' id='word_1_352' title='bbox 1882 2791 2054 2842; x_wconf 80' lang='lat' dir='ltr'>prodigi</span> 
     </span>
     <span class='ocr_line' id='line_1_68' title="bbox 1175 2850 2054 2902; baseline 0.005 -12"><span class='ocrx_word' id='word_1_353' title='bbox 1175 2852 1416 2902; x_wconf 86' lang='lat' dir='ltr'>carpuntur</span> <span class='ocrx_word' id='word_1_354' title='bbox 1445 2862 1485 2889; x_wconf 89' lang='lat' dir='ltr'>v.</span> <span class='ocrx_word' id='word_1_355' title='bbox 1510 2850 1603 2890; x_wconf 67' lang='lat'>243.</span> <span class='ocrx_word' id='word_1_356' title='bbox 1657 2850 1978 2893; x_wconf 89' lang='lat' dir='ltr'>Gladiatoribus</span> <span class='ocrx_word' id='word_1_357' title='bbox 2009 2856 2054 2894; x_wconf 91' lang='lat' dir='ltr'>et</span> 
     </span>
     <span class='ocr_line' id='line_1_69' title="bbox 1175 2911 2054 2964; baseline 0.002 -11"><span class='ocrx_word' id='word_1_358' title='bbox 1175 2911 1305 2964; x_wconf 90' lang='lat' dir='ltr'>epulo</span> <span class='ocrx_word' id='word_1_359' title='bbox 1328 2911 1545 2952; x_wconf 88' lang='lat' dir='ltr'>accedere</span> <span class='ocrx_word' id='word_1_360' title='bbox 1568 2912 1765 2953; x_wconf 87' lang='lat' dir='ltr'>debebat</span> <span class='ocrx_word' id='word_1_361' title='bbox 1796 2915 1930 2954; x_wconf 88' lang='lat' dir='ltr'>etiam</span> <span class='ocrx_word' id='word_1_362' title='bbox 1960 2914 2054 2955; x_wconf 87' lang='lat' dir='ltr'>fru-</span> 
     </span>
     <span class='ocr_line' id='line_1_70' title="bbox 1174 2975 2053 3018; baseline 0.005 -5"><span class='ocrx_word' id='word_1_363' title='bbox 1174 2975 1627 3015; x_wconf 87' lang='lat' dir='ltr'>mentatioirnmensa.</span> <span class='ocrx_word' id='word_1_364' title='bbox 1650 2975 1712 3016; x_wconf 84' lang='lat' dir='ltr'>Cf.</span> <span class='ocrx_word' id='word_1_365' title='bbox 1730 2976 2053 3018; x_wconf 88' lang='lat' dir='ltr'>BeckerGallus</span> 
     </span>
     <span class='ocr_line' id='line_1_71' title="bbox 1174 3036 2051 3090; baseline 0.003 -15"><span class='ocrx_word' id='word_1_366' title='bbox 1174 3038 1241 3075; x_wconf 87' lang='lat'>111.</span> <span class='ocrx_word' id='word_1_367' title='bbox 1257 3047 1300 3087; x_wconf 91' lang='lat' dir='ltr'>p.</span> <span class='ocrx_word' id='word_1_368' title='bbox 1314 3036 1393 3076; x_wconf 71' lang='lat'>297</span> <span class='ocrx_word' id='word_1_369' title='bbox 1405 3047 1470 3088; x_wconf 87' lang='lat' dir='ltr'>sq.</span> <span class='ocrx_word' id='word_1_370' title='bbox 1488 3060 1530 3064; x_wconf 92' lang='lat'><strong>—</strong></span> <span class='ocrx_word' id='word_1_371' title='bbox 1546 3042 1749 3086; x_wconf 79' lang='lat' dir='ltr'>quantum</span> <span class='ocrx_word' id='word_1_372' title='bbox 1766 3039 1881 3078; x_wconf 81' lang='lat' dir='ltr'>metit</span> <span class='ocrx_word' id='word_1_373' title='bbox 1892 3038 2051 3090; x_wconf 79' lang='lat' dir='ltr'>Africa]</span> 
     </span>
     <span class='ocr_line' id='line_1_72' title="bbox 1175 3099 2049 3151; baseline 0.003 -14"><span class='ocrx_word' id='word_1_374' title='bbox 1175 3099 1248 3138; x_wconf 90' lang='lat' dir='ltr'>Est</span> <span class='ocrx_word' id='word_1_375' title='bbox 1278 3099 1401 3149; x_wconf 82' lang='lat' dir='ltr'>quasi</span> <span class='ocrx_word' id='word_1_376' title='bbox 1431 3099 1735 3150; x_wconf 76' lang='lat' dir='ltr'>proverbium.</span> <span class='ocrx_word' id='word_1_377' title='bbox 1779 3100 2049 3151; x_wconf 75' lang='lat' dir='ltr'>Od.i,i,ioz</span> 
     </span>
     <span class='ocr_line' id='line_1_73' title="bbox 1174 3161 1995 3212; baseline 0.004 -13"><span class='ocrx_word' id='word_1_378' title='bbox 1174 3161 1381 3211; x_wconf 74' lang='lat' dir='ltr'>Quidquid</span> <span class='ocrx_word' id='word_1_379' title='bbox 1409 3162 1456 3201; x_wconf 81' lang='lat' dir='ltr'>de</span> <span class='ocrx_word' id='word_1_380' title='bbox 1475 3161 1636 3212; x_wconf 76' lang='lat' dir='ltr'>Libycis</span> <span class='ocrx_word' id='word_1_381' title='bbox 1656 3164 1843 3203; x_wconf 82' lang='lat' dir='ltr'>verritur</span> <span class='ocrx_word' id='word_1_382' title='bbox 1869 3163 1995 3204; x_wconf 81' lang='lat' dir='ltr'>areis.</span> 
     </span>
     <span class='ocr_line' id='line_1_74' title="bbox 1229 3222 2054 3276; baseline 0.002 -14"><span class='ocrx_word' id='word_1_383' title='bbox 1229 3222 1366 3262; x_wconf 76' lang='lat'><em>87-94.</em></span> <span class='ocrx_word' id='word_1_384' title='bbox 1400 3224 1494 3262; x_wconf 81' lang='lat' dir='ltr'>Sive</span> <span class='ocrx_word' id='word_1_385' title='bbox 1508 3246 1525 3252; x_wconf 95' lang='lat'>-</span> <span class='ocrx_word' id='word_1_386' title='bbox 1541 3246 1559 3252; x_wconf 98' lang='lat'><em>-</em></span> <span class='ocrx_word' id='word_1_387' title='bbox 1575 3225 1688 3276; x_wconf 83' lang='lat' dir='ltr'>mihi]</span> <span class='ocrx_word' id='word_1_388' title='bbox 1711 3225 1830 3264; x_wconf 88' lang='lat' dir='ltr'>Haec</span> <span class='ocrx_word' id='word_1_389' title='bbox 1850 3235 1874 3264; x_wconf 89' lang='lat' dir='ltr'>a</span> <span class='ocrx_word' id='word_1_390' title='bbox 1895 3223 2054 3264; x_wconf 85' lang='lat' dir='ltr'>Stabe-</span> 
     </span>
     <span class='ocr_line' id='line_1_75' title="bbox 1173 3284 2052 3338; baseline 0.002 -15"><span class='ocrx_word' id='word_1_391' title='bbox 1173 3284 1236 3324; x_wconf 91' lang='lat' dir='ltr'>rio</span> <span class='ocrx_word' id='word_1_392' title='bbox 1255 3284 1339 3324; x_wconf 90' lang='lat' dir='ltr'>dici</span> <span class='ocrx_word' id='word_1_393' title='bbox 1360 3286 1556 3336; x_wconf 89' lang='lat' dir='ltr'>potuisse</span> <span class='ocrx_word' id='word_1_394' title='bbox 1579 3285 1701 3338; x_wconf 82' lang='lat' dir='ltr'>fingit</span> <span class='ocrx_word' id='word_1_395' title='bbox 1719 3285 1962 3326; x_wconf 85' lang='lat' dir='ltr'>heredibus</span> <span class='ocrx_word' id='word_1_396' title='bbox 1979 3284 2052 3326; x_wconf 89' lang='lat' dir='ltr'>tali</span> 
     </span>
     <span class='ocr_line' id='line_1_76' title="bbox 1173 3347 2048 3388; baseline 0.001 -3"><span class='ocrx_word' id='word_1_397' title='bbox 1173 3348 1438 3387; x_wconf 89' lang='lat' dir='ltr'>testamento</span> <span class='ocrx_word' id='word_1_398' title='bbox 1482 3347 1601 3388; x_wconf 87' lang='lat' dir='ltr'>haud</span> <span class='ocrx_word' id='word_1_399' title='bbox 1640 3348 1770 3388; x_wconf 92' lang='lat' dir='ltr'>nimis</span> <span class='ocrx_word' id='word_1_400' title='bbox 1811 3348 2048 3388; x_wconf 86' lang='lat' dir='ltr'>contentis:</span> 
     </span>
     <span class='ocr_line' id='line_1_77' title="bbox 1176 3407 2050 3459; baseline 0.003 -12"><span class='ocrx_word' id='word_1_401' title='bbox 1176 3409 1269 3448; x_wconf 86' lang='lat' dir='ltr'>«Sic</span> <span class='ocrx_word' id='word_1_402' title='bbox 1290 3407 1413 3458; x_wconf 80' lang='lat' dir='ltr'>volo,</span> <span class='ocrx_word' id='word_1_403' title='bbox 1447 3410 1510 3450; x_wconf 91' lang='lat' dir='ltr'>sic</span> <span class='ocrx_word' id='word_1_404' title='bbox 1531 3409 1690 3458; x_wconf 85' lang='lat' dir='ltr'>iubeo;</span> <span class='ocrx_word' id='word_1_405' title='bbox 1722 3419 1818 3459; x_wconf 84' lang='lat' dir='ltr'>VOS,</span> <span class='ocrx_word' id='word_1_406' title='bbox 1841 3409 2050 3459; x_wconf 88' lang='lat' dir='ltr'>heredes,</span> 
     </span>
     <span class='ocr_line' id='line_1_78' title="bbox 1174 3468 2052 3522; baseline 0.003 -14"><span class='ocrx_word' id='word_1_407' title='bbox 1174 3468 1305 3509; x_wconf 88' lang='lat' dir='ltr'>nolite</span> <span class='ocrx_word' id='word_1_408' title='bbox 1338 3480 1408 3510; x_wconf 91' lang='lat' dir='ltr'>me</span> <span class='ocrx_word' id='word_1_409' title='bbox 1438 3470 1770 3522; x_wconf 86' lang='lat' dir='ltr'>reprehendere</span> <span class='ocrx_word' id='word_1_410' title='bbox 1793 3472 1867 3510; x_wconf 87' lang='lat' dir='ltr'>aut</span> <span class='ocrx_word' id='word_1_411' title='bbox 1898 3470 2052 3511; x_wconf 87' lang='lat' dir='ltr'>obiur-</span> 
     </span>
    </p>
   </div>
  </div>
 </body>
</html>
