2231 3787
737 277 832 315 [ΑΒ.
869 279 896 314 1.
959 277 1120 315 lil’ls'r.
1158 276 1300 315 xviii.
1848 273 1939 324 {iol

193 407 399 461 Proelia
441 408 707 460 sustineas
747 407 1095 478 campesti·ia;
1138 439 1206 444 —
1246 407 1481 477 «lenique
1523 424 1737 459 saevam

192 510 425 562 Militiam
467 529 601 581 puer
639 520 691 564 et
731 510 1047 563 Cantilln‘ica
1087 509 1227 563 bella
1267 508 1431 562 tulisti
1883 510 1948 558 -''›.''›

194 611 304 664 Sub
345 612 509 670 duce,
551 614 641 683 qui
684 612 894 684 templis
935 611 1251 665 Parthorum
1292 612 1443 682 signa
1484 612 1655 681 religit

194 716 342 768 Nunc
382 724 454 776 et,
498 715 541 767 si
582 714 711 785 quid
750 714 925 768 abest.
975 714 1112 766 italis
1153 713 1425 768 adiudicat
1464 714 1642 767 arinis

194 819 288 878 Ac,
329 849 399 855 —
438 834 504 869 ne
547 825 596 869 te
636 816 878 870 retrahas
919 826 970 869 et
1011 815 1392 870 inexcusabilis
1432 815 1577 869 absis
1616 848 1707 869 —.

194 918 450 982 Quamvis
491 917 561 969 nil
603 927 752 971 extra
791 935 1075 971 numerum
1115 918 1306 972 secisse
1349 918 1678 989 modumque

194 1019 387 1073 Curas:
431 1019 700 1073 interdum
740 1021 958 1090 nugaris
998 1038 1123 1072 rure
1166 1028 1422 1090 paterno;
1882 1023 1949 1073 ‹30

233 1186 299 1226 56.
331 1186 472 1238 refioeit
503 1188 565 1226 Lt.
604 1187 667 1236 (Ut
697 1196 792 1231 nos,
827 1184 1025 1236 bSEcdp,
1059 1186 1172 1237 γζκ.)
1210 1208 1253 1212 -
1287 1185 1353 1223 57.
1388 1186 1503 1223 ari-ts
1534 1184 1724 1224 malebat
1762 1188 1896 1226 Bent-

177 1249 303 1289 leius.
345 1272 388 1277 —
423 1250 489 1290 58.
523 1249 655 1289 abstes
688 1250 840 1288 contra
877 1259 1049 1296 omnes,
1083 1249 1216 1287 etiam
1258 1248 1450 1287 Potlierii
1482 1259 1722 1299 meosque,
1760 1247 1895 1288 libros

176 1311 414 1353 Bentleius.

123 1456 247 1495 Turs.
273 1456 322 1494 II.
346 1465 389 1506 p.
414 1454 507 1495 477.
533 1477 577 1483 —
608 1456 679 1505 qut
709 1455 870 1505 templis
900 1454 1003 1505 cet.]

124 1518 210 1558 Cfr.
243 1517 321 1557 Od.
352 1517 391 1567 4,
424 1518 490 1567 45,
521 1518 567 1557 6:
617 1519 670 1557 Et
704 1519 826 1569 sigma
865 1521 1006 1557 nostro

124 1580 301 1619 restituit
328 1580 416 1619 Iovi
447 1581 631 1630 Derepta·
660 1581 911 1619 Parthorum
941 1591 1008 1619 su—

116 1642 257 1692 perbis
271 1642 468 1682 Postibus.
485 1665 530 1671 -
550 1643 686 1694 refiyil
701 1642 836 1694 Nune]
856 1644 1007 1681 «Nunc

122 1706 270 1757 ipsum
302 1705 353 1755 (a.
376 1717 420 1744 u.
452 1717 489 1745 c.
513 1705 624 1755 734..)
670 1706 894 1756 Augustus
927 1716 1008 1744 au-

1126 1453 1273 1493 58-66.
1320 1453 1390 1505 Ac]
1438 1453 1568 1503 iunge
1608 1463 1711 1492 cum
1749 1465 1786 1492 v.
1823 1455 1954 1493 inter-

1071 1517 1182 1555 dum.
1231 1516 1311 1555 Vv.
1342 1526 1392 1555 ne
1422 1519 1459 1555 te
1488 1537 1548 1544 -—
1579 1515 1688 1555 absis
1718 1517 1760 1555 in
1790 1527 1955 1567 parem

1072 1578 1185 1618 thesi
1224 1578 1369 1628 posita
1410 1580 1527 1617 sunt.
1590 1579 1770 1628 «Cogita
1803 1579 1951 1622 modo,

1072 1651 1208 1692 quam
1238 1651 1375 1691 prave
1408 1651 1589 1690 ageres,
1623 1641 1658 1680 si
1686 1642 1727 1679 te
1750 1641 1955 1680 retrahe-

1070 1715 1144 1743 res
1175 1714 1198 1742 a
1229 1704 1346 1752 regis
1379 1704 1439 1743 tui
1470 1702 1649 1751 studiis,
1700 1702 1777 1742 ubi
1808 1704 1850 1743 te
1882 1714 1956 1743 se—

124 1768 324 1808 ctoritate
356 1779 434 1807 sua
468 1769 511 1807 et
533 1769 730 1819 potentia
751 1768 795 1807 id
816 1767 1004 1819 perficit,
1072 1777 1176 1806 cum
1219 1768 1431 1805 venatum
1466 1768 1618 1807 vocat:
1668 1777 1955 1816 nequaquam

122 1832 171 1870 ut
199 1830 441 1881 refigantur
470 1841 491 1869 a
531 1831 799 1870 Parthorum
830 1829 1007 1882 templis
1073 1829 1190 1869 enim
1219 1829 1417 1868 caussari
1448 1829 1639 1879 poteris,
1674 1830 1715 1868 te
1739 1827 1956 1868 similibus

123 1904 246 1933 arma
266 1894 479 1944 signaque
499 1893 658 1933 Crasso
677 1892 782 1932 olim
799 1892 1007 1944 adempta
1073 1890 1463 1932 exercitationibus
1495 1902 1726 1942 nunquam
1751 1902 1954 1939 vacasse,

126 1957 169 1995 et
189 1967 213 1994 a
234 1955 422 1995 Phraate
444 1956 738 1995 restituantur
754 1956 1006 1994 Romanis.»
1072 1954 1339 2006 praesertim
1357 1964 1460 1993 cum
1481 1954 1571 1992 ruri
1589 1964 1691 1992 cum
1712 1953 1798 1993 tuis
1821 1964 1957 2005 saepe

125 2018 211 2058 Cfr.
242 2017 298 2056 ad
328 2018 438 2068 Epp.
475 2019 513 2065 4,
548 2018 614 2065 42,
647 2018 714 2057 (27.
757 2038 801 2045 —-
845 2017 880 2056 si
910 2018 1010 2066 quid
1070 2016 1226 2064 ludas;
1260 2016 1305 2056 id
1337 2015 1458 2067 quod
1488 2017 1638 2056 tamen
1670 2016 1853 2055 minime
1886 2027 1959 2055 re-

125 2079 250 2129 abest]
298 2080 368 2119 «si
413 2090 527 2129 quae
573 2080 694 2130 regio
731 2078 1010 2130 longinquior
1071 2079 1326 2131 prehendo,
1362 2079 1488 2129 quia,
1521 2080 1571 2117 ut
1601 2079 1844 2128 ingenuum
1875 2078 1959 2117 de-

125 2140 325 2182 nondum
355 2141 557 2181 subiecta
589 2143 681 2190 est,
726 2151 827 2180 eam
865 2142 910 2180 in
941 2141 1009 2180 di-
1074 2144 1165 2190 cet,
1213 2142 1257 2180 in
1288 2142 1373 2181 hoc
1405 2151 1585 2191 quoque
1617 2140 1749 2189 ludo,
1798 2152 1960 2191 quem-

125 2205 301 2244 cionem
357 2202 509 2255 populi
566 2204 749 2242 Romani
804 2203 1007 2253 redigit.»
1074 2203 1318 2243 admodum
1341 2203 1502 2242 ceteris
1525 2203 1568 2242 in
1588 2202 1747 2252 rebus,
1773 2202 1959 2242 modum

1074 2277 1273 2306 servas.»
1300 2289 1345 2294 —
1370 2265 1492 2317 absis]
1529 2276 1643 2305 «non
1675 2265 1796 2305 adsis
1826 2276 1960 2305 vena-

1073 2329 1180 2368 tioni
1221 2339 1244 2367 a
1285 2329 1467 2379 potente
1500 2328 1644 2366 amico
1676 2328 1956 2378 susceptae„

1074 2391 1350 2431 Coniecturis
1394 2389 1466 2429 vel
1506 2390 1699 2429 maxime
1743 2399 1962 2438 superva-

1073 2453 1223 2493 caneis
1243 2451 1527 2491 adnumerari
1548 2451 1685 2489 dehet
1705 2448 1958 2489 Bentleiana

1073 2516 1225 2563 abstes,
1259 2513 1396 2564 petita
1429 2524 1482 2552 ex
1512 2514 1561 2551 A.
1594 2513 1640 2551 Ρ.
1676 2511 1778 2551 362:
1810 2513 1844 2551 si
1875 2513 1961 2552 lon-

1071 2579 1164 2629 qius
1194 2576 1351 2624 abstes,
1395 2574 1472 2614 ubi
1503 2575 1745 2625 significat:
1789 2576 1861 2614 «Si
1893 2576 1961 2627 pi-

1073 2641 1245 2679 cturam
1292 2649 1345 2677 ex
1398 2637 1496 2677 loco
1540 2636 1672 2688 paulo
1718 2638 1959 2678 remotiore

1074 2700 1446 2752 contemplerism
1471 2711 1583 2748 non,
1620 2701 1694 2739 «Si
1717 2699 1814 2739 loco
1836 2711 1961 2752 pror-

1075 2775 1151 2804 sus
1183 2762 1265 2802 alio
1296 2763 1536 2803 verseris.»
1565 2784 1608 2789 ——
1641 2763 1702 2801 nil
1730 2767 1856 2802 extra
1884 2775 1961 2802 mt-

1071 2825 1247 2876 merum]
1299 2820 1428 2882 παρὰ
1477 2820 1561 2864 τὸν
1611 2819 1804 2881 ῥυθμὸν
1854 2823 1956 2877 (τοῦ

1072 2888 1225 2940 βίου),
1259 2892 1384 2927 eoetra
1412 2889 1602 2937 modum,
1637 2884 1766 2945 παρὰ
1792 2886 1955 2940 μέλος,

126 2267 235 2306 Sunt
264 2266 338 2316 qui
369 2267 528 2317 putent
556 2266 816 2306 Armeniam
849 2265 1010 2316 signifi-

126 2330 215 2369 cari
259 2328 420 2368 eodem
466 2340 580 2368 anno
616 2329 819 2368 Artaxiae
851 2328 1009 2367 adem-

127 2395 249 2445 ptam
295 2395 338 2433 et
381 2392 553 2442 Tigrani
602 2391 825 2431 traditam.
881 2390 1003 2430 Ovid.

126 2456 253 2495 Trist.
286 2456 326 2504 Ξ),
361 2455 459 2494 227:
512 2455 633 2494 Nunc
657 2455 762 2504 petit
789 2454 1009 2493 Armenius

122 2529 299 2568 pacem,
330 2529 441 2556 nunc
464 2518 650 2568 pori-iqit
679 2528 806 2556 arcus
833 2516 1010 2557 Parthus

127 2591 269 2630 eques,
303 2580 451 2619 timida
481 2584 689 2629 captaque
717 2580 840 2631 signa
859 2590 1005 2618 manu.

131 2666 174 2671 —-
198 2643 248 2682 V.
271 2643 385 2681 Italis
413 2641 468 2681 ab
492 2643 625 2681 armis
645 2642 815 2692 seiungi
836 2641 1006 2691 nequit,

127 2706 185 2744 ita
214 2707 263 2744 ut
292 2704 361 2744 ille
388 2704 583 2754 dativus,
617 2705 688 2744 hic
710 2703 927 2743 ablativus
949 2703 1011 2742 in-

128 2769 284 2807 strum.
309 2769 376 2807 sit.
413 2768 475 2807 Cf.
501 2767 578 2807 Od.
602 2768 642 2816 2,
668 2767 733 2815 43,
760 2767 832 2805 48;
854 2766 1011 2804 Italum

128 2829 257 2868 robur
284 2840 364 2880 pro
385 2831 596 2869 Romano.
645 2827 827 2868 Bentleii
858 2829 1010 2867 autem

129 2891 246 2929 Italis
273 2892 388 2930 arvis
419 2902 506 2930 non
538 2889 682 2930 solum
708 2891 790 2941 ipsi
813 2891 1007 2939 Horatio,

130 2962 289 2991 verum
320 2953 453 2992 etiam
485 2952 694 2992 omnibus
726 2953 821 2991 eius
847 2963 1012 3002 aequa·
1075 2950 1383 2999 «inconcinne,
1403 2951 1555 2989 contra
1572 2950 1959 2997 decorummichts

130 3013 245 3053 libus
288 3024 472 3064 prorsus
503 3009 685 3071 ἄκυρον
714 3015 859 3054 visum
891 3016 1013 3055 esset
1074 3014 1290 3063 Tactloses,
1318 3013 1692 3060 Unschiclcliche33»
1727 3015 1854 3064 tropo
1876 3024 1958 3064 pe-

131 3086 212 3127 pro
232 3075 405 3124 imperio
426 3077 686 3116 Romano.—
706 3076 934 3128 adiudicat]
955 3077 1006 3116 V.
1071 3078 1148 3117 tito
1196 3088 1220 3116 a
1265 3075 1543 3127 symphoniis
1594 3078 1637 3115 et
1690 3076 1956 3115 histrionum

129 3138 361 3191 proprium
388 3138 432 3177 in
462 3137 625 3177 finibus
647 3138 872 3189 regundis.
917 3140 1006 3179 Cic.
1071 3140 1259 3180 actione.
1293 3137 1413 3178 Plato
1439 3137 1607 3177 Phileb.
1631 3149 1673 3189 p.
1693 3138 1761 3178 28.
1790 3138 1843 3177 B:
1879 3136 1956 3175 ἵνα

131 3201 187 3240 de
205 3200 326 3240 Offic.
348 3201 386 3248 4,
409 3200 474 3247 40,
495 3200 567 3239 33:
590 3200 762 3240 Illorum
774 3203 889 3253 fines,
907 3202 1012 3240 sicut
1070 3199 1222 3254 μηδὲν
1251 3225 1275 3230 -
1298 3226 1321 3231 -
1343 3196 1472 3256 παρὰ
1500 3198 1647 3252 μέλος
1678 3195 1957 3251 φθεγξώμε-

130 3263 210 3312 ipsi
248 3263 470 3311 dixerant,
503 3261 768 3301 terminavit:
804 3264 848 3301 in
875 3263 1009 3302 medio
1070 3261 1138 3303 θά
1168 3276 1226 3303 τι.
1276 3263 1431 3303 Cicero
1462 3262 1618 3302 Parad.
1643 3261 1682 3309 3,
1711 3262 1750 3309 Ξ,
1774 3260 1852 3299 26:
1883 3260 1957 3298 Hi-

131 3325 321 3364 relictum
351 3325 460 3374 quod
489 3327 580 3363 erat
598 3355 608 3370 ,
634 3323 790 3372 populo
824 3325 1010 3363 Roman-0
1071 3327 1174 3365 strio
1204 3326 1239 3364 si
1274 3325 1456 3374 paulum
1493 3335 1535 3363 se
1563 3323 1689 3362 movit
1718 3325 1844 3360 extra
1872 3331 1954 3359 mc-

133 3387 404 3426 adiudicavtt.
436 3387 542 3425 Toto
565 3386 714 3424 autem
736 3395 790 3423 ex
805 3383 902 3424 loco
919 3397 1012 3425 ma-
1070 3399 1234 3428 merum
1254 3388 1338 3426 cet.
1359 3399 1373 3441 3¹
1392 3386 1630 3438 opponitur
1652 3385 1693 3422 in
1714 3393 1947 3422 numerum.

135 3458 216 3498 gna
233 3447 379 3489 elucet
398 3447 558 3488 laet-itia
581 3447 635 3486 de
658 3448 842 3486 Romani
872 3448 1011 3498 impe-
1077 3473 1121 3478 -
1136 3450 1325 3501 ‘nu-yaris]
1346 3447 1498 3487 «licitis
1516 3446 1630 3486 ludis
1647 3447 1688 3484 te
1707 3444 1949 3484 oblectas.»

135 3509 185 3548 rii
216 3509 298 3549 sub
325 3512 521 3561 Augusto
553 3508 685 3561 gloria
714 3520 765 3549 ac
796 3510 1006 3560 potentia.
1074 3511 1160 3551 Cfr.
1201 3511 1255 3549 de
1294 3510 1454 3550 talibus
1486 3508 1738 3548 adultorum
1768 3500 1978 3548 lusioni-'

230 3586 381 3623 Homer.
411 3597 500 3625 von.
529 3587 574 3622 11.
627 3596 691 3622 En.
720 3595 803 3622 MAI.
841 3586 897 3621 [ΙΙ.
1620 3584 1665 3619 36
