2231 3787
854 313 951 352 LIB.
986 313 1015 352 Ι.
1077 311 1241 351 EPIST.
1277 312 1326 350 V.

1905 308 1996 360 431

256 445 493 507 Detinet,
536 462 834 508 assumam,
874 443 1025 497 locus
1064 450 1146 496 est
1184 450 1237 496 et
1272 441 1516 513 pluribus
1560 442 1791 495 umbris:

257 547 365 602 Sed
401 547 558 600 nimis
598 556 711 601 arta
749 553 1000 618 premunt
1037 545 1213 599 olidae
1256 545 1501 599 convivia
1538 561 1751 616 caprae.

256 652 357 713 Tu,
399 658 597 721 quotus
636 666 759 703 esse
798 648 959 712 velis,
1006 647 1248 711 rescribe
1287 655 1341 701 et
1377 647 1542 702 rebus
1581 647 1795 701 omissis

1939 650 2007 700 30

254 752 397 806 Atria
436 759 740 805 servantem
779 751 988 822 postico
1026 750 1144 805 salle
1184 750 1449 805 clientem.

292 920 359 960 30.
391 919 597 960 rescribas
623 919 744 959 rebus
773 918 815 958 d.

184 1062 288 1103 dicit
304 1061 592 1101 convivarum
608 1071 846 1101 numerum
863 1061 1060 1112 incipere

182 1137 206 1166 a
236 1125 483 1165 Gratiarum
528 1135 717 1163 numero
764 1124 808 1163 et
851 1123 1060 1175 progredi

181 1189 238 1229 ad
267 1189 508 1229 Musarum.
545 1210 589 1215 —
614 1187 694 1227 Sed
722 1186 858 1237 nimis]
893 1186 1060 1226 «Nolim

179 1255 328 1293 tamen
369 1251 530 1290 nimius
569 1250 624 1289 sit
661 1249 926 1289 umbrarum
957 1251 1060 1289 tua-

179 1324 280 1354 rum
310 1323 539 1361 numerus,
572 1323 625 1351 ne
644 1323 747 1353 cum
770 1315 863 1352 arte
880 1323 1061 1352 accum-

179 1378 288 1418 bere
307 1386 534 1427 cogamur,
560 1375 702 1415 foetor
717 1374 902 1425 alarum,
923 1386 1059 1426 quem

178 1451 358 1492 caprum
389 1437 557 1489 (Catull.
593 1438 666 1487 69,
701 1439 739 1479 6.
775 1440 820 1478 et
849 1438 971 1478 ovid.
1005 1440 1056 1479 A.

177 1506 226 1544 A.
251 1503 296 1552 3,
322 1502 422 1542 493:
458 1503 594 1553 Quam
606 1513 742 1552 paene
763 1502 979 1551 admonui,
1009 1512 1061 1541 ne

177 1570 280 1606 trux
308 1577 435 1616 caper
463 1565 543 1605 iret
570 1565 615 1604 in
644 1564 785 1617 alasl)
825 1567 870 1605 et
896 1565 1060 1605 hircum

179 1628 332 1681 (Epod.
357 1629 429 1677 42,
464 1629 503 1667 5.
547 1628 635 1667 Sat.
661 1628 677 1666 4
701 1659 709 1677 ,
738 1628 785 1676 Ξ,
809 1627 894 1678 27.)
926 1638 1060 1668 voca-

176 1689 306 1740 bant,
341 1689 669 1742 (Geissduft‚)
691 1689 818 1730 nobis
841 1689 1056 1732 molestus

176 1753 295 1793 fiat.»
344 1755 487 1793 Locus
518 1751 648 1793 nobis
668 1753 789 1792 haud
810 1753 940 1793 nimis
963 1765 1059 1805 gra-

176 1819 246 1857 tus
276 1816 416 1856 risum
445 1815 658 1856 movebat
686 1817 907 1857 Romanis.
947 1817 1060 1869 Ope-

175 1889 252 1919 rae
281 1879 477 1931 pretium
507 1880 576 1919 est
603 1877 780 1927 videre,
830 1879 1056 1930 quomodo

176 1942 444 1982 novissimus
464 1942 684 1993 interpres
701 1940 862 1991 Gallus,
883 1943 1054 1994 Goupy‚

175 2005 294 2044 hunc
334 2002 568 2056 scopulum
609 2005 802 2044 evitarit:
852 2005 966 2045 Mais
1004 2006 1059 2045 les

175 2066 341 2107 chevres
359 2070 516 2106 sentent
542 2079 601 2106 un
625 2078 709 2117 peu
735 2067 821 2118 fort
841 2069 984 2117 quand
1003 2068 1057 2107 el-

175 2130 231 2170 les
258 2133 349 2169 sont
376 2130 545 2168 serre‘eS.
596 2130 740 2180 Atque
771 2131 952 2170 omnino
974 2131 1057 2170 de-

176 2191 290 2232 lecto
321 2203 420 2243 gen.
443 2190 547 2231 fem.
582 2191 717 2231 olidae
745 2203 903 2242 caprae
937 2193 1057 2245 puti-

176 2253 280 2294 dam
310 2264 408 2293 rem
429 2252 705 2304 aliquantum
729 2254 944 2305 mitigavit
960 2255 1055 2306 ipse

177 2317 397 2357 Horatius.
434 2340 478 2345 —
516 2317 574 2355 Tu
592 2339 614 2345 -
633 2339 657 2345 -
675 2316 867 2368 rescribe]
909 2317 1056 2365 «Quo-

177 2380 294 2420 circa
329 2378 552 2427 rescribe,
596 2380 705 2430 quot
740 2389 844 2419 cum
885 2380 1059 2419 comiti-

175 2441 261 2482 bus
305 2442 362 2481 ad
412 2451 601 2483 coenam
644 2452 793 2481 meam
842 2444 1056 2482 venturus

177 2505 281 2545 sis.»
313 2504 484 2553 ScuoL.,
518 2514 606 2555 quo
629 2505 800 2553 omnia,
824 2505 887 2544 uti
907 2504 1053 2553 decet,

175 2567 433 2619 praeparari
452 2567 636 2618 possint.
662 2566 859 2607 Similem
881 2577 1055 2607 morem

175 2630 398 2669 memorat
417 2628 636 2669 Plutarch.
662 2630 815 2681 Symp.
839 2630 923 2669 VII.
944 2631 988 2677 6,
1015 2631 1054 2678 ⁴,

177 2693 222 2731 5:
271 2683 472 2748 ὕστερον
507 2691 674 2743 μέντοι
705 2692 809 2748 περὶ
847 2687 934 2743 τὰς
962 2690 1055 2732 τῶν

177 2750 322 2804 ξένων
371 2750 641 2804 ὑποδοχάς,
701 2751 914 2806 μάλιστα
962 2749 1056 2794 τῶν

1124 1056 1426 1113 ἡγεμονικῶν
1445 1090 1455 1108 ,
1511 1054 1778 1113 ἀναγκαῖον
1824 1058 2006 1114 ἐγένετο

1123 1127 1226 1172 τοῖς
1246 1118 1483 1176 ἀγνοοῦσι
1501 1118 1617 1172 τοὺς
1637 1122 1905 1176 ἑπολιιένους
1925 1125 2007 1165 καὶ

1124 1187 1448 1238 τιλιιωιιιένους,
1495 1184 1572 1225 ἐπὶ
1601 1187 1666 1239 τῷ
1698 1183 1816 1240 ξένῳ
1857 1191 2007 1228 ποιεῖ-

1125 1249 1244 1289 σθαι
1273 1245 1360 1302 τὴν
1382 1246 1578 1302 κλῆσιν,
1610 1243 1822 1306 ἀριθμὸν
1841 1249 1891 1291 δὲ
1913 1246 2009 1309 ὁρί-

1123 1315 1231 1363 ζειν.
1283 1310 1464 1352 Martial.
1492 1312 1565 1361 ⁴4,
1598 1312 1700 1352 247:
1734 1314 1834 1362 Dic,
1859 1318 2009 1363 quotus

1124 1380 1160 1416 et
1200 1375 1348 1424 quanti
1385 1376 1533 1425 cupias
1561 1385 1751 1414 coe-nare.
1791 1399 1833 1404 -
1871 1376 2005 1428 rebus]

1125 1438 1337 1489 «negotiis
1368 1439 1473 1478 iuris
1506 1436 1642 1478 civilis
1664 1449 1716 1478 ac
1737 1437 1932 1480 litibus.»
1960 1462 2004 1468 —

1120 1501 1219 1552 falle
1239 1500 1439 1552 clientem]
1471 1502 1626 1540 Iocosa
1648 1500 1861 1553 epistolae
1883 1500 2008 1542 clau—

1123 1562 1238 1604 sula:
1274 1562 1416 1604 «clam
1436 1562 1651 1604 subtrahe
1673 1565 1715 1604 te
1735 1563 1881 1604 clienti
1902 1575 2008 1616 qua-

1120 1626 1329 1678 licunque
1372 1626 1484 1677 (non
1521 1625 1667 1666 solum
1696 1627 1877 1667 Moscho
1907 1626 2004 1677 illi),

1122 1690 1197 1741 qui
1231 1688 1303 1728 vel
1342 1688 1425 1729 sub
1468 1687 1571 1728 solis
1610 1699 1848 1739 occasum,
1895 1690 2006 1729 hora

1121 1753 1304 1791 minime
1350 1753 1624 1803 opportuna,
1681 1754 1723 1792 te
1769 1753 1825 1792 de
1870 1762 2004 1792 causa

1122 1827 1202 1855 sua
1244 1814 1478 1856 consulere
1519 1825 1711 1866 eamque
1753 1817 1796 1855 te
1839 1815 2004 1855 docere

1122 1879 1266 1930 cupit,
1315 1879 1449 1930 atque
1492 1878 1656 1918 atrium
1697 1878 1858 1918 domus
1901 1880 2005 1918 tuae

1120 1945 1278 1990 servat,
1308 1940 1353 1980 id
1375 1941 1462 1989 est,
1487 1940 1548 1980 ibi
1570 1940 1699 1981 sedet
1721 1941 1870 1992 (Taciti
1891 1940 2002 1981 Dial.

1123 2004 1197 2043 42:
1244 2004 1405 2043 sedente
1442 2007 1537 2043 ante
1574 2003 1724 2043 ostium
1760 2003 2005 2054 litiqatore.)

1119 2065 1189 2106 vel
1221 2064 1439 2116 ambulat,
1487 2067 1615 2107 anxie
1651 2064 1906 2117 explorans,
1944 2067 2005 2106 si-

1122 2129 1225 2170 cubi
1246 2131 1340 2169 tute
1371 2140 1591 2181 appareas
1611 2127 1682 2169 vel
1714 2129 1848 2169 etiam
1870 2129 2005 2170 ostia—

1119 2193 1212 2232 rius
1242 2191 1423 2243 aliquis,
1462 2203 1546 2244 per
1575 2202 1712 2243 quem
1750 2191 1807 2231 ad
1843 2192 1886 2232 te
1923 2191 2005 2231 ad-

1119 2255 1338 2304 mittatur,
1360 2266 1444 2306 per
1458 2255 1621 2295 ostium
1634 2254 1842 2304 posticum
1863 2253 2006 2306 (ψευ-

1120 2313 1331 2374 ὂόθυρον
1352 2318 1446 2357 sive
1468 2312 1754 2373 παραθύραν
1785 2317 1828 2356 in
1856 2319 2006 2368 poste-

1119 2381 1236 2419 riore
1258 2379 1437 2419 aedium
1457 2378 1599 2430 parte)
1618 2378 1859 2419 evadens.»
1881 2379 1999 2429 Virg.

1120 2443 1228 2482 Aen.
1254 2442 1301 2490 2,
1325 2441 1427 2481 567:
1462 2441 1608 2480 limina
1632 2442 1773 2480 Vestae
1792 2440 2005 2480 Servan-

1121 2508 1214 2544 tem
1235 2526 1257 2532 -
1281 2503 1535 2552 Tyndarida.
1569 2503 1739 2543 Seneca
1761 2502 1816 2542 de
1838 2502 1997 2542 brevit.

1119 2567 1235 2606 vitae
1268 2564 1342 2616 44,
1375 2566 1420 2604 7:
1461 2576 1590 2614 quam
1617 2565 1738 2605 multi
1760 2575 1841 2615 per
1866 2565 2002 2615 refer-

1120 2633 1208 2669 tum
1246 2628 1460 2668 clientibus
1499 2628 1658 2668 atrium
1685 2627 1861 2678 prodire
1888 2628 2001 2667 vita-

1120 2692 1219 2731 bunt
1257 2695 1294 2731 et
1329 2702 1408 2742 per
1447 2690 1638 2731 obscuros
1667 2691 1833 2729 aedium
1864 2691 2002 2729 odilus

1113 2755 1242 2805 profu
1245 2754 1357 2806 qient
1369 2753 1391 2792 P
