<?xml version="1.0" encoding="UTF-8"?>
<!DOCTYPE html PUBLIC "-//W3C//DTD XHTML 1.0 Transitional//EN"
    "http://www.w3.org/TR/xhtml1/DTD/xhtml1-transitional.dtd">
<html xmlns="http://www.w3.org/1999/xhtml" xml:lang="en" lang="en">
 <head>
  <title>
</title>
<meta http-equiv="Content-Type" content="text/html;charset=utf-8" />
  <meta name='ocr-system' content='tesseract 3.04.00' />
  <meta name='ocr-capabilities' content='ocr_page ocr_carea ocr_par ocr_line ocrx_word'/>
</head>
<body>
  <div class='ocr_page' id='page_1' title='image "./qhoratiusflaccus02horauoft_0659.png"; bbox 0 0 2231 3787; ppageno 0'>
   <div class='ocr_carea' id='block_1_1' title="bbox 0 2939 4 3787">
    <p class='ocr_par' dir='ltr' id='par_1_1' title="bbox 0 2939 4 3787">
     <span class='ocr_line' id='line_1_1' title="bbox 0 2939 4 3787; baseline 0 0"><span class='ocrx_word' id='word_1_1' title='bbox 0 2939 4 3787; x_wconf 95' lang='lat' dir='ltr'> </span> 
     </span>
    </p>
   </div>
   <div class='ocr_carea' id='block_1_2' title="bbox 910 245 1384 288">
    <p class='ocr_par' dir='ltr' id='par_1_2' title="bbox 910 245 1384 288">
     <span class='ocr_line' id='line_1_2' title="bbox 910 245 1384 288; baseline 0.008 -4"><span class='ocrx_word' id='word_1_2' title='bbox 910 245 1008 285; x_wconf 88' lang='lat' dir='ltr'>LlB.</span> <span class='ocrx_word' id='word_1_3' title='bbox 1043 247 1093 285; x_wconf 90' lang='lat'>11.</span> <span class='ocrx_word' id='word_1_4' title='bbox 1157 247 1320 288; x_wconf 90' lang='lat' dir='ltr'>EPIST.</span> <span class='ocrx_word' id='word_1_5' title='bbox 1355 249 1384 287; x_wconf 91' lang='grc' dir='ltr'>Ι.</span> 
     </span>
    </p>
   </div>
   <div class='ocr_carea' id='block_1_3' title="bbox 1961 251 2063 305">
    <p class='ocr_par' dir='ltr' id='par_1_3' title="bbox 1961 251 2063 305">
     <span class='ocr_line' id='line_1_3' title="bbox 1961 251 2063 305; baseline 0 -1"><span class='ocrx_word' id='word_1_6' title='bbox 1961 251 2017 305; x_wconf 80' lang='grc'>64</span> <span class='ocrx_word' id='word_1_7' title='bbox 2032 253 2063 303; x_wconf 73' lang='lat'>5</span> 
     </span>
    </p>
   </div>
   <div class='ocr_carea' id='block_1_4' title="bbox 306 373 1585 449">
    <p class='ocr_par' dir='ltr' id='par_1_4' title="bbox 306 373 1585 449">
     <span class='ocr_line' id='line_1_4' title="bbox 306 373 1585 449; baseline 0.007 -25"><span class='ocrx_word' id='word_1_8' title='bbox 306 373 555 426; x_wconf 85' lang='lat' dir='ltr'>Invenior</span> <span class='ocrx_word' id='word_1_9' title='bbox 593 374 800 428; x_wconf 86' lang='lat' dir='ltr'>Parthis</span> <span class='ocrx_word' id='word_1_10' title='bbox 839 376 1154 432; x_wconf 78' lang='lat' dir='ltr'>mendacior</span> <span class='ocrx_word' id='word_1_11' title='bbox 1189 387 1242 432; x_wconf 91' lang='lat' dir='ltr'>et</span> <span class='ocrx_word' id='word_1_12' title='bbox 1280 378 1428 449; x_wconf 86' lang='lat' dir='ltr'>prius</span> <span class='ocrx_word' id='word_1_13' title='bbox 1469 388 1585 433; x_wconf 87' lang='lat' dir='ltr'>orto</span> 
     </span>
    </p>
   </div>
   <div class='ocr_carea' id='block_1_5' title="bbox 305 474 1791 554">
    <p class='ocr_par' dir='ltr' id='par_1_5' title="bbox 305 474 1791 554">
     <span class='ocr_line' id='line_1_5' title="bbox 305 474 1791 554; baseline 0.005 -26"><span class='ocrx_word' id='word_1_14' title='bbox 305 474 430 528; x_wconf 89' lang='lat' dir='ltr'>Sole</span> <span class='ocrx_word' id='word_1_15' title='bbox 471 476 596 546; x_wconf 76' lang='lat' dir='ltr'>vigil</span> <span class='ocrx_word' id='word_1_16' title='bbox 634 476 900 531; x_wconf 87' lang='lat' dir='ltr'>calamum</span> <span class='ocrx_word' id='word_1_17' title='bbox 938 487 990 533; x_wconf 89' lang='lat' dir='ltr'>et</span> <span class='ocrx_word' id='word_1_18' title='bbox 1027 478 1239 534; x_wconf 90' lang='lat' dir='ltr'>chartas</span> <span class='ocrx_word' id='word_1_19' title='bbox 1280 489 1332 534; x_wconf 90' lang='lat' dir='ltr'>et</span> <span class='ocrx_word' id='word_1_20' title='bbox 1371 481 1568 536; x_wconf 87' lang='lat' dir='ltr'>scrinia</span> <span class='ocrx_word' id='word_1_21' title='bbox 1606 500 1791 554; x_wconf 78' lang='lat' dir='ltr'>posco,</span> 
     </span>
    </p>
   </div>
   <div class='ocr_carea' id='block_1_6' title="bbox 302 578 2062 758">
    <p class='ocr_par' dir='ltr' id='par_1_6' title="bbox 302 578 2062 758">
     <span class='ocr_line' id='line_1_6' title="bbox 302 578 1919 658; baseline 0.006 -28"><span class='ocrx_word' id='word_1_22' title='bbox 302 578 490 631; x_wconf 87' lang='lat' dir='ltr'>Navim</span> <span class='ocrx_word' id='word_1_23' title='bbox 529 597 691 650; x_wconf 81' lang='lat' dir='ltr'>agere</span> <span class='ocrx_word' id='word_1_24' title='bbox 732 581 949 652; x_wconf 80' lang='lat' dir='ltr'>ignarus</span> <span class='ocrx_word' id='word_1_25' title='bbox 987 584 1139 637; x_wconf 89' lang='lat' dir='ltr'>navis</span> <span class='ocrx_word' id='word_1_26' title='bbox 1178 585 1354 650; x_wconf 81' lang='lat' dir='ltr'>timet3</span> <span class='ocrx_word' id='word_1_27' title='bbox 1395 584 1717 639; x_wconf 87' lang='lat' dir='ltr'>abrotonum</span> <span class='ocrx_word' id='word_1_28' title='bbox 1756 603 1919 658; x_wconf 80' lang='lat' dir='ltr'>aegro</span> 
     </span>
     <span class='ocr_line' id='line_1_7' title="bbox 302 680 2062 758; baseline 0.006 -24"><span class='ocrx_word' id='word_1_29' title='bbox 302 681 418 734; x_wconf 90' lang='lat' dir='ltr'>Non</span> <span class='ocrx_word' id='word_1_30' title='bbox 446 680 623 745; x_wconf 85' lang='lat' dir='ltr'>audet,</span> <span class='ocrx_word' id='word_1_31' title='bbox 652 682 753 737; x_wconf 87' lang='lat' dir='ltr'>nisi</span> <span class='ocrx_word' id='word_1_32' title='bbox 779 684 871 754; x_wconf 90' lang='lat' dir='ltr'>qui</span> <span class='ocrx_word' id='word_1_33' title='bbox 898 684 1098 749; x_wconf 81' lang='lat' dir='ltr'>didicit,</span> <span class='ocrx_word' id='word_1_34' title='bbox 1124 685 1280 751; x_wconf 87' lang='lat' dir='ltr'>dare;</span> <span class='ocrx_word' id='word_1_35' title='bbox 1309 687 1459 758; x_wconf 90' lang='lat' dir='ltr'>quod</span> <span class='ocrx_word' id='word_1_36' title='bbox 1481 688 1818 743; x_wconf 85' lang='lat' dir='ltr'>medicorum</span> <span class='ocrx_word' id='word_1_37' title='bbox 1841 698 1936 754; x_wconf 89' lang='lat' dir='ltr'>est,</span> <span class='ocrx_word' id='word_1_38' title='bbox 1961 690 2062 744; x_wconf 80' lang='grc'>445</span> 
     </span>
    </p>
   </div>
   <div class='ocr_carea' id='block_1_7' title="bbox 284 839 2010 1086">
    <p class='ocr_par' dir='ltr' id='par_1_7' title="bbox 284 839 2010 1086">
     <span class='ocr_line' id='line_1_8' title="bbox 285 839 2006 899; baseline 0.007 -21"><span class='ocrx_word' id='word_1_39' title='bbox 285 839 686 881; x_wconf 82' lang='lat' dir='ltr'>membranaceum</span> <span class='ocrx_word' id='word_1_40' title='bbox 717 853 770 881; x_wconf 80' lang='lat' dir='ltr'>ex</span> <span class='ocrx_word' id='word_1_41' title='bbox 802 842 982 893; x_wconf 82' lang='lat' dir='ltr'>Cygnea</span> <span class='ocrx_word' id='word_1_42' title='bbox 1013 843 1325 884; x_wconf 78' lang='lat' dir='ltr'>bibliotheca.»</span> <span class='ocrx_word' id='word_1_43' title='bbox 1360 846 1533 887; x_wconf 87' lang='lat' dir='ltr'>Cortius</span> <span class='ocrx_word' id='word_1_44' title='bbox 1564 847 1620 886; x_wconf 89' lang='lat' dir='ltr'>ad</span> <span class='ocrx_word' id='word_1_45' title='bbox 1651 849 1814 889; x_wconf 89' lang='lat' dir='ltr'>Lucan.</span> <span class='ocrx_word' id='word_1_46' title='bbox 1848 849 1887 898; x_wconf 88' lang='grc'>3,</span> <span class='ocrx_word' id='word_1_47' title='bbox 1921 849 2006 899; x_wconf 85' lang='grc'>83.,</span> 
     </span>
     <span class='ocr_line' id='line_1_9' title="bbox 286 902 2009 959; baseline 0.007 -19"><span class='ocrx_word' id='word_1_48' title='bbox 286 902 361 952; x_wconf 87' lang='lat' dir='ltr'>qui</span> <span class='ocrx_word' id='word_1_49' title='bbox 391 903 682 944; x_wconf 88' lang='lat' dir='ltr'>omissionem</span> <span class='ocrx_word' id='word_1_50' title='bbox 703 904 942 956; x_wconf 89' lang='lat' dir='ltr'>improbat.</span> <span class='ocrx_word' id='word_1_51' title='bbox 978 906 1166 957; x_wconf 81' lang='lat' dir='ltr'>(Habent</span> <span class='ocrx_word' id='word_1_52' title='bbox 1186 908 1340 959; x_wconf 90' lang='lat' dir='ltr'>bSEc.)</span> <span class='ocrx_word' id='word_1_53' title='bbox 1369 932 1412 936; x_wconf 98' lang='lat'><strong>—</strong></span> <span class='ocrx_word' id='word_1_54' title='bbox 1448 908 1540 950; x_wconf 79' lang='grc'>444.</span> <span class='ocrx_word' id='word_1_55' title='bbox 1574 911 1736 951; x_wconf 79' lang='lat' dir='ltr'>Navem</span> <span class='ocrx_word' id='word_1_56' title='bbox 1767 913 1816 958; x_wconf 93' lang='lat' dir='ltr'>S,</span> <span class='ocrx_word' id='word_1_57' title='bbox 1851 923 2009 953; x_wconf 89' lang='lat' dir='ltr'>omnes</span> 
     </span>
     <span class='ocr_line' id='line_1_10' title="bbox 285 965 2010 1025; baseline 0.007 -22"><span class='ocrx_word' id='word_1_58' title='bbox 285 965 520 1014; x_wconf 88' lang='lat' dir='ltr'>Schmidii‚</span> <span class='ocrx_word' id='word_1_59' title='bbox 555 967 642 1006; x_wconf 90' lang='lat' dir='ltr'>LCt</span> <span class='ocrx_word' id='word_1_60' title='bbox 664 968 707 1006; x_wconf 90' lang='lat' dir='ltr'>et</span> <span class='ocrx_word' id='word_1_61' title='bbox 726 966 964 1008; x_wconf 90' lang='lat' dir='ltr'>Bentleius.</span> <span class='ocrx_word' id='word_1_62' title='bbox 1001 970 1065 1020; x_wconf 87' lang='lat' dir='ltr'>(Ut</span> <span class='ocrx_word' id='word_1_63' title='bbox 1087 981 1190 1020; x_wconf 90' lang='lat' dir='ltr'>nos,</span> <span class='ocrx_word' id='word_1_64' title='bbox 1224 969 1333 1022; x_wconf 83' lang='lat' dir='ltr'>bcp;</span> <span class='ocrx_word' id='word_1_65' title='bbox 1368 972 1411 1011; x_wconf 91' lang='lat' dir='ltr'>in</span> <span class='ocrx_word' id='word_1_66' title='bbox 1432 973 1464 1011; x_wconf 86' lang='grc' dir='ltr'><strong><em>Ε</em></strong></span> <span class='ocrx_word' id='word_1_67' title='bbox 1488 974 1567 1012; x_wconf 86' lang='lat' dir='ltr'>tria</span> <span class='ocrx_word' id='word_1_68' title='bbox 1589 974 1730 1025; x_wconf 88' lang='lat' dir='ltr'>prima</span> <span class='ocrx_word' id='word_1_69' title='bbox 1754 974 1884 1015; x_wconf 88' lang='lat' dir='ltr'>huius</span> <span class='ocrx_word' id='word_1_70' title='bbox 1905 986 2010 1014; x_wconf 86' lang='lat' dir='ltr'>ver-</span> 
     </span>
     <span class='ocr_line' id='line_1_11' title="bbox 284 1028 2009 1086; baseline 0.006 -19"><span class='ocrx_word' id='word_1_71' title='bbox 284 1039 359 1068; x_wconf 91' lang='lat' dir='ltr'>sus</span> <span class='ocrx_word' id='word_1_72' title='bbox 389 1028 609 1068; x_wconf 82' lang='lat' dir='ltr'>vocabula</span> <span class='ocrx_word' id='word_1_73' title='bbox 643 1030 858 1071; x_wconf 82' lang='lat' dir='ltr'>exstincta</span> <span class='ocrx_word' id='word_1_74' title='bbox 890 1032 1024 1082; x_wconf 92' lang='lat' dir='ltr'>sunt.)</span> <span class='ocrx_word' id='word_1_75' title='bbox 1074 1054 1117 1060; x_wconf 90' lang='lat'>—</span> <span class='ocrx_word' id='word_1_76' title='bbox 1169 1034 1261 1072; x_wconf 81' lang='grc'>445.</span> <span class='ocrx_word' id='word_1_77' title='bbox 1297 1034 1440 1074; x_wconf 76' lang='lat' dir='ltr'>didicit</span> <span class='ocrx_word' id='word_1_78' title='bbox 1468 1036 1546 1075; x_wconf 75' lang='lat' dir='ltr'>nisi</span> <span class='ocrx_word' id='word_1_79' title='bbox 1577 1037 1647 1086; x_wconf 77' lang='lat' dir='ltr'>qui</span> <span class='ocrx_word' id='word_1_80' title='bbox 1679 1048 1716 1076; x_wconf 88' lang='lat' dir='ltr'>c.</span> <span class='ocrx_word' id='word_1_81' title='bbox 1753 1059 1799 1065; x_wconf 94' lang='lat'><em>—</em></span> <span class='ocrx_word' id='word_1_82' title='bbox 1839 1037 2009 1077; x_wconf 81' lang='lat' dir='ltr'>melico-</span> 
     </span>
    </p>
   </div>
   <div class='ocr_carea' id='block_1_8' title="bbox 284 1090 1026 1145">
    <p class='ocr_par' dir='ltr' id='par_1_8' title="bbox 284 1090 1026 1145">
     <span class='ocr_line' id='line_1_12' title="bbox 284 1090 1026 1145; baseline 0.005 -16"><span class='ocrx_word' id='word_1_83' title='bbox 284 1101 381 1130; x_wconf 80' lang='lat' dir='ltr'>rum</span> <span class='ocrx_word' id='word_1_84' title='bbox 400 1113 423 1120; x_wconf 94' lang='lat'><em>-</em></span> <span class='ocrx_word' id='word_1_85' title='bbox 441 1091 576 1131; x_wconf 81' lang='lat' dir='ltr'>melici</span> <span class='ocrx_word' id='word_1_86' title='bbox 605 1090 787 1132; x_wconf 84' lang='lat' dir='ltr'>Bentleii</span> <span class='ocrx_word' id='word_1_87' title='bbox 819 1093 1026 1145; x_wconf 90' lang='lat' dir='ltr'>suspicio.</span> 
     </span>
    </p>
   </div>
   <div class='ocr_carea' id='block_1_9' title="bbox 219 1232 1114 3544">
    <p class='ocr_par' dir='ltr' id='par_1_9' title="bbox 219 1232 1114 3544">
     <span class='ocr_line' id='line_1_13' title="bbox 229 1232 1113 1282; baseline 0.005 -11"><span class='ocrx_word' id='word_1_88' title='bbox 229 1232 457 1271; x_wconf 86' lang='lat' dir='ltr'>notionem</span> <span class='ocrx_word' id='word_1_89' title='bbox 500 1233 786 1282; x_wconf 76' lang='lat' dir='ltr'>componendi.</span> <span class='ocrx_word' id='word_1_90' title='bbox 847 1234 909 1275; x_wconf 87' lang='lat' dir='ltr'>Ac</span> <span class='ocrx_word' id='word_1_91' title='bbox 952 1246 1113 1275; x_wconf 89' lang='lat' dir='ltr'>revera</span> 
     </span>
     <span class='ocr_line' id='line_1_14' title="bbox 228 1294 1109 1347; baseline 0.003 -13"><span class='ocrx_word' id='word_1_92' title='bbox 228 1294 290 1335; x_wconf 91' lang='lat' dir='ltr'>sic</span> <span class='ocrx_word' id='word_1_93' title='bbox 310 1294 487 1334; x_wconf 88' lang='lat' dir='ltr'>videtur</span> <span class='ocrx_word' id='word_1_94' title='bbox 506 1296 736 1347; x_wconf 90' lang='lat' dir='ltr'>accepisse</span> <span class='ocrx_word' id='word_1_95' title='bbox 768 1297 947 1337; x_wconf 85' lang='lat' dir='ltr'>Persius</span> <span class='ocrx_word' id='word_1_96' title='bbox 971 1297 1010 1346; x_wconf 86' lang='grc'>4,</span> <span class='ocrx_word' id='word_1_97' title='bbox 1034 1298 1079 1337; x_wconf 79' lang='grc'>54</span> <span class='ocrx_word' id='word_1_98' title='bbox 1102 1309 1109 1336; x_wconf 94' lang='lat'>:</span> 
     </span>
     <span class='ocr_line' id='line_1_15' title="bbox 226 1359 1114 1410; baseline 0.003 -13"><span class='ocrx_word' id='word_1_99' title='bbox 226 1370 309 1398; x_wconf 77' lang='lat' dir='ltr'>non</span> <span class='ocrx_word' id='word_1_100' title='bbox 338 1359 373 1397; x_wconf 87' lang='lat' dir='ltr'>si</span> <span class='ocrx_word' id='word_1_101' title='bbox 404 1370 490 1409; x_wconf 77' lang='lat' dir='ltr'>qua</span> <span class='ocrx_word' id='word_1_102' title='bbox 522 1359 700 1410; x_wconf 70' lang='lat' dir='ltr'>eleqidia</span> <span class='ocrx_word' id='word_1_103' title='bbox 736 1361 857 1400; x_wconf 82' lang='lat' dir='ltr'>crudi</span> <span class='ocrx_word' id='word_1_104' title='bbox 885 1361 1114 1400; x_wconf 71' lang='lat' dir='ltr'>Dictamnt</span> 
     </span>
     <span class='ocr_line' id='line_1_16' title="bbox 219 1420 1114 1474; baseline 0.003 -14"><span class='ocrx_word' id='word_1_105' title='bbox 219 1432 416 1471; x_wconf 77' lang='lat' dir='ltr'>proceres</span> <span class='ocrx_word' id='word_1_106' title='bbox 431 1420 452 1461; x_wconf 83' lang='lat'><em>?</em></span> <span class='ocrx_word' id='word_1_107' title='bbox 480 1433 563 1461; x_wconf 74' lang='lat' dir='ltr'>non</span> <span class='ocrx_word' id='word_1_108' title='bbox 585 1422 786 1473; x_wconf 72' lang='lat' dir='ltr'>quidquid</span> <span class='ocrx_word' id='word_1_109' title='bbox 807 1424 980 1474; x_wconf 79' lang='lat' dir='ltr'>denique</span> <span class='ocrx_word' id='word_1_110' title='bbox 1002 1424 1114 1463; x_wconf 76' lang='lat' dir='ltr'>lectis</span> 
     </span>
     <span class='ocr_line' id='line_1_17' title="bbox 225 1484 1113 1537; baseline 0.003 -14"><span class='ocrx_word' id='word_1_111' title='bbox 225 1484 434 1524; x_wconf 76' lang='lat' dir='ltr'>Scribitm·</span> <span class='ocrx_word' id='word_1_112' title='bbox 462 1485 504 1524; x_wconf 79' lang='lat' dir='ltr'>in</span> <span class='ocrx_word' id='word_1_113' title='bbox 527 1485 665 1524; x_wconf 79' lang='lat' dir='ltr'>citreis</span> <span class='ocrx_word' id='word_1_114' title='bbox 681 1485 702 1524; x_wconf 74' lang='lat' dir='ltr'><em>P</em></span> <span class='ocrx_word' id='word_1_115' title='bbox 743 1487 886 1537; x_wconf 82' lang='lat' dir='ltr'>Atque</span> <span class='ocrx_word' id='word_1_116' title='bbox 909 1487 1025 1526; x_wconf 91' lang='lat' dir='ltr'>hanc</span> <span class='ocrx_word' id='word_1_117' title='bbox 1051 1487 1113 1526; x_wconf 90' lang='lat' dir='ltr'>in-</span> 
     </span>
     <span class='ocr_line' id='line_1_18' title="bbox 225 1547 1113 1599; baseline 0.002 -13"><span class='ocrx_word' id='word_1_118' title='bbox 225 1547 592 1598; x_wconf 87' lang='lat' dir='ltr'>terpretationem</span> <span class='ocrx_word' id='word_1_119' title='bbox 625 1549 829 1599; x_wconf 89' lang='lat' dir='ltr'>sequitur</span> <span class='ocrx_word' id='word_1_120' title='bbox 857 1547 1113 1588; x_wconf 88' lang='lat' dir='ltr'>Dillenbur-</span> 
     </span>
     <span class='ocr_line' id='line_1_19' title="bbox 226 1609 1112 1663; baseline 0.001 -14"><span class='ocrx_word' id='word_1_121' title='bbox 226 1620 319 1661; x_wconf 79' lang='lat' dir='ltr'>ger.</span> <span class='ocrx_word' id='word_1_122' title='bbox 365 1609 403 1660; x_wconf 71' lang='lat'>2)</span> <span class='ocrx_word' id='word_1_123' title='bbox 437 1612 710 1651; x_wconf 83' lang='lat' dir='ltr'>«coenantes</span> <span class='ocrx_word' id='word_1_124' title='bbox 752 1612 1028 1663; x_wconf 88' lang='lat' dir='ltr'>componunt</span> <span class='ocrx_word' id='word_1_125' title='bbox 1059 1622 1112 1650; x_wconf 80' lang='lat' dir='ltr'>ex</span> 
     </span>
     <span class='ocr_line' id='line_1_20' title="bbox 227 1674 1111 1726; baseline 0 -13"><span class='ocrx_word' id='word_1_126' title='bbox 227 1675 428 1725; x_wconf 84' lang='lat' dir='ltr'>tempore</span> <span class='ocrx_word' id='word_1_127' title='bbox 473 1674 673 1713; x_wconf 89' lang='lat' dir='ltr'>carmina</span> <span class='ocrx_word' id='word_1_128' title='bbox 717 1685 861 1726; x_wconf 90' lang='lat' dir='ltr'>eaque</span> <span class='ocrx_word' id='word_1_129' title='bbox 912 1674 1111 1714; x_wconf 71' lang='lat' dir='ltr'>convivis</span> 
     </span>
     <span class='ocr_line' id='line_1_21' title="bbox 224 1737 1112 1789; baseline 0 -13"><span class='ocrx_word' id='word_1_130' title='bbox 224 1737 455 1777; x_wconf 88' lang='lat' dir='ltr'>recitant.»</span> <span class='ocrx_word' id='word_1_131' title='bbox 518 1737 605 1776; x_wconf 94' lang='lat' dir='ltr'>Sed</span> <span class='ocrx_word' id='word_1_132' title='bbox 649 1738 769 1777; x_wconf 88' lang='lat' dir='ltr'>notio</span> <span class='ocrx_word' id='word_1_133' title='bbox 811 1737 1112 1789; x_wconf 90' lang='lat' dir='ltr'>componendi</span> 
     </span>
     <span class='ocr_line' id='line_1_22' title="bbox 225 1798 1113 1851; baseline -0.001 -12"><span class='ocrx_word' id='word_1_134' title='bbox 225 1811 280 1839; x_wconf 85' lang='lat' dir='ltr'>ex</span> <span class='ocrx_word' id='word_1_135' title='bbox 323 1801 526 1851; x_wconf 87' lang='lat' dir='ltr'>tempore</span> <span class='ocrx_word' id='word_1_136' title='bbox 570 1800 614 1839; x_wconf 90' lang='lat' dir='ltr'>in</span> <span class='ocrx_word' id='word_1_137' title='bbox 658 1798 847 1851; x_wconf 92' lang='lat' dir='ltr'>simplici</span> <span class='ocrx_word' id='word_1_138' title='bbox 876 1812 918 1839; x_wconf 82' lang='lat' dir='ltr'>v.</span> <span class='ocrx_word' id='word_1_139' title='bbox 952 1800 1113 1839; x_wconf 76' lang='lat' dir='ltr'>dictant</span> 
     </span>
     <span class='ocr_line' id='line_1_23' title="bbox 224 1860 1110 1914; baseline -0.002 -11"><span class='ocrx_word' id='word_1_140' title='bbox 224 1863 345 1903; x_wconf 90' lang='lat' dir='ltr'>certe</span> <span class='ocrx_word' id='word_1_141' title='bbox 375 1874 466 1902; x_wconf 91' lang='lat' dir='ltr'>non</span> <span class='ocrx_word' id='word_1_142' title='bbox 497 1863 627 1902; x_wconf 87' lang='lat' dir='ltr'>inest.</span> <span class='ocrx_word' id='word_1_143' title='bbox 679 1863 769 1913; x_wconf 81' lang='lat' dir='ltr'>Ego</span> <span class='ocrx_word' id='word_1_144' title='bbox 801 1863 864 1902; x_wconf 90' lang='lat' dir='ltr'>sic</span> <span class='ocrx_word' id='word_1_145' title='bbox 887 1860 1110 1914; x_wconf 85' lang='lat' dir='ltr'>explicare</span> 
     </span>
     <span class='ocr_line' id='line_1_24' title="bbox 223 1924 1110 1966; baseline -0.002 0"><span class='ocrx_word' id='word_1_146' title='bbox 223 1924 398 1966; x_wconf 88' lang='lat' dir='ltr'>malim:</span> <span class='ocrx_word' id='word_1_147' title='bbox 429 1924 546 1964; x_wconf 88' lang='lat' dir='ltr'>«Sub</span> <span class='ocrx_word' id='word_1_148' title='bbox 568 1924 705 1965; x_wconf 88' lang='lat' dir='ltr'>finem</span> <span class='ocrx_word' id='word_1_149' title='bbox 727 1936 893 1964; x_wconf 88' lang='lat' dir='ltr'>coenae</span> <span class='ocrx_word' id='word_1_150' title='bbox 913 1925 1110 1964; x_wconf 88' lang='lat' dir='ltr'>carmina</span> 
     </span>
     <span class='ocr_line' id='line_1_25' title="bbox 225 1987 1111 2039; baseline -0.001 -12"><span class='ocrx_word' id='word_1_151' title='bbox 225 1988 391 2039; x_wconf 87' lang='lat' dir='ltr'>(utique</span> <span class='ocrx_word' id='word_1_152' title='bbox 432 1988 556 2038; x_wconf 88' lang='lat' dir='ltr'>prius</span> <span class='ocrx_word' id='word_1_153' title='bbox 587 1987 847 2038; x_wconf 90' lang='lat' dir='ltr'>composita)</span> <span class='ocrx_word' id='word_1_154' title='bbox 885 1989 977 2026; x_wconf 87' lang='lat' dir='ltr'>tam</span> <span class='ocrx_word' id='word_1_155' title='bbox 1008 1998 1111 2038; x_wconf 83' lang='lat' dir='ltr'>gra-</span> 
     </span>
     <span class='ocr_line' id='line_1_26' title="bbox 222 2047 1106 2099; baseline 0.001 -11"><span class='ocrx_word' id='word_1_156' title='bbox 222 2051 337 2089; x_wconf 85' lang='lat' dir='ltr'>viter</span> <span class='ocrx_word' id='word_1_157' title='bbox 378 2047 463 2089; x_wconf 89' lang='lat' dir='ltr'>alta</span> <span class='ocrx_word' id='word_1_158' title='bbox 496 2051 539 2089; x_wconf 88' lang='lat' dir='ltr'>et</span> <span class='ocrx_word' id='word_1_159' title='bbox 569 2060 729 2089; x_wconf 90' lang='lat' dir='ltr'>sonora</span> <span class='ocrx_word' id='word_1_160' title='bbox 759 2060 872 2089; x_wconf 76' lang='lat' dir='ltr'>voce</span> <span class='ocrx_word' id='word_1_161' title='bbox 902 2050 1106 2099; x_wconf 89' lang='lat' dir='ltr'>recitant,</span> 
     </span>
     <span class='ocr_line' id='line_1_27' title="bbox 223 2111 1108 2163; baseline 0 -12"><span class='ocrx_word' id='word_1_162' title='bbox 223 2113 350 2163; x_wconf 90' lang='lat' dir='ltr'>quasi</span> <span class='ocrx_word' id='word_1_163' title='bbox 393 2123 418 2151; x_wconf 89' lang='lat' dir='ltr'>a</span> <span class='ocrx_word' id='word_1_164' title='bbox 463 2111 687 2161; x_wconf 78' lang='lat' dir='ltr'>convivis,</span> <span class='ocrx_word' id='word_1_165' title='bbox 735 2112 898 2162; x_wconf 92' lang='lat' dir='ltr'>quibus</span> <span class='ocrx_word' id='word_1_166' title='bbox 936 2113 1108 2152; x_wconf 87' lang='lat' dir='ltr'>interea</span> 
     </span>
     <span class='ocr_line' id='line_1_28' title="bbox 223 2173 1108 2225; baseline -0.001 -11"><span class='ocrx_word' id='word_1_167' title='bbox 223 2174 333 2214; x_wconf 89' lang='lat' dir='ltr'>dura</span> <span class='ocrx_word' id='word_1_168' title='bbox 384 2173 562 2213; x_wconf 87' lang='lat' dir='ltr'>tacendi</span> <span class='ocrx_word' id='word_1_169' title='bbox 606 2174 851 2214; x_wconf 85' lang='lat' dir='ltr'>necessitas</span> <span class='ocrx_word' id='word_1_170' title='bbox 900 2174 1108 2225; x_wconf 89' lang='lat' dir='ltr'>imposita</span> 
     </span>
     <span class='ocr_line' id='line_1_29' title="bbox 224 2235 1105 2288; baseline -0.007 -10"><span class='ocrx_word' id='word_1_171' title='bbox 224 2239 342 2287; x_wconf 89' lang='lat' dir='ltr'>erat,</span> <span class='ocrx_word' id='word_1_172' title='bbox 391 2235 563 2277; x_wconf 92' lang='lat' dir='ltr'>calamo</span> <span class='ocrx_word' id='word_1_173' title='bbox 609 2237 870 2288; x_wconf 84' lang='lat' dir='ltr'>excipienda</span> <span class='ocrx_word' id='word_1_174' title='bbox 909 2239 1105 2277; x_wconf 88' lang='lat' dir='ltr'>essent.»</span> 
     </span>
     <span class='ocr_line' id='line_1_30' title="bbox 223 2298 1103 2358; baseline -0.001 -18"><span class='ocrx_word' id='word_1_175' title='bbox 223 2301 292 2340; x_wconf 91' lang='lat' dir='ltr'>Sic</span> <span class='ocrx_word' id='word_1_176' title='bbox 316 2300 483 2340; x_wconf 83' lang='lat' dir='ltr'>senties</span> <span class='ocrx_word' id='word_1_177' title='bbox 503 2298 632 2339; x_wconf 82' lang='lat' dir='ltr'>verbi</span> <span class='ocrx_word' id='word_1_178' title='bbox 653 2301 823 2351; x_wconf 82' lang='lat' dir='ltr'>gratam</span> <span class='ocrx_word' id='word_1_179' title='bbox 846 2300 1103 2358; x_wconf 71' lang='grc' dir='ltr'><em>εἰρωνείαν.</em></span> 
     </span>
     <span class='ocr_line' id='line_1_31' title="bbox 227 2363 1108 2414; baseline 0.002 -12"><span class='ocrx_word' id='word_1_180' title='bbox 227 2385 270 2391; x_wconf 87' lang='grc'>-</span> <span class='ocrx_word' id='word_1_181' title='bbox 302 2363 467 2403; x_wconf 77' lang='lat' dir='ltr'>Parthis</span> <span class='ocrx_word' id='word_1_182' title='bbox 503 2364 765 2414; x_wconf 81' lang='lat' dir='ltr'>mendacior]</span> <span class='ocrx_word' id='word_1_183' title='bbox 812 2363 1108 2404; x_wconf 66' lang='lat' dir='ltr'>Proverbium</span> 
     </span>
     <span class='ocr_line' id='line_1_32' title="bbox 223 2425 1106 2475; baseline 0.001 -10"><span class='ocrx_word' id='word_1_184' title='bbox 223 2426 313 2475; x_wconf 87' lang='lat' dir='ltr'>est,</span> <span class='ocrx_word' id='word_1_185' title='bbox 358 2427 408 2465; x_wconf 85' lang='lat' dir='ltr'>ut</span> <span class='ocrx_word' id='word_1_186' title='bbox 447 2425 503 2465; x_wconf 91' lang='lat' dir='ltr'>de</span> <span class='ocrx_word' id='word_1_187' title='bbox 543 2427 707 2466; x_wconf 89' lang='lat' dir='ltr'>Punica</span> <span class='ocrx_word' id='word_1_188' title='bbox 745 2427 789 2466; x_wconf 90' lang='lat' dir='ltr'>et</span> <span class='ocrx_word' id='word_1_189' title='bbox 820 2428 985 2467; x_wconf 87' lang='lat' dir='ltr'>Graeca</span> <span class='ocrx_word' id='word_1_190' title='bbox 1018 2426 1106 2467; x_wconf 91' lang='lat' dir='ltr'>fide</span> 
     </span>
     <span class='ocr_line' id='line_1_33' title="bbox 221 2483 1102 2542; baseline 0.002 -15"><span class='ocrx_word' id='word_1_191' title='bbox 221 2499 274 2528; x_wconf 90' lang='lat' dir='ltr'>ac</span> <span class='ocrx_word' id='word_1_192' title='bbox 316 2487 371 2527; x_wconf 89' lang='lat' dir='ltr'>de</span> <span class='ocrx_word' id='word_1_193' title='bbox 415 2488 704 2530; x_wconf 88' lang='lat' dir='ltr'>Cretensibus</span> <span class='ocrx_word' id='word_1_194' title='bbox 742 2483 818 2529; x_wconf 77' lang='grc' dir='ltr'>ἀεὶ</span> <span class='ocrx_word' id='word_1_195' title='bbox 846 2493 1102 2542; x_wconf 74' lang='grc' dir='ltr'><strong><em>ψευσταῑς.</em></strong></span> 
     </span>
     <span class='ocr_line' id='line_1_34' title="bbox 223 2550 1103 2604; baseline 0.001 -13"><span class='ocrx_word' id='word_1_196' title='bbox 223 2552 292 2591; x_wconf 91' lang='lat' dir='ltr'>Sic</span> <span class='ocrx_word' id='word_1_197' title='bbox 322 2551 402 2591; x_wconf 90' lang='lat' dir='ltr'>od.</span> <span class='ocrx_word' id='word_1_198' title='bbox 427 2550 472 2601; x_wconf 81' lang='lat'>4,</span> <span class='ocrx_word' id='word_1_199' title='bbox 506 2553 579 2601; x_wconf 85' lang='grc'>45,</span> <span class='ocrx_word' id='word_1_200' title='bbox 603 2552 678 2591; x_wconf 68' lang='lat'>23:</span> <span class='ocrx_word' id='word_1_201' title='bbox 711 2552 829 2604; x_wconf 77' lang='lat' dir='ltr'>infidi</span> <span class='ocrx_word' id='word_1_202' title='bbox 857 2554 1020 2593; x_wconf 79' lang='lat' dir='ltr'>Persae.</span> <span class='ocrx_word' id='word_1_203' title='bbox 1058 2576 1103 2581; x_wconf 89' lang='lat'>—</span> 
     </span>
     <span class='ocr_line' id='line_1_35' title="bbox 221 2612 1102 2665; baseline 0.002 -13"><span class='ocrx_word' id='word_1_204' title='bbox 221 2613 447 2665; x_wconf 78' lang='lat' dir='ltr'>calamum]</span> <span class='ocrx_word' id='word_1_205' title='bbox 493 2612 600 2653; x_wconf 92' lang='lat' dir='ltr'>Plin.</span> <span class='ocrx_word' id='word_1_206' title='bbox 633 2615 684 2654; x_wconf 94' lang='lat' dir='ltr'>H.</span> <span class='ocrx_word' id='word_1_207' title='bbox 717 2616 766 2654; x_wconf 92' lang='lat' dir='ltr'>N.</span> <span class='ocrx_word' id='word_1_208' title='bbox 802 2615 873 2665; x_wconf 87' lang='grc'>46,</span> <span class='ocrx_word' id='word_1_209' title='bbox 912 2615 986 2664; x_wconf 85' lang='grc'>36,</span> <span class='ocrx_word' id='word_1_210' title='bbox 1025 2614 1102 2656; x_wconf 78' lang='lat'>64:</span> 
     </span>
     <span class='ocr_line' id='line_1_36' title="bbox 222 2676 1108 2729; baseline 0 -12"><span class='ocrx_word' id='word_1_211' title='bbox 222 2676 386 2717; x_wconf 78' lang='lat' dir='ltr'>Chartis</span> <span class='ocrx_word' id='word_1_212' title='bbox 404 2676 591 2716; x_wconf 77' lang='lat' dir='ltr'>serviunt</span> <span class='ocrx_word' id='word_1_213' title='bbox 609 2676 785 2726; x_wconf 81' lang='lat' dir='ltr'>calami,</span> <span class='ocrx_word' id='word_1_214' title='bbox 807 2678 998 2729; x_wconf 63' lang='lat' dir='ltr'>Aegyptii</span> <span class='ocrx_word' id='word_1_215' title='bbox 1017 2689 1108 2717; x_wconf 79' lang='lat' dir='ltr'>ma-</span> 
     </span>
     <span class='ocr_line' id='line_1_37' title="bbox 219 2739 1102 2791; baseline 0.002 -13"><span class='ocrx_word' id='word_1_216' title='bbox 219 2739 358 2789; x_wconf 67' lang='lat' dir='ltr'>oeime,</span> <span class='ocrx_word' id='word_1_217' title='bbox 405 2739 654 2790; x_wconf 69' lang='lat' dir='ltr'>coynatione</span> <span class='ocrx_word' id='word_1_218' title='bbox 701 2740 888 2788; x_wconf 82' lang='lat' dir='ltr'>quadam</span> <span class='ocrx_word' id='word_1_219' title='bbox 928 2741 1102 2791; x_wconf 71' lang='lat' dir='ltr'>papyri.</span> 
     </span>
     <span class='ocr_line' id='line_1_38' title="bbox 220 2803 1107 2854; baseline 0.001 -12"><span class='ocrx_word' id='word_1_220' title='bbox 220 2803 483 2842; x_wconf 81' lang='lat' dir='ltr'>Probatiores</span> <span class='ocrx_word' id='word_1_221' title='bbox 521 2806 660 2841; x_wconf 80' lang='lat' dir='ltr'>tamen</span> <span class='ocrx_word' id='word_1_222' title='bbox 703 2803 846 2842; x_wconf 78' lang='lat' dir='ltr'>Gnidii</span> <span class='ocrx_word' id='word_1_223' title='bbox 887 2807 924 2843; x_wconf 77' lang='lat' dir='ltr'>ei</span> <span class='ocrx_word' id='word_1_224' title='bbox 964 2805 1034 2854; x_wconf 82' lang='lat' dir='ltr'>qui</span> <span class='ocrx_word' id='word_1_225' title='bbox 1063 2804 1107 2843; x_wconf 83' lang='lat' dir='ltr'>in</span> 
     </span>
     <span class='ocr_line' id='line_1_39' title="bbox 223 2864 1107 2907; baseline 0.003 -3"><span class='ocrx_word' id='word_1_226' title='bbox 223 2865 323 2905; x_wconf 83' lang='lat' dir='ltr'>Asia</span> <span class='ocrx_word' id='word_1_227' title='bbox 352 2865 468 2904; x_wconf 85' lang='lat' dir='ltr'>circa</span> <span class='ocrx_word' id='word_1_228' title='bbox 486 2864 726 2905; x_wconf 81' lang='lat' dir='ltr'>Anaiticum</span> <span class='ocrx_word' id='word_1_229' title='bbox 755 2865 895 2905; x_wconf 82' lang='lat' dir='ltr'>lacum</span> <span class='ocrx_word' id='word_1_230' title='bbox 922 2877 1107 2907; x_wconf 76' lang='lat' dir='ltr'>nascun-</span> 
     </span>
     <span class='ocr_line' id='line_1_40' title="bbox 222 2928 1103 2981; baseline 0.003 -13"><span class='ocrx_word' id='word_1_231' title='bbox 222 2933 305 2968; x_wconf 67' lang='lat' dir='ltr'>tur.</span> <span class='ocrx_word' id='word_1_232' title='bbox 342 2952 387 2956; x_wconf 87' lang='lat'>—-</span> <span class='ocrx_word' id='word_1_233' title='bbox 419 2929 598 2981; x_wconf 78' lang='lat' dir='ltr'>scrinia]</span> <span class='ocrx_word' id='word_1_234' title='bbox 639 2928 862 2970; x_wconf 89' lang='lat' dir='ltr'>librariola</span> <span class='ocrx_word' id='word_1_235' title='bbox 909 2930 1013 2981; x_wconf 87' lang='lat' dir='ltr'>(Cic.</span> <span class='ocrx_word' id='word_1_236' title='bbox 1048 2931 1103 2972; x_wconf 89' lang='lat' dir='ltr'>de</span> 
     </span>
     <span class='ocr_line' id='line_1_41' title="bbox 224 2992 1104 3045; baseline 0.002 -13"><span class='ocrx_word' id='word_1_237' title='bbox 224 2994 353 3041; x_wconf 82' lang='lat' dir='ltr'>Legg.</span> <span class='ocrx_word' id='word_1_238' title='bbox 381 2992 428 3040; x_wconf 89' lang='grc'>4,</span> <span class='ocrx_word' id='word_1_239' title='bbox 462 2992 508 3040; x_wconf 71' lang='lat'>2,</span> <span class='ocrx_word' id='word_1_240' title='bbox 533 2992 615 3042; x_wconf 86' lang='lat'>7.),</span> <span class='ocrx_word' id='word_1_241' title='bbox 649 3003 833 3044; x_wconf 85' lang='lat' dir='ltr'>capsae,</span> <span class='ocrx_word' id='word_1_242' title='bbox 866 2994 909 3033; x_wconf 85' lang='lat' dir='ltr'>in</span> <span class='ocrx_word' id='word_1_243' title='bbox 941 2994 1104 3045; x_wconf 89' lang='lat' dir='ltr'>quibus</span> 
     </span>
     <span class='ocr_line' id='line_1_42' title="bbox 223 3053 1102 3105; baseline 0.003 -12"><span class='ocrx_word' id='word_1_244' title='bbox 223 3053 359 3094; x_wconf 88' lang='lat' dir='ltr'>libros</span> <span class='ocrx_word' id='word_1_245' title='bbox 381 3054 425 3092; x_wconf 91' lang='lat' dir='ltr'>et</span> <span class='ocrx_word' id='word_1_246' title='bbox 445 3053 620 3094; x_wconf 90' lang='lat' dir='ltr'>chartas</span> <span class='ocrx_word' id='word_1_247' title='bbox 637 3055 942 3105; x_wconf 86' lang='lat' dir='ltr'>asservabant,</span> <span class='ocrx_word' id='word_1_248' title='bbox 967 3058 1102 3096; x_wconf 90' lang='lat' dir='ltr'>etiam</span> 
     </span>
     <span class='ocr_line' id='line_1_43' title="bbox 221 3114 1100 3170; baseline 0.002 -13"><span class='ocrx_word' id='word_1_249' title='bbox 221 3114 497 3167; x_wconf 83' lang='lat' dir='ltr'>singulorum</span> <span class='ocrx_word' id='word_1_250' title='bbox 552 3115 827 3157; x_wconf 88' lang='lat' dir='ltr'>voluminum</span> <span class='ocrx_word' id='word_1_251' title='bbox 876 3118 1100 3170; x_wconf 86' lang='lat' dir='ltr'>capsulae.</span> 
     </span>
     <span class='ocr_line' id='line_1_44' title="bbox 223 3178 1104 3233; baseline 0.001 -13"><span class='ocrx_word' id='word_1_252' title='bbox 223 3180 293 3220; x_wconf 91' lang='lat' dir='ltr'>Sic</span> <span class='ocrx_word' id='word_1_253' title='bbox 323 3178 447 3218; x_wconf 77' lang='lat' dir='ltr'>Ovid.</span> <span class='ocrx_word' id='word_1_254' title='bbox 471 3179 598 3220; x_wconf 90' lang='lat' dir='ltr'>Trist.</span> <span class='ocrx_word' id='word_1_255' title='bbox 625 3179 641 3217; x_wconf 92' lang='grc'>4</span> <span class='ocrx_word' id='word_1_256' title='bbox 663 3210 672 3228; x_wconf 97' lang='grc'>,</span> <span class='ocrx_word' id='word_1_257' title='bbox 701 3179 716 3217; x_wconf 96' lang='grc'>4</span> <span class='ocrx_word' id='word_1_258' title='bbox 738 3210 747 3228; x_wconf 97' lang='grc'>,</span> <span class='ocrx_word' id='word_1_259' title='bbox 773 3180 874 3219; x_wconf 82' lang='grc'>406;</span> <span class='ocrx_word' id='word_1_260' title='bbox 910 3181 1104 3233; x_wconf 68' lang='lat' dir='ltr'>Contiye—</span> 
     </span>
     <span class='ocr_line' id='line_1_45' title="bbox 222 3242 1099 3292; baseline 0.002 -10"><span class='ocrx_word' id='word_1_261' title='bbox 222 3243 361 3292; x_wconf 74' lang='lat' dir='ltr'>risque</span> <span class='ocrx_word' id='word_1_262' title='bbox 379 3246 497 3281; x_wconf 76' lang='lat' dir='ltr'>tuam</span> <span class='ocrx_word' id='word_1_263' title='bbox 512 3274 525 3291; x_wconf 78' lang='lat'>,</span> <span class='ocrx_word' id='word_1_264' title='bbox 556 3242 715 3281; x_wconf 84' lang='lat' dir='ltr'>scrinia</span> <span class='ocrx_word' id='word_1_265' title='bbox 733 3253 887 3291; x_wconf 78' lang='lat' dir='ltr'>curva,</span> <span class='ocrx_word' id='word_1_266' title='bbox 916 3244 1099 3284; x_wconf 76' lang='lat' dir='ltr'>domimi.</span> 
     </span>
     <span class='ocr_line' id='line_1_46' title="bbox 222 3302 1104 3354; baseline 0.001 -9"><span class='ocrx_word' id='word_1_267' title='bbox 222 3304 372 3345; x_wconf 81' lang='lat' dir='ltr'>Pollux</span> <span class='ocrx_word' id='word_1_268' title='bbox 402 3305 476 3354; x_wconf 91' lang='grc'>40,</span> <span class='ocrx_word' id='word_1_269' title='bbox 515 3304 581 3345; x_wconf 89' lang='grc'>64.</span> <span class='ocrx_word' id='word_1_270' title='bbox 630 3315 679 3344; x_wconf 87' lang='lat' dir='ltr'>ea</span> <span class='ocrx_word' id='word_1_271' title='bbox 726 3306 855 3344; x_wconf 85' lang='lat' dir='ltr'>vocat</span> <span class='ocrx_word' id='word_1_272' title='bbox 900 3302 1104 3354; x_wconf 80' lang='grc' dir='ltr'><em>κιβώτια</em></span> 
     </span>
     <span class='ocr_line' id='line_1_47' title="bbox 223 3364 1099 3425; baseline 0.001 -18"><span class='ocrx_word' id='word_1_273' title='bbox 223 3364 629 3425; x_wconf 59' lang='grc' dir='ltr'><em>γραμματοφόρος.</em></span> <span class='ocrx_word' id='word_1_274' title='bbox 666 3366 729 3407; x_wconf 85' lang='lat' dir='ltr'>Cf.</span> <span class='ocrx_word' id='word_1_275' title='bbox 754 3365 859 3407; x_wconf 77' lang='lat' dir='ltr'>plin.</span> <span class='ocrx_word' id='word_1_276' title='bbox 884 3368 933 3407; x_wconf 90' lang='lat' dir='ltr'>H.</span> <span class='ocrx_word' id='word_1_277' title='bbox 958 3369 1007 3407; x_wconf 93' lang='lat' dir='ltr'>N.</span> <span class='ocrx_word' id='word_1_278' title='bbox 1035 3369 1099 3417; x_wconf 92' lang='grc'>46,</span> 
     </span>
     <span class='ocr_line' id='line_1_48' title="bbox 225 3429 1099 3480; baseline -0.002 -9"><span class='ocrx_word' id='word_1_279' title='bbox 225 3431 297 3480; x_wconf 78' lang='grc'>43,</span> <span class='ocrx_word' id='word_1_280' title='bbox 329 3431 395 3471; x_wconf 72' lang='grc'>84.</span> <span class='ocrx_word' id='word_1_281' title='bbox 442 3432 611 3472; x_wconf 82' lang='lat' dir='ltr'>Becker</span> <span class='ocrx_word' id='word_1_282' title='bbox 642 3430 787 3470; x_wconf 72' lang='lat' dir='ltr'>Gallus</span> <span class='ocrx_word' id='word_1_283' title='bbox 818 3430 902 3480; x_wconf 86' lang='lat' dir='ltr'>(ed.</span> <span class='ocrx_word' id='word_1_284' title='bbox 927 3429 1018 3480; x_wconf 90' lang='lat' dir='ltr'>alt.)</span> <span class='ocrx_word' id='word_1_285' title='bbox 1050 3432 1099 3470; x_wconf 81' lang='lat' dir='ltr'>II.</span> 
     </span>
     <span class='ocr_line' id='line_1_49' title="bbox 224 3494 477 3544; baseline 0.004 -12"><span class='ocrx_word' id='word_1_286' title='bbox 224 3505 266 3544; x_wconf 85' lang='lat' dir='ltr'>p.</span> <span class='ocrx_word' id='word_1_287' title='bbox 300 3494 378 3534; x_wconf 74' lang='lat'>326</span> <span class='ocrx_word' id='word_1_288' title='bbox 410 3505 477 3544; x_wconf 75' lang='lat' dir='ltr'>sq.</span> 
     </span>
    </p>
   </div>
   <div class='ocr_carea' id='block_1_10' title="bbox 1166 1236 2070 3539">
    <p class='ocr_par' dir='ltr' id='par_1_10' title="bbox 1166 1236 2070 3539">
     <span class='ocr_line' id='line_1_50' title="bbox 1235 1236 2064 1291; baseline 0.006 -15"><span class='ocrx_word' id='word_1_289' title='bbox 1235 1237 1250 1276; x_wconf 91' lang='grc'>4</span> <span class='ocrx_word' id='word_1_290' title='bbox 1264 1238 1277 1276; x_wconf 94' lang='grc'>4</span> <span class='ocrx_word' id='word_1_291' title='bbox 1289 1236 1358 1277; x_wconf 58' lang='lat'>4-21</span> <span class='ocrx_word' id='word_1_292' title='bbox 1371 1238 1435 1277; x_wconf 85' lang='grc'>47.</span> <span class='ocrx_word' id='word_1_293' title='bbox 1478 1239 1635 1278; x_wconf 69' lang='lat' dir='ltr'>Navim</span> <span class='ocrx_word' id='word_1_294' title='bbox 1665 1239 1768 1291; x_wconf 90' lang='lat' dir='ltr'>cet.]</span> <span class='ocrx_word' id='word_1_295' title='bbox 1801 1240 1963 1281; x_wconf 89' lang='lat' dir='ltr'>Similia</span> <span class='ocrx_word' id='word_1_296' title='bbox 1994 1252 2064 1281; x_wconf 92' lang='lat' dir='ltr'>re-</span> 
     </span>
     <span class='ocr_line' id='line_1_51' title="bbox 1175 1299 2062 1352; baseline 0.006 -15"><span class='ocrx_word' id='word_1_297' title='bbox 1175 1299 1324 1349; x_wconf 88' lang='lat' dir='ltr'>peries</span> <span class='ocrx_word' id='word_1_298' title='bbox 1341 1300 1390 1339; x_wconf 81' lang='lat' dir='ltr'>A.</span> <span class='ocrx_word' id='word_1_299' title='bbox 1413 1302 1457 1339; x_wconf 92' lang='lat' dir='ltr'>P.</span> <span class='ocrx_word' id='word_1_300' title='bbox 1480 1300 1558 1340; x_wconf 83' lang='lat'>379</span> <span class='ocrx_word' id='word_1_301' title='bbox 1576 1312 1675 1352; x_wconf 85' lang='lat' dir='ltr'>sqq.</span> <span class='ocrx_word' id='word_1_302' title='bbox 1700 1303 1744 1341; x_wconf 90' lang='lat' dir='ltr'>et</span> <span class='ocrx_word' id='word_1_303' title='bbox 1766 1304 1861 1342; x_wconf 88' lang='lat' dir='ltr'>erat</span> <span class='ocrx_word' id='word_1_304' title='bbox 1882 1303 2062 1343; x_wconf 90' lang='lat' dir='ltr'>omnino</span> 
     </span>
     <span class='ocr_line' id='line_1_52' title="bbox 1175 1359 2066 1405; baseline 0.007 -6"><span class='ocrx_word' id='word_1_305' title='bbox 1175 1359 1299 1401; x_wconf 88' lang='lat' dir='ltr'>locus</span> <span class='ocrx_word' id='word_1_306' title='bbox 1344 1363 1594 1402; x_wconf 87' lang='lat' dir='ltr'>communis</span> <span class='ocrx_word' id='word_1_307' title='bbox 1627 1365 1671 1403; x_wconf 89' lang='lat' dir='ltr'>et</span> <span class='ocrx_word' id='word_1_308' title='bbox 1701 1375 1723 1403; x_wconf 93' lang='lat' dir='ltr'>a</span> <span class='ocrx_word' id='word_1_309' title='bbox 1756 1365 1989 1404; x_wconf 85' lang='lat' dir='ltr'>Socraticis</span> <span class='ocrx_word' id='word_1_310' title='bbox 2021 1367 2066 1405; x_wconf 85' lang='lat' dir='ltr'>et</span> 
     </span>
     <span class='ocr_line' id='line_1_53' title="bbox 1176 1424 2060 1479; baseline 0.007 -18"><span class='ocrx_word' id='word_1_311' title='bbox 1176 1434 1201 1461; x_wconf 88' lang='lat' dir='ltr'>a</span> <span class='ocrx_word' id='word_1_312' title='bbox 1252 1424 1467 1474; x_wconf 90' lang='lat' dir='ltr'>Sophistis</span> <span class='ocrx_word' id='word_1_313' title='bbox 1517 1425 1791 1466; x_wconf 89' lang='lat' dir='ltr'>decantatus.</span> <span class='ocrx_word' id='word_1_314' title='bbox 1856 1428 2060 1479; x_wconf 88' lang='lat' dir='ltr'>Xenoph.</span> 
     </span>
     <span class='ocr_line' id='line_1_54' title="bbox 1175 1486 2063 1540; baseline 0.007 -16"><span class='ocrx_word' id='word_1_315' title='bbox 1175 1486 1309 1525; x_wconf 89' lang='lat' dir='ltr'>Mem.</span> <span class='ocrx_word' id='word_1_316' title='bbox 1336 1486 1375 1535; x_wconf 84' lang='lat'>3,</span> <span class='ocrx_word' id='word_1_317' title='bbox 1401 1488 1441 1536; x_wconf 84' lang='lat'>5,</span> <span class='ocrx_word' id='word_1_318' title='bbox 1466 1488 1532 1527; x_wconf 69' lang='grc'>24.</span> <span class='ocrx_word' id='word_1_319' title='bbox 1568 1489 1681 1529; x_wconf 81' lang='lat' dir='ltr'>Max.</span> <span class='ocrx_word' id='word_1_320' title='bbox 1716 1491 1817 1540; x_wconf 87' lang='lat' dir='ltr'>Tyr.</span> <span class='ocrx_word' id='word_1_321' title='bbox 1843 1490 1882 1540; x_wconf 87' lang='lat'>9,</span> <span class='ocrx_word' id='word_1_322' title='bbox 1909 1491 1946 1530; x_wconf 96' lang='grc'>4.</span> <span class='ocrx_word' id='word_1_323' title='bbox 1982 1491 2063 1530; x_wconf 94' lang='lat' dir='ltr'>Dio</span> 
     </span>
     <span class='ocr_line' id='line_1_55' title="bbox 1176 1547 2059 1604; baseline 0.007 -18"><span class='ocrx_word' id='word_1_324' title='bbox 1176 1547 1407 1598; x_wconf 82' lang='lat' dir='ltr'>Chrysost.</span> <span class='ocrx_word' id='word_1_325' title='bbox 1433 1551 1505 1589; x_wconf 89' lang='lat' dir='ltr'>Or.</span> <span class='ocrx_word' id='word_1_326' title='bbox 1532 1551 1597 1590; x_wconf 89' lang='grc'>40.</span> <span class='ocrx_word' id='word_1_327' title='bbox 1621 1562 1664 1602; x_wconf 90' lang='lat' dir='ltr'>p.</span> <span class='ocrx_word' id='word_1_328' title='bbox 1689 1551 1783 1591; x_wconf 74' lang='lat'>302.</span> <span class='ocrx_word' id='word_1_329' title='bbox 1818 1553 1888 1591; x_wconf 88' lang='lat' dir='ltr'>Or.</span> <span class='ocrx_word' id='word_1_330' title='bbox 1915 1552 1981 1592; x_wconf 91' lang='grc'>43.</span> <span class='ocrx_word' id='word_1_331' title='bbox 2014 1563 2059 1604; x_wconf 94' lang='lat' dir='ltr'>p.</span> 
     </span>
     <span class='ocr_line' id='line_1_56' title="bbox 1175 1608 2064 1665; baseline 0.006 -16"><span class='ocrx_word' id='word_1_332' title='bbox 1175 1608 1270 1650; x_wconf 65' lang='lat'>426.</span> <span class='ocrx_word' id='word_1_333' title='bbox 1296 1611 1342 1650; x_wconf 87' lang='lat' dir='ltr'>R.</span> <span class='ocrx_word' id='word_1_334' title='bbox 1371 1634 1416 1639; x_wconf 70' lang='grc'>--</span> <span class='ocrx_word' id='word_1_335' title='bbox 1440 1612 1618 1663; x_wconf 68' lang='lat' dir='ltr'>igynarus</span> <span class='ocrx_word' id='word_1_336' title='bbox 1644 1613 1775 1665; x_wconf 80' lang='lat' dir='ltr'>navis]</span> <span class='ocrx_word' id='word_1_337' title='bbox 1810 1614 1965 1654; x_wconf 89' lang='lat' dir='ltr'>«navis</span> <span class='ocrx_word' id='word_1_338' title='bbox 1986 1625 2064 1665; x_wconf 81' lang='lat' dir='ltr'>gu-</span> 
     </span>
     <span class='ocr_line' id='line_1_57' title="bbox 1173 1671 2057 1717; baseline 0.008 -7"><span class='ocrx_word' id='word_1_339' title='bbox 1173 1671 1434 1712; x_wconf 86' lang='lat' dir='ltr'>bernandae</span> <span class='ocrx_word' id='word_1_340' title='bbox 1467 1675 1607 1714; x_wconf 87' lang='lat' dir='ltr'>artem</span> <span class='ocrx_word' id='word_1_341' title='bbox 1645 1686 1734 1715; x_wconf 92' lang='lat' dir='ltr'>non</span> <span class='ocrx_word' id='word_1_342' title='bbox 1765 1674 1976 1717; x_wconf 89' lang='lat' dir='ltr'>callens.»</span> <span class='ocrx_word' id='word_1_343' title='bbox 2010 1698 2057 1704; x_wconf 93' lang='lat'>—</span> 
     </span>
     <span class='ocr_line' id='line_1_58' title="bbox 1175 1735 2057 1788; baseline 0.007 -15"><span class='ocrx_word' id='word_1_344' title='bbox 1175 1735 1437 1787; x_wconf 75' lang='lat' dir='ltr'>abrotonum]</span> <span class='ocrx_word' id='word_1_345' title='bbox 1462 1739 1689 1778; x_wconf 88' lang='lat' dir='ltr'>artemisia</span> <span class='ocrx_word' id='word_1_346' title='bbox 1705 1737 1975 1779; x_wconf 89' lang='lat' dir='ltr'>abrotonum</span> <span class='ocrx_word' id='word_1_347' title='bbox 1992 1740 2057 1788; x_wconf 89' lang='lat' dir='ltr'>L.,</span> 
     </span>
     <span class='ocr_line' id='line_1_59' title="bbox 1174 1798 2056 1851; baseline 0.005 -14"><span class='ocrx_word' id='word_1_348' title='bbox 1174 1798 1462 1839; x_wconf 72' lang='lat' dir='ltr'>Stabwurz.</span> <span class='ocrx_word' id='word_1_349' title='bbox 1498 1799 1854 1851; x_wconf 66' lang='grc' dir='ltr'>Ρ11ι].Η.Ν.24,</span> <span class='ocrx_word' id='word_1_350' title='bbox 1886 1802 1954 1851; x_wconf 60' lang='lat'>211,</span> <span class='ocrx_word' id='word_1_351' title='bbox 1980 1801 2056 1841; x_wconf 77' lang='lat'>92:</span> 
     </span>
     <span class='ocr_line' id='line_1_60' title="bbox 1179 1863 2060 1913; baseline 0.003 -13"><span class='ocrx_word' id='word_1_352' title='bbox 1179 1863 1280 1901; x_wconf 80' lang='lat' dir='ltr'>Usus</span> <span class='ocrx_word' id='word_1_353' title='bbox 1308 1866 1346 1901; x_wconf 76' lang='lat' dir='ltr'>et</span> <span class='ocrx_word' id='word_1_354' title='bbox 1372 1863 1504 1913; x_wconf 82' lang='lat' dir='ltr'>foliis,</span> <span class='ocrx_word' id='word_1_355' title='bbox 1550 1864 1619 1903; x_wconf 85' lang='lat' dir='ltr'>sed</span> <span class='ocrx_word' id='word_1_356' title='bbox 1657 1863 1799 1903; x_wconf 73' lang='lat' dir='ltr'>maior</span> <span class='ocrx_word' id='word_1_357' title='bbox 1828 1865 1974 1903; x_wconf 78' lang='lat' dir='ltr'>semini</span> <span class='ocrx_word' id='word_1_358' title='bbox 2004 1865 2060 1903; x_wconf 83' lang='lat' dir='ltr'>ad</span> 
     </span>
     <span class='ocr_line' id='line_1_61' title="bbox 1174 1925 2061 1976; baseline 0.002 -12"><span class='ocrx_word' id='word_1_359' title='bbox 1174 1925 1556 1976; x_wconf 64' lang='lat' dir='ltr'>excalfacienduim</span> <span class='ocrx_word' id='word_1_360' title='bbox 1580 1926 1670 1966; x_wconf 85' lang='lat' dir='ltr'>ideo</span> <span class='ocrx_word' id='word_1_361' title='bbox 1686 1927 1825 1966; x_wconf 70' lang='lat' dir='ltr'>nervis</span> <span class='ocrx_word' id='word_1_362' title='bbox 1839 1927 1952 1976; x_wconf 71' lang='lat' dir='ltr'>utile,</span> <span class='ocrx_word' id='word_1_363' title='bbox 1977 1931 2061 1966; x_wconf 81' lang='lat' dir='ltr'>tus-</span> 
     </span>
     <span class='ocr_line' id='line_1_62' title="bbox 1172 1988 2059 2041; baseline 0.002 -15"><span class='ocrx_word' id='word_1_364' title='bbox 1172 1989 1231 2037; x_wconf 82' lang='lat' dir='ltr'>si,</span> <span class='ocrx_word' id='word_1_365' title='bbox 1277 1988 1555 2037; x_wconf 80' lang='lat' dir='ltr'>orthopnoeae</span> <span class='ocrx_word' id='word_1_366' title='bbox 1586 1990 1670 2028; x_wconf 91' lang='lat' dir='ltr'>cet.</span> <span class='ocrx_word' id='word_1_367' title='bbox 1715 2012 1759 2016; x_wconf 97' lang='lat'><strong>—</strong></span> <span class='ocrx_word' id='word_1_368' title='bbox 1801 1990 1872 2039; x_wconf 79' lang='lat' dir='ltr'>qui</span> <span class='ocrx_word' id='word_1_369' title='bbox 1901 1989 2059 2041; x_wconf 75' lang='lat' dir='ltr'>didicit]</span> 
     </span>
     <span class='ocr_line' id='line_1_63' title="bbox 1174 2051 2058 2104; baseline 0.007 -17"><span class='ocrx_word' id='word_1_370' title='bbox 1174 2051 1386 2103; x_wconf 85' lang='lat' dir='ltr'>«quando</span> <span class='ocrx_word' id='word_1_371' title='bbox 1426 2053 1470 2091; x_wconf 90' lang='lat' dir='ltr'>et</span> <span class='ocrx_word' id='word_1_372' title='bbox 1501 2053 1717 2103; x_wconf 88' lang='lat' dir='ltr'>quantum</span> <span class='ocrx_word' id='word_1_373' title='bbox 1749 2053 1844 2093; x_wconf 88' lang='lat' dir='ltr'>eius</span> <span class='ocrx_word' id='word_1_374' title='bbox 1875 2054 2058 2104; x_wconf 82' lang='lat' dir='ltr'>aegroto</span> 
     </span>
     <span class='ocr_line' id='line_1_64' title="bbox 1172 2113 2058 2156; baseline 0.002 -3"><span class='ocrx_word' id='word_1_375' title='bbox 1172 2113 1371 2154; x_wconf 91' lang='lat' dir='ltr'>dandum</span> <span class='ocrx_word' id='word_1_376' title='bbox 1409 2115 1508 2154; x_wconf 87' lang='lat' dir='ltr'>sit.»</span> <span class='ocrx_word' id='word_1_377' title='bbox 1558 2138 1602 2142; x_wconf 82' lang='lat'><em>—</em></span> <span class='ocrx_word' id='word_1_378' title='bbox 1652 2115 1792 2155; x_wconf 88' lang='lat' dir='ltr'>«Mire</span> <span class='ocrx_word' id='word_1_379' title='bbox 1833 2114 1940 2155; x_wconf 78' lang='lat' dir='ltr'>dixit</span> <span class='ocrx_word' id='word_1_380' title='bbox 1968 2127 2058 2156; x_wconf 89' lang='lat' dir='ltr'>non</span> 
     </span>
     <span class='ocr_line' id='line_1_65' title="bbox 1170 2175 2058 2229; baseline 0.003 -14"><span class='ocrx_word' id='word_1_381' title='bbox 1170 2175 1476 2225; x_wconf 87' lang='lat' dir='ltr'>helleborum,</span> <span class='ocrx_word' id='word_1_382' title='bbox 1510 2176 1591 2217; x_wconf 89' lang='lat' dir='ltr'>sed</span> <span class='ocrx_word' id='word_1_383' title='bbox 1611 2176 1902 2226; x_wconf 88' lang='lat' dir='ltr'>abrotonum,</span> <span class='ocrx_word' id='word_1_384' title='bbox 1937 2178 2058 2229; x_wconf 89' lang='lat' dir='ltr'>quod</span> 
     </span>
     <span class='ocr_line' id='line_1_66' title="bbox 1172 2237 2058 2290; baseline 0.002 -12"><span class='ocrx_word' id='word_1_385' title='bbox 1172 2239 1343 2278; x_wconf 89' lang='lat' dir='ltr'>minore</span> <span class='ocrx_word' id='word_1_386' title='bbox 1374 2237 1574 2290; x_wconf 87' lang='lat' dir='ltr'>periculo</span> <span class='ocrx_word' id='word_1_387' title='bbox 1597 2239 1729 2279; x_wconf 87' lang='lat' dir='ltr'>etiam</span> <span class='ocrx_word' id='word_1_388' title='bbox 1750 2239 1956 2280; x_wconf 90' lang='lat' dir='ltr'>indoctus</span> <span class='ocrx_word' id='word_1_389' title='bbox 1977 2241 2058 2280; x_wconf 89' lang='lat' dir='ltr'>mi-</span> 
     </span>
     <span class='ocr_line' id='line_1_67' title="bbox 1172 2301 2053 2353; baseline 0 -12"><span class='ocrx_word' id='word_1_390' title='bbox 1172 2312 1300 2341; x_wconf 91' lang='lat' dir='ltr'>scere</span> <span class='ocrx_word' id='word_1_391' title='bbox 1331 2303 1481 2353; x_wconf 87' lang='lat' dir='ltr'>potest</span> <span class='ocrx_word' id='word_1_392' title='bbox 1511 2313 1563 2341; x_wconf 90' lang='lat' dir='ltr'>ac</span> <span class='ocrx_word' id='word_1_393' title='bbox 1588 2301 1738 2341; x_wconf 90' lang='lat' dir='ltr'>dare.»</span> <span class='ocrx_word' id='word_1_394' title='bbox 1772 2303 1980 2342; x_wconf 82' lang='lat' dir='ltr'>PORPHYR.</span> <span class='ocrx_word' id='word_1_395' title='bbox 2007 2325 2053 2331; x_wconf 89' lang='lat'>—</span> 
     </span>
     <span class='ocr_line' id='line_1_68' title="bbox 1171 2363 2057 2415; baseline 0.001 -12"><span class='ocrx_word' id='word_1_396' title='bbox 1171 2366 1282 2413; x_wconf 79' lang='lat' dir='ltr'>quod</span> <span class='ocrx_word' id='word_1_397' title='bbox 1324 2365 1583 2404; x_wconf 82' lang='lat' dir='ltr'>medicorum</span> <span class='ocrx_word' id='word_1_398' title='bbox 1626 2363 1737 2415; x_wconf 89' lang='lat' dir='ltr'>cet.]</span> <span class='ocrx_word' id='word_1_399' title='bbox 1792 2364 2057 2415; x_wconf 88' lang='lat' dir='ltr'>«Sapienter</span> 
     </span>
     <span class='ocr_line' id='line_1_69' title="bbox 1169 2425 2057 2479; baseline 0.002 -14"><span class='ocrx_word' id='word_1_400' title='bbox 1169 2425 1462 2479; x_wconf 87' lang='lat' dir='ltr'>relinquimus</span> <span class='ocrx_word' id='word_1_401' title='bbox 1495 2426 1763 2466; x_wconf 88' lang='lat' dir='ltr'>medicinam</span> <span class='ocrx_word' id='word_1_402' title='bbox 1793 2426 1981 2467; x_wconf 90' lang='lat' dir='ltr'>medicis</span> <span class='ocrx_word' id='word_1_403' title='bbox 2013 2429 2057 2467; x_wconf 88' lang='lat' dir='ltr'>et</span> 
     </span>
     <span class='ocr_line' id='line_1_70' title="bbox 1169 2489 2056 2541; baseline 0 -12"><span class='ocrx_word' id='word_1_404' title='bbox 1169 2489 1306 2530; x_wconf 87' lang='lat' dir='ltr'>fabris</span> <span class='ocrx_word' id='word_1_405' title='bbox 1330 2490 1503 2540; x_wconf 86' lang='lat' dir='ltr'>omnia,</span> <span class='ocrx_word' id='word_1_406' title='bbox 1528 2501 1642 2541; x_wconf 87' lang='lat' dir='ltr'>quae</span> <span class='ocrx_word' id='word_1_407' title='bbox 1661 2489 1720 2528; x_wconf 89' lang='lat' dir='ltr'>ad</span> <span class='ocrx_word' id='word_1_408' title='bbox 1736 2500 1894 2529; x_wconf 86' lang='lat' dir='ltr'>eorum</span> <span class='ocrx_word' id='word_1_409' title='bbox 1910 2490 2056 2529; x_wconf 89' lang='lat' dir='ltr'>artem</span> 
     </span>
     <span class='ocr_line' id='line_1_71' title="bbox 1170 2552 2055 2604; baseline 0.002 -13"><span class='ocrx_word' id='word_1_410' title='bbox 1170 2553 1422 2604; x_wconf 81' lang='lat' dir='ltr'>pertinent3</span> <span class='ocrx_word' id='word_1_411' title='bbox 1471 2555 1624 2593; x_wconf 90' lang='lat' dir='ltr'>contra</span> <span class='ocrx_word' id='word_1_412' title='bbox 1665 2552 1862 2591; x_wconf 87' lang='lat' dir='ltr'>carmina</span> <span class='ocrx_word' id='word_1_413' title='bbox 1898 2563 2055 2593; x_wconf 88' lang='lat' dir='ltr'>omnes</span> 
     </span>
     <span class='ocr_line' id='line_1_72' title="bbox 1170 2612 2057 2666; baseline 0 -12"><span class='ocrx_word' id='word_1_414' title='bbox 1170 2615 1526 2666; x_wconf 86' lang='lat' dir='ltr'>componimus.»</span> <span class='ocrx_word' id='word_1_415' title='bbox 1584 2612 1769 2654; x_wconf 87' lang='lat' dir='ltr'>Bentleii</span> <span class='ocrx_word' id='word_1_416' title='bbox 1807 2613 1943 2654; x_wconf 77' lang='lat' dir='ltr'>melici</span> <span class='ocrx_word' id='word_1_417' title='bbox 1981 2625 2057 2654; x_wconf 91' lang='lat' dir='ltr'>es-</span> 
     </span>
     <span class='ocr_line' id='line_1_73' title="bbox 1169 2675 2053 2728; baseline -0.002 -11"><span class='ocrx_word' id='word_1_418' title='bbox 1169 2679 1272 2717; x_wconf 91' lang='lat' dir='ltr'>sent</span> <span class='ocrx_word' id='word_1_419' title='bbox 1315 2679 1505 2728; x_wconf 81' lang='lat' dir='ltr'>«poetae</span> <span class='ocrx_word' id='word_1_420' title='bbox 1548 2675 1722 2727; x_wconf 84' lang='lat' dir='ltr'>lyrici,»</span> <span class='ocrx_word' id='word_1_421' title='bbox 1776 2687 1884 2724; x_wconf 92' lang='lat' dir='ltr'>non,</span> <span class='ocrx_word' id='word_1_422' title='bbox 1933 2675 2053 2726; x_wconf 87' lang='lat' dir='ltr'>quod</span> 
     </span>
     <span class='ocr_line' id='line_1_74' title="bbox 1168 2738 2054 2788; baseline -0.002 -9"><span class='ocrx_word' id='word_1_423' title='bbox 1168 2738 1350 2779; x_wconf 80' lang='lat' dir='ltr'>volebat</span> <span class='ocrx_word' id='word_1_424' title='bbox 1378 2738 1471 2788; x_wconf 88' lang='lat' dir='ltr'>ille,</span> <span class='ocrx_word' id='word_1_425' title='bbox 1503 2739 1671 2786; x_wconf 81' lang='lat' dir='ltr'>musici3</span> <span class='ocrx_word' id='word_1_426' title='bbox 1705 2749 1810 2778; x_wconf 88' lang='lat' dir='ltr'>nam</span> <span class='ocrx_word' id='word_1_427' title='bbox 1830 2738 2054 2778; x_wconf 86' lang='lat' dir='ltr'>Lucretia-</span> 
     </span>
     <span class='ocr_line' id='line_1_75' title="bbox 1170 2799 2054 2851; baseline -0.002 -10"><span class='ocrx_word' id='word_1_428' title='bbox 1170 2813 1278 2842; x_wconf 90' lang='lat' dir='ltr'>num</span> <span class='ocrx_word' id='word_1_429' title='bbox 1307 2812 1440 2841; x_wconf 91' lang='lat' dir='ltr'>usum</span> <span class='ocrx_word' id='word_1_430' title='bbox 1473 2800 1536 2851; x_wconf 77' lang='lat'>(5,</span> <span class='ocrx_word' id='word_1_431' title='bbox 1570 2799 1674 2841; x_wconf 80' lang='lat'><strong>334:</strong></span> <span class='ocrx_word' id='word_1_432' title='bbox 1709 2801 1832 2840; x_wconf 87' lang='lat' dir='ltr'>modo</span> <span class='ocrx_word' id='word_1_433' title='bbox 1862 2799 2054 2851; x_wconf 69' lang='lat' dir='ltr'>cryanici</span> 
     </span>
     <span class='ocr_line' id='line_1_76' title="bbox 1167 2862 2052 2915; baseline -0.003 -11"><span class='ocrx_word' id='word_1_434' title='bbox 1167 2865 1334 2904; x_wconf 84' lang='lat' dir='ltr'>melicos</span> <span class='ocrx_word' id='word_1_435' title='bbox 1345 2875 1547 2914; x_wconf 80' lang='lat' dir='ltr'>peperere</span> <span class='ocrx_word' id='word_1_436' title='bbox 1566 2862 1768 2915; x_wconf 82' lang='lat' dir='ltr'>sonores.)</span> <span class='ocrx_word' id='word_1_437' title='bbox 1789 2863 1833 2902; x_wconf 91' lang='lat' dir='ltr'>in</span> <span class='ocrx_word' id='word_1_438' title='bbox 1854 2863 1941 2902; x_wconf 90' lang='lat' dir='ltr'>hoc</span> <span class='ocrx_word' id='word_1_439' title='bbox 1962 2862 2052 2914; x_wconf 92' lang='lat' dir='ltr'>epi-</span> 
     </span>
     <span class='ocr_line' id='line_1_77' title="bbox 1169 2925 2050 2978; baseline -0.003 -10"><span class='ocrx_word' id='word_1_440' title='bbox 1169 2926 1383 2968; x_wconf 90' lang='lat' dir='ltr'>stolarum</span> <span class='ocrx_word' id='word_1_441' title='bbox 1413 2937 1622 2967; x_wconf 90' lang='lat' dir='ltr'>sermone</span> <span class='ocrx_word' id='word_1_442' title='bbox 1653 2926 1782 2978; x_wconf 91' lang='lat' dir='ltr'>sequi</span> <span class='ocrx_word' id='word_1_443' title='bbox 1815 2936 1896 2977; x_wconf 90' lang='lat' dir='ltr'>pro</span> <span class='ocrx_word' id='word_1_444' title='bbox 1927 2925 2050 2966; x_wconf 87' lang='lat' dir='ltr'>certo</span> 
     </span>
     <span class='ocr_line' id='line_1_78' title="bbox 1170 2988 2051 3030; baseline -0.003 0"><span class='ocrx_word' id='word_1_445' title='bbox 1170 3001 1258 3030; x_wconf 86' lang='lat' dir='ltr'>non</span> <span class='ocrx_word' id='word_1_446' title='bbox 1295 2989 1472 3029; x_wconf 87' lang='lat' dir='ltr'>licebat.</span> <span class='ocrx_word' id='word_1_447' title='bbox 1525 2989 1736 3029; x_wconf 91' lang='lat' dir='ltr'>Ceterum</span> <span class='ocrx_word' id='word_1_448' title='bbox 1776 2988 1841 3028; x_wconf 89' lang='lat' dir='ltr'>sic</span> <span class='ocrx_word' id='word_1_449' title='bbox 1870 2988 2051 3028; x_wconf 84' lang='lat' dir='ltr'>ratioci-</span> 
     </span>
     <span class='ocr_line' id='line_1_79' title="bbox 1169 3050 2048 3103; baseline -0.006 -9"><span class='ocrx_word' id='word_1_450' title='bbox 1169 3054 1297 3094; x_wconf 89' lang='lat' dir='ltr'>natus</span> <span class='ocrx_word' id='word_1_451' title='bbox 1328 3054 1397 3092; x_wconf 87' lang='lat' dir='ltr'>est</span> <span class='ocrx_word' id='word_1_452' title='bbox 1425 3062 1612 3103; x_wconf 84' lang='lat' dir='ltr'>magnus</span> <span class='ocrx_word' id='word_1_453' title='bbox 1639 3050 1706 3091; x_wconf 91' lang='lat' dir='ltr'>ille</span> <span class='ocrx_word' id='word_1_454' title='bbox 1731 3051 1944 3091; x_wconf 88' lang='lat' dir='ltr'>Criticus:</span> <span class='ocrx_word' id='word_1_455' title='bbox 1980 3051 2048 3090; x_wconf 90' lang='lat' dir='ltr'>«Si</span> 
     </span>
     <span class='ocr_line' id='line_1_80' title="bbox 1166 3106 2050 3167; baseline -0.003 -10"><span class='ocrx_word' id='word_1_456' title='bbox 1166 3117 1253 3157; x_wconf 88' lang='lat' dir='ltr'>hoc</span> <span class='ocrx_word' id='word_1_457' title='bbox 1273 3115 1407 3156; x_wconf 90' lang='lat' dir='ltr'>modo</span> <span class='ocrx_word' id='word_1_458' title='bbox 1429 3115 1608 3167; x_wconf 88' lang='lat' dir='ltr'>scripsit</span> <span class='ocrx_word' id='word_1_459' title='bbox 1626 3116 1805 3164; x_wconf 91' lang='lat' dir='ltr'>Noster,</span> <span class='ocrx_word' id='word_1_460' title='bbox 1838 3113 1921 3164; x_wconf 81' lang='grc' dir='ltr'>Δὶς</span> <span class='ocrx_word' id='word_1_461' title='bbox 1940 3106 2050 3154; x_wconf 73' lang='grc' dir='ltr'>ταῦ-</span> 
     </span>
     <span class='ocr_line' id='line_1_81' title="bbox 1167 3173 2043 3232; baseline -0.006 -14"><span class='ocrx_word' id='word_1_462' title='bbox 1167 3175 1252 3218; x_wconf 77' lang='grc' dir='ltr'>τὸν</span> <span class='ocrx_word' id='word_1_463' title='bbox 1273 3174 1390 3232; x_wconf 78' lang='grc' dir='ltr'>ἡμῖν</span> <span class='ocrx_word' id='word_1_464' title='bbox 1411 3173 1540 3218; x_wconf 76' lang='grc' dir='ltr'><strong><em>εἶπεν</em></strong></span> <span class='ocrx_word' id='word_1_465' title='bbox 1562 3173 1589 3217; x_wconf 87' lang='grc' dir='ltr'>ὁ</span> <span class='ocrx_word' id='word_1_466' title='bbox 1607 3173 1767 3228; x_wconf 83' lang='grc' dir='ltr'><em>σοφὸς</em></span> <span class='ocrx_word' id='word_1_467' title='bbox 1787 3173 2043 3226; x_wconf 79' lang='grc' dir='ltr'><strong><em>Αἰσχύλος.</em></strong></span> 
     </span>
     <span class='ocr_line' id='line_1_82' title="bbox 1166 3239 2070 3288; baseline -0.007 -6"><span class='ocrx_word' id='word_1_468' title='bbox 1166 3244 1260 3282; x_wconf 89' lang='lat' dir='ltr'>Iam</span> <span class='ocrx_word' id='word_1_469' title='bbox 1290 3243 1407 3282; x_wconf 91' lang='lat' dir='ltr'>enim</span> <span class='ocrx_word' id='word_1_470' title='bbox 1435 3243 1540 3283; x_wconf 86' lang='lat' dir='ltr'>satis</span> <span class='ocrx_word' id='word_1_471' title='bbox 1561 3242 1836 3282; x_wconf 77' lang='lat' dir='ltr'>indicaverat</span> <span class='ocrx_word' id='word_1_472' title='bbox 1853 3239 2045 3288; x_wconf 78' lang='lat' dir='ltr'>medicos,</span> <span class='ocrx_word' id='word_1_473' title='bbox 2068 3272 2070 3274; x_wconf 96' lang='lat'>.</span> 
     </span>
     <span class='ocr_line' id='line_1_83' title="bbox 1168 3303 2047 3357; baseline -0.007 -13"><span class='ocrx_word' id='word_1_474' title='bbox 1168 3316 1270 3345; x_wconf 90' lang='lat' dir='ltr'>cum</span> <span class='ocrx_word' id='word_1_475' title='bbox 1289 3305 1438 3357; x_wconf 89' lang='lat' dir='ltr'>priora</span> <span class='ocrx_word' id='word_1_476' title='bbox 1458 3303 1528 3344; x_wconf 88' lang='lat' dir='ltr'>illa</span> <span class='ocrx_word' id='word_1_477' title='bbox 1549 3304 1715 3355; x_wconf 89' lang='lat' dir='ltr'>posuit,</span> <span class='ocrx_word' id='word_1_478' title='bbox 1741 3303 2047 3342; x_wconf 77' lang='lat' dir='ltr'>Abrotonum·-</span> 
     </span>
     <span class='ocr_line' id='line_1_84' title="bbox 1167 3363 2047 3418; baseline -0.006 -12"><span class='ocrx_word' id='word_1_479' title='bbox 1167 3369 1283 3407; x_wconf 77' lang='lat' dir='ltr'>dare.</span> <span class='ocrx_word' id='word_1_480' title='bbox 1346 3369 1457 3408; x_wconf 90' lang='lat' dir='ltr'>Nam</span> <span class='ocrx_word' id='word_1_481' title='bbox 1495 3366 1694 3418; x_wconf 85' lang='lat' dir='ltr'>profecto</span> <span class='ocrx_word' id='word_1_482' title='bbox 1734 3364 1876 3414; x_wconf 78' lang='lat' dir='ltr'>quiid</span> <span class='ocrx_word' id='word_1_483' title='bbox 1904 3363 2047 3402; x_wconf 68' lang='lat' dir='ltr'>didicit</span> 
     </span>
     <span class='ocr_line' id='line_1_85' title="bbox 1166 3426 2042 3478; baseline -0.003 -8"><span class='ocrx_word' id='word_1_484' title='bbox 1166 3430 1369 3470; x_wconf 88' lang='lat' dir='ltr'>medicus</span> <span class='ocrx_word' id='word_1_485' title='bbox 1414 3431 1495 3470; x_wconf 87' lang='lat' dir='ltr'>est.</span> <span class='ocrx_word' id='word_1_486' title='bbox 1576 3430 1686 3478; x_wconf 82' lang='lat' dir='ltr'>Ergo</span> <span class='ocrx_word' id='word_1_487' title='bbox 1730 3428 1814 3466; x_wconf 86' lang='lat' dir='ltr'>hoc</span> <span class='ocrx_word' id='word_1_488' title='bbox 1857 3426 2042 3478; x_wconf 87' lang='lat' dir='ltr'>perinde</span> 
     </span>
     <span class='ocr_line' id='line_1_86' title="bbox 1168 3489 2046 3539; baseline -0.001 -7"><span class='ocrx_word' id='word_1_489' title='bbox 1168 3496 1254 3539; x_wconf 82' lang='lat' dir='ltr'>est,</span> <span class='ocrx_word' id='word_1_490' title='bbox 1290 3504 1340 3532; x_wconf 86' lang='lat' dir='ltr'>ac</span> <span class='ocrx_word' id='word_1_491' title='bbox 1371 3494 1407 3531; x_wconf 88' lang='lat' dir='ltr'>si</span> <span class='ocrx_word' id='word_1_492' title='bbox 1438 3492 1641 3531; x_wconf 63' lang='lat' dir='ltr'>dixisset:</span> <span class='ocrx_word' id='word_1_493' title='bbox 1685 3500 1817 3529; x_wconf 88' lang='lat' dir='ltr'>nemo</span> <span class='ocrx_word' id='word_1_494' title='bbox 1848 3489 1930 3529; x_wconf 90' lang='lat' dir='ltr'>nisi</span> <span class='ocrx_word' id='word_1_495' title='bbox 1958 3500 2046 3531; x_wconf 82' lang='lat' dir='ltr'>me-</span> 
     </span>
    </p>
   </div>
  </div>
 </body>
</html>
