2231 3787
768 258 862 295 mn.
900 257 927 295 i.
994 256 1156 296 Erisr.
1191 256 1315 297 xvii.
1851 258 1941 309 :341

197 387 401 439 Caecus
445 386 541 440 iter
582 394 877 440 monstrare
918 386 1068 452 velit3
1112 395 1288 441 tamen
1329 388 1573 459 adspice,
1618 390 1659 441 si
1701 391 1830 461 quid

194 488 255 540 Et
293 505 413 546 nos,
457 488 604 559 quod
645 506 803 542 cures
845 489 1121 559 proprium
1162 489 1380 553 secisse,
1435 491 1734 562 loquamur.
1918 495 1949 544 ὅ

195 589 247 642 Si
289 596 338 642 te
379 598 526 660 grata
567 591 722 662 quies
763 598 815 644 et
852 590 1081 661 primam
1120 609 1342 646 somnus
1383 594 1434 646 in
1474 593 1661 646 horam

192 691 455 751 Delectat,
498 692 542 744 si
582 700 634 745 te
673 691 849 762 pulvis
890 693 1254 765 strepitusque
1296 703 1560 757 rotarum,

192 793 245 847 Si
285 792 449 846 laedit
487 810 757 864 caupona,
801 795 1146 848 Ferentinum
1186 795 1263 850 ire
1304 796 1537 862 iubeb03

191 896 322 949 Nam
359 912 538 966 neque
578 894 832 949 divitibus
872 896 1184 968 contingunt
1221 898 1414 969 gaudia
1458 899 1614 962 soliS,

191 999 299 1051 Nec
337 997 464 1050 vixit
499 996 662 1059 male,
705 998 795 1069 qui
836 1006 999 1052 natus
1030 1000 1378 1072 moriensque
1418 1001 1611 1055 fefellit.
1881 1004 1947 1056 110

227 1132 266 1172 8.
300 1132 432 1172 laedet
468 1131 635 1184 bsEop,
670 1133 862 1173 Pottierii
899 1131 1122 1184 plerique,
1173 1135 1202 1174 C
1237 1137 1278 1174 et
1308 1134 1553 1184 Bentleius,
1601 1137 1742 1177 laedat
1776 1149 1889 1178 unus

174 1195 366 1236 Pottierii
397 1195 462 1234 43.
499 1196 562 1246 (Ut
591 1207 693 1245 nos,
728 1195 816 1235 duo
843 1195 1041 1236 Blandin.
1077 1200 1121 1237 et
1151 1198 1237 1238 duo
1268 1198 1496 1249 Pottierii.)

118 1303 322 1361 ὁδηγὸν,
359 1304 483 1360 μήτε
513 1304 746 1361 ἐκνόητον
776 1306 999 1360 σύμβου-
1027 1315 1031 1363 f
1061 1307 1302 1348 molestum
1348 1319 1448 1348 esse
1495 1319 1582 1348 non
1626 1320 1774 1361 posse.
1824 1332 1866 1339 —
1909 1314 1943 1351 si

117 1368 217 1410 λον.
245 1394 288 1398 -
308 1371 532 1421 proprium
554 1371 707 1423 fecisse]
741 1365 994 1428 ἀορίστως,
1059 1370 1187 1410 laedit
1215 1369 1424 1421 caupona]
1446 1371 1631 1410 Dacier:
1664 1372 1709 1411 Si
1737 1384 1840 1411 vous
1865 1376 1946 1413 e‘tes

118 1433 186 1473 «in
226 1444 321 1473 rem
363 1435 486 1473 tuam
522 1435 752 1484 vertere,»
799 1434 997 1485 degene-
1057 1432 1319 1472 incommode*
1358 1433 1414 1472 du
1455 1433 1669 1485 voistnaqe
1712 1435 1836 1474 d’une
1873 1440 1944 1475 ta-

117 1496 252 1536 rantis
281 1496 522 1536 Latinitatis
552 1497 848 1547 appropriare.
1055 1506 1194 1535 verne.
1247 1493 1454 1534 Similiter
1494 1495 1734 1535 Obbarius:
1787 1512 1806 1533 «
1823 1498 1860 1537 si
1899 1499 1941 1538 te

170 1558 289 1597 6-40.
341 1558 387 1597 Si
428 1562 466 1598 te
503 1558 605 1610 eet]
646 1559 714 1598 «Si
759 1558 995 1599 delectaris
1058 1557 1242 1598 offendit
1286 1556 1454 1598 elamor
1496 1556 1566 1597 ille
1603 1570 1655 1598 ac
1700 1559 1938 1610 tumultus,

115 1620 263 1670 quiete
304 1622 439 1672 atque
479 1622 589 1670 otio,
637 1622 872 1672 strepitum
904 1619 995 1660 cla-
1059 1621 1134 1672 qui
1179 1634 1231 1661 ex
1274 1623 1486 1673 cauponis
1532 1622 1574 1662 in
1619 1623 1729 1663 vicis
1774 1626 1940 1664 Romae

113 1693 376 1734 moremque
423 1682 610 1723 moleste
655 1684 829 1733 ferens,
878 1683 992 1724 Urbe
1057 1685 1303 1724 constitutis
1335 1683 1389 1723 ad
1432 1686 1529 1724 tuas
1566 1696 1698 1725 aures
1733 1687 1937 1727 accidit.»

115 1749 159 1786 et
187 1748 409 1788 maiorum
431 1748 754 1788 consuetudine
776 1747 927 1789 relicta
950 1750 993 1788 in
1056 1745 1135 1786 Alii
1159 1749 1203 1786 et
1224 1757 1433 1786 somnum
1456 1748 1754 1800 interruptum
1773 1751 1817 1789 et
1838 1761 1942 1790 cau-

112 1809 261 1850 locum
291 1811 517 1861 quendam
548 1811 877 1862 infrequentem
915 1811 994 1851 tibi
1054 1819 1220 1860 ponam
1245 1810 1374 1861 (quae
1406 1811 1510 1850 tunc
1540 1811 1764 1862 pessimae
1787 1815 1935 1861 erant;

113 1872 428 1913 decedendum
473 1875 586 1913 est.»
637 1894 680 1900 —
719 1875 994 1923 primam--
1057 1871 1110 1912 cf.
1149 1872 1258 1923 Epp.
1300 1873 1344 1921 4,
1387 1873 1462 1921 Μ,
1504 1874 1587 1923 4⁶2.)
1621 1875 1666 1913 et
1704 1874 1938 1926 pulverem

111 1935 273 1987 horam]
306 1936 394 1975 diei
422 1934 558 1976 civilis
579 1935 682 1975 inde
705 1947 728 1975 a
751 1936 854 1976 solis
876 1938 989 1984 ortu;
1057 1936 1382 1986 strepitumque
1414 1936 1615 1976 rotarum
1645 1936 1843 1977 referunt
1881 1938 1937 1978 ad

112 1998 287 2038 diversa
330 1999 461 2049 igitur
503 1998 583 2038 fuit
627 2010 680 2038 ex
718 1998 992 2050 singulorum
1054 1999 1264 2038 itinerum
1286 2009 1389 2038 cum
1420 1998 1626 2039 divitibus
1658 2002 1856 2051 patronis
1879 2002 1938 2042 sa—

113 2061 214 2100 anni
260 2062 515 2112 temporum
559 2062 744 2101 ratione.
796 2062 894 2101 Vid.
936 2062 992 2101 ad
1056 2060 1319 2101 ciendorum
1343 2061 1396 2111 (v.
1420 2062 1471 2102 52
1494 2062 1609 2113 sqq.)
1635 2063 1932 2105 incommoda.

112 2125 221 2175 Epp.
249 2124 263 2162 4
286 2156 293 2171 ,
327 2124 373 2171 7,
407 2122 473 2163 47.
518 2124 735 2163 Somnum
765 2125 914 2163 autem
949 2125 992 2164 in
1058 2146 1102 2152 —
1126 2123 1406 2175 Ferentinum]
1430 2125 1723 2165 Hernicorum
1746 2127 1937 2178 oppidu-

112 2185 226 2227 Urbe
268 2184 447 2224 turbant
485 2184 626 2224 officia
667 2186 755 2224 iam
786 2197 810 2225 a
847 2186 990 2236 primo
1053 2184 1170 2234 lum,
1204 2187 1468 2226 montanum
1498 2189 1630 2238 atque
1661 2187 1932 2239 solitarium,

113 2259 243 2288 mane
283 2247 567 2299 praestanda.
622 2247 685 2287 Cf.
720 2247 902 2288 Martial.
937 2248 987 2296 4,
1019 2254 1023 2277 ¹
1056 2248 1373 2298 «municipium
1421 2249 1518 2288 viae
1577 2251 1823 2290 Lavicanae
1879 2252 1934 2292 ad

111 2312 158 2360 8,
193 2312 209 2351 ’1
233 2323 239 2349 :
273 2311 418 2350 Prima
444 2310 672 2349 salutantes
701 2314 824 2360 atque
854 2311 991 2350 altera

110 2374 284 2414 conterit
302 2373 420 2412 hora.
443 2373 509 2421 42,
530 2372 600 2412 68:
627 2373 834 2412 Matutine
849 2373 987 2422 eliens,

1052 2309 1234 2348 XLVIII.
1288 2308 1534 2361 lapidem.»
1605 2312 1747 2351 Comi.
1800 2314 1931 2360 CRUQ.

1053 2371 1256 2411 Nonnulli
1286 2372 1456 2412 habent
1474 2384 1554 2424 pro
1577 2374 1760 2414 Tusciae
1784 2376 1934 2425 oppido

109 2436 224 2475 urbis
260 2436 362 2475 mihi
399 2446 530 2474 eausa
566 2435 757 2485 relictae,
790 2457 812 2463 -
842 2457 865 2463 -
896 2435 991 2474 Otia
1051 2434 1271 2474 Ferentino
1313 2436 1445 2486 (Suet.
1481 2436 1579 2476 Oth.
1617 2436 1698 2486 4.),
1741 2437 1810 2477 vel
1851 2450 1932 2490 pro

109 2510 174 2539 me
202 2509 448 2548 somnusque
475 2499 646 2547 iuvant,
694 2509 801 2548 quae
829 2509 990 2549 magna
1052 2497 1221 2546 oppido,
1255 2499 1380 2539 euius
1403 2498 1487 2538 adi.
1516 2500 1583 2539 est
1603 2499 1934 2541 FERENTIEN-

103 2625 298 2674 pitusque
336 2623 545 2675 rotarum]
591 2624 626 2663 A
671 2625 816 2664 causis
864 2624 989 2664 inso-
1050 2623 1230 2663 archeol.
1263 2625 1293 2663 Ι.
1327 2634 1371 2675 p.
1407 2624 1501 2664 476.
1553 2626 1706 2665 Utrum
1742 2626 1785 2665 ln
1823 2625 1930 2667 locis

110 2687 334 2726 mniorum
354 2687 510 2726 transit
530 2685 586 2725 ad
607 2685 850 2736 molestias,
876 2697 987 2738 quas
1050 2684 1131 2725 illis
1163 2685 1392 2735 solitariis,
1436 2687 1499 2726 uti
1538 2686 1734 2727 nonnulli
1766 2690 1931 2740 opinati

111 2750 294 2800 quaevis
339 2749 423 2789 diei
468 2750 577 2789 hora
621 2750 788 2789 Romae
832 2748 987 2790 incolis
1050 2750 1166 2798 sunt,
1190 2747 1337 2788 villam
1358 2748 1566 2788 habuerit
1586 2750 1753 2789 Scaeva
1770 2762 1927 2798 necne,

1049 2822 1130 2850 nos
1162 2812 1430 2862 ignoramus.
1459 2835 1503 2839 —
1527 2813 1702 2863 gaudia]
1736 2813 1928 2865 «ubique

1051 2874 1095 2912 et
1136 2884 1218 2924 per
1255 2874 1393 2913 totam
1423 2874 1611 2922 vitam3»
1657 2886 1745 2914 non
1785 2875 1929 2916 solum

1051 2936 1170 2975 enim
1199 2936 1534 2976 rusticationem
1566 2938 1609 2977 in
1639 2935 1747 2977 loeis
1774 2948 1929 2978 amoe-

1049 2999 1140 3048 nis,
1173 3000 1222 3038 ut
1251 2999 1486 3049 Doeringio
1510 3000 1655 3039 visum
1676 3001 1766 3048 est,
1799 3001 1929 3051 signi-

111 2812 245 2850 creat.
307 2811 370 2851 Cf.
408 2811 674 2852 Pseudovid.
711 2813 820 2851 Nuc.
844 2823 885 2852 v.
910 2812 984 2851 87:

109 2872 228 2912 Felix:
255 2877 407 2913 secreto
438 2885 545 2923 quae
572 2878 679 2913 nata
708 2878 765 2914 est
794 2874 924 2914 arbor
943 2874 987 2914 in

110 2936 239 2974 arvo!
261 2956 284 2962 -
302 2957 325 2964 -
343 2936 437 2975 Non
465 2936 678 2976 hominum
697 2938 891 2987 strepitus
910 2949 987 2977 au-

110 2997 190 3046 dit,
221 3008 305 3036 non
332 2997 409 3036 illa
436 3002 630 3037 rotarum
641 3010 654 3046 ,·
683 3001 779 3039 Non
800 3011 828 3038 a
846 3000 988 3039 vicina

104 3059 399 3110 pulverulenta
438 3060 511 3098 via
558 3065 628 3100 est.
697 3064 781 3102 Per
825 3063 986 3103 miram

109 3117 353 3172 ἀβλεψίαν
383 3120 577 3161 nonnulli
616 3123 889 3174 explicarunt
929 3125 984 3164 de

109 3186 325 3225 nocturno
346 3184 390 3222 in
409 3182 524 3224 Urbe
547 3194 760 3224 curruum
781 3187 983 3237 strepitU‚

110 3245 165 3287 de
205 3257 293 3297 quo
333 3247 483 3285 Iuven.
515 3245 560 3294 3,
600 3245 704 3284 236:
750 3247 986 3288 Rhedarum

110 3310 310 3348 transitus
351 3311 446 3347 arto
494 3307 685 3346 Vieorum
728 3308 887 3359 inflexu
919 3331 942 3337 -
961 3331 985 3338 -

109 3370 298 3420 Eripient
343 3380 533 3410 somnum
581 3370 719 3408 Druso
765 3370 986 3420 vitulisque

109 3433 300 3473 marinis,
351 3434 447 3473 Non
477 3431 704 3481 viderant,
750 3431 983 3484 pulverem

112 3495 245 3534 noctu
266 3495 316 3534 iis
334 3527 341 3543 ,
376 3495 450 3546 qui
471 3496 514 3535 in
535 3492 697 3535 lectulo
719 3505 799 3534 suo
821 3494 980 3545 iacent,

1048 3061 1164 3100 ficat.
1193 3083 1237 3089 ——
1262 3061 1333 3111 qui
1360 3073 1402 3100 n.
1424 3072 1480 3100 m.
1501 3061 1657 3113 fefellit]
1690 3063 1791 3113 «qui
1811 3073 1928 3103 sem-

1047 3134 1130 3175 per
1160 3122 1304 3173 latuit,
1349 3124 1455 3162 vixit
1491 3124 1710 3174 ignotus‚»
1742 3123 1833 3173 vel,
1880 3126 1928 3164 ut

1049 3187 1108 3225 ait
1136 3187 1306 3226 Acron:
1355 3187 1458 3234 «qui
1487 3185 1630 3236 latuit,
1663 3187 1713 3226 ut
1733 3188 1776 3226 et
1797 3189 1924 3226 natus

1049 3249 1093 3288 et
1121 3248 1319 3288 moriens
1351 3248 1672 3299 ignoraretur.»
1724 3248 1786 3288 Cf.
1812 3249 1920 3299 Epp.

1048 3311 1064 3349 ¹1
1087 3342 1094 3359 ,
1129 3310 1202 3360 118,
1237 3311 1337 3350 403:
1371 3315 1572 3350 secretum
1600 3311 1678 3349 iter
1706 3313 1744 3348 et
1770 3309 1924 3359 fallen-

1045 3372 1096 3410 tis
1123 3373 1271 3412 semita
1297 3372 1421 3413 vitae.
1475 3374 1701 3423 Frequens
1732 3372 1799 3410 est
1818 3381 1923 3410 sen-

1045 3434 1195 3474 tentia.
1257 3435 1404 3486 Eurip.
1446 3435 1582 3485 Iphig.
1622 3433 1665 3472 in
1708 3431 1802 3472 Aul.
1842 3433 1918 3472 47:

112 2562 279 2613 negavit
315 2562 448 2600 Roma
482 2560 597 2600 mihi.
636 2584 679 2588 -
709 2560 848 2611 pulvis
882 2565 989 2600 stre·
1050 2559 1133 2599 SIS
1164 2559 1254 2611 (sic)
1294 2561 1338 2600 in
1378 2562 1514 2601 [nscr.
1545 2560 1699 2601 Annali
1737 2563 1927 2603 dell’Inst.

1011 3107 1018 3523 ¹
1044 3492 1179 3548 Ζηλῶ
1201 3494 1239 3535 δ’
1257 3491 1443 3553 ἀνδρῶν
1461 3491 1516 3545 ὃς
1535 3490 1790 3535 ἀκίνδυνον
1805 3493 1921 3535 Βίον
