2231 3787
222 217 322 268 570

823 215 1040 256 HORATII
1070 213 1440 255 EPISTOLARUM

293 348 401 402 Sed
440 348 568 401 satis
606 355 688 401 est
726 363 882 400 orare
921 347 1104 399 Iovem
1142 361 1283 415 quae
1324 342 1487 395 donat
1526 347 1578 393 et
1616 338 1811 392 aufert:

293 453 393 505 Det
430 450 612 511 vitam,
660 448 750 502 det
777 465 937 519 opeS,
981 463 1218 517 aequum
1244 444 1313 496 mi
1345 443 1583 497 animum
1610 442 1727 512 ipse
1754 438 1973 511 parabo.

332 602 426 641 lii.
460 599 554 651 Sed]
584 600 695 639 Haec
726 608 795 649 pr.
830 597 873 645 d,
908 599 997 635 tres
1028 594 1222 634 Pottierii
1252 592 1428 644 aliique.
1471 592 1569 644 (Sed
1598 591 1778 631 firmant
1807 589 1931 630 bSEc
1953 590 1997 629 et

277 674 364 714 mg.
399 663 460 713 d.)
488 685 532 690 -
567 662 638 711 qui
667 661 795 699 donat
824 658 959 707 bScd,
993 657 1130 705 LCtO,
1155 657 1227 705 qui
1250 657 1372 706 ponit
1392 656 1440 705 E,
1474 666 1528 695 ex
1549 654 1729 705 Cruquii
1751 652 1892 693 Codd.
1916 663 1998 692 an-

277 726 449 776 tiquiss.
483 722 706 763 Bentleius
748 723 792 760 et
831 731 866 760 s.
913 720 1040 771 (quae
1079 720 1208 759 donat
1237 727 1416 766 omnes,
1458 719 1505 756 ut
1534 715 1730 765 videtur,
1777 713 1994 762 Pottierii,

277 800 384 838 quae
406 787 529 837 ponit
556 786 618 838 p.)

223 913 310 964 rae]
343 914 460 951 Hora
487 912 531 950 h.
554 909 600 959 l.,
634 912 683 950 ut
712 910 828 960 Virg.
864 906 1001 948 Catal.
1038 907 1103 956 ιη),

226 976 290 1015 [10.
321 975 462 1025 fallax
490 974 617 1022 hora,
652 973 720 1012 est
749 971 923 1011 fortuna
954 971 997 1010 in
1025 970 1108 1009 ho—

224 1049 296 1077 ras
326 1037 529 1085 varians,
563 1046 677 1086 quae
708 1034 828 1074 bona
848 1036 1032 1074 externa
1055 1044 1108 1072 ex

224 1101 391 1140 incerta
437 1110 489 1138 ac
529 1096 681 1138 mobili
716 1098 834 1137 sorte
867 1095 1106 1147 pendentia

224 1161 358 1201 modo
390 1161 551 1210 donat,
586 1159 721 1200 modo
754 1157 912 1198 aufert.

281 1289 374 1327 til.
406 1288 500 1326 4112.
555 1287 634 1326 Sed
677 1286 780 1325 satis
824 1284 928 1336 cet]
976 1285 1111 1324 «Post

224 1352 327 1390 vota
366 1349 421 1389 de
464 1349 551 1388 vita
584 1350 704 1399 (vere
733 1346 866 1397 vitali)
900 1348 944 1386 et
972 1345 1112 1385 libro—

225 1423 327 1452 rum
370 1411 596 1463 frugisque
648 1410 767 1450 bona
812 1409 963 1461 copia,
1022 1408 1112 1447 iam

225 1474 357 1515 aliam
387 1483 577 1525 precem
598 1472 853 1521 addiderat,
885 1472 1021 1520 Neve,
1050 1470 1114 1510 in-

227 1538 347 1589 quit,
398 1536 558 1588 fluitem
603 1535 752 1575 dubiae
799 1545 870 1584 spe
905 1533 1115 1583 pendulus

226 1601 376 1647 horae,
410 1598 496 1637 hoc
527 1600 618 1646 est,
663 1599 710 1637 ut
739 1608 780 1636 v.
811 1596 878 1636 99.
913 1595 1110 1635 dixerat:

225 1664 318 1703 Neu
343 1672 482 1712 pavor
513 1665 550 1701 et
578 1671 722 1700 rerum
750 1659 1016 1699 mediocriter
1034 1658 1115 1697 uti-

227 1727 330 1766 lium
358 1736 449 1775 spes
475 1728 597 1764 veoeet
624 1735 689 1763 me
719 1723 954 1774 ayitetque:
992 1721 1114 1772 quod

229 1799 331 1828 cum
377 1798 421 1826 τι
456 1784 550 1825 τῶν
591 1785 665 1835 ἐφ’
706 1778 824 1837 ἡμῖν
866 1786 910 1824 et
948 1784 992 1823 in
1034 1794 1114 1823 sua

228 1851 449 1903 potestate
472 1852 605 1896 esset,
630 1849 783 1899 utpote
806 1858 896 1887 non
918 1846 975 1885 ad
995 1845 1113 1885 bona

231 1915 435 1962 externa,
470 1912 550 1952 sed
581 1911 637 1951 ad
668 1911 866 1950 animum
888 1910 1113 1960 spectans,

231 1977 411 2016 revocat
460 1974 566 2014 illud
614 1976 768 2013 votum
813 1974 860 2012 ut
904 1983 958 2012 ex
1001 1970 1117 2021 volgi

232 2039 437 2091 opinione
484 2037 624 2087 magis
658 2046 793 2086 quam
825 2046 878 2074 ex
906 2044 1015 2074 vera
1043 2044 1118 2072 ra-

231 2102 349 2141 tione
381 2102 675 2150 conceptum,
715 2099 758 2137 et
789 2108 836 2137 se
870 2098 1114 2146 corrigens,

233 2162 339 2202 «sed
363 2162 469 2202 satis
493 2163 560 2201 est
576 2175 612 2209 ,υ
646 2161 813 2210 inquit,
850 2159 918 2197 «in
941 2157 1117 2198 duobus

233 2224 313 2265 illis
344 2225 456 2264 votis
489 2223 764 2270 subsistere,
813 2232 1006 2273 quorum
1036 2232 1117 2272 pe-

233 2299 312 2328 nes
359 2288 468 2327 deos
512 2288 711 2338 potestas
754 2287 845 2334 est,
894 2295 1040 2335 neque
1074 2283 1119 2322 id

234 2361 311 2390 eos
358 2361 542 2401 rogare,
591 2348 711 2398 quod
756 2348 798 2387 in
842 2358 943 2388 mea
984 2346 1119 2386 solius

234 2424 369 2453 manu
391 2414 478 2460 est,
512 2413 560 2451 ut
581 2421 845 2461 consequar.
881 2411 965 2449 Det
985 2407 1120 2448 modo

234 2487 384 2515 sanum
426 2476 592 2524 vivere,
637 2474 712 2513 det
753 2473 903 2512 bonam
933 2472 1116 2521 copiam3

235 2551 316 2590 ego
362 2549 434 2578 me
476 2538 534 2577 ita
577 2536 768 2589 parabo,
816 2540 860 2575 ut
896 2547 945 2575 ne
975 2535 1122 2574 dubius

232 2602 404 2654 fluitem.
469 2600 603 2640 Vides
658 2601 767 2648 iam,
816 2599 993 2650 opinor,
1041 2609 1120 2637 cur

234 2675 314 2703 neu
358 2665 402 2703 et
444 2663 525 2702 Sed
570 2664 669 2714 (pro
711 2674 752 2700 v.
786 2660 914 2712 Haec)
959 2661 1118 2700 merito

236 2725 583 2778 amplectamur,
618 2726 662 2764 et
691 2723 877 2776 proinde
909 2734 1019 2772 quae
1048 2723 1119 2762 hic

235 2788 383 2829 locum
405 2788 490 2829 sibi
509 2787 760 2836 vindicare,
786 2798 874 2826 non
895 2786 978 2836 qui.
1015 2786 1121 2825 Ora-

237 2863 281 2891 re
312 2863 432 2900 quae,
466 2854 514 2890 ut
535 2850 612 2891 Od.
639 2852 677 2899 4,
702 2850 769 2898 34,
790 2850 838 2888 b2:
873 2850 973 2898 quid
993 2848 1120 2888 orat?

238 2916 282 2953 et
304 2914 451 2953 Carm.
477 2925 568 2953 sec.
593 2912 669 2953 49:
716 2913 915 2962 Quaeque
941 2923 1014 2951 vos
1043 2911 1119 2950 bu-

237 2977 309 3015 bus
338 2980 563 3015 veneratur
599 2975 722 3023 albis,
765 2973 839 3013 ubi
870 2974 1037 3026 pariter
1068 2984 1120 3013 ac

239 3040 309 3078 hic
352 3037 600 3078 deteriores
641 3037 828 3078 Codices
874 3038 952 3087 Qui
996 3037 1120 3077 exhi—

239 3102 389 3142 bent.»
423 3102 574 3141 BENTL.
617 3123 660 3130 η
709 3099 857 3151 donat]
902 3100 1001 3142 Hic.
1044 3098 1119 3139 ubi

1171 907 1303 958 poeta
1375 904 1553 944 intimos
1611 902 2054 954 simplicissimosque

1172 968 1308 1007 animi
1338 967 1406 1007 sui
1436 977 1596 1007 sensus
1628 966 1794 1017 aperit,
1842 975 2057 1005 necessa-

1172 1032 1237 1070 rio
1270 1031 1404 1069 etiam
1435 1027 1764 1080 simplicissimo
1785 1027 1926 1067 verbo
1947 1038 2056 1068 usus

1174 1094 1263 1133 est:
1312 1093 1453 1132 donat.
1517 1092 1630 1131 Cum
1660 1092 1836 1139 autem,
1883 1092 1932 1129 ut
1961 1091 2057 1142 ipse

1174 1154 1284 1203 vidi,
1318 1165 1538 1206 persaepe
1562 1154 1603 1193 in
1626 1152 1767 1193 Codd.
1794 1164 1818 1192 a
1838 1152 2060 1205 negligen-

1174 1216 1360 1256 tioribus
1399 1216 1691 1267 scriptoribus
1725 1215 1916 1256 librariis
1947 1226 2059 1255 con-

1174 1279 1415 1319 fundantur
1445 1278 1615 1318 litterae
1646 1279 1673 1317 d
1701 1281 1745 1318 et
1767 1290 1821 1328 p,
1854 1276 2058 1318 facillime

1174 1341 1272 1381 fieri
1310 1342 1475 1393 potuit,
1514 1344 1563 1381 ut
1602 1351 1717 1381 unus
1748 1340 1917 1382 alterve
1948 1341 2060 1382 scri-

1174 1403 1305 1443 beret
1327 1407 1484 1454 ponat,
1527 1403 1648 1455 quod
1685 1413 1766 1443 cur
1805 1402 1877 1443 alii
1907 1413 2062 1443 corre—

1175 1468 1321 1506 xerint
1338 1468 1476 1517 ponit,
1508 1465 1608 1507 luce
1631 1465 1790 1507 clarius
1812 1468 1892 1507 est.
1937 1468 2058 1515 Quae

1176 1539 1314 1580 prava
1346 1530 1565 1569 correctio
1586 1527 1818 1581 philologis
1840 1529 1953 1569 adeo
1974 1529 2062 1569 im-

1177 1593 1349 1643 posuit,
1375 1593 1423 1631 ut
1443 1592 1647 1632 certatIm
1668 1602 1769 1632 eam
1790 1592 2060 1643 reciperent,

1180 1655 1246 1703 et,
1271 1656 1320 1692 ut
1339 1653 1388 1694 fit
1408 1655 1452 1693 in
1474 1653 1593 1695 falsis
1615 1652 1897 1703 lectionibus,
1925 1653 2062 1694 modo

1178 1727 1363 1767 prorsus
1407 1717 1628 1757 contrario
1674 1718 1952 1769 exponerent
1991 1715 2063 1756 vel

1180 1779 1236 1818 de
1282 1780 1615 1831 comparatione
1661 1790 1767 1820 cum
1804 1777 1981 1819 ferculis
2020 1779 2065 1818 in

1181 1840 1382 1880 convivio
1406 1841 1557 1890 positis
1587 1841 1685 1892 (Sat.
1710 1842 1751 1890 2,
1775 1841 1815 1891 8,
1838 1841 1883 1881 94
1904 1853 1912 1879 :
1951 1841 2066 1881 Vidi-

1178 1913 1271 1942 mus
1299 1907 1337 1942 et
1355 1903 1542 1942 merulas
1564 1902 1730 1955 poni.)
1760 1902 1833 1943 vel
1853 1903 1909 1943 de
1931 1914 2066 1944 num-

1181 1966 1266 2005 mis
1305 1965 1349 2004 in
1387 1964 1540 2005 fenore
1571 1966 1720 2016 positis
1758 1967 1819 2016 (A.
1852 1968 1899 2006 P.
1933 1965 2061 2017 42⁴),

1181 2028 1304 2067 haud
1344 2029 1755 2069 animadvertentes
1785 2040 1875 2069 uno
1905 2028 2065 2070 saltem

1181 2089 1322 2129 verbo
1353 2090 1541 2131 alteram
1570 2094 1718 2131 utram
1748 2092 2015 2131 sententiam
2040 2103 2064 2131 a

1181 2156 1337 2205 poeta,
1384 2155 1419 2194 si
1463 2153 1532 2194 x‘el
1579 2155 1772 2195 maxime
1812 2166 1837 2194 a
1876 2153 2066 2207 simplici

1181 2218 1366 2256 veritate
1417 2216 1701 2269 aberrasset,
1767 2217 2065 2257 adiuvandam

1183 2278 1332 2318 fuisse.
1388 2280 1649 2319 Rectissime
1689 2282 1840 2320 autem
1871 2280 1926 2319 de
1957 2281 2001 2320 h.
2033 2279 2062 2320 l.

1185 2341 1424 2393 disputavit
1471 2341 1771 2382 Mitscherlich
1819 2344 2061 2383 Racematt.

1183 2405 1291 2443 Ven.
1317 2406 1355 2443 9.
1379 2416 1422 2456 p.
1448 2405 1486 2444 6.
1522 2427 1566 2432 —
1599 2416 1780 2454 aequum
1798 2406 1857 2444 mi
1877 2405 2066 2444 animum

1182 2466 1280 2518 ipse]
1303 2468 1561 2507 Lectionem
1582 2469 1757 2508 loannis
1779 2467 1956 2508 Saresb.
1980 2470 2066 2508 Po-

1184 2529 1276 2569 lier.
1298 2531 1336 2579 3,
1357 2531 1395 2570 9.
1421 2533 1465 2570 et
1487 2530 1594 2570 Cod.
1616 2530 1722 2570 Coll.
1743 2532 1857 2571 Trin.
1877 2532 2067 2571 animum

1182 2593 1283 2632 milii
1313 2604 1386 2644 eqo
1417 2594 1503 2643 ipse
1533 2593 1700 2644 parabo
1733 2594 1802 2633 vix
1841 2593 1967 2634 aliter
1996 2595 2066 2634 in-

1183 2657 1419 2707 terpretari
1462 2655 1564 2697 licet
1594 2667 1751 2707 quam:
1801 2657 2066 2697 «confiden-

1183 2721 1311 2769 tiam,
1345 2721 1485 2769 Mulh,
1509 2732 1714 2771 couraqe,
1745 2721 1853 2759 mihi
1874 2721 1968 2772 ipse
1990 2733 2068 2774 pa-

1181 2783 1351 2830 rabo;»
1385 2793 1499 2834 quae
1528 2784 1749 2822 sententia
1776 2782 1832 2822 ab
1862 2783 2065 2825 hocloco

1183 2846 1325 2886 aliena
1370 2848 1454 2886 est.
1508 2847 1671 2886 Contra
1715 2858 1873 2897 aequus
1900 2848 2067 2888 animus

1182 2910 1254 2949 hic
1285 2909 1542 2960 aptissimus
1575 2912 1671 2958 est;
1706 2910 1894 2959 etenim,
1929 2913 1975 2950 ut
2007 2912 2066 2950 ait

1184 2970 1363 3012 Plautus
1393 2970 1489 3010 Aul.
1514 2972 1554 3019 2,
1577 2972 1617 3020 ⁶2,
1643 2972 1714 3012 110:
1748 2972 1820 3011 Pol
1844 2972 1878 3011 si
1899 2976 1956 3012 est
1974 2973 2065 3012 ani-

1183 3046 1275 3074 mus
1318 3045 1476 3084 aequus
1518 3034 1617 3083 tibi,
1662 3035 1763 3075 salis
1803 3035 1948 3085 habes,
1995 3037 2065 3085 qui

1185 3098 1282 3139 bene
1309 3099 1441 3138 vitam
1470 3099 1594 3138 colas.
