2231 3787
278 224 288 276 Ι
304 228 369 277 38

903 232 1112 272 ΙΙΟΒΛΤΙΙ
1145 233 1439 275 SATIRARUM

340 358 560 409 Maxima
601 358 852 413 formido:
893 378 1011 412 nam
1054 361 1196 414 sures
1236 361 1420 414 (lextra
1461 368 1675 415 coercet

338 457 738 530 Obscoenoque
779 459 941 513 ruber
979 471 1257 531 porrectus
1297 461 1363 514 ab
1406 462 1619 532 inguine
1658 461 1837 533 palus3
2042 465 2073 515 5

339 563 428 610 Ast
468 561 794 631 importunas
833 562 1078 616 volucres
1125 564 1175 615 in
1212 564 1410 617 vertiCe
1450 562 1655 616 arundo

338 662 519 715 Terret
558 662 660 715 lixa
699 672 949 734 vetatque
990 665 1137 717 novis
1176 665 1459 719 considere
1500 665 1551 717 in
1589 664 1770 718 hortis.

337 764 449 816 Huc
490 764 637 834 prius
682 764 918 834 angustis
957 766 1125 818 eiecta
1163 765 1429 819 cadavera
1466 764 1614 819 cellis

374 939 459 977 Sat.
493 938 598 976 VIII.

265 1086 363 1136 quid
388 1085 524 1135 puella
556 1085 664 1124 rides
676 1084 696 1123 ἰ)
724 1085 817 1124 Non
849 1095 910 1123 me
937 1084 1137 1123 Praxite-

265 1150 318 1187 les
339 1149 542 1197 Scopasre
569 1148 686 1198 fecit,
717 1148 800 1186 Nec
830 1158 921 1186 sum
941 1147 1137 1186 Phidiaca

266 1223 390 1250 mam!
417 1210 592 1260 politus;
636 1210 703 1249 sed
739 1210 897 1261 lignum
927 1210 1029 1248 rude
1056 1209 1137 1248 vil-

264 1273 366 1311 licus
395 1273 548 1311 dolat-it
578 1273 628 1310 El
654 1273 761 1311 dii-it
790 1273 907 1321 mihi,
946 1272 998 1311 Tu
1019 1273 1138 1311 Pria-

259 1347 338 1385 pus
367 1340 462 1374 esto.
524 1337 722 1385 Propert.
748 1333 796 1377 4,
832 1336 880 1383 Ξ,
913 1335 983 1374 59:
1020 1335 1138 1377 (Ver-

265 1397 457 1446 tumnus)
489 1397 621 1446 Stipes
649 1408 825 1436 acernus
843 1408 959 1436 eram
982 1409 1138 1446 prope-

265 1461 375 1497 ranti
403 1460 509 1509 falce
538 1460 713 1498 dolatus.
741 1481 784 1486 —
813 1460 1006 1510 formido]
1039 1460 1082 1498 h.
1105 1458 1132 1498 l.

264 1523 402 1572 prima
463 1521 804 1571 significatione,
865 1522 1132 1561 Scheuche.

269 1607 310 1610 —
335 1582 498 1633 (lez-tra]
524 1594 607 1633 qua
633 1583 764 1622 modo
787 1583 968 1632 fustem,
1002 1583 1135 1623 modo

262 1645 419 1685 falcem
452 1645 643 1685 tenebat.
703 1646 818 1696 Virg.
853 1647 927 1684 Ge.
954 1645 992 1695 4,
1028 1647 1132 1685 44οῑ

263 1710 314 1747 Et
352 1714 485 1748 custos
522 1709 664 1759 furum
703 1712 827 1757 atquc·
865 1709 1006 1747 arium
1044 1720 1138 1748 cum

261 1771 367 1820 falce
391 1772 553 1821 solisma
583 1770 897 1819 Hellespontiaci
926 1775 1057 1810 servet
1075 1775 1140 1810 tu-

263 1833 343 1872 tela
382 1834 525 1882 Priapi
568 1833 736 1883 (apes).
780 1833 921 1883 Priap.
965 1833 1039 1880 63,
1081 1832 1132 1871 9:

261 1897 350 1935 Huc
379 1896 483 1934 adde
520 1895 628 1945 quod
664 1906 729 1934 me
767 1894 989 1934 terribilem
1018 1895 1138 1934 deum

260 1959 366 2008 fuste
394 1959 544 1997 Manus
573 1958 659 1996 sine
688 1960 778 1995 arte
808 1957 988 1995 rusticae
1017 1957 1138 1995 dola-

264 2025 423 2059 verunt.
461 2043 504 2048 —
536 2019 737 2058 obscoeno
768 2041 790 2047 -
819 2041 842 2046 -
872 2018 923 2057 ab
955 2018 1133 2070 inguine]

264 2082 326 2122 Cs.
359 2084 446 2121 Sat.
487 2082 526 2128 4,
567 2082 612 2129 2,
656 2081 729 2120 26:
776 2081 927 2131 Inquen
970 2082 1026 2120 acl
1064 2081 1137 2120 ob—

262 2156 465 2183 scoenum.
501 2166 548 2171 —
583 2143 706 2182 ruber
733 2165 750 2171 —
778 2166 795 2172 -
818 2143 956 2195 palus]
988 2155 1136 2183 mem-

263 2206 394 2245 brum
424 2205 544 2244 virile
583 2204 811 2256 bipedale,
859 2207 992 2245 minio
1024 2205 1136 2246 obli-

263 2271 381 2314 tum,
430 2267 685 2317 symbolum
717 2267 994 2308 fecunditatis
1026 2269 1136 2308 sim-

261 2328 548 2380 plicissimum
579 2330 696 2381 apud
732 2330 860 2369 huius
891 2329 1032 2370 cultus
1062 2342 1136 2370 re-

262 2393 478 2441 pertores.
516 2413 559 2429 .-
594 2393 756 2431 arundo
789 2392 889 2444 cet.]
929 2393 1136 2432 «arundi-

263 2465 369 2493 num
427 2453 661 2493 sasciculus
718 2457 849 2493 vento
899 2457 1134 2505 quassatus

262 2515 395 2565 abigit
439 2526 588 2555 aves.»
625 2539 668 2543 —
698 2516 803 2568 sira]
843 2518 1134 2568 Nequaquam

261 2580 443 2629 propter
486 2579 684 2629 Propert.
727 2578 778 2625 4,
825 2579 878 2627 7,
924 2580 1003 2619 25:
1052 2581 1135 2620 Nec

259 2641 419 2689 crepuit
443 2641 541 2690 fissa
560 2651 622 2679 me
641 2645 816 2690 propter
834 2643 1040 2681 arundine
1059 2654 1134 2681 cu—

259 2706 340 2741 stos
381 2704 465 2741 cet.
516 2703 619 2752 (qua
665 2702 867 2742 solebant
916 2705 1131 2755 castigare

261 2765 533 2814 importunos
556 2765 732 2813 ostiarii,
759 2767 930 2804 Petron.
957 2777 994 2805 c.
1021 2765 1130 2816 434.)

263 2827 498 2877 legendum
527 2828 638 2876 fissa.
701 2827 813 2866 Sane
854 2829 985 2867 etiam
1022 2828 1132 2868 haec

261 2890 400 2939 Priapi
432 2889 600 2928 arundo
628 2891 726 2939 fissa
753 2900 850 2930 esse
883 2892 1056 2941 poterat
1076 2891 1131 2930 ad

260 2952 474 2990 maiorem
542 2952 757 3002 crepitum
818 2953 1128 3001 excitandum,

257 3013 340 3052 sed
371 3014 496 3051 unice
530 3013 568 3052 id
601 3013 684 3053 dici
716 3013 771 3053 ad
802 3025 896 3054 rem
934 3016 1132 3066 pertine-

264 3074 358 3122 bat,
391 3074 464 3113 ubi
493 3076 583 3125 (ira
606 3078 741 3115 esset.
765 3097 809 3104 —
834 3077 949 3116 novis
965 3098 984 3104 ·
1003 3099 1021 3104 -
1039 3077 1134 3116 hor-

259 3139 324 3187 tis]
367 3148 532 3187 ‹nnuper
561 3148 583 3175 a
615 3138 868 3177 Maecenate
909 3139 1128 3179 institutis.

259 3222 281 3227 -
300 3221 323 3227 -
343 3201 479 3239 Antea
513 3198 732 3250 Esquilina
766 3201 885 3251 regio
916 3200 1130 3252 sepulcris

260 3272 489 3300 servorum
521 3264 563 3301 et
595 3262 857 3302 miserorum
889 3266 982 3302 erat
1011 3264 1132 3303 dedi-

260 3325 380 3362 cata:
414 3324 647 3363 Maecenas
675 3326 823 3364 autem
847 3325 1130 3366 considerans

260 3387 373 3425 aeris
414 3385 717 3426 salubritatem
756 3386 907 3426 hortos
952 3399 1004 3427 eo
1046 3387 1129 3428 loci

658 937 696 975 7.
727 938 824 987 fissa
855 937 937 975 Fea
969 938 1079 975 coni.
1115 938 1179 984 (Ut
1207 947 1311 982 nos,
1346 937 1482 976 nostri
1513 938 1557 977 et
1587 938 1777 977 Pottierii
1802 940 1990 990 omnes.)

1199 1083 1376 1124 bomius
1420 1085 1557 1125 Maec.
1595 1096 1638 1137 p.
1673 1085 1766 1126 474.
1801 1085 1907 1127 dicit
1943 1086 2076 1128 Octa-

1202 1146 1383 1185 vianum
1405 1147 1445 1186 S.
1471 1148 1516 1186 P.
1543 1148 1590 1195 Q.
1617 1149 1662 1188 R.
1688 1159 1908 1190 consensu
1925 1147 2076 1190 locum

1201 1218 1303 1247 eum
1334 1209 1575 1248 Maecenati
1606 1210 1908 1259 concessisse,
1951 1221 2075 1252 mera

1200 1271 1266 1309 est
1304 1269 1547 1310 hariolatio.
1609 1271 1694 1311 Cfr.
1728 1272 1906 1312 Nardini
1945 1275 2078 1314 Roma

1199 1332 1354 1371 antica.
1423 1332 1500 1372 Ed.
1542 1332 1690 1384 Nibby
1727 1334 1773 1374 T.
1816 1335 1847 1374 Ι.
1890 1345 1934 1386 p.
1976 1336 2072 1376 259.

1199 1395 1248 1433 II.
1274 1405 1316 1444 p.
1343 1395 1406 1434 45.
1431 1396 1475 1434 et
1493 1395 1560 1435 34.
1620 1396 1662 1435 Si
1692 1395 1942 1438 Scholiastis
1965 1396 2075 1438 fides

1200 1455 1433 1495 tribuenda
1465 1459 1552 1507 est,
1586 1457 1705 1498 idem
1736 1458 1808 1498 hic
1838 1457 1985 1508 locus,
2019 1459 2076 1500 de

1201 1528 1287 1568 quo
1333 1518 1535 1558 Horatius
1579 1519 1799 1571 loquitur,
1852 1520 1930 1560 fuit
1973 1532 2076 1562 cum

1200 1578 1431 1628 Puticulis,
1473 1581 1560 1620 loco
1584 1582 1751 1631 publico
1780 1582 1895 1622 ultra
1921 1584 2077 1634 Esqui-

1199 1642 1298 1691 lias,
1331 1642 1400 1681 ubi
1428 1645 1737 1694 mancipiorum
1766 1656 1947 1695 corpora
1969 1658 2077 1697 pro-

1200 1705 1458 1744 iiciebantur.
1527 1706 1626 1756 (Cfr.
1659 1707 1798 1746 Varro
1844 1709 1890 1748 L.
1928 1710 1974 1748 L.
2019 1710 2073 1759 5,

1201 1768 1267 1807 25.
1294 1770 1337 1807 et
1368 1769 1520 1809 Festus
1542 1779 1583 1819 p.
1608 1769 1702 1808 200.
1726 1769 1943 1821 Lindem.)
1977 1771 2078 1811 «So—

1199 1829 1261 1869 liti
1292 1832 1417 1869 erant
1447 1830 1678 1871 carnifices
1699 1832 1743 1871 in
1763 1831 1984 1883 Esquilina
2005 1834 2076 1873 via

1200 1893 1358 1943 puteos
1407 1891 1581 1941 facere,
1637 1893 1679 1932 in
1728 1905 1839 1944 quos
1887 1905 2073 1946 corpora

1204 1953 1479 1994 mittebant.»
1540 1956 1670 1994 Aeno.
1732 1955 1817 1995 Cfr.
1859 1957 2075 2009 imprimis

1201 2017 1373 2057 Becker
1417 2016 1471 2056 de
1517 2018 1679 2056 Romae
1723 2020 1812 2057 vet.
1846 2020 1984 2060 muris
2027 2030 2071 2072 p.

1201 2081 1298 2120 1⁵20.-
1353 2080 1763 2128 «Quemadmodum
1800 2083 1956 2133 priscis
1987 2083 2075 2124 iam

1201 2142 1477 2195 temporibus
1519 2141 1590 2183 hic
1623 2144 1678 2195 (in
1717 2154 1874 2195 campo
1915 2145 2075 2196 Esqui-

1198 2204 1298 2255 lino)
1339 2206 1606 2256 praecipuus
1644 2205 1714 2244 hic
1755 2205 2075 2258 suppliciorum

1198 2266 1322 2307 locus
1354 2266 1487 2306 fuisse
1516 2267 1716 2316 videtur,
1749 2268 1792 2307 in
1822 2279 1910 2319 quo
1932 2269 2073 2309 servis

1200 2341 1307 2369 crux
1338 2328 1547 2379 figeretur
1577 2329 1894 2380 damnatique»
1939 2329 2074 2381 (intel-

1197 2391 1280 2443 lige
1312 2392 1487 2431 infimae
1519 2393 1649 2432 sortis
1680 2391 1906 2433 maleficos
1937 2395 1980 2433 et
1998 2404 2074 2445 pe-

1198 2455 1409 2506 regrinos)
1434 2456 1606 2495 «securi
1625 2457 1981 2507 percuterentur,
2014 2457 2072 2496 ita

1198 2517 1254 2557 ad
1300 2518 1526 2557 interitum
1573 2528 1718 2568 usque
1766 2519 1939 2570 imperii
1986 2519 2074 2559 Ro-

1197 2581 1339 2626 mani;
1386 2580 1492 2630 quin
1531 2581 1661 2619 etiam
1700 2582 1803 2631 post
1845 2581 2072 2621 interitum

1196 2642 1239 2680 in
1270 2640 1430 2680 eodem
1460 2639 1557 2680 loco
1578 2639 1790 2692 supplicia
1821 2641 1915 2681 fieri
1946 2639 2071 2682 solita

1197 2705 1340 2743 sunt.»
1393 2701 1498 2753 (aAd
1539 2703 1832 2743 Sessorium.»
1892 2703 2068 2744 Comm.

1198 2768 1330 2817 Cruq.
1355 2764 1411 2804 ad
1441 2765 1578 2816 Epod.
1603 2766 1649 2813 5,
1685 2765 1779 2804 400.
1804 2767 1849 2805 et
1877 2765 1933 2805 ad
1957 2766 2000 2805 h.
2025 2764 2069 2816 1.)

1250 2827 1369 2867 8-43.
1416 2828 1504 2866 Huc
1539 2827 1660 2876 prius
1690 2827 1792 2878 cet.]
1826 2827 1916 2868 «Ad
1953 2828 2070 2868 hunc

1195 2889 1362 2938 Iocum,
1382 2889 1456 2929 ubi
1474 2890 1656 2940 Priapus
1673 2889 1833 2936 stabat,
1858 2889 1961 2930 olim
1978 2901 2071 2930 ser-

1194 2963 1348 2992 vorum
1399 2951 1614 2991 cadavera
1659 2953 1825 3003 portari
1868 2951 2070 2993 solebant

1195 3014 1470 3066 sepelienda,
1506 3014 1579 3054 ubi
1602 3014 1828 3065 quondam
1849 3014 2067 3055 Thermae

1194 3078 1402 3117 Traianae
1450 3079 1493 3116 et
1537 3077 1695 3117 domus
1739 3077 2065 3117 Crescentiae.»

1196 3140 1335 3179 Comi.
1361 3141 1490 3186 (im-Q.
1520 3162 1563 3167 --
1587 3139 1727 3192 eiecta]
1750 3142 1798 3180 ut
1816 3139 1931 3189 vilia,
1954 3150 2068 3191 quo-

1195 3213 1292 3241 rum
1331 3204 1507 3253 praeter
1543 3213 1784 3242 conservos
1823 3213 1956 3242 nemo
1986 3213 2068 3242 cu-

1195 3275 1288 3303 ram
1316 3263 1513 3314 gerebat.
1542 3287 1584 3292 —-
1608 3264 1730 3316 cellis]
1754 3264 1952 3305 «miseris
1974 3275 2067 3305 me-

1195 3326 1485 3366 diastinorum
1518 3325 1755 3375 cubiculis,
1801 3325 2064 3378 plerumque

1195 3388 1539 3429 subterraneis.»
1601 3389 1687 3429 Csr.
1721 3390 1819 3428 Sen.
1855 3389 1961 3441 Epp.
1987 3388 2060 3429 48:

259 3449 480 3487 instituit.»
525 3450 661 3488 Comi.
699 3449 826 3494 Caro.
878 3450 1000 3498 Quod
1024 3452 1130 3491 Mei-
1190 3463 1424 3502 pauperum
1468 3452 1602 3492 cellas.
1664 3452 1793 3491 Tacit.
1834 3450 1939 3491 Dial.
1981 3450 2059 3491 28:
