2231 3787
881 257 977 296 [ΑΒ.
1011 257 1060 294 ll.
1123 257 1234 295 SAT.
1272 257 1335 295 Vl.

1922 253 2024 306 313

280 389 723 458 Auctumnusque
763 387 965 458 gravis,
1008 386 1268 439 Libitinae
1309 394 1568 456 quaestus
1609 386 1854 439 acerbae.

282 489 534 542 Matutine
575 498 751 559 pater,
796 506 892 542 seu
933 490 1057 542 Iane
1098 487 1350 541 libentius
1390 487 1568 549 audiS‚

1956 490 2023 541 ⁶20

279 590 429 645 [nde
470 590 713 644 homines
753 608 979 662 operum
1019 590 1220 661 primos
1260 590 1509 662 vitaeque
1550 589 1763 643 labores

279 693 562 745 Instituunt
599 724 668 731 —
709 693 785 746 sic
825 692 908 745 dis
948 691 1199 763 placitum
1236 724 1329 752 —,
1372 701 1426 745 tu
1466 692 1716 745 carminis
1756 700 1870 746 esto

278 795 620 865 Principium.

698 796 896 848 Romae
936 811 1254 865 sponsorem
1293 811 1376 848 me
1417 794 1577 865 rapis.

1659 794 1808 847 «Eia.

278 898 352 950 Ne
393 896 541 967 prior
580 896 755 950 officio
794 897 1082 968 quisquam
1121 896 1470 967 respondeat,
1514 913 1694 967 urge.»

313 1048 380 1087 Ql.
409 1049 570 1098 primos
599 1058 771 1097 operum
801 1048 843 1087 F.
883 1071 926 1076 —
960 1046 1026 1087 24.
1060 1058 1183 1099 urges
1214 1049 1257 1087 L.

205 1181 330 1219 catur
374 1181 507 1220 etiam
538 1181 624 1219 Sat.
661 1180 707 1228 ¹2,
749 1179 794 1228 3,
833 1180 899 1220 78.
945 1190 1083 1229 prava

204 1243 290 1282 sat.
318 1243 332 1281 l
352 1274 360 1290 ,
394 1243 439 1290 6,
474 1243 540 1281 51.
573 1243 729 1281 misera
750 1243 836 1281 sat.
863 1242 906 1290 4,
932 1241 978 1291 4,
1011 1242 1078 1281 26.

205 1305 250 1353 4,
291 1304 336 1351 6,
379 1304 470 1343 429.
505 1305 644 1343 inanis
674 1305 782 1355 Epp.
814 1304 862 1352 2,
896 1304 941 1352 ⁶2,
983 1304 1077 1342 ⁶207.

206 1390 249 1394 —
269 1366 486 1416 plumbeus
500 1366 660 1418 Auster]
683 1366 909 1418 (Scit-oceo)
930 1368 1081 1406 «aestu

202 1439 283 1469 suo
305 1439 465 1481 corpus
488 1440 754 1480 aggravans,
788 1430 995 1480 viresque
1025 1429 1080 1467 ita

202 1495 468 1543 extenuans,
514 1496 561 1533 ut
591 1493 694 1533 nihil
726 1493 868 1534 moliri
913 1493 1080 1545 possim

202 1567 348 1607 neque
371 1556 526 1597 studiis
546 1568 753 1597 vacare.»
800 1556 896 1596 vid.
921 1556 976 1595 ad
999 1555 1077 1596 Od.

201 1619 248 1668 2,
311 1617 380 1668 44,
443 1619 493 1658 45
540 1630 606 1670 sq.
662 1641 702 1649 -
747 1618 1083 1669 Auctuninusqae

200 1681 357 1733 yrai-is]
402 1680 725 1733 «pestilentiam
770 1693 926 1722 seeum
971 1682 1081 1722 affe-

200 1755 348 1784 rens.»
398 1746 487 1784 Liv.
513 1745 560 1793 3,
595 1745 639 1785 6:
686 1757 817 1796 grave
854 1749 1011 1796 tenipus
1045 1749 1082 1784 et

199 1806 305 1856 forte
333 1819 468 1847 annus
490 1808 684 1857 pestilens
713 1812 804 1848 erat
822 1808 917 1847 urbi
947 1809 1083 1860 aqi-is-

201 1881 291 1920 que.
354 1870 417 1910 Cf.
444 1870 522 1910 Od.
561 1870 604 1919 3,
651 1870 728 1920 23,
774 1871 826 1910 8:
875 1871 1081 1921 Pontifero

199 1943 330 1982 yrave
358 1937 516 1983 ternpus
536 1944 660 1973 anno.
693 1935 995 1973 Auctumnum
1026 1933 1082 1973 le-

199 1995 367 2046 tiferum
409 1997 608 2035 nominat
650 1998 801 2036 Iuven.
840 1995 887 2045 4,
928 1996 994 2036 56.
1032 2019 1075 2024 ——

199 2057 392 2109 Libitina]
425 2057 631 2098 funerum
653 2058 736 2098 dea
767 2057 915 2098 Italica
943 2058 1078 2098 modo

201 2130 302 2159 cuni
334 2121 624 2171 Proserpinae
655 2121 790 2161 modo
813 2132 916 2161 cum
937 2122 1081 2161 Vene-

201 2182 260 2220 ris
283 2182 461 2221 numine
484 2193 506 2221 a
531 2182 804 2223 doctioribus
827 2185 1076 2232 coniuncta,

201 2244 243 2282 in
274 2244 398 2283 cuius
439 2244 655 2295 templum
686 2257 765 2296 pro
797 2257 976 2298 quoque
1010 2246 1079 2286 fu-

200 2317 307 2345 nere
350 2317 558 2346 nummus
601 2307 894 2350 inferebatur:
944 2310 1074 2357 item,

201 2378 496 2419 quaecunque
519 2368 574 2407 ad
597 2369 748 2408 funera
773 2370 1070 2420 pertinebant,

201 2429 260 2469 ibi
294 2429 555 2469 locabantur
577 2431 971 2479 etvendeba11tur;
1007 2433 1080 2483 igi-

201 2494 293 2539 tur,
342 2503 429 2543 quo
470 2492 620 2544 plures
651 2493 978 2542 moriebantur,
1027 2506 1078 2534 eo

201 2555 342 2594 maior
373 2557 416 2593 et
447 2556 582 2606 ipsius
614 2555 723 2596 deae
748 2559 791 2596 et
819 2556 1080 2597 libitinario-

205 2627 319 2664 rum,
341 2618 414 2667 qui
438 2617 590 2657 funera
613 2618 843 2666 curabant,
868 2623 1079 2670 quaestus

203 2681 310 2718 erat.
334 2680 452 2719 Suet.
477 2681 578 2720 Ner.
599 2681 674 2720 39:
706 2682 939 2722 Pestilentia
958 2684 1080 2722 unius

204 2742 419 2781 auctumni
480 2743 656 2794 triginta
713 2744 910 2794 funerum
961 2746 1079 2785 milia

200 2803 244 2842 in
292 2805 566 2844 rationem
616 2805 820 2846 Libitinae
861 2812 1075 2848 venerunt.

202 2865 325 2905 Conf.
351 2866 428 2905 Od.
454 2867 494 2914 3,
517 2867 584 2916 30,
608 2868 647 2906 7.
699 2869 808 2920 Epp.
835 2870 874 2918 4,
898 2869 937 2918 7,
964 2871 987 2910 5
1010 2880 1076 2921 sq.

256 2988 398 3029 20-24.
431 2991 635 3031 Matutine
647 2993 786 3045 pater]
809 2993 1080 3045 Descriptio—

207 3061 310 3090 nem
337 3051 723 3094 incommodorum
743 3056 858 3095 vitae
880 3055 1079 3096 urbanae

202 3113 312 3153 scite
353 3112 523 3152 orditur
561 3114 616 3153 ab
656 3117 932 3158 invocatione
963 3120 1077 3169 Iani,

205 3175 280 3225 qui
325 3175 472 3215 omnia
509 3175 626 3215 initia
671 3176 888 3228 fortunat,
934 3181 1077 3230 vitae,

204 3237 329 3284 anni,
370 3236 413 3276 h.
446 3235 473 3276 l.
506 3238 783 3288 negotiorum
818 3252 900 3292 per
929 3243 1080 3293 singu-

202 3296 268 3338 los
295 3297 390 3338 dies
413 3299 808 3349 capessendorum.
870 3303 962 3343 Hoc
982 3303 1079 3343 loco

203 3357 295 3398 solo
319 3361 458 3410 patris
485 3362 682 3401 matutini
712 3373 957 3414 cognomen
997 3365 1081 3404 ha-

204 3419 302 3470 bet,
348 3425 396 3462 ut
439 3423 645 3465 Martialis
675 3424 721 3475 4,
755 3425 802 3472 8,
837 3426 901 3465 ⁴2.
934 3431 1079 3467 matu-

203 3483 334 3523 tinum
351 3485 488 3526 Iovem
507 3489 658 3536 vocat,
685 3488 759 3539 qui
779 3489 923 3540 primo
946 3500 1076 3531 mane

1146 1178 1372 1220 salutatur.
1426 1181 1532 1232 Epp.
1560 1183 1574 1221 4
1596 1213 1603 1230 ,
1630 1182 1702 1230 46,
1727 1182 1800 1222 59:
1833 1183 1932 1223 Iane
1948 1195 2026 1234 pan

1145 1246 1220 1282 ter.
1249 1265 1292 1270 —
1316 1255 1385 1282 seu
1415 1245 1518 1296 cet]
1554 1245 1641 1284 Cfr.
1667 1244 1722 1284 ad
1752 1246 1897 1286 Carm.
1923 1249 2020 1288 Sec.

1146 1305 1221 1346 44:
1254 1306 1440 1356 Ilithyia,
1473 1329 1491 1335 -
1509 1329 1527 1335 -
1547 1307 1642 1347 Sive
1671 1312 1716 1347 tn
1744 1309 1903 1348 Lucina
1918 1321 2024 1359 pro-

1145 1368 1219 1407 bas
1260 1369 1405 1407 vocari
1453 1370 1535 1408 Seu
1583 1371 1796 1409 Genitalis.
1845 1395 1889 1402 —-
1926 1373 2026 1411 Iane

1143 1453 1165 1459 -
1207 1431 1348 1482 audis]
1399 1425 1651 1483 «ἀκούεις,
1706 1432 1887 1484 κλύεις,
1945 1445 2026 1486 ap-

1143 1492 1364 1545 pellaris.»
1431 1496 1539 1546 Epp.
1574 1497 1617 1545 4,
1661 1497 1706 1546 7,
1740 1497 1814 1537 37:
1866 1508 2026 1546 rexque

1138 1561 1343 1606 paterque
1388 1557 1548 1597 Audisti
1594 1570 1740 1598 coram
1782 1571 1856 1599 nec
1901 1560 2025 1600 verbo

1138 1620 1312 1668 parcius
1340 1619 1496 1659 absens.
1530 1641 1573 1648 —
1626 1621 1761 1672 Unde]
1801 1633 1849 1661 «a
1888 1633 2022 1673 quo.»

1142 1680 1239 1720 Vid.
1287 1681 1341 1721 ad
1388 1683 1475 1722 Sat.
1526 1684 1578 1731 4,
1621 1683 1672 1727 6,
1715 1684 1780 1723 42.
1825 1707 1868 1711 —
1925 1696 2025 1734 ope-

1143 1755 1239 1782 rum
1258 1766 1281 1771 —
1300 1745 1505 1797 tritaeque]
1546 1747 1769 1785 «omnium
1809 1757 2020 1797 operum,

1145 1817 1258 1857 quae
1296 1807 1412 1847 vitae
1453 1810 1630 1848 nostrae
1663 1808 1864 1848 condicio
1896 1809 2024 1849 nobis

1144 1869 1370 1920 imponit.»
1404 1892 1451 1898 —
1492 1871 1549 1909 sic
1579 1871 1641 1910 dis
1672 1871 1898 1923 placitum]
1933 1871 2021 1911 Cfr.

1144 1930 1224 1971 Od.
1257 1932 1303 1980 4,
1345 1931 1420 1981 33,
1457 1932 1532 1972 4Ο;
1585 1934 1654 1973 Sic
1681 1935 1817 1973 visum
1864 1935 2021 1974 Veneri.

1143 1994 1282 2046 Epod.
1314 1994 1360 2043 9,
1394 1994 1440 2034 3;
1487 1996 1544 2035 sic
1572 1997 1660 2036 Iovi
1690 2001 1886 2048 qratiam,
1934 1996 2025 2037 sol-

1142 2055 1277 2096 lemni
1321 2057 1362 2096 in
1404 2057 1472 2097 his
1513 2057 1715 2099 formulis
1755 2059 1882 2099 verbi
1913 2059 2024 2100 sub-

1143 2120 1320 2160 stantivi
1341 2121 1597 2161 omissione.
1634 2123 1751 2162 «Iam
1774 2123 1891 2163 enim
1914 2123 2024 2163 haec

1143 2182 1331 2222 deorum
1364 2184 1432 2222 est
1466 2182 1690 2232 voluntas,
1734 2186 1780 2224 ut
1818 2185 2023 2236 praeside

1142 2246 1184 2284 te
1215 2244 1343 2296 plena
1376 2244 1579 2286 laborum
1601 2248 1655 2287 sit
1675 2248 1762 2287 vita
1784 2248 2022 2288 humana.»

1146 2330 1190 2334 —
1212 2307 1378 2358 Romae]
1404 2309 1541 2348 «Cum
1564 2310 1728 2349 Romae
1751 2321 1866 2358 sum,
1892 2322 2023 2350 mane

1143 2379 1214 2407 nie
1240 2370 1358 2419 rapis
1382 2380 1596 2420 sponsum
1622 2372 1663 2409 in
1686 2372 1870 2411 Forum»
1896 2372 2019 2423 (Epp.

1142 2431 1188 2478 ⁵2,
1221 2432 1266 2479 ⁶2,
1301 2431 1374 2470 67:
1407 2432 1482 2470 Hic
1511 2443 1705 2481 sponsum
1722 2433 1895 2484 vocat.);
1929 2435 1955 2473 i.
1981 2445 2019 2474 e.

1145 2494 1333 2532 «Romae
1371 2495 1686 2536 necessitatem
1726 2496 1831 2535 mihi
1878 2497 2023 2548 impo-

1142 2555 1272 2594 sitam
1304 2557 1446 2595 sentio
1476 2568 1556 2608 pro
1588 2557 1673 2597 hoc
1694 2557 1764 2597 vel
1788 2557 1856 2598 illo
1879 2560 2022 2599 amico

1143 2618 1374 2659 confestim
1404 2620 1676 2671 spondendi,
1719 2622 1800 2661 nisi
1830 2622 2023 2663 insuavis

1144 2682 1187 2720 et
1230 2680 1519 2732 negligentior
1563 2683 1718 2724 haberi
1762 2684 1938 2725 velim.»
1975 2708 2020 2713 —

1141 2745 1224 2783 Eia
1243 2766 1293 2772 --
1310 2744 1426 2796 urye]
1452 2746 1527 2786 His
1546 2746 1697 2787 verbis
1724 2748 1854 2787 Ianus
1882 2748 2023 2787 Hora-

1143 2805 1253 2844 tium
1301 2806 1358 2846 ad
1406 2807 1548 2847 forum
1606 2819 1764 2860 rapere
1819 2809 2019 2860 fingitur:

1144 2862 1346 2921 αὲπειγε,
1393 2880 1607 2921 propera,
1649 2881 1704 2911 ne
1736 2872 1834 2922 quis
1865 2873 1906 2912 in
1938 2873 2023 2912 hoc

1143 2929 1286 2970 officio
1335 2932 1591 2982 recipiendo
1635 2935 1676 2972 te
1720 2934 2019 2985 praeveniat.»

1144 2992 1231 3032 Cfr.
1280 2995 1403 3033 Pers,
1455 2995 1508 3043 5,
1563 2994 1667 3034 43⁶2:
1728 2996 1906 3047 Surqe,
1954 2996 2022 3035 in-

1143 3055 1232 3105 quit
1286 3056 1501 3106 Avaritia,
1561 3058 1641 3097 eia
1698 3059 1874 3109 Sui-qe!
1944 3057 2020 3098 Alii

1146 3116 1256 3168 (coll.
1299 3117 1466 3158 Philon.
1499 3121 1602 3170 Leg.
1637 3120 1693 3160 ad
1735 3121 1888 3161 Caium
1933 3121 2019 3167 26,

1143 3179 1219 3220 ubi
1250 3180 1431 3221 Helicon
1457 3182 1513 3221 ad
1543 3185 1688 3222 semet
1717 3183 1885 3234 ipsum:
1919 3177 2020 3222 Νῦν

1144 3237 1170 3281 ὁ
1193 3240 1361 3300 καιρός
1382 3242 1535 3294 ἐστιν,
1561 3239 1779 3285 Ἑλικών·
1812 3243 2021 3299 ἐπέγειρε

1143 3302 1386 3358 σεαυτόν.)
1407 3306 1520 3347 haee
1537 3318 1609 3346 vv.
1626 3308 1802 3347 Horatio
1823 3306 2022 3345 tribuunt

1143 3369 1289 3408 semet
1318 3369 1465 3420 ipsum
1487 3370 1707 3409 excitanti.
1767 3370 1913 3419 Longe
1935 3368 2021 3407 mi-

1142 3440 1225 3470 nus
1271 3431 1392 3471 reete
1436 3430 1527 3470 alii:
1582 3431 1821 3471 «Matutine
1866 3431 2015 3481 pater,

1141 3503 1272 3544 urge,
1317 3492 1494 3545 impelle
1531 3503 1646 3533 me.»
1698 3515 1739 3520 ——
1781 3491 1927 3544 officio]
1975 3492 2017 3531 h.
