<?xml version="1.0" encoding="UTF-8"?>
<!DOCTYPE html PUBLIC "-//W3C//DTD XHTML 1.0 Transitional//EN"
    "http://www.w3.org/TR/xhtml1/DTD/xhtml1-transitional.dtd">
<html xmlns="http://www.w3.org/1999/xhtml" xml:lang="en" lang="en">
 <head>
  <title>
</title>
<meta http-equiv="Content-Type" content="text/html;charset=utf-8" />
  <meta name='ocr-system' content='tesseract 3.04.00' />
  <meta name='ocr-capabilities' content='ocr_page ocr_carea ocr_par ocr_line ocrx_word'/>
</head>
<body>
  <div class='ocr_page' id='page_1' title='image "./qhoratiusflaccus02horauoft_0354.png"; bbox 0 0 2231 3787; ppageno 0'>
   <div class='ocr_carea' id='block_1_1' title="bbox 299 286 400 336">
    <p class='ocr_par' dir='ltr' id='par_1_1' title="bbox 299 286 400 336">
     <span class='ocr_line' id='line_1_1' title="bbox 299 286 400 336; baseline -0.05 -1"><span class='ocrx_word' id='word_1_1' title='bbox 299 286 400 336; x_wconf 83' lang='lat'>330</span> 
     </span>
    </p>
   </div>
   <div class='ocr_carea' id='block_1_2' title="bbox 931 287 1471 329">
    <p class='ocr_par' dir='ltr' id='par_1_2' title="bbox 931 287 1471 329">
     <span class='ocr_line' id='line_1_2' title="bbox 931 287 1471 329; baseline 0 -3"><span class='ocrx_word' id='word_1_2' title='bbox 931 287 1144 327; x_wconf 73' lang='lat' dir='ltr'>llORATll</span> <span class='ocrx_word' id='word_1_3' title='bbox 1175 288 1471 329; x_wconf 72' lang='lat' dir='ltr'>SATIRARUM</span> 
     </span>
    </p>
   </div>
   <div class='ocr_carea' id='block_1_3' title="bbox 371 415 1876 471">
    <p class='ocr_par' dir='ltr' id='par_1_3' title="bbox 371 415 1876 471">
     <span class='ocr_line' id='line_1_3' title="bbox 371 415 1876 471; baseline 0.002 -4"><span class='ocrx_word' id='word_1_4' title='bbox 371 417 476 468; x_wconf 78' lang='lat' dir='ltr'>lani</span> <span class='ocrx_word' id='word_1_5' title='bbox 516 415 772 469; x_wconf 85' lang='lat' dir='ltr'>moechus</span> <span class='ocrx_word' id='word_1_6' title='bbox 811 417 1032 470; x_wconf 82' lang='lat' dir='ltr'>Romae.</span> <span class='ocrx_word' id='word_1_7' title='bbox 1076 417 1178 469; x_wconf 84' lang='lat' dir='ltr'>iam</span> <span class='ocrx_word' id='word_1_8' title='bbox 1218 416 1396 469; x_wconf 89' lang='lat' dir='ltr'>mallet</span> <span class='ocrx_word' id='word_1_9' title='bbox 1433 416 1623 470; x_wconf 90' lang='lat' dir='ltr'>doctus</span> <span class='ocrx_word' id='word_1_10' title='bbox 1661 416 1876 471; x_wconf 80' lang='lat' dir='ltr'>Athenis</span> 
     </span>
    </p>
   </div>
   <div class='ocr_carea' id='block_1_4' title="bbox 368 517 1877 588">
    <p class='ocr_par' dir='ltr' id='par_1_4' title="bbox 368 517 1877 588">
     <span class='ocr_line' id='line_1_4' title="bbox 368 517 1877 588; baseline 0.001 -21"><span class='ocrx_word' id='word_1_11' title='bbox 368 517 576 576; x_wconf 65' lang='lat' dir='ltr'>Vix-ere,</span> <span class='ocrx_word' id='word_1_12' title='bbox 621 518 942 572; x_wconf 82' lang='lat' dir='ltr'>Vertumnis.</span> <span class='ocrx_word' id='word_1_13' title='bbox 985 526 1249 588; x_wconf 80' lang='lat' dir='ltr'>quotquot</span> <span class='ocrx_word' id='word_1_14' title='bbox 1287 526 1433 579; x_wconf 80' lang='lat' dir='ltr'>sunt,</span> <span class='ocrx_word' id='word_1_15' title='bbox 1474 526 1628 571; x_wconf 90' lang='lat' dir='ltr'>natus</span> <span class='ocrx_word' id='word_1_16' title='bbox 1666 518 1877 588; x_wconf 91' lang='lat' dir='ltr'>iniquis.</span> 
     </span>
    </p>
   </div>
   <div class='ocr_carea' id='block_1_5' title="bbox 367 617 1847 690">
    <p class='ocr_par' dir='ltr' id='par_1_5' title="bbox 367 617 1847 690">
     <span class='ocr_line' id='line_1_5' title="bbox 367 617 1847 690; baseline 0.001 -19"><span class='ocrx_word' id='word_1_17' title='bbox 367 619 562 672; x_wconf 84' lang='lat' dir='ltr'>Scurra</span> <span class='ocrx_word' id='word_1_18' title='bbox 601 618 936 675; x_wconf 70' lang='lat' dir='ltr'>Volanerius,</span> <span class='ocrx_word' id='word_1_19' title='bbox 980 627 1264 689; x_wconf 79' lang='lat' dir='ltr'>postquam</span> <span class='ocrx_word' id='word_1_20' title='bbox 1304 617 1373 670; x_wconf 93' lang='lat' dir='ltr'>illi</span> <span class='ocrx_word' id='word_1_21' title='bbox 1415 618 1550 671; x_wconf 90' lang='lat' dir='ltr'>iusta</span> <span class='ocrx_word' id='word_1_22' title='bbox 1589 617 1847 690; x_wconf 78' lang='lat' dir='ltr'>cheragra</span> 
     </span>
    </p>
   </div>
   <div class='ocr_carea' id='block_1_6' title="bbox 2038 620 2104 672">
    <p class='ocr_par' dir='ltr' id='par_1_6' title="bbox 2038 620 2104 672">
     <span class='ocr_line' id='line_1_6' title="bbox 2038 620 2104 672; baseline -0.03 0"><span class='ocrx_word' id='word_1_23' title='bbox 2038 620 2104 672; x_wconf 40' lang='lat'>(15</span> 
     </span>
    </p>
   </div>
   <div class='ocr_carea' id='block_1_7' title="bbox 368 718 1747 791">
    <p class='ocr_par' dir='ltr' id='par_1_7' title="bbox 368 718 1747 791">
     <span class='ocr_line' id='line_1_7' title="bbox 368 718 1747 791; baseline 0 -18"><span class='ocrx_word' id='word_1_24' title='bbox 368 719 618 773; x_wconf 84' lang='lat' dir='ltr'>Contudit</span> <span class='ocrx_word' id='word_1_25' title='bbox 656 719 931 777; x_wconf 81' lang='lat' dir='ltr'>articulos,</span> <span class='ocrx_word' id='word_1_26' title='bbox 974 719 1065 789; x_wconf 87' lang='lat' dir='ltr'>qui</span> <span class='ocrx_word' id='word_1_27' title='bbox 1105 737 1202 789; x_wconf 91' lang='lat' dir='ltr'>pro</span> <span class='ocrx_word' id='word_1_28' title='bbox 1243 736 1300 772; x_wconf 90' lang='lat' dir='ltr'>se</span> <span class='ocrx_word' id='word_1_29' title='bbox 1340 718 1549 773; x_wconf 87' lang='lat' dir='ltr'>tolleret</span> <span class='ocrx_word' id='word_1_30' title='bbox 1587 729 1747 791; x_wconf 89' lang='lat' dir='ltr'>atque</span> 
     </span>
    </p>
   </div>
   <div class='ocr_carea' id='block_1_8' title="bbox 343 899 2051 1202">
    <p class='ocr_par' dir='ltr' id='par_1_8' title="bbox 343 899 2051 1202">
     <span class='ocr_line' id='line_1_8' title="bbox 408 899 2044 952; baseline 0.001 -14"><span class='ocrx_word' id='word_1_31' title='bbox 408 900 465 939; x_wconf 82' lang='grc'>43.</span> <span class='ocrx_word' id='word_1_32' title='bbox 499 902 640 939; x_wconf 79' lang='lat' dir='ltr'>doctor</span> <span class='ocrx_word' id='word_1_33' title='bbox 670 899 725 939; x_wconf 84' lang='lat' dir='ltr'>bc</span> <span class='ocrx_word' id='word_1_34' title='bbox 757 903 799 939; x_wconf 79' lang='lat' dir='ltr'>et</span> <span class='ocrx_word' id='word_1_35' title='bbox 830 911 893 951; x_wconf 93' lang='lat' dir='ltr'>pr.</span> <span class='ocrx_word' id='word_1_36' title='bbox 928 900 980 948; x_wconf 87' lang='lat' dir='ltr'>E,</span> <span class='ocrx_word' id='word_1_37' title='bbox 1015 900 1122 940; x_wconf 86' lang='lat' dir='ltr'>Cod.</span> <span class='ocrx_word' id='word_1_38' title='bbox 1147 901 1331 951; x_wconf 88' lang='lat' dir='ltr'>Franeq.</span> <span class='ocrx_word' id='word_1_39' title='bbox 1362 903 1405 940; x_wconf 85' lang='lat' dir='ltr'>et</span> <span class='ocrx_word' id='word_1_40' title='bbox 1427 901 1523 940; x_wconf 86' lang='lat' dir='ltr'>Fea.</span> <span class='ocrx_word' id='word_1_41' title='bbox 1560 903 1623 951; x_wconf 67' lang='lat' dir='ltr'>(Ut</span> <span class='ocrx_word' id='word_1_42' title='bbox 1652 911 1754 950; x_wconf 92' lang='lat' dir='ltr'>nos,</span> <span class='ocrx_word' id='word_1_43' title='bbox 1789 902 1845 952; x_wconf 93' lang='lat' dir='ltr'>Sp</span> <span class='ocrx_word' id='word_1_44' title='bbox 1868 903 1911 940; x_wconf 87' lang='lat' dir='ltr'>et</span> <span class='ocrx_word' id='word_1_45' title='bbox 1932 912 2044 941; x_wconf 84' lang='lat' dir='ltr'>corr.</span> 
     </span>
     <span class='ocr_line' id='line_1_9' title="bbox 348 962 2049 1014; baseline 0.001 -13"><span class='ocrx_word' id='word_1_46' title='bbox 348 962 408 1009; x_wconf 43' lang='lat' dir='ltr'>EA</span> <span class='ocrx_word' id='word_1_47' title='bbox 446 986 488 990; x_wconf 74' lang='lat'>—</span> <span class='ocrx_word' id='word_1_48' title='bbox 531 963 589 1001; x_wconf 75' lang='lat'>¹5.</span> <span class='ocrx_word' id='word_1_49' title='bbox 622 962 821 1013; x_wconf 60' lang='lat' dir='ltr'>chiram-a</span> <span class='ocrx_word' id='word_1_50' title='bbox 855 964 953 1002; x_wconf 86' lang='lat' dir='ltr'>LCt.</span> <span class='ocrx_word' id='word_1_51' title='bbox 993 983 1035 989; x_wconf 91' lang='lat'>—</span> <span class='ocrx_word' id='word_1_52' title='bbox 1073 962 1138 1003; x_wconf 91' lang='grc'>46.</span> <span class='ocrx_word' id='word_1_53' title='bbox 1174 963 1393 1003; x_wconf 81' lang='lat' dir='ltr'>Contundit</span> <span class='ocrx_word' id='word_1_54' title='bbox 1423 963 1661 1014; x_wconf 88' lang='lat' dir='ltr'>(superscr.</span> <span class='ocrx_word' id='word_1_55' title='bbox 1680 967 1854 1013; x_wconf 81' lang='lat' dir='ltr'>propter</span> <span class='ocrx_word' id='word_1_56' title='bbox 1872 967 2049 1003; x_wconf 80' lang='lat' dir='ltr'>metrum</span> 
     </span>
     <span class='ocr_line' id='line_1_10' title="bbox 345 1024 2051 1076; baseline 0.001 -13"><span class='ocrx_word' id='word_1_57' title='bbox 345 1024 563 1074; x_wconf 70' lang='lat' dir='ltr'>corripuit)</span> <span class='ocrx_word' id='word_1_58' title='bbox 596 1024 640 1063; x_wconf 86' lang='lat' dir='ltr'>E.</span> <span class='ocrx_word' id='word_1_59' title='bbox 694 1047 736 1052; x_wconf 85' lang='lat'>—-</span> <span class='ocrx_word' id='word_1_60' title='bbox 789 1025 851 1063; x_wconf 78' lang='grc'>47.</span> <span class='ocrx_word' id='word_1_61' title='bbox 881 1025 1068 1074; x_wconf 80' lang='lat' dir='ltr'><strong><em>phimum</em></strong></span> <span class='ocrx_word' id='word_1_62' title='bbox 1099 1025 1334 1076; x_wconf 87' lang='lat' dir='ltr'>(superscr.</span> <span class='ocrx_word' id='word_1_63' title='bbox 1362 1026 1547 1076; x_wconf 70' lang='lat' dir='ltr'>pir-qum)</span> <span class='ocrx_word' id='word_1_64' title='bbox 1579 1025 1653 1073; x_wconf 91' lang='lat' dir='ltr'>bS,</span> <span class='ocrx_word' id='word_1_65' title='bbox 1683 1025 1853 1076; x_wconf 65' lang='lat' dir='ltr'>pirgum</span> <span class='ocrx_word' id='word_1_66' title='bbox 1882 1037 1920 1073; x_wconf 84' lang='lat' dir='ltr'>c,</span> <span class='ocrx_word' id='word_1_67' title='bbox 1947 1037 2051 1076; x_wconf 76' lang='lat' dir='ltr'>pyr-</span> 
     </span>
     <span class='ocr_line' id='line_1_11' title="bbox 343 1086 2051 1139; baseline 0.002 -15"><span class='ocrx_word' id='word_1_68' title='bbox 343 1098 441 1136; x_wconf 73' lang='lat' dir='ltr'>gyum</span> <span class='ocrx_word' id='word_1_69' title='bbox 473 1088 584 1137; x_wconf 87' lang='lat' dir='ltr'>p,Lt.</span> <span class='ocrx_word' id='word_1_70' title='bbox 622 1087 679 1136; x_wconf 58' lang='lat' dir='ltr'>,In</span> <span class='ocrx_word' id='word_1_71' title='bbox 712 1087 756 1134; x_wconf 86' lang='lat' dir='ltr'>E,</span> <span class='ocrx_word' id='word_1_72' title='bbox 791 1087 863 1137; x_wconf 87' lang='lat' dir='ltr'>qui</span> <span class='ocrx_word' id='word_1_73' title='bbox 894 1086 1031 1126; x_wconf 87' lang='lat' dir='ltr'>habet</span> <span class='ocrx_word' id='word_1_74' title='bbox 1054 1087 1256 1137; x_wconf 78' lang='lat' dir='ltr'><strong><em>phimum,</em></strong></span> <span class='ocrx_word' id='word_1_75' title='bbox 1289 1087 1433 1139; x_wconf 80' lang='lat' dir='ltr'>glossa</span> <span class='ocrx_word' id='word_1_76' title='bbox 1464 1088 1764 1139; x_wconf 86' lang='lat' dir='ltr'>superscripta</span> <span class='ocrx_word' id='word_1_77' title='bbox 1804 1090 1894 1128; x_wconf 86' lang='lat' dir='ltr'>est:</span> <span class='ocrx_word' id='word_1_78' title='bbox 1941 1089 2051 1137; x_wconf 79' lang='lat' dir='ltr'>quod</span> 
     </span>
     <span class='ocr_line' id='line_1_12' title="bbox 346 1149 2046 1202; baseline 0.002 -16"><span class='ocrx_word' id='word_1_79' title='bbox 346 1160 417 1187; x_wconf 80' lang='lat' dir='ltr'>nos</span> <span class='ocrx_word' id='word_1_80' title='bbox 444 1149 684 1198; x_wconf 82' lang='lat' dir='ltr'>fritillum</span> <span class='ocrx_word' id='word_1_81' title='bbox 714 1150 886 1189; x_wconf 77' lang='lat' dir='ltr'><strong><em>dicimus</em></strong></span> <span class='ocrx_word' id='word_1_82' title='bbox 908 1150 969 1190; x_wconf 73' lang='lat' dir='ltr'>rel</span> <span class='ocrx_word' id='word_1_83' title='bbox 992 1152 1240 1202; x_wconf 67' lang='lat' dir='ltr'>pyrqum.)</span> <span class='ocrx_word' id='word_1_84' title='bbox 1267 1173 1309 1178; x_wconf 92' lang='lat'>——</span> <span class='ocrx_word' id='word_1_85' title='bbox 1335 1150 1400 1190; x_wconf 90' lang='grc'>48.</span> <span class='ocrx_word' id='word_1_86' title='bbox 1419 1151 1558 1200; x_wconf 81' lang='lat' dir='ltr'>patuit</span> <span class='ocrx_word' id='word_1_87' title='bbox 1579 1151 1624 1190; x_wconf 87' lang='lat' dir='ltr'>E.</span> <span class='ocrx_word' id='word_1_88' title='bbox 1653 1151 1827 1190; x_wconf 83' lang='lat' dir='ltr'>—idem</span> <span class='ocrx_word' id='word_1_89' title='bbox 1847 1151 1982 1202; x_wconf 85' lang='lat' dir='ltr'>p‚LCt</span> <span class='ocrx_word' id='word_1_90' title='bbox 2002 1152 2046 1190; x_wconf 86' lang='lat' dir='ltr'>et</span> 
     </span>
    </p>
   </div>
   <div class='ocr_carea' id='block_1_9' title="bbox 281 1319 1164 3546">
    <p class='ocr_par' dir='ltr' id='par_1_9' title="bbox 281 1319 1164 3546">
     <span class='ocr_line' id='line_1_13' title="bbox 290 1319 1160 1371; baseline 0.002 -12"><span class='ocrx_word' id='word_1_91' title='bbox 290 1319 410 1359; x_wconf 65' lang='lat' dir='ltr'>Ovid.</span> <span class='ocrx_word' id='word_1_92' title='bbox 455 1321 580 1359; x_wconf 90' lang='lat' dir='ltr'>Trist.</span> <span class='ocrx_word' id='word_1_93' title='bbox 620 1322 663 1369; x_wconf 86' lang='grc'>4,</span> <span class='ocrx_word' id='word_1_94' title='bbox 710 1320 754 1369; x_wconf 86' lang='grc'>9,</span> <span class='ocrx_word' id='word_1_95' title='bbox 804 1321 868 1360; x_wconf 84' lang='grc'>48.</span> <span class='ocrx_word' id='word_1_96' title='bbox 921 1344 965 1350; x_wconf 89' lang='grc'>-</span> <span class='ocrx_word' id='word_1_97' title='bbox 1007 1323 1160 1371; x_wconf 85' lang='lat' dir='ltr'>doctus]</span> 
     </span>
     <span class='ocr_line' id='line_1_14' title="bbox 292 1381 1164 1435; baseline 0.002 -14"><span class='ocrx_word' id='word_1_98' title='bbox 292 1381 646 1434; x_wconf 80' lang='lat' dir='ltr'>«philosophus,»</span> <span class='ocrx_word' id='word_1_99' title='bbox 680 1383 753 1433; x_wconf 92' lang='lat' dir='ltr'>qui</span> <span class='ocrx_word' id='word_1_100' title='bbox 785 1383 954 1423; x_wconf 90' lang='lat' dir='ltr'>comice</span> <span class='ocrx_word' id='word_1_101' title='bbox 976 1384 1164 1435; x_wconf 92' lang='lat' dir='ltr'>opponi-</span> 
     </span>
     <span class='ocr_line' id='line_1_15' title="bbox 290 1443 1164 1492; baseline 0.001 -8"><span class='ocrx_word' id='word_1_102' title='bbox 290 1448 359 1484; x_wconf 86' lang='lat' dir='ltr'>tur</span> <span class='ocrx_word' id='word_1_103' title='bbox 396 1445 572 1484; x_wconf 81' lang='lat' dir='ltr'>moecho.</span> <span class='ocrx_word' id='word_1_104' title='bbox 644 1444 769 1492; x_wconf 86' lang='lat' dir='ltr'>Quod</span> <span class='ocrx_word' id='word_1_105' title='bbox 810 1443 952 1484; x_wconf 88' lang='lat' dir='ltr'>Schol.</span> <span class='ocrx_word' id='word_1_106' title='bbox 984 1445 1164 1485; x_wconf 87' lang='lat' dir='ltr'>tradunt</span> 
     </span>
     <span class='ocr_line' id='line_1_16' title="bbox 290 1507 1163 1547; baseline 0.002 -2"><span class='ocrx_word' id='word_1_107' title='bbox 290 1507 487 1546; x_wconf 89' lang='lat' dir='ltr'>Priscum</span> <span class='ocrx_word' id='word_1_108' title='bbox 543 1507 725 1547; x_wconf 74' lang='lat' dir='ltr'>Athenis</span> <span class='ocrx_word' id='word_1_109' title='bbox 784 1508 1024 1547; x_wconf 90' lang='lat' dir='ltr'>oratoriam</span> <span class='ocrx_word' id='word_1_110' title='bbox 1081 1508 1163 1547; x_wconf 90' lang='lat' dir='ltr'>do-</span> 
     </span>
     <span class='ocr_line' id='line_1_17' title="bbox 289 1569 1161 1616; baseline 0.002 -8"><span class='ocrx_word' id='word_1_111' title='bbox 289 1570 448 1616; x_wconf 82' lang='lat' dir='ltr'>cuisse,</span> <span class='ocrx_word' id='word_1_112' title='bbox 481 1572 624 1609; x_wconf 88' lang='lat' dir='ltr'>ortum</span> <span class='ocrx_word' id='word_1_113' title='bbox 658 1572 724 1610; x_wconf 84' lang='lat' dir='ltr'>est</span> <span class='ocrx_word' id='word_1_114' title='bbox 754 1582 804 1609; x_wconf 78' lang='lat' dir='ltr'>ex</span> <span class='ocrx_word' id='word_1_115' title='bbox 837 1569 943 1610; x_wconf 83' lang='lat' dir='ltr'>falsa</span> <span class='ocrx_word' id='word_1_116' title='bbox 972 1569 1161 1610; x_wconf 89' lang='lat' dir='ltr'>lectione</span> 
     </span>
     <span class='ocr_line' id='line_1_18' title="bbox 287 1631 1162 1682; baseline 0.003 -13"><span class='ocrx_word' id='word_1_117' title='bbox 287 1632 448 1680; x_wconf 82' lang='lat' dir='ltr'>doctor,</span> <span class='ocrx_word' id='word_1_118' title='bbox 481 1634 527 1670; x_wconf 93' lang='lat' dir='ltr'>ut</span> <span class='ocrx_word' id='word_1_119' title='bbox 548 1633 668 1682; x_wconf 88' lang='lat' dir='ltr'>patet</span> <span class='ocrx_word' id='word_1_120' title='bbox 690 1643 742 1671; x_wconf 76' lang='lat' dir='ltr'>ex</span> <span class='ocrx_word' id='word_1_121' title='bbox 765 1631 904 1672; x_wconf 88' lang='lat' dir='ltr'>Gloss.</span> <span class='ocrx_word' id='word_1_122' title='bbox 929 1633 1036 1672; x_wconf 92' lang='lat' dir='ltr'>Cod.</span> <span class='ocrx_word' id='word_1_123' title='bbox 1062 1633 1162 1672; x_wconf 85' lang='lat' dir='ltr'>Fra-</span> 
     </span>
     <span class='ocr_line' id='line_1_19' title="bbox 288 1694 1162 1743; baseline 0.003 -11"><span class='ocrx_word' id='word_1_124' title='bbox 288 1704 407 1743; x_wconf 80' lang='lat' dir='ltr'>neq:</span> <span class='ocrx_word' id='word_1_125' title='bbox 461 1694 652 1733; x_wconf 83' lang='lat' dir='ltr'>«Dicitur</span> <span class='ocrx_word' id='word_1_126' title='bbox 697 1695 816 1734; x_wconf 90' lang='lat' dir='ltr'>enim</span> <span class='ocrx_word' id='word_1_127' title='bbox 860 1695 940 1734; x_wconf 90' lang='lat' dir='ltr'>iste</span> <span class='ocrx_word' id='word_1_128' title='bbox 986 1696 1162 1735; x_wconf 82' lang='lat' dir='ltr'>Priscus</span> 
     </span>
     <span class='ocr_line' id='line_1_20' title="bbox 288 1756 1160 1807; baseline 0.002 -13"><span class='ocrx_word' id='word_1_129' title='bbox 288 1756 420 1795; x_wconf 83' lang='lat' dir='ltr'>fuisse</span> <span class='ocrx_word' id='word_1_130' title='bbox 453 1757 656 1802; x_wconf 86' lang='lat' dir='ltr'>orator;»</span> <span class='ocrx_word' id='word_1_131' title='bbox 698 1767 973 1807; x_wconf 90' lang='lat' dir='ltr'>quamquam</span> <span class='ocrx_word' id='word_1_132' title='bbox 1002 1768 1160 1796; x_wconf 77' lang='lat' dir='ltr'>verum</span> 
     </span>
     <span class='ocr_line' id='line_1_21' title="bbox 287 1818 1163 1868; baseline 0.003 -12"><span class='ocrx_word' id='word_1_133' title='bbox 287 1828 375 1857; x_wconf 90' lang='lat' dir='ltr'>non</span> <span class='ocrx_word' id='word_1_134' title='bbox 405 1821 469 1857; x_wconf 86' lang='lat' dir='ltr'>est</span> <span class='ocrx_word' id='word_1_135' title='bbox 502 1818 620 1868; x_wconf 88' lang='lat' dir='ltr'>quod</span> <span class='ocrx_word' id='word_1_136' title='bbox 651 1818 800 1858; x_wconf 87' lang='lat' dir='ltr'>dicunt</span> <span class='ocrx_word' id='word_1_137' title='bbox 831 1820 1056 1859; x_wconf 90' lang='lat' dir='ltr'>neminem</span> <span class='ocrx_word' id='word_1_138' title='bbox 1081 1821 1163 1859; x_wconf 89' lang='lat' dir='ltr'>Ro-</span> 
     </span>
     <span class='ocr_line' id='line_1_22' title="bbox 287 1881 1161 1930; baseline 0.001 -11"><span class='ocrx_word' id='word_1_139' title='bbox 287 1890 520 1919; x_wconf 87' lang='lat' dir='ltr'>manorum</span> <span class='ocrx_word' id='word_1_140' title='bbox 556 1891 751 1930; x_wconf 89' lang='lat' dir='ltr'>unquam</span> <span class='ocrx_word' id='word_1_141' title='bbox 796 1881 984 1920; x_wconf 89' lang='lat' dir='ltr'>docendi</span> <span class='ocrx_word' id='word_1_142' title='bbox 1027 1892 1161 1921; x_wconf 88' lang='lat' dir='ltr'>causa</span> 
     </span>
     <span class='ocr_line' id='line_1_23' title="bbox 286 1941 1160 1984; baseline 0.001 -2"><span class='ocrx_word' id='word_1_143' title='bbox 286 1942 481 1982; x_wconf 80' lang='lat' dir='ltr'>Athenas</span> <span class='ocrx_word' id='word_1_144' title='bbox 512 1953 559 1981; x_wconf 90' lang='lat' dir='ltr'>se</span> <span class='ocrx_word' id='word_1_145' title='bbox 600 1941 854 1983; x_wconf 81' lang='lat' dir='ltr'>contulisse.</span> <span class='ocrx_word' id='word_1_146' title='bbox 916 1944 968 1984; x_wconf 78' lang='lat' dir='ltr'>M.</span> <span class='ocrx_word' id='word_1_147' title='bbox 1005 1944 1160 1983; x_wconf 87' lang='lat' dir='ltr'>Cicero</span> 
     </span>
     <span class='ocr_line' id='line_1_24' title="bbox 288 2003 1158 2058; baseline 0.002 -15"><span class='ocrx_word' id='word_1_148' title='bbox 288 2003 399 2044; x_wconf 85' lang='lat' dir='ltr'>filius</span> <span class='ocrx_word' id='word_1_149' title='bbox 430 2004 484 2042; x_wconf 88' lang='lat' dir='ltr'>ad</span> <span class='ocrx_word' id='word_1_150' title='bbox 517 2005 633 2043; x_wconf 82' lang='lat' dir='ltr'>Fam.</span> <span class='ocrx_word' id='word_1_151' title='bbox 661 2005 730 2053; x_wconf 86' lang='grc'>46,</span> <span class='ocrx_word' id='word_1_152' title='bbox 766 2005 839 2053; x_wconf 70' lang='lat'>21,</span> <span class='ocrx_word' id='word_1_153' title='bbox 872 2006 915 2044; x_wconf 82' lang='lat'>5:</span> <span class='ocrx_word' id='word_1_154' title='bbox 952 2006 1158 2058; x_wconf 82' lang='lat' dir='ltr'>(Athenis)</span> 
     </span>
     <span class='ocr_line' id='line_1_25' title="bbox 287 2066 1162 2116; baseline 0.002 -11"><span class='ocrx_word' id='word_1_155' title='bbox 287 2067 555 2106; x_wconf 76' lang='lat' dir='ltr'>declamitare</span> <span class='ocrx_word' id='word_1_156' title='bbox 584 2066 740 2106; x_wconf 82' lang='lat' dir='ltr'>Graece</span> <span class='ocrx_word' id='word_1_157' title='bbox 760 2068 872 2116; x_wconf 78' lang='lat' dir='ltr'>apud</span> <span class='ocrx_word' id='word_1_158' title='bbox 893 2067 1080 2107; x_wconf 79' lang='lat' dir='ltr'>Cassium</span> <span class='ocrx_word' id='word_1_159' title='bbox 1101 2069 1162 2107; x_wconf 77' lang='lat' dir='ltr'>in-</span> 
     </span>
     <span class='ocr_line' id='line_1_26' title="bbox 285 2129 1162 2179; baseline 0.003 -12"><span class='ocrx_word' id='word_1_160' title='bbox 285 2129 419 2174; x_wconf 73' lang='lat' dir='ltr'>stitui:</span> <span class='ocrx_word' id='word_1_161' title='bbox 459 2129 604 2167; x_wconf 78' lang='lat' dir='ltr'>Latine</span> <span class='ocrx_word' id='word_1_162' title='bbox 633 2133 772 2168; x_wconf 85' lang='lat' dir='ltr'>autem</span> <span class='ocrx_word' id='word_1_163' title='bbox 800 2130 913 2179; x_wconf 81' lang='lat' dir='ltr'>apud</span> <span class='ocrx_word' id='word_1_164' title='bbox 951 2130 1162 2170; x_wconf 79' lang='lat' dir='ltr'>Bruttium</span> 
     </span>
     <span class='ocr_line' id='line_1_27' title="bbox 286 2191 1160 2244; baseline 0.003 -14"><span class='ocrx_word' id='word_1_165' title='bbox 286 2191 470 2230; x_wconf 64' lang='lat' dir='ltr'>erere-eri</span> <span class='ocrx_word' id='word_1_166' title='bbox 511 2191 616 2230; x_wconf 66' lang='lat' dir='ltr'>volo.</span> <span class='ocrx_word' id='word_1_167' title='bbox 662 2214 705 2219; x_wconf 92' lang='lat'>—</span> <span class='ocrx_word' id='word_1_168' title='bbox 759 2192 1002 2244; x_wconf 70' lang='lat' dir='ltr'>Vertumnis]</span> <span class='ocrx_word' id='word_1_169' title='bbox 1047 2194 1160 2233; x_wconf 84' lang='lat' dir='ltr'>Ver-</span> 
     </span>
     <span class='ocr_line' id='line_1_28' title="bbox 287 2252 1159 2296; baseline 0.005 -5"><span class='ocrx_word' id='word_1_170' title='bbox 287 2255 464 2292; x_wconf 90' lang='lat' dir='ltr'>tumnus</span> <span class='ocrx_word' id='word_1_171' title='bbox 502 2253 692 2292; x_wconf 81' lang='lat' dir='ltr'>maxime</span> <span class='ocrx_word' id='word_1_172' title='bbox 728 2252 830 2293; x_wconf 91' lang='lat' dir='ltr'>olim</span> <span class='ocrx_word' id='word_1_173' title='bbox 871 2253 925 2294; x_wconf 91' lang='lat' dir='ltr'>ab</span> <span class='ocrx_word' id='word_1_174' title='bbox 964 2255 1159 2296; x_wconf 88' lang='lat' dir='ltr'>Etruscis</span> 
     </span>
     <span class='ocr_line' id='line_1_29' title="bbox 286 2314 1156 2368; baseline 0.006 -15"><span class='ocrx_word' id='word_1_175' title='bbox 286 2314 447 2363; x_wconf 86' lang='lat' dir='ltr'>cultus⁷</span> <span class='ocrx_word' id='word_1_176' title='bbox 500 2315 599 2354; x_wconf 90' lang='lat' dir='ltr'>inde</span> <span class='ocrx_word' id='word_1_177' title='bbox 658 2316 843 2356; x_wconf 89' lang='lat' dir='ltr'>Romam</span> <span class='ocrx_word' id='word_1_178' title='bbox 892 2316 1156 2368; x_wconf 89' lang='lat' dir='ltr'>translatus,</span> 
     </span>
     <span class='ocr_line' id='line_1_30' title="bbox 285 2376 1160 2432; baseline 0.005 -16"><span class='ocrx_word' id='word_1_179' title='bbox 285 2377 395 2417; x_wconf 89' lang='lat' dir='ltr'>deus</span> <span class='ocrx_word' id='word_1_180' title='bbox 426 2378 527 2416; x_wconf 89' lang='lat' dir='ltr'>anni</span> <span class='ocrx_word' id='word_1_181' title='bbox 557 2376 876 2430; x_wconf 84' lang='lat' dir='ltr'>fertilitatisque</span> <span class='ocrx_word' id='word_1_182' title='bbox 902 2380 1049 2419; x_wconf 75' lang='lat' dir='ltr'>variae</span> <span class='ocrx_word' id='word_1_183' title='bbox 1079 2391 1160 2432; x_wconf 90' lang='lat' dir='ltr'>per</span> 
     </span>
     <span class='ocr_line' id='line_1_31' title="bbox 285 2440 1158 2492; baseline 0.005 -13"><span class='ocrx_word' id='word_1_184' title='bbox 285 2443 535 2491; x_wconf 87' lang='lat' dir='ltr'>temporum</span> <span class='ocrx_word' id='word_1_185' title='bbox 556 2440 698 2489; x_wconf 68' lang='lat' dir='ltr'>vices,</span> <span class='ocrx_word' id='word_1_186' title='bbox 733 2440 893 2480; x_wconf 89' lang='lat' dir='ltr'>deinde</span> <span class='ocrx_word' id='word_1_187' title='bbox 913 2444 1158 2492; x_wconf 81' lang='lat' dir='ltr'>generatim</span> 
     </span>
     <span class='ocr_line' id='line_1_32' title="bbox 284 2502 1158 2544; baseline 0.005 -4"><span class='ocrx_word' id='word_1_188' title='bbox 284 2502 394 2541; x_wconf 87' lang='lat' dir='ltr'>deus</span> <span class='ocrx_word' id='word_1_189' title='bbox 440 2503 638 2541; x_wconf 89' lang='lat' dir='ltr'>omnium</span> <span class='ocrx_word' id='word_1_190' title='bbox 682 2503 1042 2543; x_wconf 74' lang='lat' dir='ltr'>invertendarum</span> <span class='ocrx_word' id='word_1_191' title='bbox 1083 2516 1158 2544; x_wconf 92' lang='lat' dir='ltr'>re-</span> 
     </span>
     <span class='ocr_line' id='line_1_33' title="bbox 284 2564 1157 2611; baseline 0.006 -10"><span class='ocrx_word' id='word_1_192' title='bbox 284 2575 403 2611; x_wconf 85' lang='lat' dir='ltr'>rum,</span> <span class='ocrx_word' id='word_1_193' title='bbox 447 2564 644 2603; x_wconf 91' lang='lat' dir='ltr'>omnium</span> <span class='ocrx_word' id='word_1_194' title='bbox 682 2566 977 2605; x_wconf 85' lang='lat' dir='ltr'>mutationum</span> <span class='ocrx_word' id='word_1_195' title='bbox 1008 2577 1059 2606; x_wconf 89' lang='lat' dir='ltr'>ac</span> <span class='ocrx_word' id='word_1_196' title='bbox 1088 2567 1157 2606; x_wconf 76' lang='lat' dir='ltr'>vi-</span> 
     </span>
     <span class='ocr_line' id='line_1_34' title="bbox 284 2625 1150 2678; baseline 0.002 -13"><span class='ocrx_word' id='word_1_197' title='bbox 284 2625 605 2666; x_wconf 82' lang='lat' dir='ltr'>cissitudinum.</span> <span class='ocrx_word' id='word_1_198' title='bbox 641 2626 727 2666; x_wconf 84' lang='lat' dir='ltr'>Cfr.</span> <span class='ocrx_word' id='word_1_199' title='bbox 752 2627 905 2667; x_wconf 88' lang='lat' dir='ltr'>Tibull.</span> <span class='ocrx_word' id='word_1_200' title='bbox 930 2628 978 2677; x_wconf 78' lang='lat'>4,</span> <span class='ocrx_word' id='word_1_201' title='bbox 1003 2630 1051 2678; x_wconf 72' lang='lat'>2,</span> <span class='ocrx_word' id='word_1_202' title='bbox 1077 2629 1150 2669; x_wconf 75' lang='lat'>43:</span> 
     </span>
     <span class='ocr_line' id='line_1_35' title="bbox 287 2688 1157 2739; baseline 0.006 -14"><span class='ocrx_word' id='word_1_203' title='bbox 287 2688 391 2726; x_wconf 83' lang='lat' dir='ltr'>Talis</span> <span class='ocrx_word' id='word_1_204' title='bbox 437 2689 477 2726; x_wconf 83' lang='lat' dir='ltr'>in</span> <span class='ocrx_word' id='word_1_205' title='bbox 527 2692 693 2728; x_wconf 83' lang='lat' dir='ltr'>aeterno</span> <span class='ocrx_word' id='word_1_206' title='bbox 750 2690 854 2739; x_wconf 52' lang='lat' dir='ltr'>felia)</span> <span class='ocrx_word' id='word_1_207' title='bbox 913 2691 1157 2730; x_wconf 81' lang='lat' dir='ltr'>Vertumnus</span> 
     </span>
     <span class='ocr_line' id='line_1_36' title="bbox 284 2750 1156 2802; baseline 0.006 -15"><span class='ocrx_word' id='word_1_208' title='bbox 284 2750 453 2799; x_wconf 75' lang='lat' dir='ltr'>Olympo</span> <span class='ocrx_word' id='word_1_209' title='bbox 494 2750 605 2790; x_wconf 80' lang='lat' dir='ltr'>Mille</span> <span class='ocrx_word' id='word_1_210' title='bbox 647 2751 766 2791; x_wconf 81' lang='lat' dir='ltr'>habet</span> <span class='ocrx_word' id='word_1_211' title='bbox 809 2756 1002 2802; x_wconf 76' lang='lat' dir='ltr'>ornatus,</span> <span class='ocrx_word' id='word_1_212' title='bbox 1047 2754 1156 2792; x_wconf 82' lang='lat' dir='ltr'>mille</span> 
     </span>
     <span class='ocr_line' id='line_1_37' title="bbox 283 2811 1152 2854; baseline 0.006 -5"><span class='ocrx_word' id='word_1_213' title='bbox 283 2812 467 2850; x_wconf 78' lang='lat' dir='ltr'>decenter</span> <span class='ocrx_word' id='word_1_214' title='bbox 495 2811 626 2851; x_wconf 79' lang='lat' dir='ltr'>habet.</span> <span class='ocrx_word' id='word_1_215' title='bbox 680 2812 803 2852; x_wconf 85' lang='lat' dir='ltr'>Conf.</span> <span class='ocrx_word' id='word_1_216' title='bbox 829 2814 950 2853; x_wconf 81' lang='lat' dir='ltr'>ovid.</span> <span class='ocrx_word' id='word_1_217' title='bbox 976 2815 1152 2854; x_wconf 83' lang='lat' dir='ltr'>Metam.</span> 
     </span>
     <span class='ocr_line' id='line_1_38' title="bbox 284 2872 1159 2927; baseline 0.006 -15"><span class='ocrx_word' id='word_1_218' title='bbox 284 2872 349 2920; x_wconf 70' lang='lat' dir='ltr'>it,</span> <span class='ocrx_word' id='word_1_219' title='bbox 374 2872 450 2912; x_wconf 61' lang='lat'>642</span> <span class='ocrx_word' id='word_1_220' title='bbox 472 2884 571 2923; x_wconf 84' lang='lat' dir='ltr'>sqq.</span> <span class='ocrx_word' id='word_1_221' title='bbox 595 2896 638 2900; x_wconf 98' lang='lat'><strong>—</strong></span> <span class='ocrx_word' id='word_1_222' title='bbox 659 2879 855 2925; x_wconf 76' lang='lat' dir='ltr'>quotquot</span> <span class='ocrx_word' id='word_1_223' title='bbox 873 2877 981 2925; x_wconf 79' lang='lat' dir='ltr'>sunt]</span> <span class='ocrx_word' id='word_1_224' title='bbox 1007 2879 1159 2927; x_wconf 79' lang='lat' dir='ltr'>«quot-</span> 
     </span>
     <span class='ocr_line' id='line_1_39' title="bbox 283 2935 1156 2988; baseline 0.007 -16"><span class='ocrx_word' id='word_1_225' title='bbox 283 2937 387 2984; x_wconf 86' lang='lat' dir='ltr'>quot</span> <span class='ocrx_word' id='word_1_226' title='bbox 403 2935 534 2974; x_wconf 84' lang='lat' dir='ltr'>habet</span> <span class='ocrx_word' id='word_1_227' title='bbox 550 2936 798 2984; x_wconf 85' lang='lat' dir='ltr'>simulacra,</span> <span class='ocrx_word' id='word_1_228' title='bbox 815 2949 1005 2988; x_wconf 91' lang='lat' dir='ltr'>quorum</span> <span class='ocrx_word' id='word_1_229' title='bbox 1019 2949 1156 2978; x_wconf 91' lang='lat' dir='ltr'>unum</span> 
     </span>
     <span class='ocr_line' id='line_1_40' title="bbox 281 2996 1155 3052; baseline 0.007 -18"><span class='ocrx_word' id='word_1_230' title='bbox 281 2996 489 3047; x_wconf 86' lang='lat' dir='ltr'>quodque</span> <span class='ocrx_word' id='word_1_231' title='bbox 522 2997 776 3047; x_wconf 77' lang='lat' dir='ltr'>symbolum</span> <span class='ocrx_word' id='word_1_232' title='bbox 807 3003 873 3040; x_wconf 88' lang='lat' dir='ltr'>est</span> <span class='ocrx_word' id='word_1_233' title='bbox 911 3003 1155 3052; x_wconf 87' lang='lat' dir='ltr'>perpetuae</span> 
     </span>
     <span class='ocr_line' id='line_1_41' title="bbox 282 3059 1155 3112; baseline 0.006 -15"><span class='ocrx_word' id='word_1_234' title='bbox 282 3059 645 3099; x_wconf 87' lang='lat' dir='ltr'>inconstantiae.»</span> <span class='ocrx_word' id='word_1_235' title='bbox 706 3062 805 3100; x_wconf 84' lang='lat' dir='ltr'>Sine</span> <span class='ocrx_word' id='word_1_236' title='bbox 827 3062 1038 3112; x_wconf 81' lang='lat' dir='ltr'>imagine:</span> <span class='ocrx_word' id='word_1_237' title='bbox 1073 3063 1155 3102; x_wconf 85' lang='lat' dir='ltr'>«ad</span> 
     </span>
     <span class='ocr_line' id='line_1_42' title="bbox 283 3119 1155 3171; baseline 0.006 -12"><span class='ocrx_word' id='word_1_238' title='bbox 283 3119 324 3159; x_wconf 93' lang='lat' dir='ltr'>id</span> <span class='ocrx_word' id='word_1_239' title='bbox 355 3131 537 3171; x_wconf 88' lang='lat' dir='ltr'>prorsus</span> <span class='ocrx_word' id='word_1_240' title='bbox 569 3120 813 3163; x_wconf 89' lang='lat' dir='ltr'>destinatus</span> <span class='ocrx_word' id='word_1_241' title='bbox 845 3135 943 3163; x_wconf 89' lang='lat' dir='ltr'>esse</span> <span class='ocrx_word' id='word_1_242' title='bbox 970 3124 1155 3164; x_wconf 85' lang='lat' dir='ltr'>videba-</span> 
     </span>
     <span class='ocr_line' id='line_1_43' title="bbox 282 3181 1156 3236; baseline 0.007 -15"><span class='ocrx_word' id='word_1_243' title='bbox 282 3186 351 3221; x_wconf 88' lang='lat' dir='ltr'>tur</span> <span class='ocrx_word' id='word_1_244' title='bbox 381 3183 517 3222; x_wconf 83' lang='lat' dir='ltr'>miser</span> <span class='ocrx_word' id='word_1_245' title='bbox 547 3181 638 3231; x_wconf 89' lang='lat' dir='ltr'>ille,</span> <span class='ocrx_word' id='word_1_246' title='bbox 672 3187 718 3223; x_wconf 88' lang='lat' dir='ltr'>ut</span> <span class='ocrx_word' id='word_1_247' title='bbox 749 3187 965 3236; x_wconf 88' lang='lat' dir='ltr'>quotquot</span> <span class='ocrx_word' id='word_1_248' title='bbox 985 3186 1040 3225; x_wconf 92' lang='lat' dir='ltr'>ad</span> <span class='ocrx_word' id='word_1_249' title='bbox 1061 3198 1156 3227; x_wconf 89' lang='lat' dir='ltr'>mu-</span> 
     </span>
     <span class='ocr_line' id='line_1_44' title="bbox 281 3244 1155 3298; baseline 0.008 -16"><span class='ocrx_word' id='word_1_250' title='bbox 281 3245 467 3284; x_wconf 87' lang='lat' dir='ltr'>tationes</span> <span class='ocrx_word' id='word_1_251' title='bbox 502 3244 728 3284; x_wconf 88' lang='lat' dir='ltr'>hominem</span> <span class='ocrx_word' id='word_1_252' title='bbox 770 3247 979 3286; x_wconf 80' lang='lat' dir='ltr'>inducere</span> <span class='ocrx_word' id='word_1_253' title='bbox 1009 3250 1155 3298; x_wconf 82' lang='lat' dir='ltr'>potest</span> 
     </span>
     <span class='ocr_line' id='line_1_45' title="bbox 282 3306 1150 3355; baseline 0.002 -12"><span class='ocrx_word' id='word_1_254' title='bbox 282 3316 457 3344; x_wconf 88' lang='lat' dir='ltr'>summa</span> <span class='ocrx_word' id='word_1_255' title='bbox 487 3306 799 3355; x_wconf 87' lang='lat' dir='ltr'>inconstantia,</span> <span class='ocrx_word' id='word_1_256' title='bbox 833 3319 909 3348; x_wconf 84' lang='lat' dir='ltr'>eas</span> <span class='ocrx_word' id='word_1_257' title='bbox 938 3308 1150 3349; x_wconf 84' lang='lat' dir='ltr'>subiret.»</span> 
     </span>
     <span class='ocr_line' id='line_1_46' title="bbox 286 3369 1154 3418; baseline 0.006 -12"><span class='ocrx_word' id='word_1_258' title='bbox 286 3390 328 3394; x_wconf 90' lang='lat'>—</span> <span class='ocrx_word' id='word_1_259' title='bbox 363 3369 526 3418; x_wconf 62' lang='lat' dir='ltr'>iniquis]</span> <span class='ocrx_word' id='word_1_260' title='bbox 567 3370 666 3408; x_wconf 88' lang='lat' dir='ltr'>Irati</span> <span class='ocrx_word' id='word_1_261' title='bbox 703 3372 826 3409; x_wconf 88' lang='lat' dir='ltr'>erant</span> <span class='ocrx_word' id='word_1_262' title='bbox 865 3371 1013 3410; x_wconf 90' lang='lat' dir='ltr'>Prisco</span> <span class='ocrx_word' id='word_1_263' title='bbox 1044 3372 1154 3411; x_wconf 88' lang='lat' dir='ltr'>Ver-</span> 
     </span>
     <span class='ocr_line' id='line_1_47' title="bbox 281 3432 1155 3485; baseline 0.006 -17"><span class='ocrx_word' id='word_1_264' title='bbox 281 3432 440 3477; x_wconf 88' lang='lat' dir='ltr'>tumni,</span> <span class='ocrx_word' id='word_1_265' title='bbox 478 3433 698 3482; x_wconf 89' lang='lat' dir='ltr'>quatenus</span> <span class='ocrx_word' id='word_1_266' title='bbox 728 3443 916 3483; x_wconf 89' lang='lat' dir='ltr'>poenam</span> <span class='ocrx_word' id='word_1_267' title='bbox 948 3433 985 3472; x_wconf 92' lang='lat' dir='ltr'>ei</span> <span class='ocrx_word' id='word_1_268' title='bbox 1018 3433 1155 3485; x_wconf 90' lang='lat' dir='ltr'>impo-</span> 
     </span>
     <span class='ocr_line' id='line_1_48' title="bbox 282 3492 1152 3546; baseline 0.007 -16"><span class='ocrx_word' id='word_1_269' title='bbox 282 3495 462 3532; x_wconf 88' lang='lat' dir='ltr'>suerunt</span> <span class='ocrx_word' id='word_1_270' title='bbox 494 3494 534 3533; x_wconf 89' lang='lat' dir='ltr'>in</span> <span class='ocrx_word' id='word_1_271' title='bbox 565 3492 758 3545; x_wconf 80' lang='lat' dir='ltr'>singulas</span> <span class='ocrx_word' id='word_1_272' title='bbox 788 3505 925 3546; x_wconf 84' lang='lat' dir='ltr'>prope</span> <span class='ocrx_word' id='word_1_273' title='bbox 957 3495 1089 3536; x_wconf 87' lang='lat' dir='ltr'>horas</span> <span class='ocrx_word' id='word_1_274' title='bbox 1111 3498 1152 3536; x_wconf 86' lang='lat' dir='ltr'>et</span> 
     </span>
    </p>
   </div>
   <div class='ocr_carea' id='block_1_10' title="bbox 1212 1319 2102 3548">
    <p class='ocr_par' dir='ltr' id='par_1_10' title="bbox 1227 1319 2102 1423">
     <span class='ocr_line' id='line_1_49' title="bbox 1227 1319 2102 1362; baseline 0 -2"><span class='ocrx_word' id='word_1_275' title='bbox 1227 1332 1374 1361; x_wconf 88' lang='lat' dir='ltr'>mores</span> <span class='ocrx_word' id='word_1_276' title='bbox 1424 1323 1467 1360; x_wconf 90' lang='lat' dir='ltr'>et</span> <span class='ocrx_word' id='word_1_277' title='bbox 1522 1320 1723 1362; x_wconf 84' lang='lat' dir='ltr'>habitum</span> <span class='ocrx_word' id='word_1_278' title='bbox 1773 1319 2006 1361; x_wconf 89' lang='lat' dir='ltr'>ridiculum</span> <span class='ocrx_word' id='word_1_279' title='bbox 2060 1322 2102 1360; x_wconf 87' lang='lat' dir='ltr'>in</span> 
     </span>
     <span class='ocr_line' id='line_1_50' title="bbox 1227 1383 1654 1423; baseline 0.002 -1"><span class='ocrx_word' id='word_1_280' title='bbox 1227 1383 1410 1423; x_wconf 90' lang='lat' dir='ltr'>modum</span> <span class='ocrx_word' id='word_1_281' title='bbox 1442 1383 1654 1423; x_wconf 89' lang='lat' dir='ltr'>mutandi.</span> 
     </span>
    </p>

    <p class='ocr_par' dir='ltr' id='par_1_11' title="bbox 1212 1444 2102 3548">
     <span class='ocr_line' id='line_1_51' title="bbox 1283 1444 2101 1497; baseline 0 -13"><span class='ocrx_word' id='word_1_282' title='bbox 1283 1445 1426 1485; x_wconf 70' lang='lat'>45-20.</span> <span class='ocrx_word' id='word_1_283' title='bbox 1483 1446 1644 1485; x_wconf 79' lang='lat' dir='ltr'>Scurra</span> <span class='ocrx_word' id='word_1_284' title='bbox 1692 1445 1945 1497; x_wconf 81' lang='lat' dir='ltr'>Volanerius]</span> <span class='ocrx_word' id='word_1_285' title='bbox 1989 1444 2101 1485; x_wconf 91' lang='lat' dir='ltr'>Nihil</span> 
     </span>
     <span class='ocr_line' id='line_1_52' title="bbox 1227 1506 2098 1556; baseline 0.001 -10"><span class='ocrx_word' id='word_1_286' title='bbox 1227 1507 1282 1547; x_wconf 89' lang='lat' dir='ltr'>de</span> <span class='ocrx_word' id='word_1_287' title='bbox 1312 1508 1396 1546; x_wconf 89' lang='lat' dir='ltr'>hoc</span> <span class='ocrx_word' id='word_1_288' title='bbox 1416 1507 1593 1548; x_wconf 88' lang='lat' dir='ltr'>homine</span> <span class='ocrx_word' id='word_1_289' title='bbox 1615 1507 1794 1547; x_wconf 86' lang='lat' dir='ltr'>tradunt</span> <span class='ocrx_word' id='word_1_290' title='bbox 1813 1506 2098 1556; x_wconf 85' lang='lat' dir='ltr'>Scholiastae,</span> 
     </span>
     <span class='ocr_line' id='line_1_53' title="bbox 1227 1569 2101 1620; baseline 0.001 -12"><span class='ocrx_word' id='word_1_291' title='bbox 1227 1569 1390 1620; x_wconf 88' lang='lat' dir='ltr'>quibus</span> <span class='ocrx_word' id='word_1_292' title='bbox 1409 1581 1560 1609; x_wconf 80' lang='lat' dir='ltr'>scurra</span> <span class='ocrx_word' id='word_1_293' title='bbox 1580 1571 1647 1610; x_wconf 89' lang='lat' dir='ltr'>est</span> <span class='ocrx_word' id='word_1_294' title='bbox 1677 1569 1944 1610; x_wconf 73' lang='lat' dir='ltr'>«urbanus»</span> <span class='ocrx_word' id='word_1_295' title='bbox 1990 1569 2101 1609; x_wconf 89' lang='lat' dir='ltr'>Eum</span> 
     </span>
     <span class='ocr_line' id='line_1_54' title="bbox 1227 1630 2102 1683; baseline 0 -12"><span class='ocrx_word' id='word_1_296' title='bbox 1227 1631 1415 1671; x_wconf 89' lang='lat' dir='ltr'>talorum</span> <span class='ocrx_word' id='word_1_297' title='bbox 1442 1630 1544 1671; x_wconf 90' lang='lat' dir='ltr'>ludo</span> <span class='ocrx_word' id='word_1_298' title='bbox 1571 1631 1742 1683; x_wconf 89' lang='lat' dir='ltr'>perdite</span> <span class='ocrx_word' id='word_1_299' title='bbox 1767 1630 1966 1671; x_wconf 86' lang='lat' dir='ltr'>deditum</span> <span class='ocrx_word' id='word_1_300' title='bbox 1994 1630 2102 1671; x_wconf 86' lang='lat' dir='ltr'>fuis-</span> 
     </span>
     <span class='ocr_line' id='line_1_55' title="bbox 1227 1692 2102 1745; baseline -0.002 -11"><span class='ocrx_word' id='word_1_301' title='bbox 1227 1705 1275 1734; x_wconf 91' lang='lat' dir='ltr'>se</span> <span class='ocrx_word' id='word_1_302' title='bbox 1315 1704 1368 1733; x_wconf 81' lang='lat' dir='ltr'>ex</span> <span class='ocrx_word' id='word_1_303' title='bbox 1407 1694 1457 1734; x_wconf 90' lang='lat' dir='ltr'>iis</span> <span class='ocrx_word' id='word_1_304' title='bbox 1497 1695 1642 1745; x_wconf 87' lang='lat' dir='ltr'>patet,</span> <span class='ocrx_word' id='word_1_305' title='bbox 1680 1704 1794 1744; x_wconf 92' lang='lat' dir='ltr'>quae</span> <span class='ocrx_word' id='word_1_306' title='bbox 1826 1692 1881 1732; x_wconf 91' lang='lat' dir='ltr'>de</span> <span class='ocrx_word' id='word_1_307' title='bbox 1913 1703 1966 1732; x_wconf 89' lang='lat' dir='ltr'>eo</span> <span class='ocrx_word' id='word_1_308' title='bbox 1997 1703 2102 1733; x_wconf 88' lang='lat' dir='ltr'>nar-</span> 
     </span>
     <span class='ocr_line' id='line_1_56' title="bbox 1227 1755 2102 1807; baseline 0.001 -12"><span class='ocrx_word' id='word_1_309' title='bbox 1227 1758 1293 1795; x_wconf 91' lang='lat' dir='ltr'>rat</span> <span class='ocrx_word' id='word_1_310' title='bbox 1329 1758 1474 1807; x_wconf 78' lang='lat' dir='ltr'>poeta.</span> <span class='ocrx_word' id='word_1_311' title='bbox 1511 1778 1558 1784; x_wconf 94' lang='lat'><em>—</em></span> <span class='ocrx_word' id='word_1_312' title='bbox 1591 1756 1702 1795; x_wconf 88' lang='lat' dir='ltr'>iusta</span> <span class='ocrx_word' id='word_1_313' title='bbox 1739 1755 1960 1807; x_wconf 63' lang='lat' dir='ltr'>cherum-a]</span> <span class='ocrx_word' id='word_1_314' title='bbox 1993 1766 2102 1796; x_wconf 89' lang='lat' dir='ltr'>«ne-</span> 
     </span>
     <span class='ocr_line' id='line_1_57' title="bbox 1226 1818 2100 1870; baseline 0 -13"><span class='ocrx_word' id='word_1_315' title='bbox 1226 1819 1409 1870; x_wconf 90' lang='lat' dir='ltr'>quitiam</span> <span class='ocrx_word' id='word_1_316' title='bbox 1431 1818 1524 1858; x_wconf 91' lang='lat' dir='ltr'>eius</span> <span class='ocrx_word' id='word_1_317' title='bbox 1546 1819 1704 1858; x_wconf 88' lang='lat' dir='ltr'>merito</span> <span class='ocrx_word' id='word_1_318' title='bbox 1724 1818 1964 1869; x_wconf 89' lang='lat' dir='ltr'>puniens;»</span> <span class='ocrx_word' id='word_1_319' title='bbox 1996 1827 2100 1866; x_wconf 86' lang='lat' dir='ltr'>non,</span> 
     </span>
     <span class='ocr_line' id='line_1_58' title="bbox 1224 1879 2098 1930; baseline 0.001 -12"><span class='ocrx_word' id='word_1_320' title='bbox 1224 1882 1272 1918; x_wconf 91' lang='lat' dir='ltr'>ut</span> <span class='ocrx_word' id='word_1_321' title='bbox 1302 1879 1370 1918; x_wconf 88' lang='lat' dir='ltr'>alii</span> <span class='ocrx_word' id='word_1_322' title='bbox 1401 1879 1573 1920; x_wconf 79' lang='lat' dir='ltr'>volunt:</span> <span class='ocrx_word' id='word_1_323' title='bbox 1623 1890 1808 1930; x_wconf 83' lang='lat' dir='ltr'>«magna</span> <span class='ocrx_word' id='word_1_324' title='bbox 1839 1881 1882 1919; x_wconf 87' lang='lat' dir='ltr'>et</span> <span class='ocrx_word' id='word_1_325' title='bbox 1911 1880 2098 1930; x_wconf 83' lang='lat' dir='ltr'>gravis.»</span> 
     </span>
     <span class='ocr_line' id='line_1_59' title="bbox 1226 1942 2102 1993; baseline 0 -13"><span class='ocrx_word' id='word_1_326' title='bbox 1226 1943 1345 1980; x_wconf 89' lang='lat' dir='ltr'>Pers.</span> <span class='ocrx_word' id='word_1_327' title='bbox 1370 1942 1416 1990; x_wconf 80' lang='lat'>5,</span> <span class='ocrx_word' id='word_1_328' title='bbox 1450 1942 1526 1981; x_wconf 78' lang='lat'>58:</span> <span class='ocrx_word' id='word_1_329' title='bbox 1561 1953 1656 1981; x_wconf 86' lang='lat' dir='ltr'>cum</span> <span class='ocrx_word' id='word_1_330' title='bbox 1684 1942 1874 1991; x_wconf 76' lang='lat' dir='ltr'>lapidosa</span> <span class='ocrx_word' id='word_1_331' title='bbox 1893 1942 2102 1993; x_wconf 73' lang='lat' dir='ltr'>eherayra</span> 
     </span>
     <span class='ocr_line' id='line_1_60' title="bbox 1225 2002 2097 2054; baseline 0.005 -14"><span class='ocrx_word' id='word_1_332' title='bbox 1225 2002 1442 2054; x_wconf 68' lang='lat' dir='ltr'>(ehiraqra</span> <span class='ocrx_word' id='word_1_333' title='bbox 1458 2004 1503 2043; x_wconf 93' lang='grc' dir='ltr'>Ο.</span> <span class='ocrx_word' id='word_1_334' title='bbox 1524 2003 1662 2053; x_wconf 89' lang='lat' dir='ltr'>Iahn.)</span> <span class='ocrx_word' id='word_1_335' title='bbox 1679 2003 1866 2054; x_wconf 66' lang='lat' dir='ltr'>Fregerit</span> <span class='ocrx_word' id='word_1_336' title='bbox 1884 2004 2097 2044; x_wconf 79' lang='lat' dir='ltr'>articulos.</span> 
     </span>
     <span class='ocr_line' id='line_1_61' title="bbox 1227 2064 2100 2116; baseline 0.002 -11"><span class='ocrx_word' id='word_1_337' title='bbox 1227 2064 1464 2116; x_wconf 85' lang='lat' dir='ltr'>Utrobique</span> <span class='ocrx_word' id='word_1_338' title='bbox 1496 2067 1626 2105; x_wconf 89' lang='lat' dir='ltr'>metri</span> <span class='ocrx_word' id='word_1_339' title='bbox 1656 2076 1789 2105; x_wconf 87' lang='lat' dir='ltr'>causa</span> <span class='ocrx_word' id='word_1_340' title='bbox 1811 2065 2100 2107; x_wconf 88' lang='lat' dir='ltr'>scribendum</span> 
     </span>
     <span class='ocr_line' id='line_1_62' title="bbox 1226 2128 2095 2180; baseline 0.001 -13"><span class='ocrx_word' id='word_1_341' title='bbox 1226 2130 1294 2168; x_wconf 87' lang='lat' dir='ltr'>est</span> <span class='ocrx_word' id='word_1_342' title='bbox 1336 2129 1568 2179; x_wconf 70' lang='lat' dir='ltr'>cherayra,</span> <span class='ocrx_word' id='word_1_343' title='bbox 1619 2139 1708 2168; x_wconf 91' lang='lat' dir='ltr'>non</span> <span class='ocrx_word' id='word_1_344' title='bbox 1752 2128 1967 2180; x_wconf 62' lang='lat' dir='ltr'>chiragra.</span> <span class='ocrx_word' id='word_1_345' title='bbox 2032 2128 2095 2169; x_wconf 87' lang='lat' dir='ltr'>Cf.</span> 
     </span>
     <span class='ocr_line' id='line_1_63' title="bbox 1226 2190 2100 2243; baseline 0.001 -14"><span class='ocrx_word' id='word_1_346' title='bbox 1226 2191 1332 2242; x_wconf 88' lang='lat' dir='ltr'>Epp.</span> <span class='ocrx_word' id='word_1_347' title='bbox 1361 2191 1407 2240; x_wconf 85' lang='grc'>4,</span> <span class='ocrx_word' id='word_1_348' title='bbox 1442 2192 1490 2238; x_wconf 88' lang='grc'>4,</span> <span class='ocrx_word' id='word_1_349' title='bbox 1523 2191 1588 2230; x_wconf 87' lang='grc'>34.</span> <span class='ocrx_word' id='word_1_350' title='bbox 1625 2213 1671 2219; x_wconf 94' lang='grc'>-</span> <span class='ocrx_word' id='word_1_351' title='bbox 1707 2191 1911 2243; x_wconf 83' lang='lat' dir='ltr'>Contudit]</span> <span class='ocrx_word' id='word_1_352' title='bbox 1944 2190 2100 2230; x_wconf 86' lang='lat' dir='ltr'>«debi-</span> 
     </span>
     <span class='ocr_line' id='line_1_64' title="bbox 1223 2251 2100 2304; baseline 0.001 -13"><span class='ocrx_word' id='word_1_353' title='bbox 1223 2251 1360 2292; x_wconf 83' lang='lat' dir='ltr'>litavit</span> <span class='ocrx_word' id='word_1_354' title='bbox 1396 2253 1522 2293; x_wconf 90' lang='lat' dir='ltr'>nodis</span> <span class='ocrx_word' id='word_1_355' title='bbox 1561 2254 1605 2293; x_wconf 92' lang='lat' dir='ltr'>in</span> <span class='ocrx_word' id='word_1_356' title='bbox 1635 2253 1873 2304; x_wconf 84' lang='lat' dir='ltr'>digitorum</span> <span class='ocrx_word' id='word_1_357' title='bbox 1903 2252 2100 2293; x_wconf 86' lang='lat' dir='ltr'>articulis</span> 
     </span>
     <span class='ocr_line' id='line_1_65' title="bbox 1224 2315 2097 2368; baseline 0.002 -15"><span class='ocrx_word' id='word_1_358' title='bbox 1224 2315 1504 2355; x_wconf 89' lang='lat' dir='ltr'>contractis.»</span> <span class='ocrx_word' id='word_1_359' title='bbox 1539 2335 1584 2342; x_wconf 96' lang='lat'><strong>—</strong></span> <span class='ocrx_word' id='word_1_360' title='bbox 1617 2316 1799 2355; x_wconf 79' lang='lat' dir='ltr'>Mitteret</span> <span class='ocrx_word' id='word_1_361' title='bbox 1827 2316 1870 2355; x_wconf 82' lang='lat' dir='ltr'>in</span> <span class='ocrx_word' id='word_1_362' title='bbox 1893 2315 2097 2368; x_wconf 82' lang='lat' dir='ltr'>phimum]</span> 
     </span>
     <span class='ocr_line' id='line_1_66' title="bbox 1222 2377 2098 2419; baseline 0.001 -2"><span class='ocrx_word' id='word_1_363' title='bbox 1222 2377 1475 2417; x_wconf 86' lang='lat' dir='ltr'>Admodum</span> <span class='ocrx_word' id='word_1_364' title='bbox 1506 2377 1683 2417; x_wconf 85' lang='lat' dir='ltr'>diverse</span> <span class='ocrx_word' id='word_1_365' title='bbox 1714 2378 1918 2418; x_wconf 85' lang='lat' dir='ltr'>statuitur</span> <span class='ocrx_word' id='word_1_366' title='bbox 1947 2377 2002 2418; x_wconf 91' lang='lat' dir='ltr'>de</span> <span class='ocrx_word' id='word_1_367' title='bbox 2030 2378 2098 2419; x_wconf 93' lang='lat' dir='ltr'>his</span> 
     </span>
     <span class='ocr_line' id='line_1_67' title="bbox 1221 2439 2099 2491; baseline 0 -11"><span class='ocrx_word' id='word_1_368' title='bbox 1221 2440 1525 2481; x_wconf 82' lang='lat' dir='ltr'>instrumentis</span> <span class='ocrx_word' id='word_1_369' title='bbox 1554 2441 1776 2491; x_wconf 90' lang='lat' dir='ltr'>usurpatis</span> <span class='ocrx_word' id='word_1_370' title='bbox 1806 2439 1862 2479; x_wconf 84' lang='lat' dir='ltr'>ab</span> <span class='ocrx_word' id='word_1_371' title='bbox 1893 2439 2099 2480; x_wconf 85' lang='lat' dir='ltr'>aleatori-</span> 
     </span>
     <span class='ocr_line' id='line_1_68' title="bbox 1219 2501 2098 2553; baseline 0.001 -11"><span class='ocrx_word' id='word_1_372' title='bbox 1219 2503 1324 2543; x_wconf 86' lang='lat' dir='ltr'>bus:</span> <span class='ocrx_word' id='word_1_373' title='bbox 1375 2503 1411 2553; x_wconf 79' lang='grc'>4)</span> <span class='ocrx_word' id='word_1_374' title='bbox 1444 2501 1684 2542; x_wconf 86' lang='lat' dir='ltr'>Salmasius</span> <span class='ocrx_word' id='word_1_375' title='bbox 1714 2502 1971 2543; x_wconf 88' lang='lat' dir='ltr'>doctissima</span> <span class='ocrx_word' id='word_1_376' title='bbox 2005 2502 2098 2543; x_wconf 91' lang='lat' dir='ltr'>dis-</span> 
     </span>
     <span class='ocr_line' id='line_1_69' title="bbox 1219 2564 2093 2616; baseline 0 -12"><span class='ocrx_word' id='word_1_377' title='bbox 1219 2565 1445 2616; x_wconf 89' lang='lat' dir='ltr'>putatione</span> <span class='ocrx_word' id='word_1_378' title='bbox 1499 2564 1556 2604; x_wconf 91' lang='lat' dir='ltr'>ad</span> <span class='ocrx_word' id='word_1_379' title='bbox 1593 2565 1754 2604; x_wconf 89' lang='lat' dir='ltr'>Histor.</span> <span class='ocrx_word' id='word_1_380' title='bbox 1799 2565 1909 2615; x_wconf 85' lang='lat' dir='ltr'>Aug.</span> <span class='ocrx_word' id='word_1_381' title='bbox 1948 2565 1999 2604; x_wconf 89' lang='lat'>11.</span> <span class='ocrx_word' id='word_1_382' title='bbox 2049 2575 2093 2616; x_wconf 93' lang='lat' dir='ltr'>p.</span> 
     </span>
     <span class='ocr_line' id='line_1_70' title="bbox 1220 2626 2098 2677; baseline -0.001 -11"><span class='ocrx_word' id='word_1_383' title='bbox 1220 2628 1298 2666; x_wconf 74' lang='lat'>755</span> <span class='ocrx_word' id='word_1_384' title='bbox 1343 2637 1468 2677; x_wconf 87' lang='lat' dir='ltr'>seqq.</span> <span class='ocrx_word' id='word_1_385' title='bbox 1512 2626 1864 2666; x_wconf 87' lang='lat' dir='ltr'>demonstratum</span> <span class='ocrx_word' id='word_1_386' title='bbox 1903 2626 1978 2665; x_wconf 80' lang='lat' dir='ltr'>ivit</span> <span class='ocrx_word' id='word_1_387' title='bbox 2004 2627 2098 2676; x_wconf 84' lang='lat' dir='ltr'>phi—</span> 
     </span>
     <span class='ocr_line' id='line_1_71' title="bbox 1217 2685 2092 2741; baseline 0.001 -13"><span class='ocrx_word' id='word_1_388' title='bbox 1217 2699 1331 2728; x_wconf 85' lang='lat' dir='ltr'>mum</span> <span class='ocrx_word' id='word_1_389' title='bbox 1368 2699 1468 2728; x_wconf 91' lang='lat' dir='ltr'>esse</span> <span class='ocrx_word' id='word_1_390' title='bbox 1507 2687 1856 2737; x_wconf 84' lang='lat' dir='ltr'>infundibulum,</span> <span class='ocrx_word' id='word_1_391' title='bbox 1907 2685 2092 2741; x_wconf 77' lang='grc' dir='ltr'>κημόν,</span> 
     </span>
     <span class='ocr_line' id='line_1_72' title="bbox 1220 2749 2095 2800; baseline 0.001 -10"><span class='ocrx_word' id='word_1_392' title='bbox 1220 2762 1273 2790; x_wconf 80' lang='lat' dir='ltr'>ex</span> <span class='ocrx_word' id='word_1_393' title='bbox 1303 2761 1390 2800; x_wconf 90' lang='lat' dir='ltr'>quo</span> <span class='ocrx_word' id='word_1_394' title='bbox 1422 2752 1465 2789; x_wconf 88' lang='lat' dir='ltr'>et</span> <span class='ocrx_word' id='word_1_395' title='bbox 1509 2753 1706 2790; x_wconf 88' lang='lat' dir='ltr'>tesserae</span> <span class='ocrx_word' id='word_1_396' title='bbox 1742 2752 1786 2790; x_wconf 84' lang='lat' dir='ltr'>et</span> <span class='ocrx_word' id='word_1_397' title='bbox 1828 2749 1900 2790; x_wconf 87' lang='lat' dir='ltr'>tali</span> <span class='ocrx_word' id='word_1_398' title='bbox 1945 2751 2095 2791; x_wconf 90' lang='lat' dir='ltr'>mitte-</span> 
     </span>
     <span class='ocr_line' id='line_1_73' title="bbox 1219 2811 2091 2863; baseline 0.003 -13"><span class='ocrx_word' id='word_1_399' title='bbox 1219 2814 1372 2851; x_wconf 90' lang='lat' dir='ltr'>rentur</span> <span class='ocrx_word' id='word_1_400' title='bbox 1413 2812 1456 2851; x_wconf 91' lang='lat' dir='ltr'>in</span> <span class='ocrx_word' id='word_1_401' title='bbox 1500 2823 1691 2863; x_wconf 82' lang='lat' dir='ltr'>pyrgum</span> <span class='ocrx_word' id='word_1_402' title='bbox 1737 2813 1829 2852; x_wconf 83' lang='lat' dir='ltr'>sive</span> <span class='ocrx_word' id='word_1_403' title='bbox 1873 2811 2091 2861; x_wconf 77' lang='lat' dir='ltr'>fritillum3</span> 
     </span>
     <span class='ocr_line' id='line_1_74' title="bbox 1220 2873 2095 2926; baseline 0.002 -13"><span class='ocrx_word' id='word_1_404' title='bbox 1220 2873 1379 2926; x_wconf 86' lang='lat' dir='ltr'>duplex</span> <span class='ocrx_word' id='word_1_405' title='bbox 1411 2875 1528 2914; x_wconf 90' lang='lat' dir='ltr'>enim</span> <span class='ocrx_word' id='word_1_406' title='bbox 1566 2885 1730 2915; x_wconf 88' lang='lat' dir='ltr'>nomen</span> <span class='ocrx_word' id='word_1_407' title='bbox 1768 2874 1887 2916; x_wconf 90' lang='lat' dir='ltr'>idem</span> <span class='ocrx_word' id='word_1_408' title='bbox 1927 2875 2095 2926; x_wconf 80' lang='lat' dir='ltr'>signifi-</span> 
     </span>
     <span class='ocr_line' id='line_1_75' title="bbox 1221 2935 2090 2987; baseline 0.001 -11"><span class='ocrx_word' id='word_1_409' title='bbox 1221 2947 1336 2976; x_wconf 88' lang='lat' dir='ltr'>care.</span> <span class='ocrx_word' id='word_1_410' title='bbox 1384 2937 1422 2987; x_wconf 72' lang='lat'>2)</span> <span class='ocrx_word' id='word_1_411' title='bbox 1455 2935 1556 2985; x_wconf 85' lang='lat' dir='ltr'>Alii,</span> <span class='ocrx_word' id='word_1_412' title='bbox 1590 2939 1637 2975; x_wconf 85' lang='lat' dir='ltr'>ut</span> <span class='ocrx_word' id='word_1_413' title='bbox 1665 2937 1836 2977; x_wconf 87' lang='lat' dir='ltr'>Becker</span> <span class='ocrx_word' id='word_1_414' title='bbox 1856 2938 2002 2977; x_wconf 84' lang='lat' dir='ltr'>Gallus</span> <span class='ocrx_word' id='word_1_415' title='bbox 2019 2939 2090 2977; x_wconf 88' lang='lat'>111.</span> 
     </span>
     <span class='ocr_line' id='line_1_76' title="bbox 1219 2997 2093 3049; baseline 0.002 -12"><span class='ocrx_word' id='word_1_416' title='bbox 1219 3009 1261 3048; x_wconf 92' lang='lat' dir='ltr'>p.</span> <span class='ocrx_word' id='word_1_417' title='bbox 1296 2997 1373 3037; x_wconf 80' lang='grc'>253</span> <span class='ocrx_word' id='word_1_418' title='bbox 1405 3009 1491 3049; x_wconf 91' lang='lat' dir='ltr'>sq.,</span> <span class='ocrx_word' id='word_1_419' title='bbox 1531 2997 1723 3038; x_wconf 86' lang='lat' dir='ltr'>fritillum</span> <span class='ocrx_word' id='word_1_420' title='bbox 1761 2998 1880 3038; x_wconf 89' lang='lat' dir='ltr'>idem</span> <span class='ocrx_word' id='word_1_421' title='bbox 1911 3010 2010 3040; x_wconf 89' lang='lat' dir='ltr'>esse</span> <span class='ocrx_word' id='word_1_422' title='bbox 2041 3010 2093 3039; x_wconf 90' lang='lat' dir='ltr'>ac</span> 
     </span>
     <span class='ocr_line' id='line_1_77' title="bbox 1212 3060 2094 3110; baseline 0.002 -12"><span class='ocrx_word' id='word_1_423' title='bbox 1212 3060 1423 3110; x_wconf 84' lang='lat' dir='ltr'>phimum,</span> <span class='ocrx_word' id='word_1_424' title='bbox 1457 3071 1592 3101; x_wconf 91' lang='lat' dir='ltr'>sensu</span> <span class='ocrx_word' id='word_1_425' title='bbox 1612 3060 1906 3110; x_wconf 88' lang='lat' dir='ltr'>Salmasiano,</span> <span class='ocrx_word' id='word_1_426' title='bbox 1930 3062 1991 3100; x_wconf 88' lang='lat' dir='ltr'>uti</span> <span class='ocrx_word' id='word_1_427' title='bbox 2011 3061 2094 3101; x_wconf 94' lang='lat' dir='ltr'>do-</span> 
     </span>
     <span class='ocr_line' id='line_1_78' title="bbox 1219 3122 2087 3172; baseline 0 -10"><span class='ocrx_word' id='word_1_428' title='bbox 1219 3125 1289 3162; x_wconf 90' lang='lat' dir='ltr'>cet</span> <span class='ocrx_word' id='word_1_429' title='bbox 1327 3122 1470 3162; x_wconf 82' lang='lat' dir='ltr'>Schol.</span> <span class='ocrx_word' id='word_1_430' title='bbox 1507 3125 1655 3163; x_wconf 92' lang='lat' dir='ltr'>luven.</span> <span class='ocrx_word' id='word_1_431' title='bbox 1695 3123 1750 3163; x_wconf 90' lang='lat' dir='ltr'>ad</span> <span class='ocrx_word' id='word_1_432' title='bbox 1794 3124 1880 3163; x_wconf 84' lang='lat' dir='ltr'>Sat.</span> <span class='ocrx_word' id='word_1_433' title='bbox 1919 3122 1993 3172; x_wconf 77' lang='lat'>44,</span> <span class='ocrx_word' id='word_1_434' title='bbox 2039 3125 2087 3164; x_wconf 84' lang='lat'>5:</span> 
     </span>
     <span class='ocr_line' id='line_1_79' title="bbox 1220 3186 2094 3237; baseline 0.002 -13"><span class='ocrx_word' id='word_1_435' title='bbox 1220 3186 1448 3235; x_wconf 73' lang='lat' dir='ltr'>«Fi-ititlus,</span> <span class='ocrx_word' id='word_1_436' title='bbox 1481 3187 1607 3237; x_wconf 87' lang='lat' dir='ltr'>pyxis</span> <span class='ocrx_word' id='word_1_437' title='bbox 1639 3196 1824 3235; x_wconf 88' lang='lat' dir='ltr'>cornea,</span> <span class='ocrx_word' id='word_1_438' title='bbox 1871 3186 1944 3237; x_wconf 90' lang='lat' dir='ltr'>qui</span> <span class='ocrx_word' id='word_1_439' title='bbox 1969 3187 2094 3237; x_wconf 79' lang='lat' dir='ltr'>fimus</span> 
     </span>
     <span class='ocr_line' id='line_1_80' title="bbox 1219 3247 2091 3300; baseline 0.001 -13"><span class='ocrx_word' id='word_1_440' title='bbox 1219 3247 1377 3288; x_wconf 88' lang='lat' dir='ltr'>dicitur</span> <span class='ocrx_word' id='word_1_441' title='bbox 1397 3250 1562 3288; x_wconf 85' lang='lat' dir='ltr'>Graece</span> <span class='ocrx_word' id='word_1_442' title='bbox 1579 3260 1586 3296; x_wconf 84' lang='lat'>3</span> <span class='ocrx_word' id='word_1_443' title='bbox 1603 3265 1622 3284; x_wconf 90' lang='lat'>»</span> <span class='ocrx_word' id='word_1_444' title='bbox 1654 3249 1695 3288; x_wconf 88' lang='lat' dir='ltr'>id</span> <span class='ocrx_word' id='word_1_445' title='bbox 1716 3248 1836 3299; x_wconf 91' lang='lat' dir='ltr'>quod</span> <span class='ocrx_word' id='word_1_446' title='bbox 1858 3249 1963 3288; x_wconf 88' lang='lat' dir='ltr'>mihi</span> <span class='ocrx_word' id='word_1_447' title='bbox 1992 3259 2091 3300; x_wconf 93' lang='lat' dir='ltr'>pro-</span> 
     </span>
     <span class='ocr_line' id='line_1_81' title="bbox 1217 3310 2092 3361; baseline 0.001 -10"><span class='ocrx_word' id='word_1_448' title='bbox 1217 3311 1364 3351; x_wconf 87' lang='lat' dir='ltr'>babile</span> <span class='ocrx_word' id='word_1_449' title='bbox 1391 3312 1578 3351; x_wconf 69' lang='lat' dir='ltr'>videtur.</span> <span class='ocrx_word' id='word_1_450' title='bbox 1625 3311 1663 3361; x_wconf 88' lang='lat'>3)</span> <span class='ocrx_word' id='word_1_451' title='bbox 1683 3312 1870 3351; x_wconf 86' lang='lat' dir='ltr'>Phimum</span> <span class='ocrx_word' id='word_1_452' title='bbox 1889 3310 2008 3351; x_wconf 89' lang='lat' dir='ltr'>idem</span> <span class='ocrx_word' id='word_1_453' title='bbox 2029 3313 2092 3352; x_wconf 86' lang='lat' dir='ltr'>in-</span> 
     </span>
     <span class='ocr_line' id='line_1_82' title="bbox 1217 3376 2091 3424; baseline -0.001 -10"><span class='ocrx_word' id='word_1_454' title='bbox 1217 3376 1512 3414; x_wconf 88' lang='lat' dir='ltr'>strumentum</span> <span class='ocrx_word' id='word_1_455' title='bbox 1544 3384 1643 3413; x_wconf 88' lang='lat' dir='ltr'>esse</span> <span class='ocrx_word' id='word_1_456' title='bbox 1674 3384 1726 3413; x_wconf 89' lang='lat' dir='ltr'>ac</span> <span class='ocrx_word' id='word_1_457' title='bbox 1762 3383 1952 3424; x_wconf 86' lang='lat' dir='ltr'>pyrgum</span> <span class='ocrx_word' id='word_1_458' title='bbox 1982 3384 2091 3413; x_wconf 90' lang='lat' dir='ltr'>con-</span> 
     </span>
     <span class='ocr_line' id='line_1_83' title="bbox 1219 3434 2087 3475; baseline 0 0"><span class='ocrx_word' id='word_1_459' title='bbox 1219 3435 1404 3475; x_wconf 86' lang='lat' dir='ltr'>tendunt</span> <span class='ocrx_word' id='word_1_460' title='bbox 1433 3434 1700 3475; x_wconf 88' lang='lat' dir='ltr'>Scholiastae</span> <span class='ocrx_word' id='word_1_461' title='bbox 1733 3435 1894 3474; x_wconf 87' lang='lat' dir='ltr'>Horatii</span> <span class='ocrx_word' id='word_1_462' title='bbox 1916 3434 1971 3474; x_wconf 91' lang='lat' dir='ltr'>ad</span> <span class='ocrx_word' id='word_1_463' title='bbox 1993 3435 2035 3474; x_wconf 89' lang='lat' dir='ltr'>h.</span> <span class='ocrx_word' id='word_1_464' title='bbox 2060 3434 2087 3475; x_wconf 94' lang='lat' dir='ltr'>l.</span> 
     </span>
     <span class='ocr_line' id='line_1_84' title="bbox 1218 3496 2089 3548; baseline 0 -12"><span class='ocrx_word' id='word_1_465' title='bbox 1218 3498 1279 3536; x_wconf 88' lang='lat' dir='ltr'>De</span> <span class='ocrx_word' id='word_1_466' title='bbox 1341 3507 1478 3548; x_wconf 82' lang='lat' dir='ltr'>pyrgo</span> <span class='ocrx_word' id='word_1_467' title='bbox 1538 3496 1718 3547; x_wconf 85' lang='lat' dir='ltr'>quidem</span> <span class='ocrx_word' id='word_1_468' title='bbox 1767 3497 1871 3537; x_wconf 86' lang='lat' dir='ltr'>satis</span> <span class='ocrx_word' id='word_1_469' title='bbox 1920 3498 2089 3538; x_wconf 82' lang='lat' dir='ltr'>constat</span> 
     </span>
    </p>
   </div>
  </div>
 </body>
</html>
