2231 3787
837 211 934 249 Llss.
970 211 998 249 1.
1062 211 1172 250 ssi'r.
1210 212 1256 249 [ι.
1897 209 1953 261 3,)

136 343 307 410 Atque
350 340 481 395 haec
522 359 665 400 rara,
711 341 866 395 cadat
905 341 1039 394 dura
1080 342 1215 395 inter
1254 358 1418 412 saepe
1460 342 1676 412 pericla.

1898 345 1964 394 40

137 443 231 496 Hic
270 461 329 495 se
370 444 721 514 praecipitem
762 452 901 497 tecto
941 443 1116 508 dedit,
1158 443 1244 497 ille
1284 442 1507 514 flagellis

134 545 213 598 Ad
252 554 481 599 mortem
520 563 738 609 caesus,
781 545 989 617 fugiens
1029 546 1115 600 hic
1155 545 1352 600 decidit
1393 563 1573 600 acrem

134 647 475 701 praedonum
516 648 567 700 in
606 647 844 713 turbam,
900 648 1047 702 dedit
1105 648 1190 702 hic
1243 666 1341 720 pro
1399 666 1627 720 corpore
1686 667 1961 703 nummos:

134 751 287 803 Hunc
325 750 732 821 perminxerunt
769 750 1014 815 calones3
1056 752 1186 823 quin
1226 752 1385 805 etiam
1426 752 1553 805 illud

134 852 364 915 Accidit,
410 862 463 906 ut
501 853 721 924 quidam
762 862 926 908 testes
969 854 1309 926 caudamque
1351 854 1585 909 salacem

135 956 443 1009 Demeteret
480 956 636 1009 ferro.

242 1145 307 1186 45.
340 1146 508 1185 cuidam
531 1147 585 1197 (p)
620 1147 728 1194 LCt,
764 1147 870 1186 item
899 1145 1124 1186 Bentleius
1156 1150 1200 1186 et
1230 1148 1458 1198 Reisigius.

1898 856 1964 906 4·Ξῶ

717 957 864 1017 lure,
909 974 1122 1021 omnes3
1166 956 1333 1010 Galba
1374 957 1618 1028 negabat.

1515 1150 1578 1198 <Ui
1610 1160 1713 1196 nos,
1754 1160 1910 1189 omnes

186 1209 323 1249 nostri
355 1211 397 1248 et
437 1209 664 1259 Pottierii.)
702 1232 745 1236 —
780 1209 848 1250 4-6.
881 1211 1114 1249 Demeteret
1148 1211 1310 1262 ferrmn
1340 1212 1451 1260 LCt‚
1495 1212 1755 1251 Demetcrent
1795 1214 1909 1263 ferro

185 1272 347 1311 Barthii
379 1274 423 1312 et
461 1271 644 1312 Bentleii
676 1273 807 1322 coni,
841 1273 948 1312 item
990 1274 1073 1313 Fea
1116 1285 1168 1313 ex
1209 1285 1289 1313 suo
1332 1274 1495 1314 Codice
1526 1275 1575 1313 V.
1612 1275 1657 1314 B.
1692 1276 1736 1315 et
1766 1276 1909 1325 Reisig

184 1336 273 1375 Lat.
308 1336 404 1387 Spr.
438 1346 482 1387 p.
518 1336 610 1375 494.

675 1335 739 1387 (Ut
769 1347 875 1383 nos,
909 1337 1046 1375 nostri
1079 1338 1122 1376 et
1153 1338 1346 1377 Pottierii
1379 1338 1566 1388 omnes).

130 1507 173 1548 C.
203 1508 420 1558 Cupteimii
451 1509 554 1548 sunt
584 1508 625 1548 in
649 1509 845 1549 nummis
867 1508 1013 1548 Riccio
1081 1506 1167 1547 Cfr.
1203 1509 1290 1548 Sat.
1324 1509 1370 1556 02,
1405 1509 1450 1557 7,
1486 1509 1552 1548 66.
1588 1508 1775 1549 Phaedr.
1801 1508 1847 1557 3,
1886 1509 1927 1548 Μ
1955 1541 1960 1556 ,

128 1572 185 1611 M.
219 1572 264 1610 F.
299 1572 346 1611 R.
379 1583 423 1623 p.
459 1572 541 1621 77.)
793 1611 800 1616 ,

183 1633 332 1674 37-46.
365 1634 520 1673 Audire
542 1635 645 1684 cet.]
681 1633 882 1675 «Urbane
906 1633 1015 1674 abu-

129 1697 233 1736 titur
262 1697 470 1737 Ennianis
501 1697 730 1738 versibus:
770 1697 927 1738 Audire
958 1702 1015 1737 est

127 1771 278 1810 operae
300 1761 508 1810 pretium,
535 1762 763 1810 procedere
791 1765 899 1800 recte
935 1761 1014 1811 Qui

125 1835 215 1864 rem
243 1825 478 1864 Romanam
512 1824 763 1873 Latiumque
793 1835 1013 1875 augescere

124 1887 286 1927 voltis.»
347 1888 499 1926 Senon.
564 1887 658 1935 Quo
700 1898 753 1926 ex
793 1886 891 1926 loco
931 1887 1013 1926 de-

126 1949 321 1991 fenditur
377 1948 508 1989 lectio
556 1951 744 1989 moechos
792 1950 1010 1990 adversus

127 2014 339 2054 dativum.
403 2015 569 2054 Sensus
592 2015 743 2053 autem
766 2016 833 2054 est
864 2014 1009 2054 idem:

129 2077 230 2128 «qui
259 2087 346 2116 non
377 2075 505 2117 voltis
544 2077 758 2117 moechos
795 2088 1011 2129 prospera

127 2140 246 2180 sorte
285 2140 392 2179 uti.»
461 2138 600 2180 Plaut.
634 2141 758 2191 Capt.
796 2140 844 2190 3,
881 2141 925 2190 4,
961 2141 1007 2180 6:

125 2203 266 2251 Neque
295 2203 604 2243 ieiuniosiorem
622 2225 646 2232 -
660 2225 684 2232 -
703 2204 812 2252 Vidi,
845 2216 919 2244 hec
941 2204 1013 2254 qui

125 2266 263 2304 minus
290 2266 510 2315 procedat,
550 2267 748 2316 quicquid
775 2267 915 2317 facere
941 2279 1012 2306 oc-

126 2327 292 2376 ceperit.
353 2328 529 2366 Terent.
562 2327 750 2379 Adelph.
775 2330 819 2377 5,
854 2330 900 2377 7,
933 2330 1007 2369 22:

127 2389 247 2439 Syre,
267 2390 502 2438 processisti
522 2390 640 2430 hodie
656 2391 840 2439 pulchre.
868 2413 912 2419 —
935 2392 1012 2431 At—

127 2463 204 2502 que
238 2452 339 2491 hoec
374 2463 505 2501 ram,
553 2453 692 2504 cadat]
734 2453 1006 2504 «contingat,

127 2518 171 2555 et
202 2525 252 2554 ea
274 2515 458 2566 quidem
483 2525 628 2554 rara.»
654 2539 699 2543 —
723 2516 800 2554 Hic
820 2527 861 2555 se
875 2527 1011 2565 prae-

127 2578 292 2628 cipitem
335 2577 436 2629 cet.]
484 2580 708 2630 Perquam
752 2577 908 2618 similia
955 2579 1010 2619 de

126 2641 365 2691 Peregrino
404 2642 564 2680 Proteo
603 2642 754 2680 narrat
791 2641 1011 2681 Lucianus

126 2705 304 2754 Peregr.
338 2703 378 2743 9.
413 2725 460 2732 —-
494 2703 562 2743 ille
589 2703 779 2756 slaqellis]
814 2705 933 2744 «Hoc
955 2704 1011 2744 de

127 2766 174 2806 C.
209 2766 363 2818 Crispo
396 2764 582 2806 Salustio
614 2766 796 2815 dicitur,
831 2767 906 2817 qui
931 2767 1013 2807 de-

124 2829 374 2881 prehensus
395 2828 451 2868 ab
472 2829 612 2868 Annio
634 2828 792 2870 Milone
824 2830 867 2869 in
889 2829 1012 2869 adul-

127 2892 237 2931 terio
267 2892 475 2941 Faustae,
509 2890 653 2932 Sullae
684 2891 825 2940 filiae,
858 2894 1009 2933 uxoris

127 2955 237 3003 eius,
269 2953 452 3004 flagellis
482 2965 639 2995 caesus
671 2966 771 2995 esse
804 2955 1007 2995 dicitur.»

128 3017 281 3056 senon.
336 3016 400 3055 cf.
426 3008 586 3057 Gellius
607 3019 655 3057 N.
682 3019 731 3057 A.
759 3019 830 3067 47,
867 3018 933 3058 is.
961 3042 1006 3046 -

127 3078 404 3129 Praedonum]
437 3080 783 3120 «nocturnorum
813 3091 896 3132 per
929 3082 1011 3122 Ur-

127 3140 235 3181 bem
265 3141 611 3190 grassatorum.»
662 3141 755 3181 Tib.
781 3143 819 3190 tl,
853 3143 901 3191 2,
934 3143 1008 3182 ⁵27:

127 3205 212 3243 Nec
231 3204 329 3243 sinit
352 3202 527 3254 (Venus)
555 3208 750 3243 occurrat
770 3205 1009 3254 quisquam,

128 3267 199 3316 qui
235 3277 419 3316 corpora
450 3265 565 3316 ferro
609 3266 795 3306 Volneret
832 3271 907 3306 aut
934 3279 1013 3306 ra-

124 3333 201 3384 pta
221 3329 421 3379 praemia
448 3331 556 3368 veste
578 3330 710 3377 petat.
747 3351 792 3356 —
818 3340 900 3378 pro
921 3341 1015 3369 cor-

124 3393 241 3441 pore]
268 3402 373 3443 «pro
395 3390 620 3431 obscoena
640 3391 768 3441 parte
791 3393 1007 3443 corporis,

131 3465 185 3493 ne
203 3455 340 3496 testes
359 3454 398 3494 ei
414 3452 826 3494 abscinderentur.»
854 3454 1008 3495 Senot.

1079 1570 1136 1619 3.,
1186 1571 1262 1610 ubi
1308 1571 1490 1622 quidam
1537 1572 1578 1611 in
1623 1572 1829 1611 eunucho
1871 1573 1965 1610 Da-

1076 1645 1222 1673 mnum
1251 1635 1475 1674 insectatus
1503 1638 1560 1673 est
1590 1635 1733 1673 amissi
1759 1634 1959 1682 corporis.

1082 1720 1125 1724 —
1168 1698 1512 1748 perminxerunt]
1567 1698 1963 1748 «stupraverunt.»

1077 1761 1229 1800 Senot.
1293 1760 1625 1801 «Contumeliae
1677 1771 1811 1799 causa
1858 1770 1963 1799 eum

1078 1825 1282 1874 stuprare
1328 1824 1435 1863 iussi
1482 1825 1586 1863 sunt
1629 1822 1684 1862 ab
1733 1821 1963 1862 adulterae

1077 1887 1281 1926 marito.»
1307 1886 1568 1926 Cuiusmodi
1591 1884 1847 1937 exemplum
1872 1895 1966 1924 me-

1078 1950 1225 1989 morat
1246 1960 1349 1988 cum
1371 1947 1463 1989 aliis
1486 1949 1782 1988 moechorum
1807 1949 1964 1999 poenis

1076 2011 1170 2051 Val.
1205 2013 1316 2052 Max.
1351 2012 1400 2059 6,
1435 2012 1483 2060 ’1,
1520 2011 1596 2051 43ῑ
1630 2012 1702 2052 Cn.
1737 2012 1966 2051 etiaaianc—

1075 2075 1188 2114 rium
1204 2074 1438 2113 Brocchum
1459 2075 1529 2124 qui
1550 2075 1875 2124 deprehenderat
1893 2075 1964 2125 fa-

1074 2139 1218 2177 miliae
1246 2139 1527 2188 stuprandum
1563 2137 1720 2177 obiecit.
1758 2160 1802 2165 —
1837 2137 1965 2178 Calo-

1074 2212 1146 2241 nes
1175 2201 1218 2240 h.
1252 2200 1299 2249 l.,
1333 2201 1407 2251 qui
1437 2201 1547 2251 Epp.
1578 2201 1625 2248 4,
1661 2199 1732 2248 44,
1777 2199 1843 2240 44.
1875 2210 1964 2239 me—

1076 2264 1266 2312 diastini,
1297 2263 1415 2304 servi
1436 2262 1629 2302 viliores.
1658 2286 1703 2290 —
1729 2263 1966 2311 quidam--

1074 2328 1306 2366 Demeteret
1324 2326 1452 2377 ferro]
1476 2324 1649 2376 supple,
1675 2324 1795 2375 quod
1817 2335 1899 2375 per
1915 2335 1963 2364 se

1075 2388 1341 2438 intelligitur,
1376 2387 1646 2426 «adultero»
1686 2388 1805 2426 Haec
1834 2385 1964 2426 lectio

1076 2453 1120 2490 et
1149 2450 1281 2502 plana
1313 2451 1382 2490 est
1413 2452 1457 2489 et
1485 2449 1541 2488 ab
1565 2449 1793 2500 antiquiss.
1821 2448 1960 2488 Codd.

1075 2513 1264 2553 firmata.
1299 2512 1468 2552 Eadem
1490 2523 1576 2563 qua
1598 2511 1669 2551 hic
1687 2512 1887 2550 demetere
1903 2512 1964 2551 si-

1077 2574 1356 2626 gnificatione
1388 2574 1591 2631 θερίζειν
1616 2575 1803 2624 usurpat
1826 2573 1959 2624 Soph.

1076 2638 1139 2678 Ai.
1160 2638 1240 2677 ζ236
1263 2638 1305 2677 et
1326 2631 1459 2691 ἆμᾷν
1478 2635 1658 2676 Hesiod.
1682 2636 1845 2686 Theog.
1867 2636 1960 2675 480.

1081 2724 1125 2729 ——
1149 2701 1262 2753 Jure]
1287 2701 1362 2740 Est
1382 2698 1570 2740 formula
1600 2697 1837 2738 iudicialis:
1872 2699 1966 2738 iure

1076 2774 1242 2803 caesum
1260 2763 1408 2802 videri.
1448 2763 1518 2802 Sic
1539 2763 1582 2801 h.
1601 2760 1629 2801 l.
1656 2762 1775 2801 «iure
1798 2773 1850 2801 ac
1871 2772 1965 2801 me-

1075 2827 1159 2866 rito
1182 2838 1287 2867 eum
1308 2828 1551 2867 castratum
1573 2836 1673 2865 esse
1697 2835 1855 2864 omnes
1876 2825 1964 2863 aie-

1076 2891 1227 2930 bant.»
1256 2913 1301 2918 -
1327 2889 1462 2930 Galba
1491 2888 1688 2940 negabat]
1711 2886 1872 2927 «Galba
1894 2888 1964 2927 iu—

1075 2955 1136 2994 ris
1166 2953 1335 3005 peritus
1368 2954 1412 2992 et
1440 2953 1536 3003 ipse
1567 2952 1762 2991 sectator
1791 2952 1963 2990 matro-

1076 3026 1259 3065 narum,
1311 3015 1386 3065 qui
1417 3013 1600 3053 dicebat
1639 3024 1728 3052 non
1763 3013 1858 3052 iure
1898 3012 1963 3052 fa—

1077 3080 1221 3127 ctum,
1244 3079 1293 3116 ut
1314 3079 1451 3117 testes
1472 3077 1834 3127 amputarentur,
1861 3076 1963 3126 quia

1075 3142 1219 3193 primo
1263 3139 1467 3180 adulterii
1516 3150 1661 3191 poena
1705 3138 1961 3189 pecuniaria

1078 3205 1214 3243 erat.»
1250 3203 1295 3254 (Q)
1328 3204 1486 3242 Aenon.
1530 3200 1756 3253 (Adulterii
1788 3211 1960 3251 poenae

1077 3266 1271 3307 sancitae
1317 3266 1432 3315 Lege
1477 3263 1608 3312 Iulia,
1660 3262 1734 3302 diu
1779 3261 1961 3312 quidem

1076 3329 1177 3380 post
1214 3328 1330 3367 hanc
1361 3327 1544 3366 satiram
1575 3325 1870 3376 compositam
1902 3322 1957 3372 (a,

1076 3402 1120 3430 u.
1154 3402 1193 3430 c.
1230 3390 1359 3440 757.),
1403 3389 1722 3429 enumerantur
1760 3396 1785 3424 a
1826 3383 1960 3424 Paulo

1077 3455 1195 3493 Sent.
1228 3452 1417 3504 receptt.
1444 3452 1487 3499 Ἰ,
1530 3451 1595 3490 26.
1620 3461 1660 3487 V.
1687 3460 1724 3488 c.
1760 3448 1957 3495 Cavetur,
