2231 3787
318 284 417 335 2574-

920 282 1132 321 HORATH
1165 281 1532 322 EPISTOLARUM

389 416 715 468 Virtutemne
756 421 1124 484 repraesentet
1168 428 1458 478 moresque
1503 410 1758 463 Catonis?

390 517 546 588 Rupit
585 515 833 569 Iarbitam
874 513 1173 583 Timagenis
1213 510 1421 565 aemula
1462 510 1664 581 lingua,
2079 510 2145 561 15

390 621 527 671 Dum
575 617 751 671 studet
788 616 1027 668 urbanus
1067 613 1343 683 tenditque
1390 612 1623 665 disertus
1665 611 1867 665 haberi.

432 772 496 809 115.
539 767 791 807 tarbithram
834 766 886 813 E,
933 764 1184 814 Hyarbt'tam
1229 764 1311 803 LC.
1350 785 1393 790 -
1427 762 1599 813 linqua]
1644 772 1772 801 coena
1817 761 1955 801 Codd.
1990 759 2089 811 aliq.

378 831 555 880 Cruquii
589 833 629 868 et
661 828 891 868 Torrentii.
927 850 968 854 —
1005 827 1069 866 47.
1105 825 1263 877 quodsi]
1297 825 1396 875 quid
1424 826 1457 863 si
1488 826 1535 873 C,
1563 836 1646 874 pro
1675 826 1708 863 si
1738 826 1829 864 tres
1859 824 2090 869 Torrentii,

324 955 395 995 tali
425 957 594 994 textore
625 954 688 992 uti
718 951 915 1000 soleas3»
950 961 1080 991 «cum
1106 954 1204 990 tex-

321 1021 465 1058 torem
504 1020 631 1056 tuum
670 1015 824 1055 iubeas
869 1015 1049 1065 exiguas
1081 1024 1204 1053 sem-

321 1091 403 1132 per
431 1079 511 1118 tihi
548 1081 672 1129 togas
704 1080 900 1117 texere.»
951 1078 1202 1116 Diintzerus

322 1143 459 1193 iungit
496 1153 598 1182 cum
637 1153 678 1180 v,
711 1141 824 1191 ferus
863 1140 996 1179 etiam
1033 1151 1075 1178 V.
1110 1144 1205 1178 tex-

323 1211 423 1245 lore.
489 1204 575 1243 Sed
621 1220 639 1239 «
655 1203 774 1242 voltu
824 1204 949 1241 torvo
996 1204 1039 1241 et
1087 1201 1203 1253 pede

324 1267 442 1307 nudo
488 1266 639 1305 ferus»
681 1265 837 1316 aliquis
888 1275 986 1304 esse
1033 1266 1202 1315 potest,

323 1341 410 1369 non
443 1329 548 1368 item
577 1328 785 1378 «exiguae
817 1329 946 1377 togae
979 1328 1201 1374 textore,»

325 1403 412 1442 quo
444 1391 627 1430 demum
659 1400 864 1441 prorsus,
898 1390 947 1427 ut
978 1389 1198 1439 opinatur,

326 1454 541 1493 Catonem
585 1450 775 1491 simulat.
847 1451 1004 1491 Mureti
1055 1451 1205 1489 autem

325 1521 512 1564 tesquore
532 1512 765 1564 (squalore)
791 1513 994 1552 Latinum
1017 1523 1104 1551 non
1123 1514 1205 1552 est.

328 1580 526 1628 (Propter
572 1574 777 1615 vocabuli
827 1579 988 1614 textore
1036 1576 1079 1613 in
1126 1575 1210 1613 hac

325 1642 528 1679 iunctura
559 1637 861 1686 insolentiam,
895 1649 984 1677 non
1015 1636 1137 1688 quod
1166 1637 1209 1675 in

327 1698 578 1758 ἀρχετύπῳ
627 1699 772 1751 aliquo
830 1699 935 1739 olim
994 1699 1212 1739 exstiterit

327 1776 433 1804 vera
457 1763 621 1803 Horatii
642 1763 859 1814 scriptura
882 1761 1011 1812 longe
1036 1761 1210 1800 diversa

330 1830 373 1866 et.
394 1837 510 1865 nunc
532 1826 574 1864 in
596 1827 865 1876 perpetuum
888 1824 1016 1864 nobis
1041 1826 1209 1874 erepta,

330 1890 495 1929 factum
526 1890 631 1939 puto
663 1886 789 1934 illud,
829 1886 884 1925 de
917 1897 1005 1936 quo
1036 1888 1214 1936 tragoe-

330 1952 426 1991 dias
458 1951 621 1990 excitat
653 1949 898 1999 Cruquius:
933 1949 1099 1996 «Quam
1124 1950 1215 1987 stu-

332 2014 466 2053 diosis
499 2015 543 2051 et
573 2011 713 2050 doctis
736 2010 943 2051 omnibus
966 2009 1082 2050 male
1105 2021 1215 2050 con-

332 2075 517 2116 suluerit
547 2072 708 2114 sciolus
738 2072 894 2124 aliquis
924 2074 966 2112 in
990 2073 1213 2113 eradenda

333 2137 505 2188 syllaba
534 2137 678 2187 prima
707 2147 748 2174 v.
774 2139 934 2174 textore
965 2135 1008 2174 in
1039 2146 1127 2174 uno
1163 2146 1216 2174 ex

331 2200 456 2240 libris
501 2197 654 2238 Bland.
699 2208 840 2248 eaque
887 2197 1213 2245 substituenda,

335 2273 469 2314 quam
510 2272 627 2300 nunc
666 2259 910 2309 habemus,
958 2259 1218 2299 mirabiliter

335 2327 403 2365 est
433 2322 782 2375 deplorandum3
832 2322 993 2362 deinde
1034 2323 1219 2362 temeri-

335 2390 472 2427 tatem
519 2385 678 2427 stultus
722 2387 771 2424 ut
814 2387 1009 2425 mutaret
1047 2386 1218 2425 inscitia

336 2450 585 2497 deteriore,
634 2458 767 2498 supra
800 2447 976 2498 scripsit
1005 2451 1215 2496 textuque.

337 2514 488 2554 Codex
520 2511 591 2552 Sil.
626 2511 764 2551 habet
794 2515 977 2560 terrore,
1021 2511 1102 2550 sed
1131 2522 1220 2550 non

337 2578 432 2617 sine
455 2575 609 2615 lituris.
645 2573 781 2622 Quid,
806 2574 841 2613 si
862 2572 1084 2624 legamus:
1117 2574 1223 2612 Exi-

336 2649 504 2690 yuaque
543 2641 641 2687 toya
680 2637 841 2674 simulet
871 2639 1065 2685 tactoque
1095 2635 1221 2674 Cato-

338 2701 515 2750 nemQ»)
551 2723 596 2728 —-
628 2698 922 2748 repraesentet]
957 2697 1039 2736 «ad
1068 2697 1220 2736 vivum

341 2764 602 2814 exprimat.»
647 2763 974 2811 Reprctesentare
1005 2761 1122 2800 enim
1154 2762 1222 2799 est

343 2836 464 2863 «rem
496 2835 611 2874 quae
643 2823 772 2863 abest
800 2824 1086 2875 praesentem
1119 2833 1222 2861 con-

342 2887 567 2925 stituere.»
594 2908 638 2913 -—
672 2888 805 2925 Poeta
838 2885 1053 2935 significat
1081 2884 1222 2923 homi-

343 2958 443 2996 nes,
487 2946 640 2997 quales
682 2946 785 2986 olim
825 2947 1003 2986 fuerunt
1036 2946 1223 2986 Laconi-

343 3012 437 3050 stae
483 3009 687 3055 Athenis,
740 3010 813 3059 qui
859 3006 1218 3060 ἑλακωμάνουν,

343 3071 566 3117 ἐπείνων,
606 3065 849 3125 έρῥύπων,
894 3067 1220 3128 ἐσωκράτουν,

344 3130 557 3175 σκυτάλι’
603 3129 817 3189 ἐφόρουν
868 3132 1100 3183 (Aristoph.
1141 3134 1220 3172 AV.

346 3198 445 3237 4284
474 3197 614 3247 sqq),
658 3194 979 3246 posterioribus
1012 3197 1225 3247 tempori-

347 3259 432 3299 bus
461 3257 718 3308 Neocynici.

404 3322 469 3360 45.
491 3321 557 3360 46.
589 3319 716 3369 Rupit
729 3317 832 3369 cet]
853 3318 1084 3360 Construe:
1106 3319 1227 3359 «Lin-

348 3393 431 3433 gua
464 3381 650 3422 larbitae
681 3379 858 3421 aemula
879 3380 1127 3432 Timagenis
1155 3392 1229 3421 ru-

349 3447 413 3497 pit
441 3444 670 3493 Iarbitam,
703 3442 811 3484 dum
835 3441 993 3483 stolide
1015 3442 1164 3483 studet
1183 3444 1226 3482 in

352 3506 630 3546 declamandi
661 3508 756 3546 arte
777 3515 921 3556 aeque
943 3504 1137 3545 disertus
1158 3516 1230 3543 ur-

1266 949 1502 1000 banusque
1521 948 1692 997 haberi,
1716 950 1848 1000 atque
1866 949 2019 989 rhetor
2036 947 2147 988 ille.»

1273 1036 1315 1040 —
1354 1010 1599 1063 Timagenis]
1644 1012 1953 1062 «Timagenes,
2000 1011 2152 1050 rhetor

1267 1073 1605 1123 Alexandrinus,
1621 1073 1676 1113 ab
1692 1076 1740 1113 A.
1754 1073 1937 1114 Gabinio
1952 1074 2151 1125 captivus

1268 1137 1455 1176 Romam
1486 1135 1717 1176 traductus
1750 1137 1794 1175 et
1823 1147 1844 1174 a
1878 1136 2038 1175 Fausto
2060 1132 2153 1173 Sul-

1268 1198 1335 1238 lae
1367 1198 1454 1238 filio
1485 1199 1746 1249 redemptus
1768 1197 1951 1237 tandem
1981 1198 2024 1236 in
2047 1197 2154 1236 Cae·

1270 1261 1380 1302 saris
1410 1261 1592 1311 Augusti
1626 1261 1811 1311 gratiam
1831 1260 1952 1300 venit
1980 1260 2150 1310 (senec.

1272 1324 1480 1364 Controv.
1506 1323 1612 1373 34..);
1647 1323 1728 1363 sed
1755 1325 1940 1375 propter
1958 1321 2154 1373 linguam

1271 1397 1512 1438 procacem
1559 1388 1603 1425 et
1645 1386 1827 1425 nimiam
1866 1379 2153 1442 παᾷῥησίαν,

1273 1448 1391 1488 unde
1420 1449 1724 1488 Parrhesiastes
1754 1448 1898 1488 dictus
1930 1450 1999 1488 est
2030 1446 2152 1497 (Plut.

1275 1510 1329 1550 de
1367 1510 1493 1550 Adul.
1539 1513 1582 1550 et
1615 1513 1712 1550 Am.
1750 1511 1889 1551 Discr.
1928 1511 1974 1550 T.
2006 1512 2077 1550 VI.
2111 1521 2152 1562 p.

1273 1573 1370 1613 u250.
1406 1574 1452 1612 R.
1489 1573 1642 1612 Suidas
1673 1574 1717 1612 in
1746 1584 1788 1611 v.
1823 1573 2092 1627 Τιμαγένης
2116 1575 2159 1613 et

1275 1634 1594 1687 σφηνωθείς),
1627 1646 1730 1674 mox
1761 1636 1844 1687 ipsi
1870 1637 2052 1686 Augusti
2084 1635 2160 1675 do—

1276 1709 1351 1737 mo
1383 1697 1667 1736 interdictum
1700 1699 1779 1737 est.
1841 1697 1948 1737 Inde
1978 1699 2161 1750 propter

1277 1760 1458 1799 facetias
1482 1760 1650 1810 (Senec.
1671 1760 1806 1811 Epist.
1827 1760 1871 1799 94
1886 1761 1910 1811 .)
1933 1760 1988 1799 ab
2007 1761 2156 1801 Asinio

1278 1821 1473 1862 Pollione
1507 1824 1720 1872 exceptus
1742 1824 1808 1862 est
1831 1825 1875 1862 et
1894 1823 1938 1862 in
1960 1834 2064 1874 agro
2081 1825 2163 1863 Tu-

1280 1883 1462 1925 sculano
1493 1884 1535 1922 in
1558 1883 1761 1924 Pollionis
1784 1884 1881 1924 villa
1912 1885 2032 1925 obiit.
2081 1887 2159 1934 Qui

1280 1948 1544 1997 Timagenes
1572 1956 1673 1985 cum
1695 1945 1931 1997 aliquando
1953 1948 1996 1987 in
2016 1948 2163 1987 homi-

1280 2020 1386 2048 num
1433 2008 1667 2047 doctorum
1712 2009 2020 2049 conventiculo
2059 2021 2160 2050 cum

1282 2073 1482 2111 omnium
1522 2070 1737 2122 applausu
1767 2071 2065 2112 declamasset
2091 2072 2162 2112 vel

1282 2135 1498 2185 scriptum
1521 2132 1747 2184 quoddam
1764 2133 2069 2185 praelegisset,
2093 2146 2164 2175 ac—

1284 2197 1411 2246 cidit,
1450 2198 1497 2235 ut
1529 2196 1654 2246 (teste
1686 2197 1991 2248 Porphyrione
2023 2198 2165 2239 Chisi—

1284 2271 1368 2300 ano
1401 2261 1445 2298 et
1473 2260 1650 2298 Auctar.
1692 2259 1865 2298 Comm.
1898 2262 1986 2299 vet.
2025 2261 2160 2312 Cruq.

1282 2334 1325 2374 p.
1353 2321 1462 2371 694.)
1510 2321 1668 2360 Cordus
1699 2320 1781 2371 (vel
1813 2322 1993 2371 Codrus,
2025 2323 2166 2373 siqui-

1284 2385 1388 2424 dem
1418 2383 1539 2422 idem
1570 2386 1659 2432 est,
1694 2383 1749 2422 de
1782 2394 1870 2434 quo
1899 2383 2101 2435 Virgilius
2121 2386 2163 2424 in

1283 2446 1456 2497 Eclogis
1492 2449 1818 2486 commemorat
1852 2447 1898 2494 7,
1937 2448 2014 2487 26:
2055 2448 2166 2488 invi-

1285 2509 1357 2548 dia
1380 2512 1637 2558 rumpantur
1666 2512 1712 2547 ut
1739 2509 1816 2547 ilia
1855 2509 2002 2549 Codro.
2007 2509 2047 2561 ),
2089 2510 2167 2550 ho-

1285 2581 1359 2610 mo
1403 2570 1585 2619 doctus,
1632 2570 1808 2610 natione
1840 2572 2041 2621 Maurus,
2090 2573 2166 2623 (ac

1284 2635 1523 2685 propterea
1556 2632 1612 2671 ab
1643 2632 1797 2682 Iarba,
1829 2633 2064 2685 Virgiliano
2098 2635 2165 2675 illo

1285 2696 1430 2746 rege,)
1467 2695 1628 2734 [arbita
1658 2697 2015 2745 cognominatus,
2053 2696 2165 2738 illius

1284 2759 1494 2797 virtutem
1539 2768 1734 2808 aequare
1772 2759 1987 2798 niteretur
2027 2762 2071 2800 et
2099 2762 2168 2800 ni-

1287 2821 1375 2861 mio
1408 2821 1506 2859 nisu
1537 2822 1581 2858 et
1610 2820 1772 2870 ingenti
1800 2821 1922 2861 vocis
1961 2820 2169 2863 laterum-

1287 2893 1372 2934 que
1391 2882 1630 2921 intentione
1643 2882 1929 2934 diaphragma
1944 2883 2168 2937 dirumpe-

1287 2946 1356 2984 ret
1377 2946 1420 2983 et
1440 2943 1583 2983 subita
1607 2947 1749 2984 morte
1775 2946 1984 2996 periret.»
2016 2948 2120 2986 IAHN
2142 2959 2165 2987 e

1287 3007 1530 3048 Weicherti
1562 3008 1811 3047 Comment.
1837 3007 1892 3047 de
1914 3008 2074 3048 Iarbita
2097 3010 2169 3049 Ti-

1288 3070 1486 3120 magenis
1507 3068 1795 3109 aemulatore.
1827 3070 1978 3120 (Poett.
2010 3072 2097 3111 Lat.
2121 3082 2164 3123 p.
2230 3116 2231 3124 ,

1290 3131 1362 3171 394
1378 3133 1402 3183 .)
1436 3131 1499 3172 Cf.
1520 3133 1652 3171 etiam
1674 3134 1854 3172 Gustavi
1875 3132 2058 3173 Schwab
2075 3134 2170 3173 Dis-

1290 3197 1381 3247 put.
1415 3194 1471 3234 de
1501 3195 1621 3233 Livio
1658 3196 1702 3234 et
1731 3196 1989 3246 Timagene,
2028 3195 2168 3235 histo-

1290 3257 1457 3296 riarum
1471 3256 1778 3308 scriptoribus,
1791 3255 1990 3296 aemulis.
2010 3257 2165 3308 Stuttg.

1294 3317 1413 3358 4834.
1438 3318 1476 3358 4.
1513 3319 1675 3358 Contra
1695 3319 1836 3368 Bergk
1866 3319 1907 3357 in
1930 3329 2011 3359 suo
2033 3320 2077 3358 et
2095 3320 2169 3358 Iu-

1291 3380 1334 3420 lii
1357 3381 1559 3421 Caesaris
1581 3382 1725 3420 Diario
1748 3379 1867 3420 4843.
1894 3391 1936 3431 p.
1962 3379 2055 3420 304.
2080 3381 2169 3421 Co-

1293 3442 1423 3482 drum
1462 3442 1700 3482 arbitratur
1735 3452 1834 3482 esse
1866 3442 2165 3492 Cornificium,

1292 3505 1453 3545 Horatii
1486 3504 1691 3544 Iarbitam
1723 3504 1878 3544 Iubam
1898 3506 1968 3554 11.,
1999 3506 2170 3546 Maure-
