2231 3787
845 248 942 287 Lm.
979 249 1026 286 ΙΙ.

1089 249 1199 286 s-x'r.
1234 248 1339 287 vin.
1907 247 2008 297 3:535

273 381 333 435 Ut
376 379 455 433 vel
498 381 747 433 continuo
787 379 976 450 patuit,
1020 396 1139 432 cuni
1181 379 1418 448 passeris
1458 386 1617 449 atquc

275 485 539 553 lngustata
581 481 705 534 mihi
745 490 1059 552 porrexerat
1100 480 1184 532 ilia
1223 479 1447 532 rhombi.
1944 485 2009 533 :30

271 586 392 637 Post.
431 584 531 637 hoc
572 602 655 637 ine
696 584 878 636 docuit
916 582 1181 636 melimela
1222 581 1416 636 rubere
1466 582 1725 635 minorem

269 686 346 738 Ad
387 685 564 737 lunam
605 685 829 739 delecta.

268 786 514 840 Audieris
553 785 759 840 melius.

907 684 1046 749 Quid
1087 684 1188 737 lioc
1230 685 1457 744 intorsit,
1501 684 1567 737 ab
1609 686 1724 756 ipso

837 788 967 838 Tum
1007 785 1246 839 Vibidius
1291 785 1581 839 Balatroni:

267 890 373 940 Nos
413 888 511 940 nisi
554 887 813 941 damnose
852 887 1110 948 bibimus,
1152 888 1444 942 moriemur
1483 887 1654 941 inulti:

308 1040 374 1080 ἓξ).
402 1040 588 1089 passeris
619 1040 700 1077 assi
730 1043 766 1078 et
804 1050 826 1078 e
860 1038 998 1078 Codd.
1034 1038 1230 1078 Lambini
1263 1040 1496 1088 anonymis
1527 1038 1764 1079 Bentleius.
1803 1061 1845 1068 —
1890 1042 1954 1081 30.

247 1104 486 1154 porrexerit
516 1103 652 1154 bcp,t.
690 1103 752 1152 (lftr
783 1113 883 1146 nos,
918 1103 959 1149 S,
984 1115 1021 1140 v.
1057 1102 1222 1141 Omittit
1243 1101 1360 1141 hunc
1382 1113 1421 1140 v,
1447 1102 1509 1151 E.)
1539 1125 1580 1129 —
1606 1102 1671 1142 33.
1702 1103 1808 1142 Tunc
1839 1115 1879 1155 p,
1913 1127 1953 1131 —

252 1167 317 1207 34.
353 1167 587 1206 moriamur
617 1176 643 1216 p
676 1167 717 1203 et
750 1174 864 1203 corr.
898 1166 965 1203 Sc.
1001 1164 1245 1214 (mot-lemur
1274 1162 1337 1202 hE
1370 1166 1412 1202 et
1441 1175 1507 1214 pr.
1543 1166 1627 1213 Sc.)

198 1311 244 1348 ut
271 1307 527 1360 perdifficile
559 1308 642 1348 sibi
673 1309 924 1358 ceterisque
953 1307 1074 1346 esset

195 1371 544 1422 persentiscere,
578 1369 685 1419 quid
716 1369 895 1409 tandem
918 1377 1074 1407 come-

195 1432 374 1479 derent;
408 1431 527 1483 apud
547 1431 834 1472 Nasidienum
855 1431 973 1471 enim
996 1429 1074 1469 dis-

194 1495 367 1536 serebat
415 1495 576 1547 partim
625 1506 649 1534 a
698 1494 826 1536 solito
876 1492 1071 1534 edulium

194 1560 367 1609 gustus,
401 1558 561 1609 partim
589 1568 774 1609 prorsus
803 1568 916 1597 nova
939 1567 1074 1607 appo-

195 1620 436 1669 nebantur,
468 1621 517 1659 ut
546 1622 771 1660 certorum
793 1620 980 1671 piscium
1006 1619 1071 1658 in-

195 1684 352 1724 testina
374 1681 477 1722 alibi
498 1683 660 1734 apponi
681 1693 769 1722 non
790 1681 929 1730 solita,
955 1692 1069 1732 quae

195 1747 354 1786 cuncta
396 1745 640 1785 Maecenati
671 1745 856 1795 eiusque
896 1744 1071 1784 comiti-

194 1808 300 1857 bus,
333 1809 382 1847 ut
411 1808 763 1847 consentaneum
794 1808 907 1855 erat,
947 1804 1071 1858 pala-

193 1873 287 1910 tum
318 1871 509 1910 excitare
541 1880 628 1908 non
658 1871 877 1920 poterant.

248 1932 314 1971 29.
335 1931 401 1971 30.
429 1932 477 1970 Ut
494 1931 558 1970 vel
576 1932 770 1970 continuo
787 1931 940 1983 patuit]
960 1931 1071 1970 «wie

194 2005 249 2034 es
285 1996 432 2034 denn
472 1994 670 2045 ,qleich
706 2005 775 2032 an
814 1994 917 2032 den
960 1993 1071 2044 Tay

192 2056 351 2096 kam.»
428 2056 666 2107 «Apparuit
714 2057 993 2095 Nomentano
1045 2065 1069 2093 a

193 2121 378 2170 patrono
394 2119 750 2173 γαστρονομίας
764 2117 957 2158 doctoris
975 2128 1072 2157 mu-

195 2191 276 2220 nus
307 2181 415 2220 scite
436 2178 620 2220 scilicet!
656 2181 701 2219 et
729 2190 811 2232 pro
832 2179 1069 2219 commodo

194 2246 346 2284 nostro
371 2243 627 2294 impositum
649 2253 771 2290 esse3
805 2253 908 2282 nam
931 2242 966 2281 is
988 2242 1069 2282 nisi

193 2306 409 2353 affuisset,
452 2303 520 2344 ilia
561 2305 757 2355 passeris
787 2304 950 2344 marini
981 2314 1068 2343 non

193 2378 432 2419 agnossem
445 2399 454 2416 ,
473 2366 659 2406 sortasse
677 2376 761 2406 nec
780 2366 1066 2416 tetigissem.»

193 2431 348 2471 Omnia
378 2431 489 2469 haec
509 2428 609 2468 κατ’
629 2428 886 2485 εἰρωνείαν.
914 2450 958 2455 -
972 2439 1071 2478 pas-

192 2493 307 2545 seris]
339 2493 414 2533 Est
441 2491 774 2543 pleuronectes,
808 2490 939 2530 hodie
971 2489 1067 2541 pla-

193 2560 313 2597 tesca
333 2556 490 2603 ssesu8,
524 2554 761 2601 Flunder,
795 2551 955 2593 Gallice
982 2553 1067 2603 flet

194 2630 228 2660 s.
257 2619 456 2669 picaud.
493 2640 536 2645 —
570 2616 708 2668 atque]
740 2617 889 2656 Lectio
920 2617 1002 2655 assi
1031 2619 1067 2655 et

194 2681 392 2733 profecto
422 2691 509 2720 non
541 2682 609 2719 est
637 2679 720 2718 nisi
752 2676 957 2730 petulans
988 2689 1068 2717 ne—

193 2745 285 2785 scio
306 2744 430 2783 cuius
450 2740 727 2793 interpolatio
749 2741 882 2780 ducta
903 2751 955 2780 ex
977 2741 1064 2780 Sat.

193 2807 238 2855 2,
271 2805 317 2854 4,
351 2806 435 2853 38„
468 2815 555 2856 qua
584 2804 745 2844 inferre
775 2804 818 2844 in
839 2804 1068 2843 Horatium

193 2867 392 2915 volebat,
422 2866 708 2906 Nasidienum
738 2876 950 2917 perverse
987 2876 1069 2917 pa-

193 2930 400 2968 tinarium
446 2929 616 2980 piscem
663 2939 816 2969 assum
872 2928 1068 2968 convivis

195 2990 469 3042 apposuisse.
502 2991 667 3030 Verum
688 3001 775 3030 non
795 2991 941 3042 pisces
967 2991 1064 3042 ipsi,

195 3052 278 3093 sed
307 3051 613 3091 tantummodo
642 3052 848 3092 intestina
868 3053 1067 3104 apposita

198 3116 344 3162 erant,
389 3112 507 3152 unde
551 3113 622 3152 hic
665 3125 811 3165 neque
855 3114 910 3154 de
955 3115 1066 3155 assis

195 3187 280 3217 neo
310 3175 365 3215 de
396 3174 517 3214 elixis
547 3175 592 3213 et
631 3173 725 3214 iure
770 3176 955 3216 conditis
999 3177 1066 3227 agi

194 3241 382 3290 poterat.
452 3237 665 3284 Quocirca
708 3248 794 3276 non
839 3238 1063 3287 adducor,

194 3304 244 3339 ut
274 3299 454 3340 credam
480 3299 551 3338 hic
573 3309 763 3349 quoque„
773 3309 878 3338 casu
899 3299 955 3339 ab
976 3311 1064 3340 uno

197 3361 390 3402 alterove
433 3361 595 3401 Codice
633 3371 788 3400 veram
829 3359 1065 3403 lectionem

196 3427 417 3464 servatam
433 3435 531 3464 esse
550 3423 942 3475 (quemadmodum
960 3434 1066 3464 sane

197 3486 362 3527 factum
391 3490 457 3526 est
478 3487 563 3526 Sat.
592 3488 633 3533 l,
658 3487 702 3534 6,
740 3486 868 3535 126),
902 3497 1002 3526 cum
1024 3487 1066 3526 in

1137 1302 1316 1353 reliquis
1348 1304 1555 1345 omnibus
1586 1307 1757 1344 mature
1789 1305 1845 1345 ab
1884 1307 2016 1347 inter-

1136 1365 1409 1419 polatoribus
1439 1366 1686 1407 oblitterata
1717 1370 1848 1408 esset.
1885 1391 1922 1398 -
1950 1370 2016 1408 In—

1135 1428 1319 1481 9uslata]
1367 1430 1512 1478 «Quae
1558 1430 1659 1480 quia
1705 1429 1805 1470 alibi
1851 1434 2014 1483 apponi

1137 1502 1223 1531 non
1253 1490 1417 1540 solent,
1451 1502 1532 1542 ego
1563 1503 1789 1543 nunquam
1811 1497 1912 1534 ante
1933 1505 2015 1544 gu-

1137 1557 1345 1595 staram.»
1383 1576 1426 1583 —-
1460 1555 1549 1606 ilia]
1590 1556 1844 1605 «intestina,
1892 1558 2014 1597 iecur

1135 1619 1467 1669 potissimum;»
1513 1618 1625 1658 Voss
1655 1618 1826 1658 ridiculi
1856 1630 2010 1660 causa:

1135 1682 1216 1720 die
1255 1681 1481 1720 Kutleln.
1535 1701 1577 1707 —
1628 1681 1799 1733 rhombi]
1846 1683 2009 1723 Butte.

1191 1742 1359 1783 311-34.
1410 1743 1635 1795 melimela]
1681 1744 2009 1796 [Ioviiqapfel.

1134 1808 1273 1847 Varro
1303 1808 1350 1847 R.
1375 1807 1422 1847 R.
1449 1808 1490 1855 4,
1523 1807 1595 1846 59:
1633 1808 1747 1857 Quae
1766 1812 1892 1848 antea
1919 1820 2016 1848 niu-

1133 1875 1241 1910 slea
1267 1869 1496 1918 vocabant,
1528 1881 1638 1909 nunc
1666 1870 1922 1910 melimela
1941 1883 2015 1922 ap-

1129 1933 1302 1984 pellant.
1346 1931 1528 1972 Martial.
1555 1933 1597 1980 4,
1631 1931 1703 1980 43,
1737 1931 1782 1973 4:
1816 1934 2015 1974 Dulcibus

1135 2000 1209 2035 aut
1224 1999 1384 2035 certant
1399 2006 1506 2044 quae
1521 1994 1726 2034 melimela
1739 1995 1862 2045 favis.
1885 1997 2014 2036 Com-

1135 2059 1358 2098 mentator
1402 2057 1584 2108 Cruquii
1635 2057 1862 2098 confundit
1910 2070 2013 2099 cum

1133 2117 1309 2173 μήλοις
1351 2117 1637 2169 Κυδωνίοις,
1685 2131 1799 2171 quae
1841 2123 1883 2160 et
1919 2122 2012 2161 aci-

1135 2181 1237 2223 dula
1274 2184 1377 2222 sunt
1415 2192 1562 2233 neque
1602 2181 1777 2221 rubent.
1839 2183 2012 2234 Optime

1136 2242 1343 2296 explicari
1383 2243 1560 2283 videtur
1589 2244 1785 2284 Senecae
1822 2243 1920 2285 loco
1957 2245 2013 2286 de

1135 2307 1310 2347 Provid.
1335 2306 1384 2354 3,
1417 2306 1463 2345 6:
1511 2306 1688 2345 Felicior
1717 2310 1816 2346 esset
1847 2307 2014 2358 (Fabri-

1135 2367 1260 2418 cius),
1292 2389 1315 2396 —
1336 2390 1359 2396 —
1379 2369 1413 2406 si
1451 2368 1608 2418 inyemi
1642 2379 1863 2416 pomorum
1901 2374 2013 2410 strue

1131 2431 1313 2482 cingeret
1335 2429 1502 2479 primae
1528 2429 1691 2479 formae
1722 2430 1868 2481 feras?
1915 2433 2010 2472 Non

1132 2493 1262 2543 igitur
1290 2492 1402 2531 mira
1432 2491 1542 2531 haec
1573 2491 1773 2531 doctrina
1805 2492 1861 2532 ad
1882 2503 2011 2533 men-

1132 2565 1204 2594 sas
1235 2552 1458 2594 secundas
1487 2553 1692 2593 refertur.
1720 2577 1764 2582 —
1793 2555 2008 2608 minorem]

1134 2617 1548 2659 «decrescentemz»
1581 2627 1667 2656 non
1699 2628 1800 2656 cum
1821 2617 2012 2657 Scholia-

1132 2681 1220 2720 sta:
1270 2678 1475 2730 «quando
1510 2677 1612 2718 luna
1643 2681 1846 2719 crescit.»
1883 2703 1926 2708 —
1959 2681 2010 2720 ab

1130 2743 1218 2791 ipso
1262 2741 1375 2790 cet.]
1424 2741 1564 2780 «Tam
1616 2739 1791 2780 subtilia
1843 2741 2010 2782 scilicet

1133 2805 1258 2844 erant
1287 2804 1382 2843 eius
1421 2806 1679 2853 argumenta
1714 2802 1920 2854 physica,
1965 2809 2007 2844 ut

1133 2878 1185 2907 ea
1215 2867 1408 2906 retinere
1440 2876 1529 2905 non
1559 2866 1824 2917 potuerim.»
1859 2889 1904 2894 —
1928 2868 2008 2906 da-

1129 2928 1290 2980 mnose]
1341 2927 1525 2967 Videtur
1577 2926 1738 2967 locutio
1786 2930 2006 2968 sermonis

1133 2990 1389 3032 convivalis:
1438 2989 1729 3037 «immodice,
1762 2991 1820 3030 ita
1848 2993 1898 3031 ut
1927 2992 2008 3031 da-

1131 3064 1286 3094 mnum
1307 3053 1489 3100 sentiat,
1514 3052 1588 3102 qui
1609 3052 1860 3092 convivium
1881 3064 2008 3104 prae-

1130 3114 1250 3155 bet.»
1299 3116 1408 3155 Nos:
1450 3114 1777 3154 morderisch
1803 3115 2002 3154 zechen.

1131 3178 1309 3217 Sueton.
1331 3177 1432 3216 Ner.
1458 3176 1502 3216 3⁴
1524 3188 1531 3214 :
1563 3176 1658 3215 Non
1687 3176 1731 3214 in
1760 3175 1849 3214 alia
1866 3187 1913 3215 re
1932 3177 2007 3214 da-

1128 3240 1312 3279 mnosior
1331 3250 1458 3289 quam
1479 3240 1520 3277 in
1541 3238 1817 3289 aedificand03
1850 3239 1898 3276 ut
1919 3237 2006 3276 iarn

1130 3303 1303 3341 Terent.
1323 3302 1478 3341 Heaut.
1502 3302 1550 3349 5,
1583 3299 1629 3348 4,
1664 3300 1728 3339 40.
1761 3299 2001 3348 helluonem,

1127 3374 1374 3414 qaneonem,
1407 3364 1653 3402 damnosum
1681 3361 1914 3410 coniungit.
1956 3381 2001 3387 ——

1129 3426 1357 3465 moriemur
1374 3425 1509 3476 inulti]
1530 3425 1660 3475 Epica
1676 3419 1855 3478 φράσις
1870 3422 1998 3472 (Virg.

1130 3490 1237 3527 Aen.
1261 3488 1307 3534 ς2,
1342 3488 1440 3527 67οῑ
1478 3488 1701 3534 Nunquam
1733 3495 1869 3523 (mines
1889 3484 2004 3523 hodie
