2231 3787
276 248 378 300 546
884 246 1098 286 ΗΟΒΑΤΙΙ
1127 246 1491 287 EPISTOLARUM

346 377 631 433 Rettuleris
671 392 921 447 pannum.
996 375 1154 429 Refer
1193 384 1246 428 et
1283 375 1397 428 sine
1435 375 1576 426 vivat
1614 375 1840 444 ineptus

348 482 453 533 Res
493 494 684 549 gerere
724 485 776 530 et
811 485 995 547 captos
1036 475 1323 529 ostendere
1363 473 1569 528 civibus
1608 474 1790 528 hostes

348 579 564 650 Attingit
602 577 795 631 solium
836 576 974 629 Iovis
1015 585 1066 628 et
1104 575 1357 629 caelestia
1395 583 1580 628 tentat:

346 678 686 750 Principibus
726 676 993 748 placuisse
1032 677 1160 729 viris
1200 694 1306 730 non
1344 675 1529 735 ultima
1566 675 1682 729 laus
1721 685 1817 730 est.
2030 675 2097 728 35

346 783 461 835 Non
502 781 671 834 cuivis
711 780 910 832 homini
951 778 1206 848 contingit
1243 777 1393 831 adire
1434 776 1759 831 Corinthum.

386 975 450 1015 33.
485 975 609 1014 hostis
639 975 742 1014 SEc.

276 1172 411 1212 quam
442 1160 639 1211 conspici
669 1160 712 1198 in
735 1161 861 1200 veste
887 1169 1153 1210 purpurea».

273 1223 511 1263 Historiam
542 1220 752 1270 similem,
787 1221 890 1270 sed,
922 1222 971 1260 ut
992 1222 1035 1260 in
1064 1221 1157 1272 phi-

273 1283 564 1335 losophorum
595 1282 757 1323 scholis
786 1282 881 1322 fieri
902 1281 1088 1328 solebat,
1112 1284 1156 1321 in

1221 1157 1359 1197 verba
1390 1158 1536 1197 statim
1562 1158 1795 1209 sequentia
1815 1168 2099 1210 nequaquam

1222 1220 1474 1260 admittunt.
1502 1243 1545 1247 —
1571 1220 1762 1259 caelestia
1781 1220 1924 1272 tentat]
1956 1219 2102 1260 «labo—

1187 1309 1190 1333 ,
1220 1282 1345 1322 ribus
1367 1282 1457 1321 suis
1479 1281 1856 1322 immortalitatem
1875 1283 2027 1334 petit.»
2053 1305 2098 1310 -

274 1348 476 1399 personis
507 1357 558 1385 ac
588 1342 900 1403 περιστάσεσι
922 1346 1153 1392 mutatam,
1187 1337 1191 1397 ἱ
1221 1347 1315 1385 Νοη
1344 1345 1474 1383 cuivis
1505 1345 1606 1394 cet.]
1650 1344 1944 1384 proverbium
1964 1346 2102 1384 Grae-

274 1410 422 1448 narrat
439 1409 632 1447 Serenus
651 1407 770 1458 apud
787 1406 908 1446 Stob.
930 1407 1009 1445 Tit.
1030 1407 1070 1454 5,
1086 1405 1153 1446 46:

273 1467 529 1519 Διονύσιος
589 1465 890 1525 Ἀρίστιππον
948 1462 1154 1516 ἔπειθεν,

273 1526 580 1582 ἀποθέμενον
596 1527 680 1569 τὸν
696 1528 906 1586 τρίβωνα
925 1559 934 1577 ,
966 1540 1156 1586 πορφυ-
1187 1562 1191 1590 ¹

1187 1414 1191 1456 ξ
1224 1417 1326 1446 cum
1363 1400 1446 1457 (013
1487 1401 1666 1455 παντὸς
1704 1402 1878 1463 ἀνδρὸς
1908 1407 1975 1456 εἰς
2004 1403 2102 1446 Κό-

1223 1467 1389 1524 ρινθον
1429 1461 1531 1506 ἔσθ’
1573 1462 1599 1506 ὁ
1637 1465 1843 1519 πλοῦς.),
1891 1467 1946 1507 de
1978 1468 2102 1508 cuius

1224 1530 1390 1580 origine
1448 1529 1734 1579 ambigebant
1780 1531 1869 1569 iam
1918 1529 2099 1580 antiqui.

273 1591 390 1650 ροῦν
424 1589 616 1645 ἱμάτιον
652 1589 1000 1648 περιβαλέσθαι
1019 1603 1028 1611 ·
1075 1590 1157 1629 καὶ
1188 1591 1191 1630 Ι
1222 1592 1435 1631 Primaria
1475 1592 1624 1630 tamen
1662 1591 1757 1631 eius
1787 1592 2007 1631 sententia
2035 1591 2103 1630 vi-

274 1651 339 1705 ώς
369 1654 571 1706 ἐπείσθη
599 1653 806 1703 ἐκεῖνος,
842 1650 898 1692 τὰ
920 1648 1045 1693 αὐτὰ
1075 1653 1157 1691 καὶ

274 1714 509 1757 Πλάτωνα
541 1712 694 1756 Ξτοιεῑν
717 1710 874 1768 ἠξίου.
902 1710 949 1754 Ὁ
969 1713 1020 1754 δὲ
1039 1709 1155 1767 ἔφη,

1223 1653 1355 1693 detur
1388 1664 1464 1701 ea,
1499 1664 1635 1703 quam
1665 1655 1916 1693 memorant
1945 1655 2105 1693 Paroe-

1224 1715 1471 1766 miographi
1494 1714 1723 1754 Gaisfordii
1749 1726 1929 1755 omnes:
1965 1711 1993 1768 ἡ
2014 1711 2105 1755 Κό-

279 1775 391 1820 Οὗκ
436 1775 506 1819 ἄν
545 1778 832 1832 δυναίμην
862 1775 1047 1831 θῆλυν
1077 1777 1158 1818 ἐν-
1223 1777 1389 1834 ρινθος
1421 1772 1601 1826 πολλὰς
1630 1772 1772 1825 ἔσχεν
1803 1776 2018 1834 ἑταίρας,
2053 1777 2106 1817 αἳ

278 1838 449 1883 δῦναι
475 1839 702 1893 στολήν.
727 1841 821 1881 Καὶ
837 1836 1154 1897 Ἀρίστιππος,

281 1906 376 1945 Τοῦ
414 1899 591 1954 αὐτοῦ,
638 1896 758 1956 ἐ’φη,
796 1902 897 1944 ἐστὶ
937 1900 1155 1955 ποιητοῦ,

1223 1835 1338 1888 τοὺς
1380 1833 1772 1891 ἀφικνουμένους
1820 1851 1914 1878 των
1956 1836 2103 1890 ξένων

1223 1897 1588 1953 ἑδασμολόγουν
1631 1898 1691 1940 τὰ
1734 1898 1908 1951 ἐφόδια
1943 1897 2102 1942 αὐτῶν

280 1967 381 2007 καὶ
453 1964 562 2024 γὰρ
626 1965 686 2006 ἑν
742 1962 1158 2017 βακχεύμασιν
1224 1959 1580 2015 λαμβάνουσαι.
1623 1963 1959 2003 Commentator
1990 1965 2103 2004 Cru-

281 2023 411 2071 0230'
463 2025 495 2082 ἢ
539 2042 599 2083 γε
643 2026 892 2081 σώφρων
938 2024 1003 2069 οὗ
1035 2027 1160 2068 δια-
1189 2051 1193 2105 ι
1226 2026 1342 2076 quii:
1379 2027 1498 2064 «Non
1531 2025 1651 2063 omni
1681 2025 1849 2064 homini
1869 2027 2014 2065 tutum
2036 2028 2103 2066 est

279 2091 671 2149 φθαρήσεται.
687 2113 734 2119 -
754 2092 875 2142 Refer
891 2091 995 2142 cet]
1020 2092 1157 2138 «Quin

276 2155 406 2205 igitur
450 2154 616 2193 desinis
656 2153 790 2192 iocari
832 2163 933 2192 cum
975 2151 1048 2191 tali
1078 2152 1160 2190 ho-

276 2217 395 2256 mine
427 2218 470 2255 et
500 2215 651 2255 reddis
683 2216 723 2254 ei
752 2212 994 2262 διπλοΐδα,
1033 2213 1158 2254 facile

279 2279 319 2318 ei
350 2277 627 2325 concedens,
658 2278 706 2315 ut
727 2287 908 2327 semper
928 2279 971 2315 et
992 2275 1158 2326 ubique

278 2337 501 2388 indulgeat
532 2338 622 2377 suis
650 2339 890 2388 ineptiisffi)
918 2361 960 2365 —
984 2338 1159 2386 ineptus]

280 2401 435 2451 Cynici
479 2399 593 2438 ridet
636 2399 931 2438 rusticitatem
973 2409 1026 2438 ac
1054 2410 1161 2449 pro-

279 2462 491 2509 terviam,
533 2461 595 2500 sic
626 2460 842 2510 Epicurus
874 2459 1067 2508 dixerat,
1102 2450 1158 2499 οὗ

278 2527 456 2564 κυνιεῖν
472 2518 557 2562 τὸν
574 2517 749 2570 σοφόν.
783 2522 906 2572 Diog.
926 2523 1068 2561 Laert.
1092 2522 1157 2571 40,

281 2586 374 2625 449.

334 2646 482 2686 33-36.
515 2647 589 2685 Res
617 2655 761 2696 ,qerere
794 2645 895 2696 cet]
929 2646 1039 2684 «Res
1069 2656 1162 2684 ma-

282 2719 390 2759 gnas
421 2718 577 2758 gerere
609 2708 652 2747 in
672 2705 799 2747 bellis
823 2709 867 2746 et
886 2707 1159 2758 triumphare

281 2770 336 2809 de
368 2769 570 2810 hostibus
597 2769 781 2808 devictis
804 2779 939 2819 quam
959 2769 1159 2819 proxime

282 2830 456 2870 accedit
486 2830 543 2869 ad
574 2830 849 2869 divinitatem
871 2832 915 2868 et
935 2830 1163 2868 immorta-

281 2891 371 2932 lem
393 2890 576 2941 gloriam
596 2894 819 2938 meretur3
847 2901 1006 2930 verum
1027 2892 1161 2930 etiam

276 2951 538 3004 principibus
568 2954 681 2991 cet.»
733 2951 953 3002 Significat
983 2953 1163 3003 praeter

284 3016 458 3054 ceteros
512 3015 758 3063 Augustum
807 3015 851 3052 et
896 3014 1159 3064 Agrippam,

286 3074 567 3115 «cuiusmodi
589 3075 690 3114 viris
712 3075 826 3113 inter
845 3073 1055 3125 aequales
1078 3074 1164 3124 pri-

285 3137 434 3178 mariis
477 3136 553 3175 ubi
602 3135 848 3187 placueris,
903 3135 1160 3175 meritorum

285 3198 462 3237 tuorum
508 3201 640 3249 atque
680 3197 841 3247 ingenii
883 3197 1050 3246 insigne
1082 3197 1164 3235 erit

287 3260 640 3299 testimonium.»
705 3260 780 3298 Res
827 3261 976 3297 autem
1020 3269 1163 3309 gerere

287 3321 373 3360 noli
416 3321 696 3373 interpretari
740 3330 842 3359 cum
886 3320 1080 3359 Landino
1121 3322 1163 3359 et

286 3385 506 3424 Diintzero
552 3394 680 3423 «rem
720 3381 944 3434 publicam
979 3383 1021 3422 in
1052 3393 1162 3434 pace

287 3445 593 3486 administrare
610 3461 646 3494 ,n
670 3455 804 3496 quam
826 3442 1163 3496 explicationem

1226 2086 1486 2125 Corinthum
1516 2086 1748 2136 navigare,
1790 2089 1975 2137 propter
2003 2087 2102 2126 Lai-

1224 2148 1330 2187 dem
1361 2150 1404 2187 et
1433 2146 1538 2187 alias
1564 2149 1846 2197 meretrices,
1881 2159 1994 2199 quae
2015 2158 2103 2188 non

1224 2210 1307 2249 nisi
1351 2208 1498 2248 multis
1542 2207 1717 2248 talentis
1760 2220 1896 2249 unam
1925 2211 2104 2252 noctem

1226 2273 1292 2310 sui
1315 2271 1489 2322 copiam
1511 2270 1774 2310 faciebant.»
1809 2270 1872 2311 Cf.
1898 2271 2040 2311 Strab.
2060 2271 2099 2320 8,

1227 2334 1265 2381 6,
1289 2333 1356 2371 20.
1404 2333 1553 2371 Sotion
1584 2332 1701 2383 apud
1734 2331 1839 2372 Gell.
1865 2334 1903 2380 4,
1926 2333 1966 2372 8.
2009 2333 2105 2372 Pri—

1225 2396 1412 2434 mariam
1444 2395 1558 2434 hanc
1589 2395 1710 2444 dico,
1750 2395 1852 2445 quia
1882 2396 1926 2434 in
1955 2394 2104 2435 verbis

1226 2457 1332 2507 ipsis
1364 2455 1470 2495 nihil
1499 2455 1617 2495 aliud
1644 2457 1761 2496 inest
1780 2457 1863 2496 nisi
1882 2456 1982 2505 hoc,
2015 2467 2104 2496 non

1227 2519 1365 2558 cuivis
1383 2517 1516 2557 licere
1536 2519 1795 2559 Corinthum
1813 2518 1951 2567 adire,
1971 2529 2103 2558 causa

1226 2591 1316 2619 non
1346 2579 1516 2628 addita,
1550 2580 1630 2620 sed
1658 2591 1793 2631 quam
1814 2578 1939 2620 facile
1960 2579 2104 2630 quivis

1226 2642 1443 2681 divinaret
1472 2644 1536 2690 et,
1575 2652 1678 2681 cum
1708 2641 2014 2690 intellexisset,
2048 2641 2104 2680 ri-

1227 2704 1367 2743 deret.
1417 2703 1607 2752 Quodsi,
1653 2706 1701 2742 ut
1730 2703 1798 2742 alii
1828 2703 2013 2751 faciunt,
2046 2702 2102 2742 de

1227 2765 1480 2806 difficultate
1532 2776 1584 2804 eo
1636 2764 1868 2815 navigandi
1912 2763 2103 2815 explices

1228 2827 1426 2879 (Suidasz
1460 2821 1495 2878 ἧ
1523 2822 1601 2865 διὰ
1629 2822 1685 2865 τὸ
1706 2824 2024 2875 δυσείσβολον
2045 2823 2104 2867 εἶ-

1225 2902 1306 2929 ναι
1333 2885 1417 2928 τὸν
1448 2884 1653 2940 πλοῦν),
1693 2891 1736 2928 et
1765 2887 1867 2928 nihil
1899 2889 2015 2928 inest
2042 2888 2103 2928 fa-

1226 2952 1311 2991 ceti
1333 2962 1416 2990 nec
1432 2951 1567 2990 maris
1589 2950 1836 3001 periculum
1857 2949 1943 2990 ullo
1959 2950 2100 2990 verbo

1228 3013 1511 3064 significatur.
1559 3014 1795 3052 Praeterea
1838 3023 1952 3064 quae
1993 3012 2103 3053 affe-

1228 3076 1329 3114 runt
1359 3086 1410 3114 ex
1442 3074 1562 3113 initio
1591 3074 1675 3114 loci
1712 3073 1939 3113 Strabonis
1969 3084 2101 3125 supra

1228 3137 1476 3185 memorati,
1503 3147 1589 3175 non
1607 3136 1661 3175 ad
1681 3136 1941 3176 Corinthum
1960 3137 2102 3188 ipsam

1226 3199 1470 3250 pertinent,
1504 3198 1583 3238 sed
1605 3197 1661 3237 ad
1683 3198 2004 3249 navigationem
2025 3208 2104 3237 su-

1226 3271 1308 3312 per
1351 3259 1538 3300 Maleam
1581 3259 1935 3311 promontorium
1974 3257 2101 3309 longe

1228 3322 1283 3361 ab
1327 3321 1393 3361 illa
1431 3321 1543 3361 urbe
1585 3321 1801 3361 dissitum.
1850 3321 1942 3359 Hoc
1975 3320 2105 3370 igitur

1229 3383 1361 3423 dicit:
1407 3381 1750 3422 «Difficillimum
1780 3383 1849 3421 est
1877 3382 2104 3433 inceptum

1193 3444 1466 3491 ‚amicitiam
1511 3444 1807 3495 potentiorum
1859 3453 2099 3493 quaerere5
