2231 3787
838 248 934 287 LIB.
971 249 1019 287 ll.

1081 250 1191 288 SAT.
1225 249 1312 289 Vll.

1893 252 1994 303 :339

253 381 517 443 Quaeres,
561 379 776 450 quando
818 380 1009 433 iterum
1049 398 1247 451 paveas
1288 382 1590 453 iterumque
1631 383 1807 453 perire

252 482 456 542 PossiS‚
500 499 530 533 o
573 483 726 535 toties
767 483 981 535 servus!
1023 483 1174 546 Quae
1213 483 1372 537 belua
1414 485 1608 554 ruptis,

1927 488 1996 537 70

254 583 384 635 Cum
426 583 592 636 semel
637 582 844 654 effugit,
887 584 1063 638 reddit
1100 603 1158 639 se
1198 603 1362 656 prava
1401 587 1640 640 catenis?

248 685 363 737 Non
384 685 941 749 5331130661135,-3ἰ5.
1004 689 1191 759 Neque
1219 705 1334 758 egQ
1365 687 1600 751 hercule,
1631 690 1725 751 l'ur,
1753 690 1841 744 ubi
1867 709 1994 743 vasa

250 787 536 840 Praetereo
576 789 792 859 sapiens
832 799 1110 860 argentea:
1152 789 1276 844 tolle
1315 790 1596 861 periclum,

253 892 361 943 lam
398 906 533 959 vaga
569 890 810 960 prosiliet
846 891 1007 944 frenis
1046 901 1233 944 natura
1272 894 1507 946 remotis.

251 994 395 1046 Tune
434 991 561 1045 mihi
601 991 875 1055 dominus⁷
918 1010 1098 1046 rerum
1138 994 1376 1064 imperiis
1416 994 1801 1068 hominumque
1930 1000 1989 1050 72⁰

248 1096 344 1147 Tot
380 1095 648 1165 tantisque
685 1095 881 1150 minor,
923 1112 1085 1166 quem
1125 1105 1205 1149 ter
1243 1096 1473 1150 vindicta
1512 1108 1814 1171 quaterque

230 1242 400 1286 metues,
439 1238 560 1276 eredo
592 1248 614 1276 e
649 1237 755 1276 Cod.
790 1238 893 1287 Reg.
919 1238 1017 1277 Soc.
1040 1237 1276 1278 Bentleius.
1315 1263 1358 1267 m
1393 1241 1533 1280 doctus
1562 1245 1823 1292 metuensque
1854 1246 1936 1293 (sic)

231 1302 272 1340 S.
310 1323 353 1330 —-
387 1301 454 1340 72.
486 1300 577 1339 visa
608 1299 715 1339 Cod.
749 1297 902 1339 Bland.
936 1300 1283 1351 antiquissimus.

176 1436 276 1466 rum
307 1425 612 1465 contrahendi.
688 1425 867 1472 Quoties
905 1426 1056 1465 autem

175 1489 426 1530 moecharis
445 1520 452 1537 ,
476 1488 606 1528 toties
627 1486 819 1527 libidinis
840 1489 942 1527 tuae
965 1498 1056 1528 ser-

173 1563 255 1592 vus
286 1563 381 1607 es.›3
434 1552 498 1591 De
540 1550 681 1590 forma
712 1550 840 1589 euasti
877 1549 963 1590 vid.
998 1550 1054 1590 ad

175 1616 262 1655 Sat.
287 1616 332 1664 4,
366 1614 414 1666 91,
448 1614 513 1655 73.
567 1615 738 1654 Omissa
776 1610 990 1665 particula
1020 1614 1055 1652 3ἱ

173 1676 243 1717 vel
280 1689 374 1717 cum
412 1678 721 1717 nervosiorem
760 1676 908 1716 reddit
952 1687 1054 1716 ora-

173 1740 353 1779 tionem.
415 1739 538 1779 Conf.
580 1740 666 1778 Sat.
710 1740 756 1788 ⁶2,
804 1739 851 1786 6,
899 1738 966 1779 48.
1005 1762 1050 1767 —

172 1803 307 1854 credo]
348 1802 528 1841 ironice.
566 1824 609 1831 —
645 1802 761 1850 Quae
799 1801 919 1841 belua
949 1802 1054 1852 cet.]

172 1863 465 1904 Proverbium
496 1866 610 1903 erat:
643 1858 756 1903 Ἀλλ’
790 1858 879 1904 οῦκ
909 1855 1052 1913 αὖθις

172 1921 369 1980 ἀλώπηξ
410 1923 600 1980 (πάγαις
642 1921 916 1978 ἁλώσεται).
968 1928 1052 1967 Ze-

173 1989 277 2029 nob.
312 1990 360 2038 4,
394 1990 460 2029 67.

225 2053 371 2091 72-77.
407 2053 501 2091 Non
520 2062 612 2091 sum
633 2052 735 2104 cet.]
758 2052 864 2092 Inde
887 2051 942 2091 ab
965 2052 1051 2092 hoc

171 2126 305 2155 versu
353 2113 633 2153 declamandi
685 2114 861 2154 fervore
909 2115 1051 2165 magis

172 2177 402 2227 magisque
444 2175 657 2227 abreptus
696 2178 843 2217 Davus
881 2178 1048 2217 sensim

172 2237 334 2279 oblitus
365 2249 413 2278 se
451 2238 644 2277 ianitoris
675 2238 860 2289 Crispini
898 2242 1049 2290 partes

171 2303 383 2349 recitare⁷
432 2301 614 2352 propius
664 2310 845 2351 semper
887 2302 1049 2342 herum

171 2367 316 2416 ipsum
346 2365 488 2413 urget.
549 2363 627 2402 Hic
664 2364 855 2402 maxime
897 2365 1047 2402 autem

172 2426 257 2467 noli
288 2426 486 2466 oblivisci
517 2435 699 2465 servum
737 2426 798 2464 uti
837 2426 1048 2465 Saturna-

169 2489 330 2529 liorum
366 2488 568 2528 libertate
607 2486 691 2527 sibi
728 2498 956 2527 concessa.
998 2509 1043 2514 —

168 2563 281 2603 vaga
304 2550 505 2601 prosiliet]
536 2550 776 2601 «impetum
809 2560 940 2589 suum
965 2560 1046 2588 va-

169 2626 247 2665 9a,
293 2613 455 2662 libera,
501 2614 758 2662 sequetur.»
807 2633 853 2640 —
893 2612 1048 2661 minor]

172 2675 464 2716 «obnoxius»
515 2697 559 2702 —
607 2684 727 2723 quem
764 2678 825 2713 ter
861 2675 1049 2714 vindicta

170 2739 272 2788 cet.]
313 2739 470 2778 «homo
515 2736 627 2776 adeo
672 2746 829 2776 servus
873 2736 1047 2787 cupidi-

170 2800 332 2840 tatibus
377 2810 428 2839 ac
472 2798 714 2846 formidini,
760 2801 808 2837 ut
851 2809 905 2838 ne
943 2809 1046 2838 sae-

168 2863 268 2912 pius
307 2861 489 2911 quidem
526 2861 713 2912 repetita
754 2861 1045 2902 manumissio

170 2933 252 2973 per
271 2922 512 2962 vindictam
542 2924 584 2961 te
606 2933 712 2962 vere
734 2922 926 2963 liberum
945 2923 1046 2963 red-

171 2983 278 3023 dere
323 2986 508 3032 queat.»
581 2984 774 3035 (Reapse
817 2986 861 3024 in
905 2986 1045 3026 servis

172 3055 257 3084 una
297 3043 524 3083 dumtaxat
557 3045 750 3085 vindicta
785 3045 934 3087 locum
962 3048 1046 3087 ha-

171 3106 340 3155 bebat.)
383 3106 541 3145 Forma
565 3108 715 3147 autem
744 3107 935 3160 legitima
956 3121 1048 3149 ma-

171 3168 454 3209 numissionis
489 3168 764 3219 temporibus
794 3172 1048 3222 antiquiori-

171 3230 256 3271 bus
284 3230 396 3269 haec
417 3229 551 3269 fuisse
574 3230 774 3270 videtur:
807 3233 1047 3285 Compare-

170 3293 250 3333 bat
277 3302 429 3332 coram
458 3294 664 3343 praetore
694 3293 866 3334 urbano
901 3297 1047 3337 domi-

174 3365 256 3395 nus
286 3364 548 3406 cum‘servo
579 3355 836 3407 amicusque
865 3357 1044 3409 domini,

174 3419 369 3456 assertor
416 3417 459 3455 in
507 3416 781 3459 libertatem:
842 3419 1048 3461 dominus

177 3486 357 3518 servum
399 3479 590 3519 vindicta
637 3479 829 3531 (virgula)
874 3480 942 3521 vel
983 3482 1048 3522 se-

1120 1427 1244 1466 stuca
1276 1427 1385 1468 dicis
1413 1439 1547 1469 causa
1577 1430 1875 1481 percutiebat,
1910 1445 1997 1484 quo

1119 1499 1248 1528 suam
1288 1491 1331 1529 in
1362 1501 1467 1530 eum
1505 1494 1775 1543 potestatem
1812 1496 2000 1536 manife—

1119 1552 1278 1599 staret;
1319 1554 1415 1592 tum
1446 1556 1642 1593 assertor
1672 1556 1714 1594 in
1745 1555 1997 1598 libertatem

1118 1613 1234 1654 hanc
1255 1614 1490 1655 formulam
1510 1618 1850 1668 pronuntiabat:
1883 1621 1999 1660 Hunc

1116 1677 1322 1716 hominem
1363 1678 1537 1718 liberum
1580 1691 1662 1720 esse
1698 1682 1767 1721 aio
1811 1694 1865 1722 ex
1907 1684 2000 1723 iure

1119 1740 1357 1789 Quiritium.
1418 1742 1633 1782 Dominus
1674 1742 1794 1784 velut
1832 1745 1998 1786 cedens

1117 1802 1372 1843 adversario
1402 1803 1531 1843 ficto:
1563 1806 1682 1845 Hunc
1710 1807 1915 1849 hominem
1944 1810 1998 1848 li-

1115 1865 1258 1905 bermn
1286 1877 1368 1906 6336
1395 1867 1509 1906 volo:
1540 1867 1631 1907 vel:
1665 1869 1787 1910 Liber
1816 1877 1901 1922 esto
1928 1876 1997 1911 at-

1115 1939 1194 1977 que
1222 1928 1354 1977 abito,
1390 1940 1470 1979 quo
1498 1931 1633 1978 voles,·
1666 1930 1767 1972 dein
1791 1944 1894 1973 eum
1917 1936 1999 1974 cir·

1115 1991 1382 2041 cumagebat
1439 1993 1483 2031 et
1539 2003 1675 2033 manu
1734 1996 1993 2042 emittebat;

1113 2055 1269 2106 postea
1299 2055 1479 2105 praetor
1510 2055 1740 2105 edicebat,
1787 2069 1881 2097 eum
1921 2060 1997 2100 ho-

1112 2118 1265 2156 minem
1307 2116 1482 2155 liberum
1511 2128 1594 2157 6336
1624 2129 1678 2158 633
1722 2119 1813 2159 iure
1851 2122 1996 2169 Ouiri—

1113 2181 1229 2219 tium.
1273 2179 1597 2221 posterioribus
1620 2181 1898 2233 temporibus
1920 2183 1997 2223 do-

1113 2242 1218 2281 mini
1266 2241 1364 2282 loco
1413 2241 1540 2282 lictor
1584 2253 1735 2282 coram
1787 2246 1993 2295 praetore

1114 2304 1302 2343 vindicta
1347 2304 1559 2355 tangebat
1609 2316 1790 2345 servum
1833 2318 1994 2347 manu-

1111 2366 1393 2406 mittendum.
1455 2367 1578 2406 Conf.
1603 2369 1724 2407 Pers.
1749 2369 1835 2407 Sat.
1860 2370 1906 2416 5,
1941 2370 1991 2409 ’75

1110 2439 1176 2479 sq.
1220 2439 1324 2467 cum
1373 2427 1633 2468 Scholiasta.
1696 2430 1890 2470 Brisson.
1935 2432 1990 2471 de

1111 2489 1324 2530 Formulis
1362 2501 1406 2542 p.
1440 2490 1534 2530 700.
1568 2490 1647 2530 Ed.
1680 2492 1813 2530 Bach.
1854 2493 1990 2533 Hein—

1110 2552 1222 2592 dorf.
1248 2552 1304 2592 ad
1333 2553 1376 2592 h.
1408 2552 1434 2592 l.
1466 2553 1690 2593 Sententia
1721 2557 1870 2595 autem
1902 2556 1991 2595 Ho-

1108 2614 1276 2653 ratiana
1293 2615 1427 2666 petita
1442 2617 1578 2654 estex
1594 2616 1841 2656 Stoicorum
1863 2617 1991 2657 scho-

1108 2674 1174 2716 lis.
1236 2676 1357 2717 Philo
1389 2676 1517 2724 Quod
1557 2678 1699 2717 omnis
1740 2677 1908 2729 probus
1938 2678 1990 2718 li—

1107 2737 1204 2777 ber.
1264 2737 1359 2778 Vol.
1394 2739 1439 2778 V.
1472 2739 1586 2790 Lips.
1616 2750 1661 2790 p.
1695 2739 1796 2779 30¹:
1831 2734 1988 2791 Ἄξιον

1107 2797 1374 2854 καταγελᾷν
1403 2797 1523 2849 τῶν,
1556 2797 1748 2841 ἐπειδὰν
1778 2796 1989 2843 ἀπαλλα-

1107 2859 1228 2916 γῷσι
1257 2860 1544 2915 δεσποτικῆς
1574 2860 1812 2915 κτήσεως,
1856 2863 1987 2906 ἐλευ-

1107 2921 1385 2982 θερωθῆναι
1434 2921 1751 2977 νομιζόντων·
1805 2927 1988 2969 οἰκέται

1106 2987 1196 3040 μὲν
1239 2983 1328 3043 γὰρ
1372 2981 1434 3026 ἄν
1479 2981 1639 3027 οὐκέθ’
1673 2983 1856 3040 ὁμοίως
1894 2987 1988 3030 εἶεν

1108 3048 1209 3103 οἵγε
1229 3043 1507 3101 ἀφειμένοι,
1539 3046 1706 3090 δοῦλοι
1725 3048 1775 3090 δὲ
1796 3052 1875 3091 καὶ
1896 3065 1987 3104 μα-

1108 3113 1286 3165 στιγίαι
1315 3109 1510 3162 πάντες,
1543 3108 1872 3163 ὑπακούοντες
1897 3109 1986 3154 οὐκ

1107 3169 1377 3231 ἀνθρώπιον
1417 3165 1580 3227 (ἦττον
1619 3171 1710 3230 γὰρ
1743 3170 1806 3215 ἂν
1842 3169 1902 3228 ἦν
1931 3174 1986 3215 τὸ

1108 3233 1304 3288 δεινόν),
1350 3231 1474 3276 ἀλλὰ
1513 3237 1594 3277 καὶ
1632 3234 1724 3276 τῶν
1762 3237 1812 3278 ἑν
1851 3233 1987 3288 ἀψύ-

1109 3312 1217 3350 χοις
1245 3293 1570 3350 ἀτιμοτάτων,
1615 3293 1854 3355 ἀκράτου,
1901 3298 1987 3339 λα-

1110 3358 1296 3410 χάνων,
1343 3360 1604 3414 πεμμάτιον
1648 3359 1745 3399 κτλ.
1811 3362 1982 3402 Arrian.

1110 3423 1248 3474 Epict.
1272 3424 1317 3472 2,
1344 3424 1387 3471 4,
1412 3423 1484 3462 26:
1510 3415 1649 3461 Ὅταν
1680 3413 1767 3461 οὖν
1795 3423 1985 3479 στρέφῃ

1112 3496 1181 3533 τις
1211 3483 1288 3524 ἐπὶ
1312 3482 1580 3541 στρατηγοῦ
1604 3480 1686 3522 τὸν
1707 3478 1857 3524 αὑτοῦ
1880 3482 1987 3525 δοῦ-
