2231 3787
881 203 979 243 ΜΒ.
1014 204 1043 242 1.
1107 204 1219 243 SAT.
1257 205 1305 243 ιι.
1947 206 2013 256 39

180 334 381 397 Altera,
425 334 495 386 nil
538 334 741 388 obstat:
786 335 909 388 Cois
951 334 1042 388 tibi
1084 353 1259 406 paene
1300 335 1488 389 videre
1532 348 1612 390 est

178 438 242 492 Ut
280 436 506 500 nudam,
549 455 617 491 ne
656 454 815 492 crure
854 436 1021 501 maIO,
1064 455 1132 491 ne
1173 437 1240 491 sit
1281 438 1423 509 pede
1464 438 1631 510 turpi,

178 540 348 594 Metiri
388 541 567 611 possis
607 539 764 595 oculo
804 540 958 594 latus.

1036 542 1115 594 An
1155 540 1249 594 tibi
1289 541 1459 595 mavis

179 643 406 697 Insidias
444 643 561 698 fieri
600 643 947 715 pretiumque
988 643 1211 698 avellier
1252 653 1374 699 ante

178 747 352 811 Quam
392 763 633 801 mercem
672 746 924 801 ostendi?
969 748 1270 820 «Leporem
1312 757 1539 803 venator
1578 757 1634 802 ut
1673 748 1777 803 alta

1914 750 2014 803 2105

178 851 234 901 In
275 849 397 904 nive
439 857 699 913 sectetur,
741 850 978 921 positum
1018 851 1095 905 sic
1134 858 1357 923 tangere
1397 851 1588 916 nolit,›>

178 954 364 1007 Cantat
403 960 456 1006 et
494 952 740 1024 apponit:
789 953 971 1007 «Meus
1012 962 1094 1007 est
1131 971 1284 1008 amor
1321 954 1447 1008 huic
1486 953 1702 1019 similis,
1744 971 1868 1008 nam

177 1055 490 1109 Transvolat
528 1055 582 1108 in
619 1055 802 1109 medio
841 1056 1019 1127 posita
1059 1065 1112 1110 et
1151 1056 1408 1128 fugientia
1447 1066 1672 1129 captat.»
1706 1090 1776 1096 —

178 1159 395 1213 Iliscine
434 1157 718 1212 versiculis
759 1175 949 1229 speras
990 1158 1084 1212 tibi
1124 1177 1288 1230 posse
1330 1159 1548 1214 dolores

287 1317 380 1357 401.
414 1316 557 1357 Altera
587 1316 647 1356 nil
679 1316 813 1357 obstat
843 1317 935 1357 Cois
965 1317 1062 1357 tibi:
1088 1329 1225 1369 paene
1255 1320 1300 1358 L.
1331 1342 1375 1346 —
1402 1319 1496 1360 1¹06.
1520 1324 1705 1360 sectatur
1734 1323 1778 1362 L.
1808 1343 1852 1350 —
1886 1323 1956 1375 sic]

227 1381 296 1421 scd
326 1380 548 1432 Doeringii
579 1391 701 1432 susp.
739 1401 784 1409 -
822 1381 915 1421 ⁴07.
951 1381 1103 1432 Captae
1142 1380 1296 1422 Lamb.
1332 1381 1445 1422 coni.
1483 1405 1525 1412 -
1562 1384 1733 1435 opponit
1773 1395 1839 1436 pr.
1883 1385 1954 1426 bc.

228 1444 321 1485 1109.
355 1444 517 1485 labores
547 1445 574 1484 S
607 1443 711 1495 (non
740 1443 929 1497 Bbcdp).

172 1588 243 1627 vix
274 1585 576 1638 cogitandum.
604 1609 649 1614 —-
675 1586 878 1639 Plurima]
914 1596 1062 1626 «com-

171 1649 298 1702 plura
330 1648 412 1689 alia
442 1660 667 1701 quoque»;
701 1650 770 1690 est
788 1648 927 1690 veluti
947 1644 1061 1689 ἅνα-

170 1709 305 1771 φορα
334 1725 405 1755 vv.
437 1713 597 1753 multae
627 1724 709 1754 reS.
746 1737 791 1741 —
823 1712 927 1765 rem]
963 1714 1059 1754 «to-

170 1778 255 1817 tius
287 1777 487 1828 corporis
517 1776 753 1818 formam.»

228 1840 432 1881 404-440.
479 1839 626 1880 Altera
667 1841 770 1891 cet]
806 1839 961 1888 «Quod
1001 1840 1059 1880 ad

172 1903 359 1944 alteram
400 1903 687 1955 (libertinam)
727 1905 904 1953 attinet,
951 1903 1058 1944 nihil

172 1967 250 2008 tibi
281 1967 453 2017 obstat,
487 1968 727 2019 quominus
759 1966 930 2018 singula
962 1968 1057 2008 eius

170 2030 376 2071 membra
403 2029 543 2071 oculis
565 2031 817 2076 examines;
851 2041 957 2070 nam
975 2041 1059 2082 per

169 2095 344 2134 vestem
389 2094 530 2134 Coam
575 2093 923 2145 (bombycinam
962 2093 1055 2134 sive

169 2156 384 2207 sericam)
428 2155 722 2208 pellucidam,
770 2167 857 2208 qua
901 2156 1057 2196 induta

170 2222 259 2270 est,
305 2230 450 2271 paene
494 2220 544 2259 ut
586 2219 704 2259 nuda
754 2220 1053 2271 conspicitur,

170 2283 288 2325 unde
318 2282 473 2322 videre
503 2281 583 2322 tibi
611 2281 737 2331 licet,
779 2293 836 2322 an
873 2282 1056 2323 forsitan

170 2356 326 2385 varum
350 2344 587 2395 valgumve
618 2344 784 2384 habeat
814 2356 917 2385 crus
939 2346 1054 2385 cet.»

169 2410 216 2448 In
236 2406 555 2459 negligentIOre
569 2406 825 2447 huiusmodi
837 2407 1054 2457 oratione,

170 2472 254 2513 etsi
283 2471 459 2522 negavit
479 2471 647 2521 Reisig,
682 2480 788 2510 sane
811 2469 960 2510 locum
981 2470 1059 2510 ha-

169 2535 247 2575 bet
276 2545 424 2585 neque
446 2532 582 2574 ullam
602 2533 908 2574 difficultatem
929 2533 1059 2574 offert

168 2597 264 2638 talis
295 2597 593 2637 nominativus
622 2595 854 2637 absolutus
881 2607 964 2649 pro
987 2607 1058 2637 so-

167 2660 242 2701 lito
281 2662 351 2700 «in
382 2659 520 2700 altera
558 2659 616 2700 nil
654 2659 847 2701 obstat.»
884 2683 929 2691 —
964 2660 1057 2700 Cois

169 2724 270 2773 cet]
316 2721 516 2764 Eubulus
559 2723 605 2762 in
648 2723 779 2764 Mein.
820 2724 890 2764 Fr.
925 2723 1049 2764 Com.

167 2788 237 2827 111.
257 2797 302 2838 p.
320 2786 400 2827 237
418 2798 427 2825 :
445 2780 585 2836 Ἔξὸν
605 2782 913 2843 θεωρήσαντι
933 2782 1055 2844 πρὸς

168 2844 252 2888 τὸν
281 2841 422 2902 ἥλιον
441 2844 634 2902 Γυμνάς
659 2845 839 2902 ἐφεξῆς
867 2848 946 2890 ἐπὶ
974 2849 1056 2889 κε’-

169 2925 264 2968 ρως
290 2913 598 2966 τεταγμένας,
628 2906 708 2952 Ἐν
732 2909 1055 2965 λεπτοπήνοις

170 2969 344 3024 ὕφεσιν
373 2971 593 3025 ἑστώσας
629 2973 728 3016 κτλ.
790 2977 962 3017 Seneca
996 2976 1052 3016 de

170 3036 320 3078 Benef.
354 3038 401 3087 7,
434 3038 481 3077 9:
520 3039 642 3079 Video
672 3039 829 3079 sericas
846 3043 988 3089 vestes,
1021 3039 1055 3078 si

168 3104 295 3141 vestes
321 3101 538 3141 vocandae
562 3106 678 3152 sunt,
711 3103 754 3142 in
786 3102 934 3153 quibus
952 3102 1056 3142 m'hil

169 3168 246 3214 cst,
287 3175 367 3214 quo
397 3164 558 3215 defendi
587 3170 661 3205 aut
696 3177 848 3216 corpus
877 3170 952 3206 aut
981 3166 1055 3206 de-

168 3228 294 3278 m'que
329 3227 471 3278 pudor
507 3228 659 3277 possin
704 3229 852 3279 quibas
880 3229 1056 3280 sumptis

168 3291 320 3331 mulier
346 3301 502 3341 parum
531 3291 688 3340 liquido
717 3293 876 3332 nudam
905 3303 946 3333 se
970 3304 1055 3333 non

170 3364 254 3393 csse
282 3353 454 3394 iurabit.
513 3354 603 3394 Hae
632 3353 788 3405 inqenti
817 3365 983 3395 summa
1002 3355 1055 3396 ab

170 3416 322 3467 iynotis
349 3416 477 3456 etiam
507 3416 563 3456 ad
595 3416 889 3456 commercium
917 3418 1054 3469 qemi-

172 3479 245 3519 bus
264 3482 550 3529 arcessuntur,
583 3483 626 3520 uc
645 3483 870 3520 matronae
889 3485 1056 3522 nostrae

1122 1598 1173 1627 ne
1203 1587 1406 1627 adulteris
1431 1587 1597 1639 quidem
1618 1588 1718 1638 plus
1737 1589 1802 1629 sui
1831 1590 1875 1629 in
1895 1590 2012 1630 cabi-

1122 1651 1215 1690 culo
1232 1662 1362 1701 quam
1382 1651 1426 1691 in
1440 1650 1609 1701 publico
1626 1653 1857 1692 ostendant.
1882 1654 2010 1694 Mart.

1123 1714 1170 1763 8,
1205 1714 1278 1763 68,
1313 1714 1359 1753 7:
1412 1714 1651 1754 Feminemn
1693 1716 1800 1755 lucet
1838 1715 1896 1755 sic
1933 1728 2015 1767 per

1122 1776 1369 1826 bombycina
1398 1788 1566 1827 corpus.
1603 1799 1650 1806 -
1684 1779 1885 1828 Leporem
1907 1779 2011 1831 cet.]

1122 1840 1352 1891 Expressit
1369 1840 1646 1891 epigramma
1668 1840 1926 1881 Callimachi
1942 1842 2007 1881 3⁶2.

1121 1901 1203 1952 Bl.,
1239 1902 1359 1954 quod
1382 1904 1492 1952 tum,
1516 1904 1565 1942 ut
1586 1902 1778 1953 videtur,
1811 1915 1894 1956 pro
1916 1915 2012 1944 sco-

1121 1964 1178 2006 lio
1197 1966 1365 2006 cantari
1382 1965 1580 2006 solebat:
1595 1962 1874 2023 Ὡγρευτής,
1887 1962 2013 2009 Ἐπί-

1121 2026 1282 2080 κυδες,
1330 2027 1381 2069 ἑν
1422 2020 1590 2086 οῧρεσι
1631 2027 1791 2070 πάντα
1820 2026 2010 2084 λαγωὸν

1119 2090 1252 2147 Διφᾷ
1271 2092 1354 2133 καὶ
1375 2089 1538 2145 πάσης
1559 2090 1691 2141 ἴχνια
1707 2091 2007 2151 ὃορκαλίδος,

1119 2155 1270 2214 Στὶβῃ
1318 2157 1401 2197 καὶ
1448 2154 1625 2210 νιφετῷ
1675 2158 2004 2214 κεχρημένος·

1120 2215 1181 2273 ἧν
1206 2218 1258 2260 δέ
1278 2232 1348 2270 τις
1369 2217 1503 2278 εἴπῃ,
1541 2216 1659 2272 ((Τῆ,
1692 2217 1801 2260 τόδε
1829 2219 2010 2274 βέβλη-

1121 2296 1198 2324 ται
1227 2283 1451 2341 θηριόν»,
1492 2278 1581 2323 οὐκ
1623 2278 1809 2332 ἔλαβεν.
1870 2280 2010 2325 Χὸὐ-

1120 2343 1215 2399 μὸς
1252 2343 1373 2403 ἔρως
1413 2343 1630 2386 τοιόσδε·
1674 2343 1734 2386 τὰ
1768 2346 1859 2399 μὲν
1889 2345 2009 2397 φεύ-

1120 2421 1269 2464 γοντα
1297 2405 1486 2450 διώκειν
1518 2404 1646 2458 Οἵδε,
1680 2405 1740 2448 τὰ
1761 2407 1798 2448 δ’
1818 2408 1868 2450 ἐν
1886 2410 2010 2463 μέσ-

1121 2486 1192 2527 σῳ
1242 2472 1442 2524 κείμενα
1491 2471 1805 2529 παρπεταται.
1881 2473 2004 2513 Ovid.

1120 2538 1220 2577 Am.
1243 2537 1291 2585 2,
1326 2536 1371 2585 9,
1407 2535 1454 2574 9:
1505 2535 1686 2575 Venator
1715 2536 1902 2586 sequitur
1936 2537 2009 2588 fu-

1119 2599 1300 2651 mentia,
1342 2601 1472 2648 capta
1501 2597 1712 2648 relinquit.
1752 2619 1795 2626 —
1823 2600 2009 2649 positum

1119 2662 1191 2715 sic]
1225 2672 1358 2702 «cum
1388 2661 1544 2712 sagitta
1576 2660 1711 2711 fixus,
1745 2661 1870 2703 humi
1891 2664 2008 2703 stra-

1120 2727 1192 2766 tus
1213 2726 1355 2766 iacet»
1381 2723 1533 2775 (ister
1551 2735 1602 2764 so
1631 2725 2005 2777 hingestreckt),

1122 2789 1243 2840 «ipse
1277 2798 1382 2828 eum
1412 2798 1501 2826 non
1532 2787 1683 2838 tangit,
1717 2787 1799 2828 sed
1829 2799 1853 2827 a
1875 2799 2007 2828 servo

1120 2849 1267 2902 aliquo
1299 2848 1391 2890 tolli
1420 2848 1589 2889 iubet.»
1628 2850 1889 2902 Respondet
1910 2849 2007 2891 Cal-

1118 2913 1297 2954 limachi
1319 2910 1406 2966 Τῆ,
1429 2908 1538 2953 τόδε
1558 2911 1794 2966 βέβληται
1813 2912 2001 2970 θηρίον.

1118 2978 1166 3017 In
1195 2988 1236 3017 v.
1271 2977 1423 3016 autem
1451 2977 1510 3016 sic
1548 2977 1665 3017 inest
1702 2976 1822 3017 notio
1854 2987 2007 3016 «com-

1118 3038 1252 3080 mode
1284 3050 1336 3079 ac
1367 3039 1462 3080 sine
1494 3038 1582 3079 ullo
1612 3038 1767 3079 labore
1804 3037 2007 3091 leporem

1118 3101 1209 3142 tolli
1249 3112 1434 3153 posse»,
1483 3102 1608 3142 cuius
1648 3112 1756 3142 usus
1802 3100 2004 3153 exempla

1121 3164 1276 3216 collegi
1320 3164 1376 3204 ad
1422 3164 1501 3204 Od.
1550 3165 1597 3214 2,
1650 3165 1693 3204 44
1723 3196 1730 3214 ,
1786 3163 1850 3205 44.
1925 3163 2005 3204 Alii

1121 3227 1360 3280 explicant:
1404 3227 1684 3280 «appositum
1724 3227 1767 3267 in
1802 3236 2002 3274 mensa»,

1120 3289 1506 3342 quemadmodum
1537 3289 1605 3339 fit,
1638 3290 1687 3329 ut
1715 3287 2004 3330 venatoribus

1118 3354 1226 3406 ipsis
1266 3364 1481 3395 nauseam
1520 3352 1651 3393 faciat
1688 3352 1866 3393 venatio
1898 3349 2006 3402 (clas

1123 3416 1421 3468 Wildprazt).
1483 3415 1553 3456 Sic
1596 3415 1683 3454 Sat.
1728 3415 1776 3463 2,
1825 3414 1876 3462 2,
1923 3412 1998 3453 23:

1116 3480 1248 3530 posito
1273 3490 1452 3531 pavone.
1515 3477 1637 3518 Ovid.
1662 3477 1711 3518 A.
1735 3477 1785 3517 A.
1813 3476 1828 3516 4
1853 3508 1859 3526 ,
1893 3474 1967 3516 231
1996 3487 2000 3513 ε
