2231 3787
888 283 985 321 Llss.
1021 283 1070 321 11.
1130 284 1241 322 SAT.
1275 285 1343 323 lll.

294 410 589 464 Stultitiane
630 419 793 473 erret,
838 411 1059 465 nihilum
1095 413 1333 469 distabit.
1377 433 1442 467 an
1484 417 1573 469 ira.

1935 290 2035 341 :2239

1933 424 1964 474 ’2
1980 423 1989 475 Ι
2005 427 2036 473 Ο

292 512 420 564 Aiax
460 513 752 566 immeritos
791 530 912 567 cum
950 514 1170 577 occidit,
1212 515 1435 587 desipit,
1477 536 1675 589 agnos:

294 613 425 666 Cum
465 614 702 685 prudens
743 615 920 669 scelus
959 615 1029 668 ob
1068 616 1245 670 titulos
1286 618 1518 672 admittis
1558 621 1770 683 inanes,

291 715 410 768 Stas
434 716 610 768 animo
635 725 686 769 ct
707 735 900 786 purum
922 726 1003 770 est
1023 718 1148 771 vitio
1175 718 1281 781 tibi,
1312 737 1433 774 cum
1462 722 1722 775 tumidum
1747 734 1840 785 est,
1873 727 2001 778 cor'?

293 816 345 868 Si
385 817 507 887 quis
547 816 735 871 lectica
774 818 993 871 nitidam
1032 828 1243 890 gestare
1283 831 1425 876 amet
1461 840 1678 893 agnam,

293 917 426 971 Huic
454 927 678 975 vestem.
711 928 767 972 ut
791 928 995 990 gnatae,
1036 931 1187 991 paret
1212 923 1444 986 ancillas,
1474 935 1627 995 paret
1654 944 1858 985 aurum.
1935 931 2037 983 215

291 1020 477 1072 Rul'am
516 1029 606 1072 aut
644 1020 896 1074 Pusillam
935 1022 1168 1093 appellet
1206 1024 1434 1095 sortique
1475 1028 1664 1081 marito

277 1160 462 1201 tectione
493 1173 586 1200 cum
617 1163 842 1201 admittis.»
874 1164 1025 1203 Bes-rt.
1049 1188 1093 1193 —
1120 1165 1211 1204 2¹3.
1246 1166 1330 1218 tibi]
1365 1167 1425 1206 rel
1455 1169 1561 1208 Cod.
1597 1170 1689 1209 Div.
1724 1174 1841 1223 apud
1873 1176 1985 1214 Cru-

276 1224 444 1274 quium.
472 1223 704 1273 (Bentleius
728 1224 943 1264 distinxit:
973 1237 1130 1275 purum
1151 1232 1221 1276 est,
1245 1230 1344 1267 vitio
1365 1230 1436 1267 tibi
1455 1242 1548 1270 cum
1568 1234 1771 1273 tumidum
1790 1240 1846 1274 est
1867 1239 1983 1288 cor-2²)

280 1308 321 1312 —
355 1286 450 1324 215.
492 1290 534 1324 ut
564 1290 687 1325 natac
715 1285 800 1336 bp,
832 1290 959 1326 natae
986 1292 1031 1326 ut
1060 1301 1099 1327 ν.
1137 1309 1180 1316 -
1221 1291 1311 1329 216.
1347 1293 1519 1344 [tufam]
1557 1295 1720 1344 Pupam
1753 1298 1801 1344 L,
1833 1299 1984 1340 Pusam

278 1348 343 1386 Ct.
381 1371 424 1375 —
459 1348 554 1400 aut]
600 1353 638 1387 el
680 1347 878 1388 Blandin.
913 1350 1245 1400 antiquissimus
1277 1354 1319 1391 et
1359 1354 1501 1402 Mart,
1535 1357 1616 1394 nisi
1649 1357 1804 1398 subest
1835 1372 1980 1403 error:

276 1410 457 1461 Cruquii
504 1411 623 1450 enim
652 1410 791 1450 verba
824 1411 956 1450 etiam
988 1412 1236 1462 significare
1266 1418 1454 1465 possunt
1497 1418 1707 1469 deicem
1745 1423 1868 1462 Mart.
1903 1424 1984 1463 lia-

276 1471 384 1512 bere
415 1484 562 1512 rusam
591 1475 635 1512 et
657 1474 877 1523 pusillam,
925 1473 1199 1514 Blandinium
1231 1477 1372 1526 rufam
1403 1481 1445 1517 et
1478 1481 1694 1529 postllam,
1742 1485 1982 1534 particulae

276 1536 570 1576 intermediae
599 1535 714 1575 nulla
746 1537 915 1576 ratione
948 1536 1112 1576 habita.
1140 1560 1185 1566 —
1209 1540 1404 1579 Postllam
1437 1542 1674 1593 (superscr.
1708 1545 1752 1595 u)
1784 1545 1982 1590 Blandin.

275 1598 628 1649 antiquissimus,
656 1598 866 1648 pupillam
896 1600 947 1646 L,
980 1599 1175 1650 Rufillam
1205 1601 1391 1650 Baxter,
1426 1602 1677 1645 Oberlinus.

217 1701 408 1742 obscure
431 1701 799 1751 interpretantur,
825 1710 927 1738 cum
950 1702 1098 1739 nostra

218 1762 346 1803 lectio
377 1774 458 1814 per
489 1773 536 1802 se
568 1761 810 1801 clarissima
841 1762 909 1801 sit..
973 1762 1099 1812 (Con-

216 1827 509 1866 structionem
539 1824 647 1863 alias
680 1824 793 1872 veri,
833 1817 980 1874 ἄλλας
1013 1821 1098 1877 τῆς

216 1882 470 1940 ἀληθείας,
504 1887 703 1926 Latinam
725 1896 824 1925 esse
847 1897 937 1926 non
966 1888 1094 1938 put03

215 1951 334 1992 unde
366 1950 565 1997 fuerunt,
610 1949 684 1999 qui
714 1959 795 1999 pro
824 1949 932 1996 veri,
977 1949 1095 2000 quod

216 2013 374 2055 salsum
429 2023 528 2052 esse
587 2010 939 2062 perspiciebant,
999 2023 1097 2051 vero

216 2075 519 2126 corrigerent.)
556 2096 603 2103 —-
647 2073 887 2122 commotus]
931 2074 1098 2113 «cerri-

217 2140 309 2186 tus,
356 2138 506 2177 mente
557 2137 762 2187 captus,»
818 2135 1093 2174 verrackt.

217 2199 340 2240 Conf.
364 2210 407 2237 v.
431 2199 526 2238 278.

269 2260 501 2301 2-14-249.
560 2271 655 2298 cum
703 2259 874 2307 occidit,
927 2259 1093 2308 desipit,

215 2323 358 2375 agnos]
391 2320 574 2374 Supple:
610 2322 683 2361 «ut
712 2324 759 2361 tu
789 2321 939 2361 dicere
962 2320 1093 2368 soles3

215 2389 260 2426 tu
292 2387 444 2426 contra
465 2395 568 2423 cum
591 2385 704 2423 cet.»
753 2384 816 2422 De
843 2382 1095 2434 hyperbato

213 2448 327 2487 cons.
362 2448 448 2486 Sat.
481 2447 528 2493 ⁶2,
563 2446 608 2492 4,
642 2445 728 2492 60„
761 2443 816 2482 de
849 2445 1013 2484 omissa
1052 2444 1094 2483 in

213 2509 351 2549 altero
382 2506 589 2547 membro
621 2516 840 2557 personae
871 2506 1094 2545 notatione

215 2567 492 2611 Funkhaenel
555 2569 747 2608 Zeitschr.
800 2568 831 2618 f.
880 2567 1091 2606 Alterthw.

214 2631 335 2672 ⁴847.
373 2642 415 2682 p.
456 2631 562 2670 4078
604 2640 670 2680 sq.
707 2651 752 2658 —·
793 2628 944 2680 titulos]
990 2628 1093 2668 «tibi

212 2693 444 2745 ponendos
483 2691 639 2744 plenos
674 2690 856 2731 laudum
887 2693 1088 2740 tuarum,

212 2756 287 2806 qui
317 2766 483 2795 nomen
504 2756 628 2794 tuum
649 2754 768 2805 apud
786 2755 991 2805 posteros
1013 2765 1092 2793 ae-

211 2819 438 2865 ternent,»
470 2817 497 2856 i.
527 2827 586 2866 e.,
620 2816 703 2856 «ob
733 2826 894 2856 vanam
924 2815 1087 2867 gloriae

212 2879 542 2930 cupiditatem.»
578 2901 623 2907 —-
645 2879 742 2918 Slas
769 2878 924 2930 animo]
947 2880 1085 2926 recto3

214 2941 1086 2992 «tibiipseconstassanaqueesmente‘t»

212 3001 440 3041 Philemon
469 3012 512 3052 p.
545 3001 639 3041 447.
679 3003 834 3042 Mein:
871 2997 1018 3042 Ἐπὰν
1059 2998 1086 3042 ὁ

212 3061 326 3113 νοῦς
355 3056 388 3120 ᾗ
417 3059 486 3115 μὴ
508 3060 822 3116 καθεστηκώς
841 3076 954 3113 τινι,
988 3059 1087 3104 Οὐκ

208 3120 304 3164 ἔστ’
351 3120 548 3164 ἀκούειν
602 3120 740 3165 οὐδὲν
787 3121 936 3166 αὐτὸν
986 3121 1085 3167 οὔδ’

210 3181 343 3244 ὁρᾷν.
380 3209 424 3214 -
461 3187 801 3238 tumidum-cor]
844 3187 1085 3229 violentam

210 3249 344 3288 animi
372 3247 756 3300 perturbationem
777 3250 1005 3301 significat,
1037 3254 1087 3292 ut

1164 1699 1252 1740 lera
1286 1703 1482 1754 impellit.
1544 1707 1711 1747 Seneca
1735 1709 1790 1748 de
1812 1711 1879 1750 Ira
1901 1712 1938 1759 Ι,
1965 1714 2038 1752 46;

1162 1764 1235 1803 Ira
1254 1765 1375 1805 habet
1404 1779 1485 1806 non
1504 1768 1680 1809 solidum
1700 1771 1850 1820 robur,
1882 1776 1951 1814 sed
1969 1787 2043 1815 va-

1162 1838 1262 1865 num
1300 1832 1517 1869 tumorem.
1592 1832 1667 1871 Est
1706 1836 1856 1874 autem
1897 1837 2040 1888 imago

1162 1889 1251 1928 iam
1281 1890 1531 1931 Homerica.
1583 1892 1703 1934 Iliad.
1728 1909 1766 1943 ι,
1799 1898 1907 1936 553:
1954 1899 2043 1939 Με-

1161 1949 1362 2009 λέαγρον
1393 1947 1472 1994 ἔδυ
1503 1951 1675 2006 χόλος,
1710 1951 1765 2007 ὅς
1794 1970 1844 1998 τε
1864 1960 1944 2000 καὶ
1961 1956 2044 2001 ἄλ-

1161 2012 1256 2053 λων
1297 2011 1485 2056 Οἰόάνει
1537 2016 1587 2057 ἐν
1637 2017 1873 2071 στήθεσσι
1925 2021 2041 2063 νόον

1162 2074 1293 2116 πύκα
1323 2090 1408 2135 περ
1439 2076 1761 2135 φρονεόντων.
1800 2083 1910 2123 lbid.
1935 2084 2037 2126 646:

1155 2133 1290 2180 Ἀλλά
1319 2153 1406 2193 μοι
1437 2139 1679 2184 οἰδάνεται
1700 2143 1870 2201 κραδίη
1891 2143 2037 2202 χόλῳ.

1161 2202 1242 2242 Cor
1285 2204 1467 2254 quidem
1519 2205 1590 2244 hic
1641 2206 1776 2248 nolim
1819 2208 2040 2260 explicare

1162 2276 1265 2304 cum
1296 2266 1550 2306 Heindortio
1586 2268 1808 2318 Verstand,
1856 2273 1903 2309 ut
1933 2282 2038 2311 sane

1160 2327 1229 2365 est
1258 2325 1381 2370 alibi3
1419 2328 1602 2367 Ennius:
1648 2330 1828 2381 Eqreslie
1846 2334 2042 2372 cordatus

1159 2387 1299 2435 homo,
1334 2388 1460 2427 Catus
1486 2389 1616 2427 Aelia'
1648 2391 1814 2430 Sex-tus.
1863 2394 2036 2434 Lucret.

1159 2447 1206 2495 4,
1240 2449 1316 2488 5⁴:
1362 2450 1408 2487 Id
1441 2450 1531 2488 licet
1560 2451 1654 2489 hinc
1692 2452 1820 2491 hebeti
1849 2459 2042 2502 quamvis

1157 2520 1401 2560 cognoscere
1428 2513 1564 2551 corde.
1625 2513 1791 2553 Verum
1831 2515 1874 2554 h.
1914 2515 1939 2556 l.
1979 2519 2040 2557 si-

1158 2572 1390 2620 gnificatur
1409 2574 1570 2613 mentis
1591 2575 1888 2625 perturbatio,
1923 2589 2036 2629 quae

1158 2633 1409 2673 dementiae
1441 2645 1575 2675 causa
1607 2636 1666 2676 sit.
1705 2660 1749 2665 ——
1780 2642 1826 2677 ul
1858 2645 2033 2690 qnatae,

1150 2696 1288 2748 paret]
1321 2697 1428 2736 Miro
1458 2699 1661 2739 acumine
1691 2700 1959 2742 Wakefield:
1992 2710 2038 2743 ut

1153 2763 1308 2810 gnatae
1345 2764 1491 2809 paler,
1537 2761 1618 2801 sed
1663 2762 1787 2802 verbi
1833 2767 2035 2816 repetitio

1156 2823 1331 2872 egregie
1372 2823 1577 2873 exprimit
1621 2834 1805 2874 pravam
1844 2827 2034 2868 hominis

1155 2886 1304 2923 ment-e
1344 2885 1458 2936 capti
1498 2884 1793 2926 sedulitatem.
1855 2889 2029 2930 Terent.

1154 2946 1309 2986 Heaut.
1342 2947 1392 2995 5,
1435 2947 1480 2994 4,
1522 2948 1595 2986 ⁶20:
1641 2948 1826 2997 Sponsae
1852 2955 2029 3001 vestem,

1152 3019 1328 3057 aarum,
1361 3009 1537 3047 ancillas
1556 3020 1658 3058 opus
1675 3021 1780 3059 esse,
1810 3017 2031 3062 arqentum

1148 3074 1194 3109 ut
1223 3063 1377 3109 dat-ess
1421 3071 1631 3110 Ceterum
1651 3072 1771 3111 varie
1794 3073 1912 3113 hunc
1931 3085 2031 3113 ver-

1149 3143 1249 3172 sum
1279 3132 1564 3183 distinguunt.
1615 3133 1746 3173 lahn:
1791 3139 1837 3173 ut
1873 3140 2030 3186 ¹qnatae

1141 3199 1287 3244 paret,
1319 3195 1496 3234 ancilla-s
1519 3200 1664 3245 paret,
1697 3207 1866 3236 aur-um.
1908 3198 2026 3244 Diin-

1135 3258 1263 3301 ,tzer:
1295 3261 1342 3295 ut
1360 3261 1517 3307 gnatae
1538 3261 1686 3307 paret,
1721 3259 1918 3307 ancillas,
1944 3270 2025 3308 pa-

208 3315 347 3351 tu-mor
375 3312 505 3350 animi
535 3311 693 3351 dicitur
713 3313 848 3352 etiam
878 3314 920 3352 in
951 3325 1083 3364 prosa
1145 3322 1207 3357 rel
1235 3329 1403 3357 aurum.
1465 3319 1600 3369 Magis
1627 3320 1734 3358 mihi
1763 3318 2022 3370 placuerunt

210 3373 408 3412 oratione
440 3374 544 3422 (Cic.
568 3374 695 3413 Tusc.
720 3373 766 3421 3,
801 3375 880 3422 ⁴2,·
908 3375 994 3425 26.)
1027 3376 1082 3416 de
1146 3376 1277 3418 κῶλα
1296 3379 1499 3427 Bentleii,
1525 3381 1779 3428 Heindorfii,
1803 3381 2017 3419 Meinekii.

209 3431 323 3472 fastu
362 3436 406 3473 et
447 3435 686 3486 praecipue
727 3435 783 3475 de
827 3436 915 3485 ira,
967 3447 1081 3487 quae
1148 3461 1194 3468 —
1225 3441 1378 3491 Rufam
1411 3445 1485 3480 aut
1524 3442 1735 3492 Pusillam]
1781 3442 1900 3480 Haec
1938 3452 2021 3481 no-

210 3493 436 3536 hominem
457 3496 511 3536 ad
530 3497 746 3538 insaniam
767 3507 902 3549 saepe
919 3509 972 3538 ac
988 3508 1083 3539 sce-

1145 3502 1260 3541 mina
1290 3502 1411 3542 haud
1440 3513 1541 3542 raro
1572 3505 1613 3541 in
1642 3503 1862 3554 Inscriptt.
1888 3513 2019 3554 repe-
