2231 3787
0 3637 2 3693 l

0 3700 2 3748 l

892 284 988 322 LlB.
1026 283 1074 322 ΙΙ.

1139 283 1313 322 SAT.L
1920 282 2017 333 189

267 416 589 486 Composui,
634 431 758 486 pars
799 430 921 467 esse
962 421 1109 483 putat
1149 412 1462 484 similesque
1501 430 1745 466 meorum

265 517 404 570 Mille
447 517 534 570 die
574 533 764 570 versus
804 515 999 569 dcduci
1040 532 1218 585 posse.

1295 514 1504 568 Trebati
1523 559 1531 577 ,

265 619 406 683 Quid
437 619 647 674 faciam.
690 617 1017 690 praescribe.
1061 616 1339 681 Quiescas
1381 618 1456 671 Nc
1485 617 1699 678 faciam,
1741 617 1944 688 inquis,
1987 619 2016 668 ὃ

265 721 496 774 Omnino
536 737 729 774 vorsus
744 720 770 771 ⁶?
808 719 921 772 Aio.

262 822 539 892 Optimum
577 830 715 876 erat:
757 837 949 874 verum
988 837 1202 891 nequeo
1243 819 1495 874 dormire.

996 720 1225 772 Peream
1263 718 1428 780 male,
1474 718 1516 770 si
1559 735 1662 771 non

1573 821 1673 874 Ter
1709 822 1852 874 uncti

261 925 589 977 Transnanto
629 922 889 983 Tiberim,
939 939 1128 975 somno
1168 920 1367 992 quibus
1409 930 1491 975 est
1529 939 1666 993 opus
1706 921 1836 981 alto,

300 1075 338 1115 4.
374 1075 512 1115 diduci
544 1085 586 1126 p.

194 1199 237 1245 l,
270 1199 319 1246 4,
352 1199 416 1239 ¹24.
456 1222 500 1227 -—
533 1198 693 1250 chem]
726 1200 773 1238 ut
804 1201 852 1238 A.
887 1200 931 1238 P.
968 1197 1066 1238 435:

189 1262 325 1311 operis
353 1262 440 1310 len,
488 1261 663 1313 «regula
695 1263 737 1301 et
767 1262 877 1300 ratio
910 1261 1070 1301 satirae

190 1325 456 1364 Romanae.»
493 1345 538 1352 —
579 1324 755 1376 tendere]
798 1326 948 1374 Imago
990 1322 1072 1363 de-

189 1388 364 1437 sumpta
397 1397 420 1425 a
453 1386 616 1426 fidibus
661 1385 785 1437 lyrae
823 1385 894 1426 vel
939 1396 1070 1426 arcus

190 1449 337 1488 nervis
368 1449 555 1489 nimium
575 1450 770 1489 intentis.
832 1449 900 1488 Sic
923 1448 1002 1488 Od.
1030 1450 1067 1497 1l,

190 1512 235 1559 4,
269 1510 342 1551 34:
376 1512 540 1550 tendere
569 1511 772 1550 barbiton.
837 1512 913 1550 «Hi
944 1511 1071 1561 igitur

189 1572 432 1613 adversarii
464 1573 741 1614 contendunt
767 1574 924 1613 satiras
944 1584 1069 1613 meas

189 1635 318 1675 nimis
350 1635 585 1675 mordaces
616 1646 756 1687 prope
789 1634 950 1675 abesse
973 1646 994 1674 a
1018 1634 1070 1674 li-

189 1696 316 1737 bellis
356 1697 580 1737 famosis.»
618 1721 662 1726 —
696 1697 781 1737 sine
820 1698 976 1747 nervis]
1016 1698 1065 1737 A.

188 1761 233 1800 Ρ.
268 1760 375 1800 32οε
427 1761 514 1800 sine
536 1762 721 1810 pondere
750 1764 788 1799 et
818 1764 922 1799 arte.
975 1760 1071 1799 «Di-

189 1824 295 1862 cunt
322 1834 481 1864 versus
512 1834 638 1863 meos
669 1822 830 1863 nullius
854 1833 953 1862 esse
976 1834 1070 1862 mo-

188 1886 327 1926 menti
371 1888 415 1925 et
459 1896 612 1926 carere
661 1885 830 1926 viribus
879 1886 1065 1936 ingenii,

188 1948 324 1996 adeo,
370 1950 419 1988 ut
455 1948 596 2000 quivis
637 1947 750 1988 facili
791 1959 928 1999 opera
959 1947 1068 1988 tales

189 2010 400 2050 effutiat.»
459 2012 697 2050 Praeterea
737 2010 857 2049 haud
900 2011 1070 2061 impro-

188 2071 335 2112 babile
377 2074 444 2112 est
474 2083 497 2111 a
528 2071 750 2112 nonnullis
789 2072 1068 2112 desideratos

189 2145 289 2174 esse
319 2136 363 2173 in
394 2135 572 2174 Horatio
594 2133 710 2174 sales
731 2133 825 2174 illos
847 2133 1068 2174 Plautinos

189 2207 242 2235 ac
273 2195 542 2244 Lucilianos,
576 2197 651 2246 qui
680 2197 762 2247 ipsi
792 2196 913 2236 haud
939 2196 1068 2236 nImis

188 2256 444 2309 placebant,
496 2257 689 2308 ideoque
736 2257 791 2297 ab
843 2258 910 2298 his
952 2260 1069 2297 tam-

190 2330 325 2370 quam
356 2330 570 2359 enervem
600 2319 919 2371 elumbemque
959 2324 1070 2371 po'e-

189 2384 279 2421 tam
309 2382 636 2432 reprehensum
677 2391 792 2421 esse.
855 2381 942 2421 Cfr.
978 2383 1065 2420 Sat.

191 2451 238 2499 ’1,
275 2451 349 2498 40,
375 2450 440 2489 43.
468 2473 512 2478 -
537 2449 694 2501 deduci]
724 2461 747 2489 a
771 2450 932 2490 nendo.
957 2450 1066 2501 Epp.

189 2513 230 2560 Ξ,
256 2513 294 2560 4,
319 2513 421 2552 225:
445 2513 557 2552 tenui
573 2513 748 2552 deducta
761 2515 965 2562 poemata
982 2513 1066 2564 filo.

190 2573 311 2614 Ovid.
331 2576 455 2614 Pont.
476 2575 492 2613 4
513 2606 521 2622 ,
546 2576 591 2623 5,
617 2574 688 2613 43:
724 2575 858 2614 luctor
873 2576 1071 2615 deducere

188 2647 366 2677 versum.
399 2638 550 2676 Iuven.
575 2637 620 2685 7,
645 2636 710 2677 54.
737 2637 792 2677 de
813 2640 965 2688 poeta:
993 2638 1071 2687 Qui

187 2700 291 2739 nihil
319 2699 551 2749 expositum
581 2699 710 2738 soleat
742 2700 954 2740 deducere.
1001 2700 1070 2739 Sic

190 2762 344 2802 Graeci
377 2758 559 2819 κρόκην
587 2758 828 2815 κατάγειν.
888 2763 1066 2802 Lucian.

189 2822 566 2873 Dial.meretr.6,
609 2824 647 2863 4.
695 2822 902 2863 Similiter
923 2825 1072 2864 ducere

190 2885 277 2925 Sat.
302 2886 347 2930 4,
383 2885 450 2933 40,
483 2884 550 2926 44.
588 2908 632 2914 ——
672 2885 847 2938 Trebati]
880 2887 927 2926 C.
961 2887 1071 2926 Tre-

190 2946 334 2986 batius
363 2947 516 2995 Testa,
562 2947 705 2987 iunior
740 2948 910 2988 amicus
942 2949 1070 2989 Cice-

190 3008 334 3056 ronis,
369 3007 458 3058 (qui
487 3008 544 3048 ad
574 3009 694 3049 Fam.
718 3011 765 3058 7,
799 3011 846 3059 5,
880 3009 920 3049 3.
962 3011 1072 3050 Cae-

191 3070 282 3110 sari
319 3069 375 3109 de
415 3080 468 3109 eo
512 3070 786 3121 spondebat,
830 3071 1071 3122 probiorem

190 3131 418 3181 hominem,
449 3131 660 3172 meliorem
686 3133 847 3183 virum,
879 3135 1071 3184 pruden-

191 3193 339 3233 tiorem
367 3204 448 3233 esse
476 3195 693 3234 neminem.
751 3196 917 3236 Accedit
944 3197 1071 3236 etiam

190 3277 213 3283 -
233 3277 257 3283 -
275 3255 318 3294 in
347 3255 441 3295 iure
470 3255 582 3294 civili
601 3255 829 3306 singularis
848 3259 1067 3308 memoria,

189 3327 355 3356 summa
383 3316 591 3368 scientia.)
624 3316 826 3358 tribunus
857 3317 915 3369 pl.
948 3330 987 3358 a.
1022 3331 1065 3359 u.

192 3389 230 3418 c.
254 3379 366 3428 707.,
404 3380 586 3419 auctore
617 3380 738 3418 certe
769 3380 918 3430 Pighio
949 3381 994 3419 T.
1026 3380 1065 3420 3.

193 3451 236 3492 p.
269 3439 381 3490 454„
413 3452 452 3480 a.
476 3452 520 3480 u.
546 3452 583 3481 c.
607 3439 702 3480 724.
736 3451 873 3481 senex
895 3441 1070 3482 circiter

194 3502 580 3553 septuagenarius,
615 3500 684 3542 vel
707 3502 825 3553 ipse,
859 3503 894 3542 si
916 3504 1070 3543 etiam·
1099 3545 1102 3549 ,

1139 1201 1244 1238 tunc
1274 1198 1474 1248 vivebat,
1524 1199 1670 1240 hilaris
1703 1203 1746 1240 et
1775 1200 1830 1240 ad
1871 1203 2017 1242 iocum

1137 1260 1362 1301 urbanum
1392 1262 1610 1313 imprimis
1640 1263 1805 1312 factus,
1840 1265 2017 1304 Horatio

1138 1324 1240 1362 tunc
1274 1324 1436 1363 XXXV.
1473 1335 1611 1365 annos
1642 1328 1744 1364 nato
1775 1337 1881 1366 sane
1921 1326 2018 1378 pla-

1137 1396 1256 1434 cere,
1280 1385 1372 1435 vel,
1407 1387 1442 1426 si
1475 1387 1562 1427 iam
1584 1388 1862 1437 decesserat,
1896 1391 2018 1440 grata

1137 1449 1231 1488 eius
1262 1450 1479 1489 memoria
1520 1452 1678 1502 poetae
1718 1462 1900 1492 manere
1937 1452 2017 1492 de—

1135 1510 1287 1550 bebat.

1190 1575 1281 1613 5-7.
1309 1574 1562 1627 praescribe]
1596 1576 1670 1616 Est
1699 1576 1889 1617 verbum
1918 1588 2019 1628 pro—

1134 1637 1280 1687 prium
1312 1637 1367 1676 de
1401 1638 1524 1678 [Ctis.
1561 1639 1650 1677 Cic,
1676 1639 1792 1678 Orat.
1818 1640 1885 1687 41¹,
1911 1640 1982 1680 1141
2007 1653 2013 1679 z

1135 1699 1235 1747 Quis
1261 1710 1450 1747 unquam
1489 1700 1714 1749 dubitavit,
1764 1702 1861 1751 quin
1899 1703 1940 1741 in
1972 1712 2019 1740 re

1127 1761 1299 1810 publica
1326 1766 1471 1801 nostra
1494 1763 1661 1811 primas
1688 1764 1922 1813 eloquentia
1956 1768 2017 1803 te-

1133 1825 1272 1863 nuerit
1299 1835 1460 1874 semper
1487 1824 1661 1864 urbanis
1684 1826 1935 1876 pacatisque
1953 1837 2017 1865 re-

1133 1887 1228 1936 bus,
1261 1888 1460 1927 secundas
1489 1887 1595 1926 iuris
1623 1887 1826 1927 scienlia?
1855 1899 1950 1927 cum>
1970 1888 2013 1927 in

1133 1950 1270 1989 altera
1315 1949 1510 2000 qratiae,
1561 1949 1750 2000 (floride,
1806 1951 2017 1999 praesidii

1125 2013 1359 2062 plurimum
1379 2015 1498 2059 esset,·
1530 2012 1574 2050 in
1595 2012 1734 2051 altera
1757 2013 2017 2062 praescri-

1127 2086 1158 2124 p
1169 2078 1183 2113 t
1194 2076 1207 2113 i
1220 2086 1242 2114 o
1255 2087 1280 2114 n
1291 2086 1318 2113 u
1330 2086 1371 2113 m
1413 2074 1736 2124 cautionumque
1774 2075 2014 2124 praeceptio

1136 2139 1221 2177 cet.
1258 2160 1303 2164 —
1338 2136 1544 2188 Quiescas]
1577 2138 1690 2177 Cum
1720 2138 1890 2177 comica
1919 2148 2017 2187 gra-

1134 2200 1266 2238 vitate
1311 2199 1438 2239 ICtus
1491 2198 1780 2248 brevissime,
1835 2198 2014 2250 singulis

1135 2272 1274 2313 prope
1314 2261 1465 2301 verbis
1502 2272 1714 2313 parcens,
1752 2261 2011 2313 respondet.

1136 2325 1330 2374 Quiescas
1358 2324 1478 2363 idem
1518 2323 1611 2362 fere
1644 2325 1714 2363 est
1753 2323 1874 2373 quod
1906 2323 2015 2362 «de-

1136 2388 1296 2427 sinas».
1371 2388 1546 2426 Terent.
1589 2387 1726 2426 Andr.
1775 2385 1886 2426 Prol.
1930 2388 2009 2426 2⁴2:

1134 2450 1315 2497 Dehinc,
1347 2454 1393 2489 ut
1423 2450 1635 2499 quiescant
1658 2461 1816 2499 porro,
1848 2460 2010 2498 moneo,

1135 2515 1171 2551 et
1201 2512 1390 2552 desinant
1416 2511 1678 2551 Maledicere.
1718 2535 1762 2539 —
1800 2513 1971 2551 Peream
1990 2534 2014 2541 -

1135 2574 1170 2612 si
1199 2573 1301 2625 cet.]
1335 2573 1421 2614 Cfr.
1456 2575 1542 2613 Sat.
1569 2574 1584 2612 1
1610 2605 1618 2622 ,
1652 2574 1701 2621 9,
1736 2573 1801 2613 38.
1832 2596 1871 2602 —
1902 2574 2013 2623 Opti-

1133 2636 1270 2687 mum]
1326 2635 1407 2675 «ad
1458 2635 1720 2675 devitandas
1758 2636 2013 2675 insectatio—

1135 2709 1214 2739 nes
1252 2698 1505 2750 iniquorum
1543 2709 1792 2739 meorum.»
1830 2721 1874 2727 -
1906 2700 2011 2748 erat]

1135 2759 1260 2800 Conf.
1292 2771 1333 2799 v.
1370 2761 1435 2800 46.
1472 2783 1517 2789 —
1541 2760 1737 2812 dormire]
1771 2760 1861 2808 «Si,
1895 2771 2011 2811 quae

1135 2823 1282 2862 animo
1322 2820 1492 2870 voluto,
1537 2821 1742 2861 versibus
1785 2821 2011 2862 includere

1133 2887 1284 2934 vetor,
1318 2883 1430 2924 adeo
1451 2885 1691 2935 inquietor,
1716 2886 1764 2923 ut
1783 2885 2012 2924 insomniis

1133 2947 1333 2997 fatiger.»
1399 2945 1479 2986 Alii
1517 2945 1759 2998 explicant:
1811 2957 2012 2997 «nequeo

1135 3020 1335 3057 cessare,
1368 3009 1487 3049 iners
1518 3019 1662 3049 esse.»
1706 3009 1874 3048 Verum
1903 3010 2012 3048 Tre-

1135 3069 1280 3111 batius
1312 3072 1432 3111 certe
1462 3072 1640 3122 proprie
1672 3071 1856 3122 accepit.

1189 3133 1281 3173 7-9.
1330 3133 1405 3173 Ter
1422 3134 1535 3172 uncti
1557 3132 1831 3184 Transnanto]
1851 3134 2008 3183 Iunge:

1137 3197 1212 3236 Ter
1230 3199 1502 3245 transnanto,
1526 3206 1636 3235 non:
1666 3195 1740 3234 Ter
1757 3195 1886 3234 uncti.
1934 3194 2012 3233 Hic

1135 3269 1314 3308 quoque
1361 3256 1510 3308 legum
1558 3267 1817 3297 sermonem
1869 3255 2009 3295 facete

1134 3320 1343 3360 imitatur.
1404 3319 1612 3370 vegetius
1653 3319 1708 3358 de
1746 3320 1806 3358 Re
1839 3316 1926 3356 mil.
1960 3317 2007 3365 4,

1136 3382 1210 3421 40:
1256 3381 1436 3421 Romani
1463 3386 1638 3429 veteres,
1685 3390 1785 3429 quos
1814 3382 1872 3418 tot
1907 3378 2012 3418 bella

1133 3447 1171 3482 et
1199 3443 1397 3483 continua
1432 3443 1625 3493 pericula
1661 3443 1716 3480 ad
1752 3451 1912 3480 omnem
1947 3441 2011 3480 rei

1132 3505 1329 3545 militaris
1358 3505 1598 3545 erudierunt
1619 3507 1774 3552 artem,
1807 3502 2010 3552 Campum
