2231 3787
901 271 995 308 ΗΒ,
1034 270 1061 307 l.

1123 270 1233 308 sA'l‘.
1271 270 1315 307 x.
1931 264 2021 315 173

279 404 401 454 Post
440 400 671 454 mediam
713 408 924 453 noctem
964 400 1137 455 visus,
1180 417 1301 452 cum
1342 400 1547 451 somnia
1587 416 1739 451 νον-ω

281 505 332 554 ln
373 503 559 555 silvam
600 520 703 555 non
745 502 884 571 ligna
923 501 1062 554 seras
1103 501 1340 552 insanius
1381 518 1442 553 ac
1482 501 1524 552 si

276 605 492 673 Magnas
533 607 862 657 Graecorum
902 602 1054 655 malis
1096 601 1318 672 implere
1359 610 1618 655 catervas.

1957 602 2021 650 :335

277 706 540 776 'surgidus
580 706 801 776 Alpinus
841 704 1042 775 iugulat
1081 704 1209 756 dum
1250 705 1556 761 Memnona,
1600 703 1838 773 dumque

279 807 504 877 Delingit
543 807 709 860 Rheni
751 807 951 860 luteum
991 814 1173 877 caput,
1218 806 1350 859 haec
1389 823 1490 876 ego
1532 804 1682 866 ludo,

311 982 376 1020 233.
414 982 522 1019 risus
552 985 708 1021 noctem
739 984 778 1019 S.
819 1003 862 1008 -—
896 979 961 1020 31.
996 981 1139 1031 linqua
1171 991 1213 1030 p.
1244 1003 1285 1007 —-
1323 981 1388 1019 37.
1414 979 1610 1030 Diffmgsit
1640 979 1778 1019 Codd.
1805 978 1967 1030 aliquot

260 1044 448 1083 Pottierii
482 1047 522 1083 et
556 1047 582 1082 t.

202 1200 247 1244 9,
273 1199 320 1246 3,
349 1199 418 1246 2.),
449 1193 605 1248 Ἰχθῡς
625 1198 691 1248 εἰς
708 1193 1076 1250 Ἑλλήσποντον.

203 1263 466 1311 <Nostrate51
505 1261 673 1300 Wasscr
701 1261 738 1299 in
769 1262 843 1300 den
870 1261 944 1300 Sec
974 1272 1009 1300 s,
1036 1262 1073 1300 in

200 1324 275 1362 den
315 1323 439 1362 Rhein
478 1334 513 1362 s.
553 1323 594 1361 ιἰι
634 1323 710 1361 das
751 1324 866 1362 Mccr
914 1328 1075 1374 traqcn.

199 1385 391 1424 Britanni
409 1396 416 1422 :
444 1386 615 1437 sending]
631 1385 744 1424 ceals
760 1389 799 1424 to
815 1386 1079 1436 Ncwcastlc.)

206 1470 247 1474 —
279 1447 465 1486 insanius
499 1448 565 1496 ac]
597 1447 693 1486 Vid.
729 1447 784 1486 ad
822 1448 909 1486 Sat.
946 1448 993 1492 sl,
1029 1448 1075 1496 6,

201 1507 292 1547 430.
317 1531 360 1536 —
384 1509 568 1558 implet-c]
594 1510 661 1548 «Si
686 1508 812 1548 malis
834 1520 996 1559 augere
1019 1511 1081 1549 in-

199 1570 525 1610 numerabilem
548 1573 817 1610 Graecorum
845 1572 1079 1622 poetarum

200 1632 375 1672 turbam
417 1634 618 1683 interque
650 1633 732 1673 hos
773 1634 814 1672 te
848 1632 1079 1672 intrudens

200 1706 299 1735 eam
318 1695 548 1741 refercire,
573 1697 803 1746 tamquam
826 1695 991 1734 nemini
1010 1693 1078 1733 alii

198 1758 284 1796 iam
315 1756 439 1797 loeus
477 1758 650 1797 futurus
689 1758 786 1797 sit.»
844 1758 932 1797 Ct'r.
958 1757 1075 1808 Virg.

199 1822 306 1859 Aen.
333 1820 380 1868 6,
414 1819 518 1860 545:
552 1819 723 1870 eaeplebo
753 1831 987 1859 num-erum.

257 1944 324 1983 36.
358 1943 424 1984 37.
462 1944 665 1996 Turgyidus
682 1943 857 1994 Alpinus
876 1944 978 1995 cet.]
1002 1945 1081 1984 Le-

198 2007 300 2059 pide
338 2008 400 2047 sic
438 2009 624 2046 vocatur
659 2008 713 2047 M.
756 2007 909 2046 Furius
948 2006 1080 2046 Biba-

199 2069 323 2109 culus
356 2071 695 2118 Cremonensis,
731 2070 859 2110 natus
891 2080 930 2109 a.
960 2081 1009 2109 u.
1039 2081 1075 2109 c.

199 2133 313 2179 651¹„
346 2133 419 2183 qui
442 2144 480 2171 a.
504 2144 547 2171 u.
573 2143 610 2172 c.
635 2132 728 2171 723.
754 2143 894 2172 annos
916 2133 1075 2172 LXXII.

200 2194 485 2242 numerabat3
532 2205 637 2234 nam
683 2194 930 2234 etiamtum:
975 2205 1080 2233 eum

202 2258 241 2295 in
272 2257 384 2296 vivis
414 2256 548 2297 fuisse
579 2255 810 2307 probabile
843 2259 924 2296 est.
976 2258 1076 2297 Tac.

200 2322 311 2358 Ann.
352 2317 399 2367 4,
443 2318 516 2359 34:
571 2319 770 2358 Carmina
814 2319 1001 2358 Bibaculi
1045 2323 1082 2358 et

202 2380 354 2420 Catulli
382 2380 537 2430 referta
566 2380 823 2419 contumeliis
853 2381 1080 2420 Caesarum

202 2443 410 2493 leguntur.

1144 1199 1297 1239 vivens
1341 1199 1624 1250 designetur:
1678 1199 1802 1238 cuius
1848 1200 2022 1249 generis

1145 1272 1282 1300 unum
1314 1264 1359 1301 et
1388 1260 1575 1300 alterum
1607 1261 1759 1301 itidem
1791 1263 1830 1300 in
1855 1262 1921 1301 liis
1944 1262 2022 1299 Sa—

1145 1324 1236 1362 tiris
1275 1335 1373 1364 esse
1411 1326 1578 1375 potest,
1627 1325 1682 1363 ita
1716 1326 1861 1363 tamen
1895 1334 2022 1363 com—

1144 1388 1373 1436 paratum,
1426 1388 1470 1425 ut
1516 1387 1658 1437 quivis
1702 1384 1771 1424 illo
1821 1389 2021 1436 tempore

1145 1447 1268 1487 facile
1301 1450 1585 1498 agnosceret,
1626 1459 1761 1498 quem
1802 1450 2018 1488 notasset.

1143 1511 1235 1550 sive
1287 1513 1633 1561 cognomentum
1683 1513 1777 1550 erat
1825 1510 1880 1549 ab
1930 1509 2023 1549 aliis

1143 1574 1231 1612 iam
1257 1573 1485 1613 inventum
1509 1576 1641 1624 atque
1664 1574 1896 1620 usitatum,
1931 1574 2022 1612 sive

1145 1634 1199 1673 ab
1233 1636 1411 1674 Horatio
1443 1636 1538 1686 ipso
1570 1636 1737 1674 homini
1768 1636 1915 1675 deriso
1958 1635 2025 1672 in-

1145 1697 1300 1736 ditum.
1363 1696 1448 1736 Cfr.
1482 1697 1537 1735 ad
1568 1698 1654 1736 Sat.
1691 1698 1738 1745 4,
1786 1698 1830 1744 l,
1872 1697 1938 1735 2¹5.
1977 1719 2020 1722 m

1141 1759 1307 1809 iugulat
1338 1759 1436 1797 dum
1464 1759 1702 1807 Mcnmona]
1733 1757 1940 1809 ambigue
1963 1757 2024 1796 di-

1144 1823 1280 1860 ctum.
1336 1822 1471 1859 «Nam
1502 1819 1584 1860 sub
1615 1831 1666 1859 ea
1689 1821 1863 1871 specie,
1897 1821 2022 1870 quasi

1144 1883 1284 1931 dicat,
1319 1881 1426 1922 dum
1457 1882 1692 1929 describit,
1726 1883 2024 1933 quemadmo-

1144 1945 1250 1984 dum
1301 1943 1547 1994 iuguletur,
1600 1943 1778 1995 intelligi
1826 1943 1916 1983 volt
1965 1943 2020 1982 ab

1143 2009 1238 2059 ipso
1269 2008 1414 2058 potius
1447 2005 1648 2057 iugulari,
1682 2007 1790 2046 dum
1812 2005 1925 2045 male
1948 2006 2025 2044 de-

1144 2071 1362 2121 scripsit.»
1413 2071 1567 2108 Ponrn.
1605 2092 1650 2097 —
1673 2069 1868 2120 Definyil]
1894 2079 2024 2119 «ope—

1143 2144 1244 2173 rose
1277 2134 1321 2172 et
1340 2129 1618 2184 κακοζήλως
1639 2132 1822 2181 format,
1857 2131 2024 2171 descri-

1144 2195 1250 2234 bit.»
1286 2218 1331 2223 —-
1363 2195 1491 2234 Rheni
1521 2195 1676 2234 luteum
1705 2193 1845 2245 caput]
1878 2195 1924 2233 In
1952 2194 2025 2232 Bi—

1144 2255 1290 2296 baculi
1330 2258 1582 2296 narratione
1622 2255 1725 2296 belli
1770 2255 1916 2295 Gallici
1956 2256 2024 2293 xi-

1146 2319 1276 2358 detur
1313 2320 1444 2358 etiam
1485 2318 1619 2358 fuisse
1650 2318 1821 2368 turgida
1853 2317 2025 2356 descri-

1145 2382 1234 2432 ptio
1265 2381 1414 2430 capitis
1443 2381 1591 2428 Rheni,
1636 2391 1751 2429 quae
1782 2391 1851 2418 vv.
1886 2377 2025 2429 tripli—

485 2441 621 2490 Quid,
670 2443 705 2482 si
737 2443 869 2481 etiam
900 2444 1083 2494 propter
1147 2453 1247 2482 cem
1306 2442 1543 2482 admittunt
1597 2442 2020 2492 interpretationem.

201 2505 316 2544 hanc
347 2504 627 2543 dicacitatem
658 2515 762 2543 eum
800 2503 870 2543 hic
909 2503 1083 2543 vellicet
1147 2503 1348 2555 Plerique
1392 2506 1576 2555 propter
1618 2503 1792 2554 Alpium
1835 2503 2025 2542 mentio-

200 2567 363 2618 po'c'ta‘?
394 2568 630 2606 Praeterea
662 2568 976 2617 composuerat
995 2568 1083 2606 Ae·
1110 2566 1114 2626 Ι
1146 2578 1250 2606 nem
1281 2568 1480 2618 proxime
1511 2566 1860 2617 praecedentem
1896 2564 2025 2604 intel-

201 2628 466 2680 thiopidem⁷
515 2639 569 2668 ex
600 2630 767 2668 Graeca
798 2628 987 2677 Arctini⁷
1035 2630 1083 2667 ut

201 2690 433 2743 probabile
456 2693 544 2739 est,
579 2690 779 2740 ductam,
813 2691 856 2729 in
887 2701 974 2741 qua
996 2691 1085 2731 Me-

202 2755 401 2803 mnonis,
435 2753 607 2793 Tithoni
629 2755 672 2792 et
691 2755 888 2793 Aurorae
913 2752 1001 2801 filii,
1026 2752 1080 2791 ab

202 2813 367 2854 Achille
434 2815 653 2855 interfecti
719 2816 890 2866 primae
960 2817 1085 2854 erant

202 2880 368 2929 partes.
437 2877 561 2917 Idem
607 2878 938 2934 πραγματείαν
980 2876 1083 2917 belli

204 2938 352 2979 Gallici
387 2949 411 2978 a
450 2940 640 2979 Caesare
673 2941 783 2990 gesti
814 2950 1084 2991 composue-

204 3004 296 3050 rat,
343 3003 387 3041 in
427 3012 514 3052 qua
553 3001 786 3052 legebatur
824 3013 982 3042 versus
1013 3001 1082 3042 ille

206 3062 444 3103 ridiculus:
502 3063 687 3113 Iuppiter
733 3065 928 3104 hibernas
975 3076 1085 3104 cana

203 3127 296 3166 nive
324 3125 511 3175 conspuit
537 3125 658 3175 Alpes
690 3127 788 3177 (Sat.
812 3127 860 3175 2,
894 3128 944 3175 5,
978 3126 1080 3177 41),

204 3190 388 3240 propter
409 3197 544 3238 quem
570 3188 716 3238 ipsum
744 3188 898 3228 festive
919 3189 992 3229 hic
1012 3200 1087 3228 vo-

206 3252 332 3290 catur
365 3250 559 3299 Alpinus,
598 3249 684 3288 der
719 3249 1081 3300 Alpendichter.

207 3312 329 3352 Conf.
362 3311 590 3352 Weichert
626 3309 681 3349 de
711 3312 766 3351 M.
799 3312 925 3351 Furio
959 3312 1088 3352 Biba-

207 3373 305 3413 culo
336 3374 379 3413 in
409 3373 529 3413 Poet.
563 3373 654 3411 Lat.
678 3383 722 3423 p.
748 3371 814 3411 33.
876 3373 1084 3414 Ceterum

206 3435 348 3486 probe
370 3433 614 3475 notandum
636 3435 808 3474 certum
833 3434 918 3474 hoc
940 3445 1089 3475 exem-

208 3495 331 3547 plum
359 3497 551 3536 nominis
573 3495 684 3545 ficti,
718 3506 805 3547 quo
827 3496 961 3536 homo
983 3499 1087 3537 tunc

1146 2627 1282 2681 ligunt
1313 2629 1368 2669 de
1391 2628 1508 2668 fonte
1538 2629 1598 2678 (ut
1625 2639 1694 2679 ap.
1721 2628 1838 2678 Virg.
1865 2629 2020 2677 Georg.

1146 2692 1192 2741 4,
1226 2691 1320 2731 319.
1361 2692 1494 2731 Penei
1535 2690 1631 2730 fons
1673 2690 1831 2729 dicitur
1859 2700 2026 2728 sacrum

1145 2758 1271 2804 caput
1301 2752 1469 2804 avitiis),
1504 2753 1576 2803 qui
1600 2752 1781 2803 quidem
1804 2751 1901 2790 sons
1923 2754 2024 2790 ante

1145 2817 1345 2857 Raetiam
1401 2816 1578 2866 captam
1632 2813 1877 2864 incognitus
1931 2816 2027 2852 erat

1146 2879 1374 2927 Romanis,
1408 2877 1487 2918 sed
1520 2888 1626 2917 sane
1649 2876 1921 2926 φαντασίας
1941 2887 2025 2926 ope

1148 2940 1341 2982 describi
1371 2941 1560 2992 poterat.
1622 2939 1731 2979 Fieri
1766 2940 1915 2978 tamen
1945 2948 2027 2988 po-

1147 3006 1258 3052 test,
1290 3006 1339 3043 ut
1367 3001 1586 3042 versiculo
1618 3001 1688 3041 illo
1719 2999 2027 3040 tantummodo

1148 3066 1344 3105 hiemem
1376 3064 1617 3115 designarit
1645 3074 1791 3114 neque
1814 3061 2029 3114 exspatia-

1147 3129 1218 3167 tus
1257 3127 1311 3167 sit
1347 3128 1391 3166 in
1427 3125 1642 3178 Alpestris
1683 3126 1849 3165 tractus
1879 3135 2026 3162 τοπο-

1147 3189 1341 3238 θεσὶαν,
1375 3199 1459 3228 nec
1479 3199 1587 3228 vero
1618 3186 1724 3227 lutei
1754 3187 1858 3227 sunt
1886 3185 2029 3224 flumi-

1149 3261 1255 3290 num
1286 3250 1445 3291 fontes.
1505 3248 1585 3289 Alii
1616 3249 1671 3289 de
1703 3248 1838 3295 ostio,
1883 3248 1930 3284 ut
1960 3247 2027 3285 est

1150 3312 1269 3363 apud
1297 3313 1459 3351 Lucan.
1483 3312 1531 3360 2,
1565 3311 1610 3350 54
1634 3323 1642 3349 ;
1674 3310 1841 3349 Fundat
1870 3307 1921 3346 ab
1949 3318 2027 3346 ea:-

1150 3378 1280 3414 tremo
1318 3375 1451 3425 slavos
1486 3372 1686 3422 Aquilone
1722 3371 1880 3409 Suevos
1917 3367 2028 3406 Albis

1150 3440 1188 3476 et
1215 3436 1462 3475 indomitum
1489 3433 1616 3473 Rheni
1646 3435 1785 3481 caput.
1845 3429 1924 3470 Alii
1946 3428 2027 3468 de—

1151 3498 1283 3548 nique
1314 3507 1472 3550 parum
1503 3492 1793 3547 probabiliter
1812 3492 1867 3532 de
1889 3492 2027 3532 Rheni
