2231 3787
240 228 337 281 154

877 233 1090 275 HORATII
1123 234 1424 277 SATIRARUM

306 362 625 420 Praeterita,
669 372 721 417 et
760 380 891 417 casu
930 372 1056 418 tunc
1094 363 1428 435 respondero
1468 363 1661 416 vadato

306 462 578 525 Debebat,
621 464 768 535 quod
807 465 859 517 ni
899 465 1136 527 fecisset,
1180 464 1410 536 perdere
1447 463 1608 518 litem.

306 565 360 618 Si
398 582 483 618 me
523 582 695 627 amas,
738 566 934 638 inquit,
976 565 1197 637 paulum
1236 565 1322 619 hic
1360 565 1506 619 ades.

1583 567 1847 620 Inteream
1865 608 1874 628 ,
1916 565 1960 618 si

303 669 405 720 Aut
441 665 596 720 valeo
638 676 779 721 stare
819 675 910 720 aut
948 667 1071 721 novi
1111 666 1284 721 civilia
1323 667 1471 731 iura3

340 801 404 841 36.
440 805 527 840 tum
556 800 642 840 bSc
675 802 717 840 et
747 799 913 851 aliquot
942 801 1069 840 Feae.

1132 798 1270 850 (Nolui
1308 801 1483 840 mutare
1518 800 1600 841 nisi
1629 798 1831 852 pluribus
1861 801 1995 841 etiam
2024 846 2031 850 ,

286 863 426 903 Codd.
461 862 659 912 collatis.)
694 884 741 891 ——
774 864 955 902 vvadatus
974 861 1198 902 Bentleius
1221 863 1501 912 coniectura,
1534 864 1583 902 ut
1611 864 1712 902 ante
1734 863 1995 903 Laurentius

285 926 327 964 in
357 926 634 975 Antiquario,
668 926 710 964 et
741 935 790 963 re
820 935 923 963 vera
955 924 1018 964 sic
1047 936 1162 965 unus
1193 924 1556 975 Bambergensis,
1589 926 1702 965 teste
1732 925 1919 966 Iaeckio.
1946 947 1991 953 —

285 986 351 1026 38.
385 988 430 1026 Si
460 991 503 1025 tu
532 998 616 1036 me,
665 987 820 1036 inquit,
868 997 988 1025 amas
1019 997 1071 1026 ex
1101 987 1304 1039 interpol.
1340 987 1448 1027 Cod.
1482 988 1621 1027 Divei.
1658 1009 1703 1015 —-
1735 986 1813 1026 huo
1843 988 1941 1026 ades
1969 997 1993 1026 e

285 1048 423 1089 Codd.
457 1047 558 1100 aliq.
590 1049 744 1089 Bothe.

283 1115 396 1150 stare
423 1111 535 1150 haud
565 1122 603 1151 c.

228 1213 352 1251 dicos.
388 1234 433 1241 —·
472 1212 731 1264 respondere]
771 1213 815 1252 in
853 1214 972 1262 iure,
1021 1211 1103 1251 «ad

226 1275 438 1315 iudicium
455 1275 657 1315 adesse.»
691 1276 780 1315 Cic.
797 1276 956 1316 Accus.
975 1275 1101 1314 Verr.

166 1349 168 1353 ·
228 1339 274 1386 4,
309 1339 355 1386 4,
391 1338 438 1377 4;
486 1339 720 1388 opinionem
752 1339 900 1388 populi
927 1339 1104 1378 Roma-ui

223 1399 368 1450 fuisse,
403 1400 444 1440 C.
482 1401 650 1440 Verrem
679 1401 816 1440 altera
845 1401 1005 1440 act-ione
1033 1411 1104 1440 re-

224 1474 474 1512 sponsurum
510 1474 593 1502 uon
623 1474 704 1503 esse
741 1473 872 1512 neque
902 1463 957 1502 ad
991 1463 1105 1501 iudi-

224 1525 334 1563 cium
365 1526 628 1574 affuturum:
649 1529 901 1576 --praesto
932 1528 1007 1573 est,
1039 1535 1105 1564 re-

223 1587 411 1635 spondet,
445 1587 690 1637 defenditur.
728 1609 773 1616 —-
804 1586 975 1638 vadato]
1008 1586 1099 1634 «ei,

223 1649 297 1698 qui
330 1659 431 1688 eum
471 1648 658 1689 vadatus
700 1651 816 1699 erat,
862 1649 1101 1688 vadimonio

222 1711 530 1761 obligaret-atq>
571 1713 620 1750 ut
649 1711 708 1751 ait
747 1712 876 1752 Gaius
906 1710 956 1760 4,
1005 1711 1097 1750 487.

222 1772 358 1813 Plaut.
393 1775 522 1813 Curc.
556 1774 598 1821 4,
640 1774 688 1822 3,
729 1774 777 1813 5:
825 1775 904 1814 PL.
942 1773 1015 1812 Ubi
1057 1777 1102 1812 tu

221 1847 282 1885 es,
320 1836 390 1885 qui
420 1847 482 1875 me
509 1836 786 1875 convadatu’s
818 1837 999 1876 Veneriis
1026 1847 1102 1875 va-

222 1897 442 1937 dimoniis?
488 1898 560 1937 Ubi
595 1903 639 1938 tu
669 1910 729 1948 es,
777 1898 847 1948 qui
874 1909 939 1937 me
967 1897 1099 1937 libello

224 1961 394 1999 Venerio
436 1959 653 1999 citavisti?
700 1961 806 2000 Ecce
847 1971 910 1999 me
929 1962 941 1998 J
990 1960 1098 1999 Sisto

221 2033 294 2073 eqo
323 2022 395 2061 tibi
422 2033 486 2062 'me
520 2026 557 2062 et
586 2022 685 2061 mihi
713 2026 861 2062 contra
892 2022 1033 2061 itidem
1063 2026 1100 2061 te

219 2089 266 2124 ut
306 2086 427 2125 sistas
464 2087 631 2125 suadeo.
679 2086 763 2125 PH.
813 2085 968 2125 Adsum
1011 2086 1094 2124 cet.

218 2146 300 2188 Alii
335 2148 482 2187 minus
519 2149 640 2187 recte
669 2148 824 2187 vadato
859 2158 940 2199 pro
973 2145 1098 2186 abla—

218 2211 307 2249 tivo
329 2209 531 2250 absoluto
562 2210 750 2258 habent,
786 2209 1000 2249 «vadibus
1022 2209 1098 2249 da-

219 2273 324 2321 tis‚»
370 2275 641 2324 «postquam
683 2272 894 2311 vadatum
940 2273 1094 2320 erat,»

218 2336 484 2386 comparatis
513 2346 585 2374 vv.
618 2335 808 2374 intestato
840 2336 883 2374 et
918 2333 1010 2385 Ulp.
1044 2335 1092 2383 4,

219 2399 262 2445 4,
296 2398 333 2448 g.
359 2398 397 2437 7.
430 2399 480 2437 D.
505 2401 748 2445 contestato,
784 2396 998 2437 «testibus
1020 2396 1096 2436 ad-

215 2459 406 2507 hibitis»,
431 2460 672 2510 auspicato,
696 2463 825 2510 parto
849 2460 948 2510 (Sat.
975 2460 1018 2509 4,
1043 2460 1060 2499 4
1082 2491 1090 2508 ,

217 2521 334 2572 DQ),
382 2522 574 2562 verbum
611 2523 727 2562 enim
766 2523 1014 2572 respondere
1048 2522 1093 2562 in

215 2585 299 2624 hac
351 2583 537 2624 formula
589 2583 790 2624 absolute
847 2584 965 2635 poni.
1038 2585 1094 2624 At

216 2647 347 2686 etiam
377 2647 543 2685 sistendi
573 2645 646 2697 (se)
677 2646 868 2686 verbum
898 2645 1093 2698 plerum-

215 2719 303 2759 que
347 2707 548 2749 absolute
592 2709 795 2759 ponitur,
848 2711 891 2748 et
940 2710 1090 2748 tamen

215 2783 318 2811 cum
349 2771 495 2810 dativo
517 2772 633 2819 eius,
668 2772 741 2822 qui
769 2771 956 2811 vadatus
979 2774 1086 2821 erat,

214 2836 413 2874 iunctum
444 2836 511 2873 est
531 2844 556 2872 a
576 2832 726 2873 Plauto
752 2833 780 2873 l.
807 2833 834 2873 l.
867 2833 1089 2875 Bentleius

214 2897 328 2937 coni.
362 2906 489 2937 suam
527 2897 706 2935 vadatus
741 2897 917 2947 passive
956 2908 1090 2937 acce-

212 2960 295 3011 pit,
340 2961 389 2997 ut
421 2961 511 3007 est,
559 2969 694 2998 sensu
733 2959 914 3010 quidem
943 2961 1091 3001 trans-

212 3021 319 3069 lato,
353 3019 489 3060 Plaut.
513 3021 674 3061 Bacch.
698 3021 744 3068 2,
777 3022 822 3069 2,
857 3021 909 3061 3:
941 3023 1089 3062 [tame

210 3085 412 3123 vadatum
447 3093 591 3122 amore
623 3084 886 3132 vinctumque
923 3084 1083 3123 attineS.

217 3169 259 3174 —
279 3146 454 3195 perdere
474 3144 597 3195 litem]
620 3145 680 3184 Ex
700 3156 741 3183 v,
762 3145 928 3185 debebat
949 3145 1056 3185 elice
1075 3158 1082 3184 :

213 3208 278 3247 «ei
298 3217 483 3247 necesse
507 3208 643 3246 erat.»
694 3208 868 3247 Perdere
888 3208 999 3247 litem
1019 3210 1087 3248 est

211 3270 345 3310 etiam
389 3268 507 3321 apud
552 3269 640 3308 Cic.
675 3268 729 3308 de
767 3269 882 3308 Orat.
918 3270 961 3318 4,
1010 3270 1082 3319 36,

212 3333 322 3380 4672,
345 3332 456 3371 litem
476 3332 663 3371 amittere
683 3342 763 3382 pro
786 3332 940 3372 Roscio
958 3332 1081 3372 Com.

210 3394 257 3442 4,
284 3395 347 3433 40.
388 3395 456 3434 Lis
476 3396 626 3434 autem
647 3394 688 3433 h.
713 3392 739 3434 l.
764 3405 937 3434 summa
960 3395 1086 3434 vadi-

210 3457 364 3504 monii,
417 3467 530 3507 quae
595 3457 702 3497 tanti
766 3458 881 3504 erat,
933 3457 1085 3508 quanti

807 1049 871 1096 (Ut
900 1059 1003 1098 nos,
1048 1048 1187 1088 nostri
1218 1050 1262 1088 et
1291 1048 1517 1098 Pottierii.)
1546 1071 1590 1077 —
1625 1048 1693 1088 39.
1726 1049 1850 1088 Haud
1877 1049 1995 1089 valeo

1168 1221 1265 1261 res,
1299 1211 1355 1251 de
1387 1221 1473 1262 qua
1503 1209 1748 1263 litigabant,
1786 1213 1834 1252 ut
1863 1214 2049 1264 apparet

1170 1285 1222 1313 ex
1253 1274 1357 1313 Gaio
1388 1272 1434 1322 4,
1469 1274 1570 1313 485:
1606 1275 1731 1314 Fiunt
1759 1278 1898 1314 autem
1923 1275 2049 1314 vadi-

1167 1336 1311 1375 monia
1335 1336 1582 1386 quibusdam
1601 1348 1657 1376 ex
1675 1337 1812 1376 causis
1835 1348 1972 1387 pura,
2003 1337 2048 1376 id

1167 1402 1245 1447 est,
1278 1399 1363 1437 sine
1392 1398 1660 1438 satisdatione
1671 1409 1685 1447 ‚·
1716 1420 1740 1427 —
1758 1420 1782 1427 -
1801 1399 2047 1448 quibusdam

1166 1460 1528 1509 recuperatoribus
1546 1460 1786 1510 suppositis,
1818 1461 1861 1500 id
1889 1465 1970 1510 est,
2000 1465 2047 1501 ut

1167 1523 1237 1572 qui
1266 1534 1348 1562 uon
1377 1522 1550 1572 steterit,
1583 1523 1618 1561 is
1640 1523 1836 1572 protinus
1864 1534 1892 1562 a
1920 1535 2044 1564 reeu-

1160 1584 1425 1634 peratoribus
1472 1585 1516 1624 in
1562 1595 1770 1624 susmmam
1813 1587 2044 1626 vadimonii

1164 1648 1470 1687 condemnetur.
1519 1645 1585 1687 lb.
1619 1647 1725 1687 486:
1760 1648 1816 1687 Et
1841 1648 2046 1697 siquidem

1164 1709 1337 1748 iudicati
1373 1709 1586 1759 depensive
1622 1713 1796 1760 ayetur,
1832 1710 1939 1750 tanti
1974 1712 2045 1763 fiet

1162 1772 1471 1821 vadimonium,
1505 1772 1652 1821 quanti
1682 1783 1732 1812 ea
1759 1783 1826 1811 res
1855 1773 1947 1813 erit.

1218 1833 1364 1874 38-42.
1397 1835 1443 1873 Si
1467 1845 1532 1874 me
1551 1834 1685 1884 amas]
1710 1833 1841 1874 Solita
1860 1835 2042 1887 petendi

1163 1895 1364 1936 formula.
1424 1896 1516 1937 Cic.
1549 1896 1607 1936 ad
1647 1898 1734 1937 Att.
1767 1898 1815 1946 5,
1863 1898 1939 1948 47,
1984 1899 2038 1938 5:

1162 1958 1208 1998 Si
1236 1959 1463 2008 quicquam
1489 1969 1555 1998 me
1583 1969 1722 2009 amas,
1767 1959 1875 1999 hunc
1907 1960 2044 2000 locum

1160 2021 1298 2069 muni3
1331 2021 1433 2060 huic
1455 2014 1780 2078 ἀντίστροφον
1802 2023 1870 2062 est
1890 2022 2041 2062 amabo

1162 2082 1289 2133 illud,
1350 2082 1476 2123 verbi
1533 2083 1850 2134 significatione
1900 2095 2041 2136 prope

1161 2147 1305 2185 exuta.
1338 2146 1388 2185 V.
1414 2156 1479 2185 me
1508 2146 1551 2184 h.
1585 2144 1613 2185 l.
1647 2147 1907 2197 correptum
1936 2157 2040 2187 cum

1160 2210 1376 2259 sequente
1426 2207 1567 2248 vocali
1616 2219 1704 2248 non
1749 2207 2036 2260 colliquescit.

1161 2270 1282 2310 Cous.
1329 2270 1446 2321 Virg.
1478 2272 1588 2310 Aen.
1628 2271 1675 2321 6,
1722 2271 1816 2312 507.
1867 2295 1912 2300 —-
1957 2272 2036 2325 hic]

1161 2332 1262 2372 «ubi
1306 2343 1424 2373 nunc
1468 2343 1651 2383 sumus,
1696 2334 1741 2374 in
1785 2335 1940 2375 Foro.»
1988 2357 2034 2364 —

1158 2394 1268 2446 ades]
1290 2394 1427 2435 Plaut.
1449 2396 1610 2447 Amph.
1634 2395 1681 2445 4,
1706 2397 1753 2447 3,
1788 2396 1833 2437 3:
1866 2407 2034 2448 quaeso,

1155 2462 1202 2497 ut
1231 2459 1458 2497 advocatus
1484 2458 1586 2497 mihi
1621 2459 1746 2499 adsis.
1807 2460 1951 2500 Casin.
1984 2459 2032 2509 3,

1157 2521 1204 2570 3,
1238 2521 1284 2560 5:
1317 2522 1430 2560 Dum
1451 2522 1568 2560 adsto
1589 2522 1819 2561 advocatus
1837 2523 2035 2571 quoidam

1155 2586 1331 2634 eoqizato
1359 2594 1465 2622 meo.
1526 2584 1694 2623 Seneca
1724 2584 1859 2635 Epist.
1893 2585 1942 2634 8,
1974 2586 2028 2625 5:

1153 2656 1248 2684 cum
1286 2646 1342 2684 ad
1378 2645 1667 2685 vadimonium
1703 2647 1933 2686 advocatus
1960 2649 2034 2687 de-

1153 2708 1400 2746 scenderem.
1442 2730 1488 2736 —
1519 2708 1751 2758 Inteream,
1801 2709 1836 2748 si
1854 2710 2029 2762 -valeo]

1155 2770 1244 2810 Cic.
1271 2769 1328 2809 ad
1358 2771 1476 2809 Fam.
1504 2770 1570 2819 44,
1601 2770 1669 2819 23,
1702 2771 1750 2810 ⁶2:
1777 2782 1966 2821 peream,
1996 2773 2033 2812 si

1152 2837 1236 2872 te--
1244 2833 1355 2882 ferre
1361 2835 1573 2882 poterunt.
1597 2831 1711 2872 Infra
1722 2844 1764 2872 v.
1779 2832 1852 2873 47:
1876 2834 2034 2884 disper-

1152 2907 1269 2945 eam,
1307 2896 1349 2934 ni
1377 2895 1613 2936 Submosses
1631 2906 1784 2936 omnes.
1816 2897 1929 2937 Nos:
1961 2898 2032 2938 Ich

1151 2959 1238 2999 will
1253 2960 1321 2998 des
1338 2959 1462 2998 Todes
1476 2960 1577 3008 sein,
1598 2970 1720 2999 wenn
1737 2960 1822 2999 cet.
1841 2982 1887 2988 —
1900 2962 2028 3011 stare]

1154 3024 1322 3061 «astare
1357 3021 1543 3071 (adesse)
1566 3021 1810 3063 advocatus
1840 3023 1885 3063 in
1913 3024 2026 3073 iure,

1152 3083 1269 3134 apud
1313 3086 1696 3135 recuperatores.»
1731 3106 1776 3113 —
1815 3089 1890 3125 aut
1932 3087 2030 3126 novi

1151 3146 1254 3197 cet]
1287 3158 1395 3186 «nec
1414 3148 1653 3199 propterea
1673 3147 1904 3187 advocatio
1924 3159 2027 3188 mea

1150 3210 1192 3247 te
1226 3209 1470 3260 quidquam
1500 3210 1715 3249 iuvaret.»
1749 3232 1793 3239 —-
1830 3210 1932 3250 Tene
1961 3222 2027 3251 re-

1148 3271 1337 3321 linquam
1366 3284 1422 3312 an
1445 3272 1548 3323 rem]
1578 3271 1779 3312 Nonnulli
1809 3272 1922 3312 haec
1951 3273 2026 3314 ha-

1149 3333 1259 3373 hent
1286 3346 1366 3386 pro
1387 3334 1729 3385 interrogatione
1751 3334 1916 3374 directa
1937 3334 2023 3386 (re-

1149 3395 1337 3446 linquam
1371 3396 1534 3447 sutur.),
1582 3397 1704 3447 quia,
1751 3397 1800 3436 ut
1837 3397 2023 3447 opinan-

1150 3460 1238 3508 tur,
1274 3461 1372 3510 post
1400 3471 1470 3499 vv.
1506 3460 1604 3510 quid
1630 3459 1788 3511 faciam
1815 3470 2020 3501 necessa-
