2231 3787
201 209 290 259 142

827 208 1038 247 lIORATll
1073 208 1373 249 SATIRARUM

265 341 395 393 Cum
435 340 642 409 Sagana
683 338 883 390 maiore
922 336 1239 389 ululantem:
1282 335 1451 407 pallor
1490 342 1745 405 utrasque
1938 335 2004 385 25

267 444 485 512 Fecerat
523 440 823 495 horrendas
864 441 1140 515 adspectu,

1218 436 1472 507 Scalpere
1511 444 1710 489 terram

263 542 540 613 Unguibus
581 553 632 596 et
670 541 870 613 pullam
910 540 1166 594 divellere
1208 537 1479 592 mordicus
1519 554 1711 607 agnam

266 646 596 714 Coeperunt,
640 661 800 697 cruor
840 644 891 694 in
931 642 1128 695 fossam
1168 640 1441 699 confusus,
1491 646 1548 690 ut
1586 637 1708 690 inde

265 746 443 798 Manes
483 744 763 805 elicerent,
807 745 1009 797 animas
1048 759 1311 813 responsa
1350 740 1585 793 daturas.

265 847 442 899 Lanea
482 855 532 898 et
572 845 775 915 effigies
815 854 953 906 erat,
998 844 1163 897 altera
1204 861 1390 897 cerea:
1433 842 1605 895 maior

1947 842 2013 893 30

305 997 370 1034 25.
407 999 627 1043 utramque
657 992 852 1033 malebat
881 993 1164 1033 Kirchnerus.
1202 1016 1245 1020 -
1279 993 1345 1032 ⁶27.
1380 993 1576 1032 devellere
1604 1003 1646 1043 p.
1685 1014 1727 1019 —
1771 992 1837 1031 29.
1871 992 1963 1031 Ma-

252 1069 318 1097 nes
348 1058 539 1097 elicerent
570 1057 757 1106 anilitas,
791 1067 990 1106 responsa
1020 1057 1197 1095 daturas
1227 1054 1421 1094 distinxit
1452 1055 1493 1094 F.

197 1185 299 1221 sunt
339 1181 626 1229 feminarum,
674 1181 811 1231 sparsi
848 1182 1076 1220 utrorum—

198 1256 307 1296 que:
341 1245 462 1295 quod
491 1245 665 1295 quoties
688 1245 743 1284 de
774 1243 984 1285 masculis
1007 1255 1079 1284 oc-

197 1308 335 1347 currit
367 1306 435 1358 (de
468 1307 643 1359 Orpheo
674 1308 851 1347 Metam.
878 1307 921 1346 44
947 1339 954 1355 ,
988 1308 1072 1356 57„

196 1370 370 1410 Baccho
404 1371 555 1420 [immo
579 1369 633 1409 de
660 1369 857 1420 Bacchis]
891 1371 938 1408 A.
962 1371 1010 1408 A.
1036 1370 1075 1417 4,

196 1432 309 1479 54t,
342 1434 502 1471 Amore
524 1434 620 1471 Am.
645 1432 682 1480 3,
716 1433 755 1481 9,
789 1432 871 1482 Μ.)
904 1430 1076 1481 absque

195 1493 409 1534 librorum
433 1494 728 1545 discrepantia
748 1497 932 1535 exst-at.»
964 1496 1078 1534 MER-

196 1568 274 1595 KEL
305 1556 361 1595 ad
401 1557 523 1596 Ovid.
558 1558 684 1597 Trist.
715 1569 757 1608 p.
787 1558 826 1596 2.
874 1557 961 1597 Cfr.
995 1556 1073 1596 Od.

197 1618 244 1665 3,
270 1618 342 1666 ΞΟ,
369 1617 433 1658 44.
462 1641 505 1646 —
530 1618 705 1670 Sagana
732 1620 906 1670 maiore]
933 1620 1077 1659 «Haec

197 1681 365 1730 Sagana
393 1679 551 1720 liberta
588 1680 722 1722 fuisse
753 1682 911 1721 dicitur
946 1684 1078 1721 Pom-

196 1743 317 1795 ponii
343 1744 576 1792 senatoris,
609 1745 684 1794 qui
706 1755 728 1783 a
750 1745 991 1784 triumviris
1013 1747 1080 1783 est

196 1806 495 1858 proscriptus3
528 1806 684 1846 habuit
706 1808 855 1846 autem
876 1816 1080 1846 sororem

199 1878 247 1907 se
269 1870 374 1907 natu
396 1869 636 1917 minorem;
668 1868 832 1908 idcirco
853 1869 925 1908 hic
944 1869 1082 1907 maior

200 1930 402 1969 dicitur.»
447 1931 587 1970 Comi.
623 1931 753 1977 CRcQ.
799 1931 873 1980 (Ex
895 1941 1082 1970 consue—

200 1993 351 2032 tudine
396 1993 545 2032 Latina
583 2004 625 2031 v,
657 1993 819 2032 maiore
855 1993 918 2033 sic
961 1992 1080 2032 nude

200 2057 393 2107 positum
424 2056 493 2094 vix
524 2056 805 2107 interpretari
842 2067 1082 2107 possumus

202 2129 306 2157 cum
335 2120 530 2157 Acrone:
581 2119 795 2166 «maiore,
840 2129 975 2169 quam
1006 2119 1084 2158 fuit

201 2181 298 2232 ipsa
346 2179 589 2229 Canidia»,
640 2179 711 2219 vel
766 2181 1079 2232 «potentiore,

203 2252 340 2293 quam
385 2240 564 2281 Canidia
600 2242 766 2281 rituum
806 2243 1083 2292 magicorum

203 2303 404 2343 nondum
435 2314 579 2354 aeque
609 2305 795 2354 perita»,
830 2315 933 2343 cum
956 2305 1084 2344 Hein-

202 2367 342 2406 richio
374 2368 417 2405 et
454 2367 697 2416 Diintzero,
746 2378 859 2417 quos
903 2365 1080 2415 fefellit,

204 2428 412 2469 Canidiae
446 2431 489 2468 et
519 2429 589 2468 hic
623 2431 665 2468 et
703 2429 842 2481 Epod.
876 2431 914 2469 5.
951 2432 1083 2480 atque

205 2493 268 2530 47.
303 2491 468 2542 primas
499 2492 649 2542 partes
670 2491 829 2541 tribui,
863 2492 1085 2532 secunda—

203 2556 289 2594 rias
334 2554 563 2593 dumtaxat
606 2555 800 2605 Saganae
848 2557 891 2594 et
934 2556 1081 2594 Veiae.

205 2617 333 2657 Solita
365 2616 682 2666 significatione
723 2617 918 2657 indicare
948 2617 1087 2657 voluit

204 2681 335 2730 po‘e'ta
380 2679 597 2728 Saganam
642 2680 858 2719 maiorem
902 2682 1085 2731 propter

206 2742 323 2792 ipsas
372 2740 452 2780 has
501 2742 620 2780 artes
670 2742 810 2792 magis
866 2741 1084 2782 famosam

206 2804 339 2843 fuisse
358 2813 492 2853 quam
514 2804 734 2844 minorem
754 2816 970 2844 sororem.
1001 2807 1083 2844 Pro

205 2867 308 2905 ficto
340 2866 519 2905 nomine
551 2878 575 2905 a
604 2878 645 2905 v.
669 2878 775 2918 saga
804 2867 941 2907 habet
962 2869 1084 2907 Diiu-

205 2931 320 2975 tzer,
368 2927 449 2967 sed
485 2927 661 2968 diversa
703 2931 771 2969 est
810 2929 1006 2980 syllabae
1037 2941 1086 2969 sa

207 2990 459 3040 quantitas.)
483 3013 526 3018 —
541 2991 783 3043 ululantem]
802 2986 1086 3045 Ὁλολυγμοὶ

206 3053 398 3091 maxime
430 3051 602 3092 feminis
633 3054 676 3092 in
707 3055 844 3094 sacris
882 3055 1086 3094 tribuun-

205 3117 289 3154 tur.
343 3114 429 3153 Csr.
464 3115 578 3165 Virg.
603 3118 710 3155 Aen.
735 3117 782 3165 2,
817 3116 910 3156 488.
959 3117 1082 3156 Ovid.

206 3177 381 3216 Metam.
416 3177 461 3223 7,
496 3177 588 3215 490.
626 3200 669 3204 -
710 3178 922 3229 utrasque]
966 3180 1085 3218 «Non

206 3239 459 3279 necessaria
476 3239 728 3278 coniectura
748 3244 984 3291 utramque.
1019 3242 1081 3282 Cf.

206 3302 324 3352 Virg.
357 3303 465 3341 Aen.
499 3301 540 3350 6,
589 3302 682 3341 685.
736 3302 824 3343 Cic.
864 3314 906 3355 p.
942 3304 1081 3354 Ligar.

209 3364 281 3410 42,
315 3363 380 3402 36.
433 3362 516 3402 Sal.
552 3363 672 3403 Catil.
700 3363 764 3403 30.
801 3366 927 3405 Caes.
960 3367 1007 3405 B.
1034 3368 1080 3405 G.

210 3425 344 3472 4‚53.
380 3427 424 3465 B.
452 3428 496 3465 C.
529 3426 575 3469 2.
601 3427 668 3465 6.»
720 3427 915 3466 Ditmssxn.
952 3427 1077 3467 Conf.

1139 1181 1299 1231 Zumpt
1328 1179 1384 1219 ad
1420 1180 1509 1219 Cic.
1544 1180 1669 1219 Verr.
1703 1179 1752 1228 3,
1798 1179 1872 1228 60,
1922 1178 2014 1219 440.

1141 1266 1187 1272 —-
1222 1243 1417 1293 Scalpere
1445 1246 1605 1282 terram
1638 1242 1860 1293 Unquibus]
1893 1252 2019 1282 scro-

1138 1307 1245 1346 bem
1276 1306 1496 1352 facturae3
1530 1304 1752 1345 efficacior
1777 1306 1928 1344 autem
1948 1304 2019 1344 hic

1140 1370 1282 1417 furor,
1317 1379 1452 1419 quam
1475 1368 1511 1408 si
1531 1366 1631 1419 pala
1650 1365 1722 1406 vel
1743 1377 1890 1406 marra
1909 1377 2018 1407 usae

1140 1433 1304 1471 essent.
1366 1429 1567 1470 Philostr.
1610 1430 1696 1468 Vit.
1735 1427 1936 1480 Apollon.
1971 1429 2016 1476 6,

1140 1495 1205 1534 Μ.
1239 1505 1281 1545 p.
1305 1493 1408 1534 249:
1443 1492 1557 1533 Θεοὶ
1585 1490 1675 1543 μὲν
1706 1487 1797 1548 γὰρ
1827 1489 2022 1539 χθόνιοι

1138 1554 1353 1614 βόθρους
1397 1551 1700 1605 ἀσπάζονται
1744 1554 1824 1593 καὶ
1868 1550 1928 1593 τὰ
1971 1552 2021 1594 ἐν

1139 1619 1277 1677 κοίλῃ
1314 1617 1369 1677 τῇ
1407 1616 1465 1675 γῇ
1500 1614 1734 1675 ὁρώμενα.
1771 1640 1817 1645 —-
1854 1617 2018 1667 pullasm

1139 1706 1156 1713 -
1184 1705 1203 1711 -
1231 1682 1403 1734 agnam]
1435 1680 1535 1720 Vid.
1569 1680 1626 1719 ad
1655 1692 1696 1719 v.
1729 1680 1796 1720 23.
1835 1703 1878 1708 ——
1911 1691 2024 1719 mor-

1141 1745 1269 1797 dicus]
1302 1746 1352 1786 Ut
1388 1755 1471 1796 per
1510 1744 1649 1783 totam
1678 1743 1794 1782 hanc
1823 1743 2024 1793 magico-

1141 1820 1242 1848 rum
1270 1808 1436 1847 rituum
1457 1807 1803 1858 descriptionem
1824 1805 2025 1845 domina-

1143 1874 1214 1912 tur
1260 1868 1507 1921 hyperbole
1553 1869 1746 1917 comica,
1797 1869 1862 1909 sle
1908 1868 1952 1908 h.
1992 1867 2021 1908 l.

1144 1933 1361 1984 imprimis
1383 1943 1480 1971 rem
1502 1930 1739 1971 ridiculum
1767 1931 1812 1970 in
1836 1930 2023 1970 modum

1147 1996 1396 2044 exaggerat.
1426 2017 1470 2021 —
1494 2005 1620 2033 cruor
1641 1995 1744 2044 cet.]
1774 1993 2024 2034 Recordare

1147 2057 1274 2099 Ulixis
1319 2056 1478 2106 Odyss.
1525 2055 1577 2105 λ,
1626 2055 1678 2096 34
1721 2067 1821 2107 sqq.
1859 2057 1910 2096 95
1954 2067 2022 2107 sq.

1148 2119 1348 2159 Philostr.
1383 2120 1485 2158 Her.
1511 2120 1584 2168 1¹8,
1619 2119 1657 2159 3.
1690 2131 1732 2171 p.
1768 2119 1868 2159 728:
1893 2113 2025 2158 ‘'Hm-

1148 2194 1239 2221 στα
1269 2177 1359 2238 γὰρ
1380 2177 1498 2238 πρὸς
1528 2179 1696 2234 αὶζαατι
1716 2182 1797 2221 καὶ
1821 2178 2026 2238 βόθροις

1147 2245 1200 2284 αἱ
1226 2244 1389 2295 ψυχαὶ
1416 2241 1695 2295 ψεύδονται.
1725 2268 1768 2272 -
1797 2245 1842 2283 in
1869 2245 2028 2295 fossam

1147 2307 1353 2359 confusus]
1389 2308 1557 2348 «omnis
1588 2310 1656 2347 est
1685 2307 1808 2347 susus
1839 2308 1883 2347 in
1908 2318 2028 2347 scro-

1148 2370 1298 2410 bem.»
1336 2391 1379 2399 —-
1411 2371 1557 2409 Manes
1584 2394 1609 2400 -
1639 2369 1817 2421 animas]
1848 2371 1927 2410 Vix
1959 2370 2027 2409 di-

1149 2433 1343 2473 cendum
1376 2434 1472 2471 erat
1509 2443 1609 2472 esse
1639 2433 1754 2472 hanc
1784 2432 2027 2483 appositio—

1148 2506 1273 2542 nem,
1321 2496 1356 2535 si
1388 2505 1471 2534 nec
1511 2496 1595 2534 Fea
1636 2497 1788 2534 contra
1818 2496 2028 2534 Latinita-

1148 2560 1241 2597 tem
1272 2556 1512 2596 iunxisset:
1565 2558 1730 2596 animas
1769 2569 1935 2606 manes,
1982 2557 2026 2597 id

1149 2621 1235 2667 est,
1268 2618 1430 2665 bonas,
1454 2629 1600 2668 neque
1623 2618 1732 2659 alius
1754 2620 2028 2661 construxis-

1148 2684 1236 2731 set,
1285 2686 1356 2722 «αι
1394 2681 1478 2732 (dii)
1518 2694 1661 2722 manes
1700 2684 1889 2724 elicerent
1930 2685 2028 2724 ani-

1145 2757 1279 2785 mas.»
1358 2746 1461 2784 Tota
1514 2756 1586 2785 res
1638 2748 1789 2786 autem
1842 2759 2027 2799 prorsus

1149 2809 1445 2848 consentanea
1477 2807 1679 2859 populari
1708 2808 1882 2850 illorum
1911 2813 2028 2850 tem—

1147 2880 1308 2922 porum
1340 2871 1654 2921 superstitioni.
1690 2873 1758 2911 Sic
1782 2873 1870 2913 Cic.
1896 2875 2024 2913 Tusc.

1150 2933 1193 2980 4,
1230 2931 1306 2980 46,
1347 2931 1418 2971 37:
1467 2943 1575 2980 quae
1610 2945 1723 2973 meurs
1751 2937 1910 2976 amicus
1940 2937 2029 2987 Ap-

1143 2994 1240 3044 pius
1267 2999 1612 3051 νεκρομαντεῖα
1639 2997 1832 3047 faciebat.

1204 3056 1350 3095 30-36.
1397 3058 1540 3097 Lanea
1570 3058 1671 3110 cet.]
1695 3060 1837 3098 Lanea
1856 3059 2028 3099 refere-

1148 3117 1226 3157 bat
1247 3118 1498 3168 Canidiam,
1531 3131 1674 3169 cerea,
1708 3132 1822 3172 quae
1847 3133 2030 3162 vexare-

1148 3181 1220 3218 tur
1268 3179 1456 3230 igneque
1506 3180 1757 3233 liquefieret
1806 3183 1866 3234 (v,
1909 3183 2026 3235 44),

1149 3245 1395 3283 amatorem
1424 3244 1664 3285 infidelem.
1732 3247 1929 3286 «Laneae
1969 3247 2030 3287 ef-

1147 3304 1271 3355 figies
1303 3305 1622 3357 Compitalibus
1654 3309 1786 3347 noctu
1807 3308 2027 3349 (labant-ur

1147 3368 1189 3406 in
1221 3369 1433 3420 compita,
1481 3372 1544 3409 tot
1573 3381 1782 3419 numero,
1830 3373 1936 3422 quot
1972 3371 2027 3412 li—

1146 3428 1280 3471 beros
1311 3431 1512 3471 homines
1550 3431 1848 3484 precabantur
1877 3433 2026 3474 salvos
