2231 3787
864 284 957 325 LII).
992 288 1041 326 11.
1103 288 1212 326 SAT.
1251 287 1279 326 1.

230 414 398 469 Flebit
437 424 489 469 ct
528 416 745 486 insignis
787 425 892 468 totu
934 416 1234 469 cantabitur
1273 417 1422 470 urbe.

232 517 455 569 Cervius
497 518 660 570 iratus
699 517 846 587 leges
887 519 1158 570 minitatur
1196 526 1247 570 ct
1287 536 1497 577 urnam,

229 617 451 672 Canidia
489 618 691 678 Albuti,
734 619 930 691 quibus
971 628 1053 672 est
1091 619 1328 679 inimica,
1373 636 1666 680 venenum,

231 719 443 773 Grande
483 719 681 773 malum
721 721 937 783 Turius,
981 721 1024 773 si
1064 719 1194 793 quid
1235 737 1293 773 se
1336 719 1513 774 iudice
1554 729 1745 774 certes.

229 821 315 881 Ut,
360 838 468 892 quo
508 821 740 892 quisque
779 821 942 883 valet,
985 830 1269 893 suspectos
1308 829 1526 883 terreat,
1571 829 1734 892 utque
1913 824 1979 875 50

213 971 331 1022 apud
370 970 637 1019 Bentleium,
685 974 734 1011 ut
762 970 937 1011 volebat
965 973 1237 1021 Rutgersius.
1286 972 1520 1022 (commorit
1560 972 1738 1011 Horatio
1778 972 1924 1011 vindi—

211 1034 310 1071 cant
343 1033 474 1072 etiam
504 1035 617 1072 Acro
649 1035 693 1072 et
722 1033 970 1073 Priscianus
1010 1034 1054 1072 T.
1089 1034 1118 1072 1.
1154 1044 1197 1084 p.
1231 1032 1325 1073 484.
1360 1035 1405 1072 et
1439 1034 1484 1072 T.
1517 1034 1567 1071 11.
1602 1044 1644 1084 p.
1678 1034 1718 1073 5.
1752 1034 1840 1085 Kr.)
1877 1055 1919 1061 —

212 1094 278 1134 47.
313 1095 482 1133 Seri-ias
512 1096 625 1134 LCF.
677 1096 739 1144 (Ut
768 1105 873 1143 nos,
907 1094 1039 1145 bScp,
1074 1095 1120 1144 t.)
1157 1118 1200 1122 —
1249 1094 1314 1135 48.
1347 1095 1490 1134 Albuci
1520 1096 1621 1135 LCt.
1660 1119 1703 1123 Ἠ
1738 1095 1805 1135 l-9.
1837 1097 1923 1135 Fa-

212 1158 300 1196 rius
343 1168 395 1196 ex
441 1157 546 1197 Cod.
582 1159 684 1207 Reg.
719 1158 816 1196 Soc.
851 1158 894 1196 et
925 1157 1107 1206 Cruquii
1138 1158 1252 1196 coni.
1286 1158 1479 1207 Doering
1518 1160 1669 1196 contra
1713 1159 1920 1198 metrum.

219 1242 261 1247 —
296 1220 330 1258 si
361 1220 452 1267 quis
483 1220 599 1269 (cum
629 1230 722 1258 var.
755 1218 855 1258 lect.
889 1219 923 1257 si
953 1219 1069 1270 quia)
1101 1241 1123 1247 -
1152 1241 1175 1247 -
1203 1223 1328 1257 certet
1359 1230 1382 1257 c
1413 1221 1456 1258 et
1484 1232 1535 1267 κ,
1575 1220 1609 1258 si
1640 1221 1730 1269 quis
1749 1242 1771 1248 -
1791 1242 1814 1248 -
1833 1232 1927 1260 cer-

211 1286 264 1321 tet
292 1282 442 1333 p,LCt.
495 1282 561 1332 (Ut
592 1292 692 1329 nos,
729 1281 804 1330 bS,
838 1277 928 1332 ξω,
961 1292 1028 1333 pr.
1053 1294 1078 1320 v
1109 1283 1153 1320 et
1183 1291 1363 1329 omnes,
1397 1283 1446 1319 ut
1474 1280 1664 1330 videtur,
1699 1282 1921 1331 Pottierii.)

156 1389 383 1429 dumtaxat
427 1390 545 1442 apud
590 1391 830 1442 scriptores
873 1402 1033 1442 prosae

155 1453 364 1493 orationis
384 1454 580 1503 Augusto
610 1454 880 1504 posteriores
902 1465 1034 1505 repe—

155 1515 306 1554 riatur.
334 1538 379 1542 —
402 1515 546 1554 meli-us
568 1516 675 1565 (erit)
699 1527 781 1554 non
812 1518 1007 1567 [anyerel
1021 1516 1034 1567 ]

156 1576 355 1617 Formula
388 1578 664 1617 minantium.
720 1578 870 1618 «Wehe
907 1579 1029 1628 clem,

155 1640 228 1679 der
246 1640 354 1679 mich
373 1640 552 1678 anriihrt
572 1641 609 1677 3»
643 1640 817 1679 Terent..
841 1640 1028 1692 Adelph.

154 1702 202 1749 2,
238 1702 282 1750 4,
315 1702 388 1741 26:
422 1701 525 1740 Ante
544 1702 657 1740 aedis
684 1713 767 1741 non
794 1698 936 1747 fecisse
955 1704 1034 1742 erit

154 1763 298 1802 melius
326 1763 390 1802 hic
410 1763 671 1802 convicium:
702 1764 813 1803 Nam
841 1765 876 1803 si
903 1765 1033 1804 inole-

153 1830 239 1865 stus
262 1826 402 1876 per9i8
430 1837 533 1874 esse,
574 1826 658 1865 iam
687 1827 797 1865 intro
827 1826 1033 1876 abripiere

154 1892 278 1937 atque
319 1887 372 1926 ibi
415 1889 546 1937 Usque
586 1889 642 1927 ad
680 1900 819 1928 necem
848 1890 1033 1939 operiere

151 1950 264 1990 loris.
302 1972 346 1978 —-
379 1949 519 2001 Flebit]
555 1949 798 1998 «dolebit,»
833 1952 1033 1992 Graecis-

154 2022 274 2061 mus,
331 2009 587 2063 οἰμώξεται
637 2012 708 2052 vel
753 2009 1027 2053 κλαύσεται.

153 2075 250 2114 Vid.
275 2075 331 2114 ad
362 2076 449 2114 sat.
475 2076 489 2115 4
511 2107 520 2124 ,
554 2076 625 2124 40,
661 2076 726 2115 91.
753 2099 799 2104 -
822 2078 996 2128 insignis
1014 2100 1032 2106 —

151 2137 412 2188 cantabitur]
460 2137 691 2177 «omnibus
722 2138 808 2178 iam
848 2142 1032 2191 propter

153 2200 494 2250 perversitatem
533 2201 663 2239 notus
708 2199 1026 2240 deridebitur.»

153 2261 344 2308 Cantari,
368 2263 415 2300 ut
431 2256 703 2312 ὑμνεῖσθαι,
730 2262 962 2303 «omnibus
980 2264 1022 2303 in

154 2333 230 2361 ore
254 2333 369 2371 esse,
397 2325 441 2362 et
470 2323 651 2373 quidem
682 2334 784 2363 cum
807 2325 1027 2364 infamia.»

209 2383 356 2423 47-49.
408 2384 598 2436 Cervius]
640 2384 956 2436 quadruplator
987 2389 1031 2426 et

154 2444 323 2485 rabula.
366 2447 591 2495 «Cervius,
624 2447 798 2486 Ascanii
827 2446 1027 2496 libertus,

153 2508 379 2548 accusavit
401 2509 478 2549 Cn.
507 2509 774 2559 (Domitium)
799 2508 1029 2549 Calvinum

156 2572 262 2622 (cos.
286 2581 325 2610 a.
349 2582 391 2610 u.
416 2583 455 2611 c.
480 2571 591 2622 70⁴.)
614 2570 710 2623 lege
733 2571 788 2611 de
815 2572 1027 2612 sicariis.»

154 2634 294 2673 Comi.
335 2633 407 2673 Cn.
458 2633 670 2674 Diversus
714 2635 867 2685 utique
912 2645 936 2673 a
980 2636 1025 2673 P.

153 2695 332 2744 Cervio,
385 2696 433 2735 C.
474 2695 623 2736 Verris
671 2695 842 2747 legato,
894 2706 1030 2747 quem

152 2757 301 2797 laudat
328 2757 417 2797 Cic.
447 2758 574 2798 Verr.
603 2759 708 2799 Acc.
739 2760 786 2808 5,
818 2757 892 2808 44,
933 2757 1026 2798 444.

151 2819 321 2859 Servius
381 2819 518 2859 Gadd.
573 2820 686 2861 Feae
743 2822 865 2860 esset
927 2821 1030 2860 Ser-

153 2882 249 2922 vius
280 2880 379 2920 Pola
411 2884 665 2932 accusator,
709 2882 764 2922 de
796 2893 883 2934 quo
916 2883 1030 2922 Cae-

153 2942 236 2983 lius
266 2942 322 2981 ad
358 2943 477 2982 Fam.
502 2943 548 2992 8,
583 2944 659 2993 42,
691 2945 716 2983 ⁶2.
747 2955 814 2994 sq.
851 2945 941 2984 Cic.
972 2943 1029 2983 ad

155 3007 205 3053 Q.
236 3006 302 3044 Fr.
331 3005 378 3053 Ξ,
414 3005 488 3053 43,
521 3006 575 3045 2:
626 3007 799 3056 Vereor,
831 3018 881 3047 ne
909 3007 1029 3046 honio

154 3070 256 3105 teter
285 3069 321 3104 et
356 3065 490 3115 ferus,
531 3067 631 3105 Pola
659 3068 846 3117 Servius,
886 3069 942 3107 acl
962 3080 1030 3108 ac-

153 3128 407 3168 cusationem
420 3127 573 3166 veniat.
596 3151 638 3156 —-
657 3129 791 3180 leqes-
803 3134 841 3170 et
859 3130 1028 3182 urnam]

155 3188 225 3239 Sil.
270 3188 361 3228 Ital.
404 3189 448 3235 9,
490 3189 571 3227 26:
622 3191 866 3230 Meruerunt
902 3193 1028 3241 talia,

155 3252 224 3302 qui
251 3255 288 3291 te
316 3250 492 3302 Legibus
520 3254 643 3300 (itque
669 3263 804 3292 urnae
830 3254 927 3293 dira
945 3255 1031 3294 eri-

150 3324 278 3364 puere
314 3314 504 3352 minanti.
582 3314 695 3352 L'rna
725 3316 792 3354 est
820 3325 898 3355 vas
937 3315 1031 3355 suf-

156 3375 301 3427 fragiis
321 3375 517 3415 iudicum
547 3376 813 3427 recipiendis
834 3376 1030 3417 destina-

155 3439 264 3477 tum.
300 3461 344 3467 -
374 3437 566 3489 Canidia]
600 3448 634 3477 s.
660 3437 862 3477 Gratidia.
887 3438 1026 3489 Epod.

156 3499 181 3538 5
209 3499 332 3539 eti7.
358 3500 444 3540 Sat.
471 3501 486 3539 4
511 3532 517 3550 ,
543 3499 581 3539 8.
612 3520 654 3527 -
675 3498 811 3540 Albuti
831 3522 853 3529 -
873 3522 895 3529 -
914 3511 1031 3541 vene-

1098 1388 1212 1440 nam]
1235 1389 1354 1428 Haec
1373 1389 1608 1440 iungenda.
1654 1391 1758 1430 «llic
1777 1392 1895 1430 enim
1912 1390 1980 1431 Al-

1098 1451 1248 1491 butius
1265 1462 1439 1491 veneno
1459 1462 1645 1491 uxorem
1669 1462 1798 1492 suam
1819 1452 1979 1492 dicitur

1097 1514 1388 1565 peremisse.»
1412 1515 1567 1552 Poura.
1587 1515 1701 1553 Acro
1723 1516 1853 1555 matri
1875 1525 1977 1555 eum

1096 1587 1322 1616 venenum
1339 1576 1572 1616 miscuisse
1586 1576 1735 1616 refert..
1758 1577 1821 1617 Cf.
1835 1579 1922 1617 Sat.
1935 1578 1976 1625 2,

1097 1640 1136 1686 ⁹2,
1168 1639 1233 1677 67.
1289 1637 1368 1678 Alii
1398 1639 1580 1688 iungunt
1613 1639 1791 1679 Canidia
1817 1640 1976 1689 Albuti,

1098 1703 1145 1739 ut
1180 1700 1293 1740 desit
1331 1702 1407 1740 aut
1439 1699 1575 1740 «filia»
1609 1704 1683 1740 aut
1715 1713 1875 1741 «uxor»
1908 1701 1977 1742 vel

1097 1763 1244 1814 potius
1276 1762 1550 1810 «moecha»,
1585 1761 1681 1801 coll.
1715 1764 1832 1813 Virg.
1864 1766 1973 1804 Aen.

1096 1824 1141 1872 3,
1176 1824 1282 1863 349:
1316 1824 1501 1863 Hectoris
1518 1825 1819 1865 Andromache.
1862 1828 1972 1866 Aen.

1096 1886 1144 1934 6,
1179 1885 1250 1925 36:
1284 1885 1491 1936 Deiphobe
1522 1886 1684 1925 Glauci.
1744 1886 1825 1927 Alii
1847 1888 1977 1928 deni-

1095 1958 1182 1998 que
1232 1958 1335 1987 cum
1385 1948 1688 1998 porphyrione
1746 1949 1975 1991 Horatium

1096 2009 1296 2050 consulto
1329 2010 1570 2060 genitivum
1600 2010 1736 2049 Albuti
1756 2007 1975 2063 ἀμφιβο-

1094 2070 1235 2122 λικῶς
1256 2073 1457 2123 posuisse
1481 2074 1725 2112 autumant.
1750 2096 1793 2103 -
1813 2075 1974 2126 Tarius]

1094 2133 1292 2174 Iudicem
1324 2134 1709 2184 corruptissimum
1740 2137 1975 2186 significari

1094 2197 1299 2247 apertum
1331 2197 1412 2244 est,
1438 2198 1481 2235 et
1503 2195 1666 2236 docent
1685 2197 1970 2248 scholiastae,

1095 2269 1118 2297 e
1141 2257 1302 2309 quibus
1333 2258 1579 2309 Porphyrio
1602 2270 1706 2298 eum
1727 2260 1770 2300 C.
1803 2261 1974 2301 Tarium

1087 2324 1352 2368 praetorem,
1389 2322 1502 2359 Acro
1536 2321 1707 2360 Tarium
1736 2323 1968 2372 Marinum,

1096 2382 1432 2421 Commentator
1467 2383 1647 2433 Cruquii
1686 2383 1728 2423 C.
1767 2385 1973 2425 Martium

1097 2443 1268 2482 Tarium
1297 2444 1510 2483 nominat.
1572 2445 1693 2491 Quae
1731 2445 1866 2486 iidem
1897 2447 1972 2487 ad-

1095 2506 1205 2546 dunt
1234 2506 1289 2545 de
1313 2505 1484 2546 tabellis
1506 2506 1562 2546 ad
1585 2506 1720 2546 fidem
1743 2512 1972 2561 corrupto—

1093 2579 1194 2608 rum
1224 2568 1419 2607 iudicum
1455 2568 1732 2620 probandam
1764 2570 1971 2611 discolori

1095 2641 1197 2670 cera
1219 2630 1447 2681 insignitis,
1473 2630 1662 2671 conficta
1688 2631 1895 2672 videntur
1916 2644 1970 2672 ex

1094 2693 1164 2741 iis,
1211 2703 1325 2743 quae
1364 2691 1420 2731 ab
1465 2693 1699 2733 Hortensio
1745 2694 1788 2733 in
1834 2704 1968 2734 causa

1093 2754 1283 2794 Terentii
1294 2754 1520 2803 Varronis,
1540 2754 1684 2795 fratris
1697 2756 1967 2806 consobrini,

1095 2828 1148 2856 ex
1177 2817 1276 2857 Asia
1319 2817 1515 2856 accusati
1556 2817 1675 2868 apud
1711 2819 1758 2857 L.
1795 2819 1971 2858 Furtum

1091 2880 1347 2930 praetorem
1379 2878 1434 2918 de
1474 2879 1674 2929 pecuniis
1709 2881 1969 2931 repetundis

1094 2941 1208 2981 facta
1226 2940 1783 2982 traditPseudo-Asconius
1801 2953 1845 2993 p.
1873 2943 1966 2982 409.

1095 3003 1165 3043 ed.
1198 3002 1304 3042 Bait.
1343 3024 1387 3030 —
1420 3002 1575 3052 siquid
1602 3013 1643 3042 se
1668 3003 1802 3043 iudice
1820 3004 1968 3056 certes]

1093 3064 1260 3105 Eadem
1289 3064 1617 3103 constructione
1642 3065 1729 3104 Sat.
1753 3065 1794 3113 ⁶2,
1827 3067 1866 3114 5,
1887 3067 1964 3105 27:

1091 3128 1254 3178 Magyna
1281 3126 1468 3166 minorve
1490 3125 1584 3176 foro
1603 3127 1638 3165 si
1656 3137 1723 3166 res
1741 3127 1969 3167 certabitur

1091 3190 1201 3229 olim.

1147 3251 1294 3291 50-52.
1348 3252 1417 3299 Ut,
1463 3261 1542 3300 quo
1574 3250 1676 3302 cet]
1711 3251 1805 3290 «Sic
1845 3249 1966 3289 colli-

1093 3313 1238 3364 gendo
1283 3324 1336 3352 ex
1381 3314 1679 3363 argumentis,
1728 3323 1842 3362 quae
1889 3311 1965 3350 tibi

1094 3385 1357 3427 proponam,
1381 3371 1793 3428 (avD.oyt;.';cov,1oet'
1807 3371 1927 3424 ἐμοῦ
1937 3374 1965 3424 ,)

1094 3437 1264 3486 iudica,
1312 3435 1536 3487 quomodo
1581 3435 1677 3483 fiat,
1725 3436 1774 3472 ut
1809 3445 1858 3473 ea
1900 3435 1963 3482 vi,

1094 3509 1180 3550 qua
1211 3499 1398 3549 quisque
1418 3498 1609 3538 maxime
1630 3495 1857 3548 praeditus
1880 3498 1962 3546 est,
