2231 3787
891 270 989 309 .st
1026 270 1267 310 POETICA.

1902 266 1992 318 701

248 400 522 471 Signatum
564 409 848 472 praesente
890 409 1013 453 nota
1051 400 1355 471 producere
1398 417 1606 454 nomen.

244 501 306 555 Ut
345 502 511 556 silvae
551 502 687 556 soliis
729 520 927 573 pronos
967 510 1236 555 mutantur
1278 502 1327 553 in
1375 519 1567 561 annos,
1934 505 1999 555 60

242 603 417 655 Prima
458 604 682 657 cadunt:
728 605 794 657 ita
836 603 1126 658 verborum
1164 612 1318 657 vetus
1359 604 1536 658 interit
1573 614 1745 667 aetaS‚

220 795 436 823 nummum
467 786 533 824 Fr.
568 787 743 825 Luisino
776 788 956 825 auctore
988 785 1224 826 Bentleius.
1255 810 1298 814 —
1323 787 1387 826 60.
1426 788 1474 826 (ft
1501 787 1602 837 solia
1635 789 1675 826 in
1705 787 1817 826 siluis
1840 789 1941 828 Dio—

222 846 379 887 medes
410 858 453 898 p.
488 847 582 887 394.
616 850 687 893 P..
739 849 786 887 L‘t
820 849 932 886 silvis
959 848 1063 897 folia
1092 850 1236 898 privos
1265 848 1402 889 Bentl.
1437 851 1549 889 coni.
1585 852 1820 890 Praeterea
1851 862 1943 890 ma-

221 907 340 948 lebat
369 910 603 959 nudanlur,
638 912 683 949 ut
706 909 946 950 exhibebat
976 921 1089 952 unus
1119 914 1193 950 Ge.
1230 911 1440 961 Fabricii,
1475 912 1542 952 vel
1573 914 1816 953 viduantur.
1852 913 1938 953 (Isr.

223 970 448 1011 Markland
479 971 534 1011 ad
567 973 671 1011 stat.
696 971 735 1021 li,
760 972 800 1020 8,
824 971 890 1012 24.
930 996 973 1000 -
1008 973 1073 1012 61.

164 1137 341 1186 nomen.)
386 1136 595 1176 Ceterum
619 1135 829 1186 frequens
851 1138 919 1177 est
940 1137 1050 1176 ima-

164 1210 233 1250 go.
268 1197 442 1246 Quintil.
470 1199 509 1247 4,
539 1199 578 1246 6,
605 1198 648 1238 3:
701 1200 901 1238 Utendum
924 1199 1051 1249 plane

166 1272 352 1301 sermone
375 1265 421 1300 ut
442 1272 625 1310 numme,
649 1262 716 1300 cui
726 1262 896 1312 publica
907 1262 1050 1311 forma

162 1328 234 1363 est.
255 1323 380 1375 Apul.
397 1323 576 1375 Apolog.
598 1335 635 1363 c.
653 1323 718 1364 38.
740 1335 780 1375 p.
798 1323 891 1364 48¹.
916 1323 1045 1363 Oud.:

165 1387 213 1425 In
243 1386 390 1435 quibus
421 1386 603 1437 (scriptis
630 1387 747 1438 meis)
781 1387 1049 1426 animadver-

163 1454 221 1488 tes
243 1449 494 1488 --nomina
531 1451 656 1488 elium
687 1450 884 1489 Romanis
912 1450 1047 1488 inusi-

161 1515 253 1550 [aba
295 1515 334 1551 et
371 1512 414 1550 in
443 1512 712 1561 hodiernum,
760 1513 869 1561 quod
897 1512 1043 1561 sciam,

160 1573 338 1624 infeclaj
371 1584 421 1613 ea
442 1577 580 1613 tamen
602 1574 772 1612 nomina
793 1573 936 1612 labore
954 1585 1044 1614 mco

161 1640 200 1675 el
228 1636 362 1675 studio
392 1636 454 1675 ila
483 1636 531 1675 de
553 1636 725 1675 Graecis
737 1636 976 1685 provenire,
999 1640 1044 1675 ut

159 1701 298 1737 tamen
328 1699 481 1738 Latina
516 1702 684 1738 moneta
714 1709 917 1748 percussa
945 1699 1038 1738 sint.

161 1760 371 1800 Themist.
397 1762 468 1800 Or.
485 1761 551 1800 23.
577 1772 619 1812 p.
641 1760 736 1802 347.
756 1760 901 1801 Dind.:
923 1760 1042 1801 ,ἐπει-

158 1818 216 1874 δὴ
250 1819 333 1863 τοῦ
367 1817 609 1875 ὀνόματος
640 1820 919 1874 (σοφιστοῦ)
951 1816 1041 1873 ὥς·

159 1897 244 1942 περ
282 1886 585 1938 νομίσματος
617 1887 877 1938 μετέπεσεν
908 1880 936 1938 ἦ
965 1882 1041 1926 δύ-

155 1961 299 2001 ναμις
326 1944 448 1988 κατὰ
470 1945 584 1999 τοὺς
606 1941 810 2006 ὕστερον
831 1946 1040 2006 χρόνους

158 2009 260 2051 κτλ.

210 2075 291 2113 Vv.
316 2074 463 2114 60-72.
489 2085 543 2114 ex
564 2075 659 2126 ipsa
679 2075 794 2114 vitae
817 2074 1038 2114 humanae

159 2137 317 2177 natura
360 2138 478 2177 fluxa
524 2139 567 2177 et
597 2138 764 2177 caduca
797 2138 1043 2177 necessita-

159 2200 250 2239 tem
282 2199 455 2251 linguae
487 2212 668 2252 semper
698 2199 954 2249 novandae,
994 2202 1042 2239 ut

158 2261 402 2303 efficaciam
432 2264 722 2314 vigoremque
745 2274 877 2303 suum
905 2273 1039 2313 quam

159 2323 406 2366 diutissime
440 2329 701 2375 conservet,
736 2336 895 2376 magna
938 2336 1040 2364 cum

157 2389 251 2427 arte
282 2388 582 2437 demonstrat,
617 2389 794 2429 insertis
826 2387 1039 2439 eleganti-

158 2448 245 2491 bus
276 2451 461 2502 Augusti
494 2450 715 2491 laudibus.

211 2513 374 2552 60-62.
412 2514 460 2553 Ut
479 2514 608 2553 silvae
633 2514 743 2564 foliis
767 2513 868 2565 cet]
901 2512 1035 2552 ablat.

158 2576 392 2623 instrum.;
426 2577 630 2627 proprie:
666 2574 826 2616 «silvae
841 2587 924 2627 per
939 2574 1037 2614 folia

156 2638 392 2688 quotannis
430 2638 678 2678 decidentia
720 2637 828 2678 aliae
869 2638 1035 2688 fiunt‚»

155 2711 221 2739 an
240 2700 395 2740 Laub.
429 2701 546 2751 Virg.
572 2703 680 2740 Aen.
701 2701 739 2749 6,
766 2700 865 2740 309:
902 2701 1039 2750 Quam

153 2763 287 2802 mulla
315 2763 359 2802 in
377 2763 490 2802 silvis
509 2764 701 2802 autumni
718 2763 877 2814 frigore
897 2764 1038 2813 primo

153 2826 294 2875 Lapsa
313 2827 469 2865 cadunt
486 2826 603 2877 folia.
638 2825 816 2865 Fundus
834 2824 1038 2877 frequen-

153 2888 209 2928 tis
249 2888 545 2928 similitudInis
590 2891 659 2929 est
695 2888 815 2928 Iliad.
853 2898 897 2940 ς,
935 2888 1033 2929 146ε

155 2948 243 3003 Οἴη
266 2962 352 3008 περ
373 2948 568 3000 φύλλων
588 2947 749 3005 γενεή,
775 2948 936 3003 τοιήδε
955 2952 1035 2991 καὶ

153 3006 354 3070 ἀνδρῶν.
411 3014 702 3054 Mimnermus
748 3013 866 3064 Eleg.
906 3015 944 3054 Ξ.
994 3016 1034 3053 in

154 3075 427 3115 Schneidew.
464 3075 558 3115 Del.
596 3086 640 3126 p.
680 3075 755 3114 43:
798 3070 961 3127 Ἡμεῖς
995 3074 1032 3115 δ’

154 3132 237 3176 οἷά
282 3149 333 3177 τε
374 3134 536 3186 φύλλα
577 3134 691 3187 φύει
734 3135 1033 3187 πολυανθέος

153 3194 255 3258 (ὅρη
273 3194 451 3258 οΈαρος
470 3223 493 3229 -
509 3225 533 3230 -
556 3201 667 3250 Τοῖς
687 3196 836 3239 ἴκελοι
857 3196 1033 3251 πήχυι-

154 3275 210 3302 ον
239 3261 316 3304 ἐπὶ
345 3260 524 3321 χρόνον
553 3256 754 3302 ’ἄνθεσιν
780 3256 906 3314 ἥβης
927 3263 1034 3319 Τερ-

154 3324 362 3378 πόμεθα.
396 3327 531 3365 Sirac.
554 3324 618 3374 44,
646 3325 716 3365 48:
742 3319 826 3374 ἳΩς
847 3321 1032 3373 φύλλον

156 3386 334 3428 θᾶλλον
377 3388 454 3429 ἐπὶ
493 3385 688 3445 δένδρου
729 3384 928 3437 δασέος,
974 3384 1032 3426 τὰ

154 3449 243 3502 μὲν
286 3448 598 3500 καταβάλλει,
643 3443 765 3489 ἄλλα
808 3447 859 3489 δὲ
900 3446 1028 3499 φύει,

156 3506 309 3565 οὕτως
337 3509 474 3567 γενεὰ
504 3508 686 3571 σαρκὸς
707 3513 788 3553 καὶ
809 3511 1028 3565 αὶζιιατος,

1106 974 1231 1013 Priva
1261 975 1466 1014 Bouhier.

1116 1132 1146 1189 ἦ
1168 1135 1259 1188 μὲν
1280 1136 1497 1193 τελευτᾷ,
1522 1138 1660 1197 ἑτέρα
1683 1139 1733 1181 δὲ
1755 1140 1990 1194 γεννᾶται.

1117 1199 1243 1248 (Mire
1281 1205 1326 1240 ut
1357 1202 1509 1241 Gonod
1552 1214 1654 1244 cum
1685 1204 1778 1244 aliis
1809 1206 1995 1256 quibus-

1114 1260 1218 1302 dam
1248 1263 1568 1315 Interpretibus
1601 1265 1810 1317 explicat:
1847 1279 1990 1317 «cum,

1113 1324 1352 1376 quando»)
1388 1349 1432 1354 —
1460 1328 1632 1378 pronos]
1676 1341 1761 1369 non
1794 1332 1902 1378 tam,
1947 1334 1993 1370 ut

1112 1386 1200 1426 volt
1228 1390 1364 1437 Acro,
1401 1389 1642 1431 «volubiles
1666 1393 1709 1431 et
1731 1393 1815 1431 cito
1842 1391 1993 1433 laben-

1111 1451 1176 1490 tes
1221 1454 1354 1502 atque
1396 1452 1678 1502 instabiles,»
1724 1466 1858 1506 quam
1906 1456 1992 1496 «ad

1109 1512 1244 1552 finem
1277 1516 1557 1565 vergentes‚»
1590 1517 1638 1555 ut
1673 1528 1833 1566 pronus
1863 1519 1989 1558 Orion

1109 1574 1186 1613 Od.
1219 1575 1265 1624 3,
1301 1576 1376 1624 27,
1411 1577 1500 1624 48.;
1550 1589 1656 1627 «per
1699 1582 1991 1621 auctumnalia

1107 1640 1348 1688 tempora.»
1397 1638 1513 1678 His-n
1559 1641 1682 1680 Turs.
1718 1643 1786 1680 Ill.
1823 1654 1866 1694 p.
1892 1644 1986 1684 335.

1107 1699 1398 1740 Coniecturae
1438 1702 1583 1751 privos
1628 1706 1672 1742 et
1715 1714 1817 1743 mox
1859 1707 1988 1746 Priva

1105 1761 1174 1801 vel
1221 1763 1319 1802 ideo
1374 1764 1639 1804 rejiciendae
1683 1769 1814 1815 sunt,
1868 1769 1987 1818 quod

1099 1825 1227 1874 priva
1258 1837 1343 1865 non
1377 1828 1479 1866 sunt
1509 1826 1768 1878 simpliciter
1799 1829 1984 1881 singula,

1105 1887 1186 1927 sed
1249 1900 1363 1939 quae
1424 1888 1698 1939 singulorum
1754 1891 1986 1934 hominum

1104 1953 1207 1990 sunt
1236 1951 1397 1991 ceteris
1420 1951 1627 1992 omnibus
1652 1955 1862 2005 exceptis.
1897 1957 1986 1996 Ne-

1105 2026 1191 2065 que
1221 2026 1328 2054 vero
1357 2015 1593 2065 quisquam
1622 2015 1829 2067 probabit
1857 2020 1988 2059 Prae-

1104 2077 1263 2117 dicoxii
1295 2079 1628 2118 commentum:
1662 2079 1817 2119 Prisca.
1851 2081 1986 2121 Bent-

1103 2139 1175 2179 leii
1205 2141 1356 2179 autem
1386 2141 1637 2191 suspicione
1661 2142 1890 2182 viduantur
1918 2156 1987 2184 re-

1104 2203 1309 2241 movetur
1329 2202 1536 2252 primaria
1558 2205 1802 2253 perpetuae
1821 2206 1986 2245 immu-

1104 2265 1278 2304 tationis
1311 2265 1452 2312 noti0,
1487 2275 1600 2316 quae
1634 2265 1703 2305 hic
1728 2268 1981 2317 requiritur.

1103 2326 1383 2367 Manifestum
1412 2337 1519 2366 sane
1551 2326 1770 2377 glossema
1803 2332 1871 2369 est
1902 2342 1985 2369 nu—

1103 2391 1259 2429 dantur
1289 2389 1397 2429 Cod.
1424 2391 1499 2428 Ge.
1527 2389 1724 2430 Fabricii.
1751 2413 1797 2418 —
1824 2393 1981 2444 Prima]

1102 2451 1305 2503 Plerique
1329 2450 1566 2503 explicant:
1592 2463 1731 2504 «quae
1750 2455 1872 2504 prius
1889 2466 1984 2505 ger-

1103 2516 1405 2563 minaverunt,
1431 2515 1564 2554 etiam
1585 2516 1709 2566 prius
1725 2516 1979 2565 decidunt3»

1103 2588 1216 2629 quae
1249 2576 1481 2628 explicatio
1504 2588 1586 2616 nec
1606 2588 1686 2628 per
1706 2588 1754 2617 se
1778 2577 1982 2619 foliorum

1102 2639 1258 2679 natura
1279 2640 1441 2688 nititur,
1463 2639 1683 2690 siquidem
1702 2651 1836 2691 saepe
1858 2641 1980 2692 prius

1103 2701 1314 2742 decidunt
1351 2712 1427 2747 ea,
1476 2712 1589 2751 quae
1627 2703 1848 2752 posterius
1879 2705 1980 2743 nata

1101 2767 1228 2813 sunt,
1262 2774 1408 2814 neque
1440 2763 1495 2802 ad
1520 2764 1740 2814 poeticam
1762 2765 1978 2806 rationem

1101 2827 1346 2879 quidquam
1367 2826 1572 2864 attineret
1594 2825 1702 2865 ordo
1725 2826 1976 2877 decidendi,

1102 2899 1237 2941 quem
1277 2888 1441 2927 statuit.
1497 2888 1669 2938 Optime
1714 2892 1865 2929 contra
1912 2892 1979 2930 Fi-

1101 2953 1310 2993 scherus:
1345 2949 1506 2998 «Folia,
1541 2962 1655 3002 quae
1680 2952 1720 2991 in
1742 2952 1977 2993 arboribus

1100 3017 1203 3056 sunt
1231 3015 1411 3053 ineunte
1433 3024 1562 3062 vere,
1597 3013 1799 3055 defluunt
1819 3018 1977 3055 auctu-

1101 3088 1204 3116 mno
1236 3078 1479 3115 extremo.»
1528 3077 1834 3128 «Comparatio
1858 3078 1976 3117 enim

1098 3140 1161 3180 sic
1181 3138 1404 3190 procedit:
1439 3139 1489 3179 Ut
1509 3137 1631 3186 solia,
1662 3140 1825 3188 primus
1844 3138 1976 3180 silva—

1098 3213 1197 3241 rum
1217 3203 1365 3249 honos,
1394 3212 1508 3240 anno
1529 3201 1584 3240 ad
1606 3202 1740 3241 finem
1764 3204 1974 3252 vergente

1098 3264 1326 3312 decidunt,
1351 3264 1408 3303 ita
1430 3264 1642 3314 temporis
1659 3262 1973 3314 longinquitate

1095 3328 1236 3377 prima
1264 3325 1505 3366 verborum
1546 3329 1662 3365 aetas
1699 3326 1857 3375 interit,
1891 3325 1971 3366 alia

1097 3390 1339 3430 nascuntur
1380 3387 1541 3436 verba,
1588 3398 1722 3435 nova,
1771 3398 1885 3438 quae
1930 3390 1975 3428 et

1095 3453 1187 3503 ipsa
1206 3451 1410 3490 iuventae
1432 3450 1516 3488 ritu
1536 3449 1696 3488 florent
1712 3459 1763 3489 ac
1780 3449 1970 3500 vigent.»

1097 3514 1245 3553 OBBAR.
1277 3535 1319 3540 —
1350 3510 1621 3562 vetus-aetas]
1654 3510 1816 3550 «verba
1849 3512 1973 3551 inve-
