2231 3787
832 215 929 253 Lm.
967 216 1015 254 ΙΙ.

1081 216 1244 256 EPIST.
1279 218 1328 255 ll.

1904 219 2006 271 <363

247 342 491 396 Gaudent
529 343 828 398 scribentes
869 353 920 398 et
958 363 1017 397 se
1058 355 1384 399 venerantur
1423 356 1474 400 et
1514 347 1673 401 ultro.

245 445 296 498 Si
339 453 539 506 taceaS‚
583 445 800 499 laudant
838 446 1103 517 quidquid
1143 448 1411 518 scripsere
1451 449 1608 502 beati.

241 549 303 599 At
340 547 431 617 qui
471 547 764 618 legitimum
803 548 984 619 cupiet
1019 548 1214 603 fecisse
1254 556 1472 621 poema,

243 648 373 702 Cum
415 648 608 702 tabulis
648 649 883 702 animum
921 651 1163 705 censoris
1203 661 1378 706 sumet
1416 652 1654 717 honesti,

1910 655 2003 707 110

238 749 495 812 Audebit,
538 768 900 823 quaecunque
940 770 1132 823 parum
1171 753 1475 824 splendoris
1514 754 1790 809 habebunt

238 852 299 904 Et
336 852 452 905 sine
490 852 733 923 pondere
773 861 929 906 erunt
965 862 1018 907 et
1054 854 1260 908 honore
1302 855 1519 928 indigna
1556 857 1817 920 ferentur,

220 1004 328 1042 cret.
353 1003 392 1052 5,
418 1004 432 1042 ,1
445 1003 538 1043 053.
567 1024 611 1031 —
639 1003 731 1042 44⁵2.
751 1004 948 1054 feruntur
967 1004 1095 1043 bSEd
1126 1007 1170 1044 et
1199 1006 1355 1045 tertius
1387 1007 1613 1047 Schmidii.

164 1133 354 1185 maligne
391 1145 464 1174 me
495 1134 832 1187 reprehendere
869 1136 1047 1187 poterit,

164 1197 290 1247 quasi
321 1199 505 1248 propter
535 1197 723 1238 nimium
754 1198 915 1238 fastum
938 1199 1049 1238 reci-

164 1259 402 1300 tationibus
424 1258 704 1299 aemulorum
733 1271 937 1301 meorum
961 1272 1050 1301 non

162 1321 360 1362 adsim.»
420 1320 606 1362 Illustria
644 1324 795 1362 autem
826 1322 1045 1374 exempla,

161 1386 439 1436 quantopere
470 1385 624 1425 intenti
647 1396 746 1426 esse
770 1385 966 1426 debeant
987 1386 1050 1425 in-

162 1450 384 1499 terpretes
405 1459 620 1489 versuum
652 1459 886 1497 caesurae,
920 1460 1049 1500 prae-

1115 1137 1470 1179 versificatorum
1511 1140 1640 1180 turba
1676 1153 1808 1192 agere
1840 1154 2001 1195 super-

1114 1210 1363 1239 vacaneum
1394 1203 1533 1251 putat.
1584 1203 1708 1243 Adeo
1744 1206 1894 1245 autem
1927 1218 2000 1246 cu-

1114 1260 1254 1301 mulat
1284 1261 1594 1315 subtiliterque
1628 1266 1831 1307 enucleat
1865 1279 2000 1319 prae-

1114 1325 1243 1374 cepta
1275 1323 1382 1373 stili,
1417 1336 1532 1376 quae
1565 1326 1739 1377 dicunt,
1772 1330 1819 1368 ut
1839 1329 1907 1368 vel
1929 1331 1997 1371 his

1113 1386 1369 1427 mediocres
1390 1390 1545 1438 poetas
1563 1389 1619 1428 ad
1636 1389 1999 1442 desperationem

1112 1459 1251 1500 prope
1275 1448 1460 1499 redigat.
1495 1449 1761 1502 (Leyitiiiizcin
1780 1453 1910 1503 igitur
1931 1458 2000 1494 est

159 1509 270 1550 bent
290 1510 407 1560 Virg.
435 1512 510 1551 Ge.
535 1510 573 1559 3,
598 1511 698 1551 ⁶263:
732 1512 816 1550 Nec
836 1512 1048 1551 moritura
1102 1512 1261 1560 poema
1278 1513 1321 1550 et
1338 1512 1590 1553 inventione
1610 1516 1654 1553 et
1674 1516 1996 1566 compositione

158 1584 283 1623 super
311 1573 468 1612 crudeli
496 1573 645 1624 funere
663 1574 807 1624 viryo,
841 1573 918 1612 ubi
948 1572 1045 1624 ple—

158 1637 287 1687 rique
317 1636 504 1686 iungunt
532 1646 658 1685 super
686 1636 844 1676 crudeli
881 1637 1041 1687 funere,

159 1700 283 1739 recte
316 1700 469 1738 contra
491 1699 772 1750 XVagnerus:
804 1700 888 1738 Nec
917 1700 1045 1738 inori-

157 1766 258 1802 tura
285 1773 423 1812 super.
471 1763 546 1801 Ge.
571 1761 618 1809 4,
652 1761 755 1801 31¹6:
793 1763 904 1802 Unde
932 1773 1043 1801 nova

156 1825 366 1876 in97*essus
391 1825 604 1864 hominum
623 1825 885 1874 experientia
904 1824 1043 1875 cepit?

156 1886 234 1927 ubi
264 1886 380 1927 male
412 1886 609 1928 nonnulli
631 1888 814 1938 iungunt
833 1888 1043 1939 inqressus

156 1950 383 1991 hominum.

198 2013 292 2052 407.
313 2013 406 2052 108.
442 2012 634 2052 Gaudent
653 2012 884 2064 scribentes]
909 2015 1042 2053 Grae-

156 2085 207 2115 ca
229 2075 579 2122 constructione,
604 2066 803 2126 ἥδονται
823 2072 1040 2132 γράφον-

154 2149 244 2187 τες.
272 2160 317 2165 -
349 2148 390 2177 se
420 2138 690 2189 venerantur]
734 2148 809 2177 «se
847 2140 897 2177 ut
927 2138 1040 2177 divi-

154 2211 236 2240 nos
280 2201 436 2251 poetas
479 2198 704 2239 laudant.»
745 2223 789 2230 -
839 2201 1041 2250 quidquid

153 2263 355 2313 scripsere
371 2261 491 2314 beati]
512 2261 746 2313 Eleganter
761 2263 878 2303 hanc
895 2264 1038 2314 ipsam

153 2326 423 2366 sententiam
470 2327 689 2377 expressit
733 2325 928 2366 Catullus
958 2326 1035 2375 ⁶22,

155 2386 234 2428 44:
267 2388 379 2427 Idem
411 2387 643 2439 (Suffenus)
675 2389 853 2440 infaceto
883 2391 941 2427 est
969 2388 1038 2427 in-

152 2449 330 2501 facetior
346 2461 468 2499 rure,
500 2450 636 2489 Simul
656 2453 860 2500 poemata
880 2450 1034 2501 attiqit,

151 2523 284 2563 neque
312 2513 420 2551 idem
448 2523 637 2561 unquam
654 2512 792 2560 Aeque
819 2516 876 2551 est
897 2512 1039 2552 beatus

152 2586 204 2615 ac
226 2576 384 2625 poe'ma
412 2585 506 2613 cum
534 2574 702 2613 scribit:
745 2575 846 2613 Tam
883 2576 1038 2626 gaudet

150 2638 195 2677 in
224 2649 266 2678 se
294 2642 463 2685 tamque
491 2647 532 2677 se
559 2637 646 2686 ipse
672 2637 872 2677 miratur.

208 2698 409 2740 409-444.
455 2699 509 2738 At
543 2699 614 2749 qai
644 2699 873 2750 legitimum
901 2701 1037 2751 cupiet

151 2762 254 2814 cet.]
268 2760 416 2801 Stultis
432 2760 514 2801 illis
530 2760 737 2801 laudibus
750 2764 1036 2813 opponuntur

152 2835 309 2865 severa
328 2824 433 2863 artis
449 2826 705 2876 praecepta,
731 2824 893 2876 quibus
910 2826 1036 2866 satis-

150 2886 299 2927 facere
331 2885 467 2925 debet
495 2889 649 2938 poeta,
681 2888 731 2926 ut
760 2898 871 2939 opus
902 2899 1029 2928 suum

150 2949 380 3000 teqiamum
427 2948 584 2989 saltem
631 2960 795 2990 vocare
846 2951 1030 3000 audeat,

151 3010 352 3051 nondum
377 3010 639 3063 pulchrum,
674 3013 874 3053 nondum
895 3013 1035 3053 admi-

149 3073 304 3113 rabile.
339 3073 548 3113 Consulto
580 3075 700 3114 enim
730 3077 848 3115 tacet
877 3076 932 3115 de
965 3077 1033 3116 in-

150 3136 302 3187 genio,
336 3135 391 3174 de
415 3136 691 3185 inventione,
716 3137 770 3176 de
794 3137 908 3177 iusta
927 3148 1032 3188 par—

149 3199 260 3238 tium
281 3198 602 3249 compositione
617 3230 626 3247 ‚
651 3198 706 3238 de
729 3201 822 3239 arte
845 3200 1031 3241 affectus

150 3260 386 3310 movendi,
419 3262 550 3301 unice
576 3264 818 3314 praecepta
843 3263 952 3303 dans
974 3264 1029 3303 de

149 3323 391 3365 luminibus
422 3325 641 3365 sermonis
671 3336 723 3365 ac
753 3326 809 3365 de
836 3328 926 3365 toto
957 3337 1031 3377 ge-

152 3397 258 3427 nere
297 3387 488 3427 dicendi.
548 3387 764 3427 Nimirum
801 3387 857 3427 de
888 3390 1030 3428 maio-

151 3447 274 3489 ribus
292 3448 371 3489 illis
388 3450 479 3490 veri
496 3451 655 3501 poetae
672 3449 908 3490 virtutibus
926 3462 1029 3491 cum

1111 1575 1155 1613 et
1184 1575 1276 1612 toto
1308 1584 1472 1624 genere
1503 1575 1679 1616 dicendi
1702 1578 1807 1618 artis
1831 1578 1996 1629 regulis

1110 1639 1478 1678 consentaneum.
1515 1638 1639 1678 Conf.
1663 1642 1712 1679 A.
1739 1641 1783 1680 P.
1807 1640 1920 1691 274.)
1948 1664 1992 1669 —

1105 1699 1261 1751 fecisse]
1285 1695 1538 1757 ἀορίστως.
1575 1700 1637 1741 Cf.
1662 1702 1772 1753 Epp.
1794 1704 1832 1749 ll,
1859 1703 1925 1751 47,
1949 1704 1989 1742 5.

1114 1784 1157 1789 —
1184 1761 1285 1801 Cum
1306 1763 1470 1815 tabulis]
1503 1764 1680 1804 ceratis.
1717 1765 1856 1805 «Cum
1880 1767 1993 1805 scri-

1106 1822 1216 1863 bere
1254 1826 1428 1877 incipit,
1476 1824 1606 1865 simul
1645 1837 1748 1866 acre
1781 1827 1992 1866 iudicium

1108 1898 1321 1927 exercere
1360 1887 1497 1928 debet
1543 1888 1598 1927 de
1639 1888 1821 1939 singulis
1851 1901 1991 1941 prope

1106 1950 1281 1999 verbis,
1317 1950 1478 2002 quibus
1500 1952 1694 2000 utitur;»
1726 1954 1849 2002 grata
1872 1963 1992 1992 com-

1105 2013 1336 2063 paratione
1378 2024 1480 2053 cum
1519 2023 1686 2052 censore
1722 2014 1906 2063 honesto,
1947 2014 1990 2054 id

1106 2076 1194 2124 est,
1231 2076 1460 2125 «integro,
1495 2085 1626 2114 suum
1649 2075 1723 2125 qui
1751 2086 1914 2116 munus
1937 2087 1988 2116 ea

1105 2147 1193 2186 qua
1223 2147 1305 2187 par
1335 2137 1403 2175 est
1426 2137 1663 2176 severitate
1686 2138 1986 2188 exsequitur.»

1106 2199 1214 2237 Hinc
1247 2197 1381 2237 etiam
1413 2197 1569 2237 festiva
1592 2197 1750 2249 dilogia
1781 2199 1895 2239 inter
1925 2204 1989 2239 ta-

1103 2259 1221 2298 bulas
1251 2261 1295 2298 et
1325 2261 1521 2309 ceratas,
1564 2261 1608 2300 in
1639 2260 1802 2311 quibus
1834 2262 1988 2303 scribi-

1103 2333 1229 2371 mus,
1266 2324 1310 2362 et
1338 2323 1562 2362 censorias.
1592 2346 1636 2351 ——
1660 2323 1846 2376 Audebit]
1879 2327 1986 2366 «Fa—

1103 2384 1183 2425 cile
1216 2396 1240 2424 a
1271 2396 1319 2425 se
1350 2385 1631 2436 impetrabit,
1674 2385 1782 2426 falso
1811 2387 1985 2438 pudore

1101 2459 1191 2487 non
1220 2447 1504 2499 impeditus.»
1553 2447 1616 2488 Cf.
1641 2448 1751 2499 Epp.
1777 2450 1814 2498 4,
1844 2450 1882 2498 Ξ,
1908 2450 1983 2490 4οῑ

1100 2522 1247 2560 sapere
1277 2511 1398 2550 aude.
1447 2511 1591 2561 Atque
1622 2511 1685 2551 sic
1707 2513 1862 2551 Graeci
1883 2512 1986 2552 τολ-

1099 2571 1200 2628 μᾷν
1220 2574 1452 2625 usurpant.
1486 2572 1606 2613 Plato
1627 2575 1799 2614 Menex.
1823 2586 1866 2626 p.
1887 2575 1981 2616 ⁶245.

1101 2636 1160 2678 C:
1192 2632 1308 2686 τοὺς
1338 2635 1388 2676 ἐν
1413 2633 1470 2692 τῇ
1502 2630 1987 2692 ἠπείρῳτΕλληναςη

1099 2693 1241 2751 ἦμεῖς
1257 2692 1347 2738 οὐκ
1364 2691 1980 2750 ἐτολμήσαιιιεν-ἐκδόῦναι.

1103 2783 1148 2790 -
1180 2773 1337 2812 parum
1366 2761 1607 2812 splendoris]
1643 2760 1805 2801 «verba
1833 2762 1982 2803 hurni-

1098 2825 1176 2874 lia,
1224 2824 1426 2873 sordida,
1473 2835 1633 2875 parum
1671 2823 1897 2866 illustria.»
1934 2850 1978 2854 —

1097 2887 1316 2939 habebunt]
1363 2888 1524 2927 Futura
1569 2888 1753 2939 propter
1792 2899 1981 2939 praece—

1099 2951 1210 2991 dens
1241 2949 1406 2990 audebit
1433 2949 1576 3000 posita
1597 2952 1722 2998 sunt,
1755 2950 1840 2989 hac
1859 2950 1980 2990 vide-

1096 3012 1199 3053 licet
1242 3011 1587 3063 significatione:
1637 3023 1783 3063 «quae
1818 3023 1979 3064 parurn

1097 3073 1348 3126 splendoris
1378 3074 1461 3126 ipsi
1492 3073 1661 3114 habere
1691 3073 1975 3124 videbuntur,

1097 3137 1257 3177 eodem
1289 3139 1492 3188 tempore
1523 3136 1792 3177 amovebit.»
1824 3160 1869 3166 —
1893 3138 1980 3177 sine

1088 3199 1286 3251 pondere]
1322 3201 1561 3250 «gravitate
1592 3200 1786 3239 carentia
1815 3200 1859 3238 et
1888 3199 1979 3238 ina·

1096 3263 1211 3302 nia.»
1244 3266 1293 3302 A.
1319 3264 1364 3302 P.
1390 3262 1492 3302 320:
1531 3262 1691 3302 Fabula
1722 3261 1876 3299 nullius
1903 3272 1977 3300 ve—

1094 3326 1228 3374 neris,
1262 3325 1350 3365 sine
1364 3326 1548 3375 pondere
1569 3329 1606 3364 et
1626 3328 1732 3363 arte.
1757 3346 1800 3351 —-
1823 3324 1977 3363 honore

1093 3387 1282 3440 indigna]
1331 3387 1537 3438 «indigna
1590 3386 1807 3433 carmine,
1855 3385 1975 3436 quod

1093 3450 1300 3502 plausum
1321 3450 1405 3491 sibi
1435 3447 1668 3501 postulet.»
1696 3469 1739 3476 —
1773 3449 1973 3502 serentur]
