2231 3787
788 275 882 313 ΗΒ.
920 276 965 313 ll.

183 404 244 455 Et
283 402 479 473 placuit
517 404 638 465 sibi,
688 413 874 457 natura
916 404 1157 458 sublimis
1201 415 1251 459 et
1291 424 1441 470 acer,

1032 275 1191 315 El‘lS'l'.
1227 278 1254 315 l.

180 506 309 557 Nam
349 505 515 575 spirat
555 507 813 577 tragicum
853 507 981 560 satis
1021 517 1073 560 et
1112 507 1335 561 feliciter
1373 508 1558 570 audet,

179 606 284 659 Sed
327 614 536 677 turpem
576 616 723 678 putat
762 609 948 662 inscito
998 610 1293 681 metuitque
1334 610 1557 663 lituram.

181 707 449 769 Creditur,
493 726 558 762 ex
598 709 776 763 medio
816 711 943 781 quia
983 728 1070 764 res
1110 712 1356 774 arcessit,
1401 712 1601 767 habere

180 809 403 863 Sudoris
445 810 749 873 minimum,
796 811 893 865 sed
932 811 1093 866 habet
1134 814 1415 868 comoedia
1453 824 1595 869 tanto

221 986 312 1024 467.
346 985 507 1037 inscite]
543 985 728 1025 inscitiae
757 986 788 1025 E
823 986 923 1036 (sed
955 988 1227 1035 correctus).

1262 988 1300 1026 in
1332 990 1495 1038 scriptis
1524 1001 1637 1030 corr.
1671 992 1715 1040 h,
1750 1003 1877 1033 com-

164 1046 312 1099 plures
343 1048 557 1096 Pottierii,
592 1048 680 1088 duo
711 1048 944 1096 Schmidii,
978 1050 1088 1097 LCt,
1125 1050 1165 1087 in
1200 1049 1316 1088 libris
1352 1062 1466 1092 unus
1508 1065 1557 1093 ex
1596 1052 1700 1093 Coll.
1735 1055 1873 1101 Trin.‚

161 1111 332 1149 inscitus
361 1110 584 1151 Bentleius
616 1111 884 1151 coniectura.
921 1112 984 1160 (Ut
1015 1122 1109 1159 nos,
1144 1113 1217 1162 Sp,
1240 1114 1353 1165 γζκΛ,Ἰ

110 1260 309 1299 imitari.»
338 1283 381 1288 —
417 1260 468 1299 Et
483 1261 646 1311 placuit
666 1261 755 1312 sibi]
788 1261 992 1300 Refertur

108 1322 192 1362 hoc
237 1322 454 1373 imprimis
500 1323 553 1362 ad
600 1323 828 1372 ingentem
869 1321 988 1362 illum

111 1395 349 1424 numerum
387 1385 717 1436 tragoediarum
761 1387 881 1435 (sunt
911 1396 992 1424 au—

108 1448 199 1486 tem
231 1447 334 1486 Livii
357 1448 462 1495 XV„
496 1448 619 1487 Ennii
643 1448 806 1497 XXVI„
839 1448 991 1488 Naexii

107 1509 195 1557 IX„
215 1510 389 1548 Pacuvii
407 1510 551 1556 XVII„
572 1511 690 1549 Accii
708 1511 811 1557 LII.;
832 1520 990 1549 omnes

108 1572 270 1620 cmx„
319 1582 510 1622 quarum
542 1573 721 1612 nomina
752 1573 988 1622 novimus),

108 1645 221 1684 quae
274 1635 316 1674 in
367 1646 549 1675 scenam
594 1634 765 1674 delatae
816 1636 918 1675 sunt
967 1646 990 1673 a

108 1697 226 1736 Livio
264 1707 408 1747 usque
445 1697 500 1736 ad
536 1698 732 1737 Accium.
774 1720 818 1724 —
852 1697 989 1746 spirat

107 1760 314 1811 tragicum
331 1760 446 1810 satis]
483 1761 537 1799 «li
561 1761 678 1799 enim
700 1762 803 1799 sunt
822 1760 986 1798 Roma-—

108 1833 267 1861 norum
285 1823 476 1873 spiritus,
503 1834 551 1862 ea
571 1823 823 1861 animorum
842 1820 998 1870 elatio,.

107 1886 154 1923 ut
184 1885 330 1924 idonei
361 1886 447 1925 sint
477 1886 628 1935 generi
664 1885 830 1935 tragico
863 1895 993 1924 exco-

109 1947 261 1996 lendo,
295 1949 419 1988 cuius
451 1948 717 1999 praecipuus
742 1944 992 2005 χαρακτὴρ

109 2013 177 2051 est
206 2010 453 2050 sublimitas
477 2013 519 2049 et
546 2011 736 2061 gravitas
757 2011 992 2050 coniuncta

109 2084 210 2112 cum
235 2075 327 2112 arte
352 2072 538 2113 affectus
556 2072 822 2122 dolentium,
856 2073 992 2112 irato-

108 2146 222 2184 rum,
240 2134 575 2185 indignantium,
596 2135 826 2175 infeliciter
842 2147 994 2175 aman-

108 2200 218 2239 tium
248 2209 354 2238 vere
386 2201 518 2249 atque
542 2201 643 2250 apte
667 2199 989 2250 exprimendi.»

113 2285 156 2290 —
189 2262 324 2312 spirat
353 2261 576 2313 trayicum]
609 2263 657 2301 ut
687 2263 792 2301 Stat.
823 2260 923 2301 Silv.
949 2263 988 2312 5,

109 2323 157 2372 3,
197 2325 270 2363 4⁶2:
317 2324 449 2363 altum
490 2324 671 2374 spirans.
738 2325 806 2363 Sic
858 2325 991 2364 etiam

110 2387 278 2426 Graeci.
298 2385 506 2438 Aeschyl.
527 2387 712 2427 Eumen.
733 2386 828 2427 840:
853 2386 990 2427 Πνέω

110 2460 184 2489 τοι
211 2449 357 2502 μένος
387 2442 579 2488 ἅπαντα
606 2461 657 2489 τε
677 2446 838 2489 κότον.
867 2471 910 2478 -
935 2450 993 2501 fe-

110 2512 242 2552 liciter
284 2513 430 2562 audet]
476 2513 656 2563 Spectat
693 2523 780 2552 non
812 2514 904 2552 tam
935 2512 990 2552 ad

111 2576 407 2615 inventionem
452 2585 673 2614 novorum
703 2577 992 2625 argumento-

110 2649 208 2678 rum
230 2649 282 2677 ac
304 2648 598 2688 personarum
621 2637 678 2687 (in
699 2636 862 2688 quibus
882 2648 989 2677 sane

112 2700 381 2752 exemplaria
425 2711 504 2740 sua
549 2700 655 2740 satis
699 2711 854 2751 presse
894 2699 991 2752 ple-

111 2773 300 2814 rumque
321 2762 664 2814 sequebantur),
695 2773 830 2813 quam
852 2762 907 2801 ad
928 2761 991 2802 lu-

111 2826 229 2865 mina
250 2826 569 2865 sententiarum
594 2827 636 2865 et
656 2824 712 2864 ad
732 2825 879 2876 ipsum
900 2835 993 2864 ser-

111 2898 292 2927 monem
316 2888 378 2938 (A.
397 2890 442 2927 P.
458 2888 509 2927 56
521 2888 655 2938 sqq),
678 2888 720 2927 in
743 2898 831 2939 quo
853 2887 988 2928 multa

110 2951 394 2997 innovarunt,
425 2949 545 3000 quod
566 2949 620 2989 ad
644 2951 991 3002 compositiones

111 3013 302 3052 maxime
334 3011 593 3051 audaciores
624 3014 669 3051 et
698 3012 862 3053 formas
891 3024 991 3053 ver*

112 3074 272 3114 borum
311 3073 488 3121 attinet,
534 3075 583 3112 ut
620 3076 724 3114 sunt
753 3075 872 3125 apud
902 3077 990 3115 Ac-

114 3137 229 3177 cium
267 3135 553 3184 aeternabilis,
595 3136 875 3187 tabificabilis,
907 3138 990 3177 mi-

112 3198 352 3247 nitabiliter‚
374 3197 723 3247 indecorabiliter,
741 3200 988 3248 adauctare,

112 3262 408 3312 yrandaevitas
419 3293 432 3310 ,
455 3260 708 3310 squalicudo,
729 3262 988 3312 miseritudo,

111 3325 322 3374 maynitas
334 3355 348 3373 ,
397 3322 670 3363 inenodabilis
683 3355 698 3371 ,
747 3323 963 3373 famulitas
973 3356 987 3373 ‚

114 3383 288 3434 obsesse,
318 3389 525 3433 mertare,
568 3384 805 3436 orbificari,
836 3385 991 3435 9lobosi

114 3446 316 3497 turbines,
357 3451 633 3496 sanctescere,
674 3447 889 3496 vitisator,
922 3459 991 3487 ca·

110 3508 331 3561 prigenuS,
376 3510 582 3559 nitidare,
613 3509 988 3560 fallaciloquentia,

256 3585 406 3624 HoRAT.
434 3596 524 3624 v01„
553 3587 597 3625 ΙΙ.
649 3596 714 3622 m).
744 3595 827 3625 iim.
854 3586 915 3624 ΙΙΙ.

1055 1271 1161 1300 sane
1200 1262 1403 1312 pleraque
1448 1265 1550 1304 dure
1586 1267 1697 1305 dieta
1736 1279 1787 1317 μ’.
1822 1270 1931 1319 66.);

1055 1323 1189 1362 etiam
1234 1324 1498 1375 imaginibus
1541 1327 1753 1368 audacius
1801 1332 1936 1370 inter-

1055 1385 1161 1424 dum
1183 1389 1554 1437 repraesentatis.
1587 1388 1721 1428 veluti
1750 1402 1851 1431 cum
1875 1392 1937 1431 di-

1054 1448 1143 1486 xit:
1188 1449 1277 1487 Hac
1316 1449 1385 1488 ubi
1415 1461 1544 1489 curvo
1574 1451 1693 1491 litore
1722 1453 1934 1493 latratu

1058 1511 1175 1548 Unda
1204 1510 1276 1549 sab
1300 1512 1423 1550 undis
1442 1512 1630 1552 {abunda
1651 1516 1779 1562 sonit,
1813 1519 1855 1555 et
1878 1516 1933 1555 (le

1055 1573 1287 1623 Harpyiis:
1337 1575 1472 1613 Simul
1513 1580 1550 1614 ec
1593 1577 1751 1617 circum
1779 1589 1940 1630 massua,

1054 1635 1294 1674 sonantibus
1325 1637 1479 1676 Eoecita
1499 1640 1617 1677 sax-is
1636 1651 1762 1679 saeva
1782 1653 1937 1680 sonan-

1055 1698 1105 1736 do
1151 1697 1317 1748 Crepitu
1353 1699 1569 1750 clangyente
1607 1703 1939 1743 cachinnant

1057 1761 1300 1811 (monstra).
1322 1761 1384 1801 Cf.
1405 1763 1542 1802 Bothe
1560 1765 1680 1803 Poet.
1698 1766 1764 1804 Sc.
1780 1778 1823 1817 p.
1839 1767 1934 1806 ⁶235.

1059 1845 1102 1849 —
1137 1823 1217 1861 Sed
1248 1823 1352 1874 cet]
1399 1825 1600 1864 «Verum
1638 1827 1681 1865 in
1713 1838 1766 1867 eo
1798 1827 1937 1878 negli-

1056 1886 1279 1934 gentiores
1312 1888 1438 1926 erant
1458 1888 1608 1938 tragici
1630 1891 1783 1938 nostri,
1819 1892 1939 1941 quod

1055 1946 1226 1987 fabulas
1273 1959 1374 1988 suas
1421 1960 1509 1988 non
1555 1951 1660 1990 satis
1707 1950 1941 1992 elimarent

1055 2011 1188 2059 atque
1213 2009 1500 2061 expolirent.»
1526 2011 1650 2052 Idem
1672 2012 1826 2054 liturae
1848 2026 1940 2054 me-

1055 2074 1125 2111 tus
1170 2074 1351 2123 praeter
1394 2074 1585 2124 tragicos
1630 2073 1723 2114 aliis
1759 2087 1938 2128 quoquc

1054 2134 1197 2184 poetis
1230 2135 1390 2175 Latinis
1413 2136 1557 2184 infuit,
1591 2139 1638 2175 ut
1659 2136 1836 2177 Lucilio.
1873 2139 1935 2179 Cf.

1056 2197 1144 2235 Sat.
1171 2196 1208 2243 4,
1236 2197 1300 2244 40,
1326 2197 1378 2236 56
1395 2208 1494 2248 sqq.
1524 2221 1566 2226 —
1592 2200 1746 2251 inscite]
1780 2203 1939 2252 quate-

1055 2269 1139 2298 nus
1170 2260 1330 2309 partim
1361 2261 1442 2311 ipsi
1477 2271 1524 2301 se
1557 2263 1664 2302 satis
1694 2261 1843 2304 limato
1872 2265 1940 2306 di-

1056 2320 1185 2360 cendi
1215 2332 1379 2372 genere
1401 2323 1462 2362 uti
1484 2324 1799 2376 opinabantur,
1833 2338 1940 2378 par—

1056 2384 1132 2422 tim
1178 2384 1299 2435 quod
1345 2388 1621 2437 spectatores
1654 2388 1936 2440 lectoresque

1055 2447 1161 2497 quid
1192 2448 1339 2499 operis
1366 2449 1626 2500 perfectioni
1649 2454 1781 2503 atque
1803 2453 1938 2493 abso-

1054 2508 1205 2549 lutioni
1251 2510 1432 2554 deesset
1461 2513 1660 2553 nondum
1692 2517 1939 2567 perspicie-

1053 2572 1186 2622 bant3
1233 2576 1277 2616 in
1319 2577 1505 2626 scriptis,
1551 2579 1727 2618 tametsi
1759 2579 1939 2620 exhibet

1055 2635 1164 2676 Cod.
1194 2635 1347 2677 Bland.
1375 2639 1740 2690 antiquissimus,
1786 2643 1937 2682 tamen

1053 2709 1237 2751 prorsus
1282 2711 1666 2751 supervacaneum
1709 2706 1842 2743 esset.
1891 2727 1930 2733 —*

1054 2762 1240 2814 lituram]
1289 2764 1478 2803 Caecina
1524 2765 1565 2803 in
1607 2765 1695 2804 Cic.
1734 2766 1843 2817 Epp.
1881 2768 1937 2807 ad

1053 2825 1172 2865 Fam.
1198 2825 1238 2872 6,
1262 2825 1301 2873 7,
1327 2826 1342 2864 4
1363 2836 1370 2863 :
1403 2826 1598 2866 mendum
1626 2828 1862 2877 scripturae
1891 2829 1939 2868 li-

1053 2884 1152 2927 tura
1182 2887 1353 2926 tollitur.
1401 2887 1463 2927 Cf.
1496 2890 1545 2929 A.
1576 2890 1619 2928 P.
1645 2889 1739 2929 293.
1774 2891 1824 2929 V.
1849 2892 1935 2930 Re-

1053 2948 1148 2999 gel:
1180 2950 1361 2990 Diversa
1395 2951 1475 2990 VV.
1497 2951 1593 2991 DD.
1619 2952 1667 2991 cle
1694 2963 1741 2991 re
1770 2954 1936 3004 brassica

1053 3012 1337 3052 Romanorum
1366 3012 1523 3052 iudicia
1550 3013 1623 3053 sub
1652 3024 1830 3055 examen
1857 3027 1934 3055 vo*

1051 3078 1163 3114 cata.
1204 3075 1446 3126 Gottingae,
1480 3075 1601 3118 4834.
1643 3075 1681 3120 4.

1112 3202 1306 3243 468-472.
1348 3202 1541 3242 Creditur
1571 3203 1679 3254 cet]
1722 3204 1928 3251 «Verum,

1053 3276 1166 3316 quae
1187 3264 1302 3313 dico,
1336 3275 1424 3304 non
1448 3263 1593 3304 solum
1616 3265 1670 3304 de
1689 3263 1928 3314 tragoedia,

1053 3327 1132 3367 sed
1155 3327 1291 3367 etiam
1318 3325 1373 3365 de
1395 3327 1624 3366 comoedia
1643 3328 1835 3365 Romana
1858 3336 1932 3364 va-

1051 3387 1186 3428 lent.»
1209 3387 1273 3428 Cf.
1289 3389 1376 3428 sat.
1394 3388 1484 3436 4,4,
1501 3388 1551 3427 45
1568 3398 1666 3438 sqq.
1694 3410 1737 3414 —
1764 3398 1817 3426 ea:
1841 3399 1930 3426 me-

1053 3450 1134 3503 dio]
1168 3450 1303 3497 «Quia
1325 3452 1585 3500 argumenta
1607 3460 1660 3488 ex
1680 3449 1766 3488 vita
1789 3451 1930 3499 quoti-

1053 3511 1180 3552 diana
1202 3512 1334 3562 petita
1365 3513 1523 3550 tractat
1545 3543 1551 3557 ‚
1596 3510 1770 3551 videtur
1799 3512 1931 3551 mini-2
1954 3518 1957 3521 '

1605 3585 1649 3624 40
