2231 3787
195 233 297 284 786
1009 228 1224 269 HossATn

195 365 326 424 πρῶν
357 363 823 418 συγκεκαττυμένος,
856 361 938 401 καὶ
969 356 998 414 ἦ
1030 356 1178 410 ἀσπὶς
1208 359 1424 411 οἰσυίνη,
1459 357 1541 398 καὶ
1571 359 1760 414 χοιρίνη
1791 356 1897 413 περὶ
1917 358 2022 406 ταῖς

193 433 416 488 κνήμαις.
450 429 593 484 Ἵδοις
622 429 713 489 γὰρ
743 428 805 472 ἄν
835 427 1091 482 ἀφθόνους
1120 425 1373 478 τοιούτους
1393 428 1702 485 συγγραφέας
1721 424 1809 467 τοῦ
1834 422 2021 467 Ῥοδίου

192 502 439 545 κολοσσοῦ
484 500 572 557 τὴν
617 499 838 555 κεφαλὴν
882 498 1109 541 ναννώδει
1148 496 1339 552 σώματι
1372 497 1696 548 ἐπιτιθέντας·
1743 491 1923 547 ἄλλους
1961 490 2025 537 αὖ

189 570 397 629 ’Ζῆιιῑταλιν
440 569 666 624 ἀκέφαλα
706 569 763 613 τὰ
796 569 1001 623 σώματα
1031 567 1316 623 εἰσάγοντας
1345 567 1471 609 κτλ.»
1507 570 1640 609 HAtm.
1702 569 1782 608 Vix
1813 567 2024 619 equidem

193 646 415 694 adducor,
447 647 496 684 ut
527 644 710 685 credam
742 643 784 681 in
816 643 883 681 his
916 642 1080 681 Horatii
1111 641 1402 680 imitationem
1433 640 1674 686 contineri,
1722 638 1804 678 sed
1832 639 2022 689 uterque

192 718 269 757 aut
313 715 488 755 fortuito
531 715 576 753 in
607 712 762 753 similia
794 711 1004 752 incidisse
1036 712 1112 750 aut
1141 710 1262 750 idem
1294 712 1513 750 Graecum
1544 707 1772 760 exemplar
1801 708 2024 759 antiquius

194 788 374 828 secutus
420 795 519 824 esse
560 783 667 822 mihi
707 782 906 830 videtur,
955 781 1143 822 fortasse
1174 779 1404 820 Platonem
1435 781 1478 819 in
1508 779 1711 819 Phaedro
1751 790 1794 831 p.
1831 777 1926 819 264.
1963 777 2019 818 C:

196 854 314 897 Τόδε
358 867 408 908 γε
453 850 590 905 οἶμαι
628 865 683 892 σε
727 849 881 901 φάναι
911 846 999 901 ἄν,
1048 849 1146 891 δεῖν
1177 848 1334 891 πάντα
1365 847 1507 904 λόγον
1539 842 1700 906 ὥσπερ
1731 846 1852 900 ζῶον
1883 859 2025 888 συνε-

193 923 365 966 στάναι
403 921 545 976 σῶμά
586 934 630 961 τι
667 916 844 970 ἔχοντα
885 917 1034 962 αὐτὸν
1072 917 1248 969 αὑτοῦ,
1292 914 1416 961 ὥστε
1454 919 1578 973 μήτε
1616 914 1866 969 ἀκέφαλον
1904 914 2025 960 εἶναι

193 993 316 1049 μήτε
354 989 535 1043 ἄπουν,
574 987 695 1032 ἀλλὰ
734 992 864 1045 μέσα
895 1004 943 1031 τέ
971 986 1101 1040 ἔχειν
1131 993 1214 1032 καὶ
1243 985 1393 1049 ἄκρα,
1435 991 1655 1052 πρέποντ’
1688 984 1914 1043 ἀλλήλοις
1943 990 2024 1030 καὶ

197 1064 259 1120 τῷ
292 1060 387 1120 ὅλῳ
417 1063 740 1121 γεγραμμένα.

743 1326 1364 1374 ExcURSUS
1419 1329 1492 1373 11.

871 1449 924 1477 AD
955 1440 1004 1477 A.
1038 1439 1083 1478 P.
1117 1448 1160 1477 v.
1194 1438 1240 1477 24
1278 1448 1345 1489 sq.

306 1530 438 1579 coepit
456 1526 631 1578 institui]
653 1526 791 1566 Docte
815 1524 870 1564 de
892 1524 978 1564 hac
1000 1523 1332 1564 constructione
1356 1524 1444 1574 egit
1460 1523 1753 1575 Nipperdeius
1774 1524 1816 1563 in
1840 1524 2023 1574 Quaestt.

198 1600 366 1640 Caesar.
400 1609 444 1650 p.
471 1597 537 1637 49.
569 1597 637 1636 his
668 1595 847 1635 verbis:

307 1669 382 1709 «C.
408 1669 474 1717 42,
498 1667 514 1706 4
555 1665 672 1718 (Bell.
703 1665 812 1716 Afr.)
844 1663 1032 1716 legimus
1056 1664 1199 1715 pulvis
1227 1664 1373 1715 inqens
1401 1663 1582 1713 conspici
1611 1667 1777 1713 coeptus
1806 1667 1863 1703 est
1892 1664 1937 1703 et
1956 1663 2024 1711 82,

194 1740 219 1780 2
251 1750 346 1779 eum
380 1739 489 1778 idem
526 1749 554 1776 a
584 1736 778 1787 pluribus
816 1736 1097 1775 animadverti
1133 1738 1321 1784 coeptum
1358 1737 1487 1773 esset:
1533 1735 1666 1784 atque
1697 1733 1756 1773 ita
1788 1733 1954 1773 Caesar
1983 1735 2029 1773 et

193 1809 357 1849 Hirtius
388 1819 569 1860 semper
600 1806 830 1855 dixerunt,
871 1806 1027 1845 Cicero
1060 1815 1239 1856 quoque
1269 1805 1452 1856 praeter
1480 1814 1621 1843 unum
1650 1802 1802 1843 locum
1831 1803 1958 1843 Tusc.
1985 1804 2024 1851 4,

195 1878 271 1928 43,
305 1878 357 1918 29
387 1878 455 1918 sed
484 1878 557 1927 qui
584 1877 770 1916 nondum
799 1887 869 1925 ea,
904 1886 1011 1925 quae
1039 1875 1179 1914 multis
1193 1879 1288 1925 post
1307 1875 1430 1914 annis
1450 1874 1628 1914 tractari
1649 1873 1890 1923 coepissent,
1917 1873 2028 1923 phy-

193 1950 281 1989 sica
324 1948 577 1996 didicissent,
627 1946 682 1986 de
720 1957 807 1997 quo
849 1945 1146 1985 dubitandum
1174 1944 1374 1994 videtur,
1427 1945 1507 1985 etsi
1538 1944 1693 1996 optimi
1724 1943 1889 1983 codicis
1919 1942 2029 1994 regii

193 2023 380 2059 tractare
424 2017 526 2057 ferri
569 2017 765 2068 nequit.»
813 2015 1047 2067 (Scribitur
1087 2027 1206 2056 nunc
1241 2015 1297 2056 de
1329 2015 1532 2066 Madvigii
1563 2016 1817 2055 coniectura
1848 2014 2030 2054 tractari

194 2093 341 2139 coepta
368 2087 497 2139 sunt.)
562 2087 673 2126 «Sed
703 2087 818 2126 hanc
848 2086 1038 2126 formam
1070 2085 1291 2126 habemus
1321 2086 1393 2125 hic
1425 2083 1542 2137 (Bell.
1566 2084 1672 2135 Afr.)
1705 2085 1773 2135 27,
1797 2085 1821 2124 2
1852 2095 1947 2124 cum
1976 2075 2028 2124 ab

195 2158 452 2199 adversariis
480 2158 640 2207 lapides
666 2157 776 2195 mitti
805 2156 1028 2206 coepissent
1059 2157 1102 2195 et
1122 2156 1198 2206 82,
1223 2155 1248 2196 4
1278 2156 1401 2207 siqna
1429 2156 1473 2195 in
1496 2156 1652 2195 hostem
1673 2165 1842 2205 coepere
1860 2155 2024 2207 inferri,

195 2231 329 2280 atque
373 2229 431 2267 ita
476 2227 754 2279 scripserunt
798 2226 937 2266 Varro
984 2226 1039 2266 de
1080 2237 1128 2265 re
1160 2227 1269 2266 rust.
1303 2225 1350 2275 3,
1387 2226 1460 2275 49,
1495 2226 1560 2265 42.
1609 2223 1767 2265 Salust.
1802 2223 1924 2265 Catil.
1959 2225 2024 2266 42.

196 2301 287 2350 lug.
318 2299 384 2338 94.
409 2298 482 2347 96,
530 2297 675 2336 Livius
709 2298 753 2336 et
782 2295 1015 2336 inferiores
1047 2306 1197 2347 saepe.
1257 2296 1419 2336 Contra
1450 2297 1722 2347 antiquiores
1754 2296 2024 2344 constanter,

198 2367 320 2420 quod
350 2368 510 2418 sciam,
545 2367 753 2407 dixerunt
782 2367 915 2417 coepit
940 2367 1052 2419 fieri,
1096 2377 1200 2406 cum
1229 2367 1316 2407 hoc
1346 2366 1486 2406 verbo
1518 2378 1608 2407 non
1638 2368 1687 2406 ut
1714 2367 1915 2419 passiVO,
1947 2365 2028 2406 sed

196 2440 245 2478 ut
276 2438 519 2490 deponenti
548 2438 808 2477 uterentur:
853 2437 926 2477 hic
957 2436 1119 2477 eadem
1150 2437 1399 2477 constantia
1428 2437 1606 2488 ponitur
1636 2441 1825 2487 coeptum
1854 2440 1911 2476 est
1935 2436 2030 2488 fieri

200 2508 288 2558 (69,
323 2508 362 2548 3.
396 2508 469 2557 78,
508 2507 580 2558 4),
628 2507 749 2559 quod
794 2508 913 2547 Livio
958 2506 1173 2547 familiare
1215 2508 1283 2548 est
1315 2506 1407 2558 (24,
1441 2506 1507 2547 47.
1542 2506 1609 2546 49.
1642 2507 1716 2555 25,
1751 2506 1816 2547 34.
1849 2507 1924 2556 27,
1956 2505 2024 2546 42.

199 2576 270 2627 34,
303 2577 370 2617 23.
406 2577 475 2628 37,
514 2576 624 2628 48).»

725 2818 1338 2865 EXCURSIJS
1396 2819 1498 2864 111.

847 2938 901 2966 AD
931 2929 980 2967 A.
1014 2929 1060 2967 P.
1094 2937 1163 2967 vv.
1198 2925 1375 2967 43-46.

314 3012 406 3051 Dici
437 3012 507 3050 vix
538 3013 710 3062 potest,
745 3014 854 3063 quot
884 3012 1124 3062 quantique
1157 3022 1334 3051 errores
1360 3012 1404 3051 in
1425 3011 1493 3052 his
1514 3011 1718 3052 versibus
1741 3010 2027 3063 explanandis

206 3084 249 3122 et
279 3079 602 3122 constituendis
634 3080 689 3120 ab
721 3080 1040 3133 interpretibus
1063 3081 1289 3121 commissi
1321 3082 1420 3121 sint.
1472 3081 1732 3122 Memorabo
1762 3082 2027 3134 praecipuos

207 3151 451 3191 dumtaxat.
502 3151 611 3190 Sunt
641 3150 918 3200 etiamnunc,
953 3151 1026 3201 qui
1058 3153 1122 3190 sic
1154 3150 1447 3202 distinguant:

539 3220 587 3259 Ut
614 3219 702 3259 iam
730 3231 841 3259 nunc
871 3221 1004 3269 dicat,
1037 3221 1125 3260 iam
1154 3232 1263 3260 nunc
1293 3221 1482 3262 debentia
1510 3221 1591 3262 diei

536 3290 738 3339 Pleraque
767 3289 934 3340 differat
968 3290 1079 3337 cet.;

207 3359 436 3413 tripliciter
464 3362 613 3401 autem
645 3361 898 3411 exponunt:
948 3359 984 3409 4)
1019 3361 1094 3401 «Ut
1123 3371 1241 3399 nunc
1272 3360 1417 3411 ipsum
1448 3359 1593 3409 dicat,
1628 3371 1743 3411 quae
1772 3361 2026 3401 necessario

211 3431 294 3469 dici
327 3429 513 3477 debent,
562 3428 695 3469 multa
736 3430 885 3469 tamen
927 3440 1067 3480 aeque
1101 3429 1308 3469 debentia
1340 3429 1425 3469 dici
1456 3429 1628 3469 differat
1657 3431 1699 3470 in
1729 3431 2025 3482 praesentia.»
