2231 3787
229 235 295 286 82

860 231 1073 271 HORATII
1106 229 1407 271 SATIRARUM

294 367 370 417 Ne
410 380 671 434 sequerer
710 360 987 422 moechas,
1031 375 1292 413 concessa
1332 376 1453 412 cum
1492 375 1690 412 venere
1730 359 1802 411 uti

297 469 543 520 Possem:
583 464 846 535 Deprensi
887 480 991 515 non
1029 461 1170 515 bella
1209 469 1289 514 est
1327 461 1465 515 sama
1505 459 1759 522 Treboni,

294 567 495 621 Aiebat.

573 566 823 636 Sapiens,
866 564 1031 617 vitatu
1070 562 1310 634 quidque
1351 563 1519 634 petitu

1937 561 1956 614 1
1973 561 2037 614 15

293 669 369 722 Sit
408 667 624 728 melius,
668 684 861 720 0311535
901 663 1092 719 reddet
1129 663 1249 717 tibi:
1290 664 1361 716 mi
1401 664 1530 717 satis
1569 672 1674 725 est,
1718 665 1762 716 si

293 769 563 823 Traditum
602 768 669 822 31)
710 767 942 839 antiquis
982 783 1190 819 morem
1229 783 1447 819 servare
1489 774 1770 836 tuamque,

291 873 429 924 Dum
468 869 706 924 custodis
746 887 904 940 egeS,
947 869 1109 921 vitam
1148 867 1453 940 famamque
1492 868 1629 921 tueri

293 972 617 1026 lncolumem
656 988 904 1042 possum,
949 969 1106 1023 simul
1147 987 1210 1024 ac
1249 970 1524 1024 duraverit
1562 979 1709 1024 aetas

291 1073 526 1126 Membra
553 1073 897 1143 animumque
921 1080 1085 1134 tuum,
1116 1071 1270 1125 nabis
1299 1072 1414 1126 sine
1444 1072 1658 1126 cortice.
1701 1071 1788 1125 Sic
1815 1089 1900 1124 me
1941 1070 2041 1123 4⁶20

289 1174 571 1228 Formabat
608 1192 838 1245 puerum
878 1174 1058 1236 dictiS,
1102 1184 1154 1227 et
1194 1174 1306 1227 sive
1346 1173 1593 1235 iubebat,

290 1277 350 1331 Ut
386 1276 621 1330 facerem
659 1275 820 1347 quid:
865 1275 1044 1329 Habes
1087 1284 1388 1338 auctorem,
1431 1294 1540 1347 quo
1582 1276 1745 1330 facias
1783 1275 1909 1337 hoc,

288 1379 459 1433 Unum
499 1396 565 1431 ex
603 1376 872 1431 iudicibus
917 1376 1131 1430 selectis
1172 1377 1493 1442 obiiciebat3

289 1480 411 1533 Sive
452 1479 689 1533 vetabat:
732 1481 808 1532 An
848 1478 951 1532 hoc
990 1478 1332 1531 inhonestum
1371 1487 1423 1532 et
1461 1478 1643 1532 inutile
1683 1479 1822 1533 factu

285 1583 462 1634 Necne
503 1581 599 1643 sit,
642 1580 955 1643 addubiteS,
997 1579 1186 1651 flagret
1224 1598 1441 1634 rumore
1481 1580 1622 1634 malo
1663 1598 1786 1635 cum

1938 1581 2042 1635 425

288 1683 384 1736 Hic
424 1691 584 1753 atque
626 1681 754 1735 ille?
792 1681 992 1736 Avidos
1032 1681 1267 1736 vicinum
1305 1682 1462 1735 sunus
1503 1691 1555 1736 et
1594 1700 1786 1754 aegros

332 1849 418 1887 119.
446 1849 605 1897 possim
643 1848 691 1886 Lt
735 1848 835 1898 (11011
865 1846 1044 1899 bScdp).
1072 1872 1116 1876 —

1152 1848 1243 1888 423.
1277 1848 1411 1887 electis
1438 1859 1466 1899 p
1490 1850 1534 1887 et
1563 1849 1738 1899 septem
1769 1850 1977 1889 Pottierii.

280 1934 323 1938 —
357 1910 553 1950 obiciebat
583 1910 625 1949 (1.
664 1931 706 1936 -
744 1909 836 1950 124,
868 1911 1027 1961 sactum
1050 1910 1139 1950 bed
1162 1912 1265 1962 (non
1295 1910 1383 1961 Sp).
1411 1931 1454 1937 —
1482 1911 1574 1950 4⁶25.
1609 1922 1665 1950 au
1693 1911 1849 1951 dubites
1869 1912 1911 1951 d.
1940 1934 1984 1940 —

273 1973 386 2012 malo
425 1972 545 2024 cum]
593 1973 799 2012 malorum
843 1971 887 2012 b.
925 1996 968 2000 —
1011 1973 1105 2013 426.

275 2035 450 2087 aliique.

218 2161 384 2201 Scetani
413 2161 483 2199 vix
514 2171 710 2211 unquam
742 2162 1001 2212 corruptum
1024 2171 1098 2200 es-

219 2227 300 2265 set.
334 2225 396 2263 De
418 2224 631 2262 Scantinio
654 2221 893 2273 Go'ttlingii,
926 2224 994 2262 cui
1016 2234 1099 2262 me-

218 2287 354 2326 retr-ia:
383 2296 542 2337 parum
571 2284 862 2336 probabiliter
884 2288 950 2325 est
973 2297 1099 2325 scor-—

219 2351 313 2388 tum
356 2346 506 2395 virile,
556 2346 639 2385 vid.
682 2348 841 2386 Baiteri
887 2347 980 2386 Ind.
1015 2349 1100 2387 Le-

220 2420 325 2461 gum
362 2420 405 2460 p.
441 2408 533 2448 259.
579 2432 623 2437 —-
667 2420 858 2448 concessa
885 2432 909 2438 -
938 2410 1096 2459 venere]

219 2469 529 2511 meretricibus
550 2470 878 2511 honestioribus
897 2482 950 2511 ex
971 2481 1096 2511 more

221 2533 457 2572 iuventutis
474 2534 712 2571 Romanae.
738 2534 980 2584 Opponitur
996 2534 1100 2573 huic

221 2596 373 2635 veneri
401 2606 441 2632 v.
467 2595 561 2633 4114.
596 2595 730 2643 turpis
760 2606 881 2633 amor
908 2596 1102 2634 meretri-

222 2658 298 2704 cis,
339 2658 521 2707 propter
551 2654 769 2696 luxuriem
799 2668 851 2697 ac
882 2658 1102 2708 rapacita-

224 2723 315 2758 tem
355 2717 565 2757 famosae.
604 2739 647 2745 —
685 2719 868 2770 Treboni]
908 2718 1101 2770 alioquin

226 2780 372 2831 ignoti.
410 2802 454 2806 ——
488 2780 717 2832 duraverit]
753 2780 1103 2820 «corroborave-

227 2843 303 2890 rit,
351 2842 721 2881 confirmaverit.»
782 2843 898 2893 Virg.
944 2844 1018 2882 Ge.
1052 2842 1100 2892 3,

228 2905 330 2943 257:
372 2904 562 2942 humeros
591 2905 645 2943 ad
673 2905 846 2944 volnera
877 2906 1018 2944 durat.
1057 2928 1100 2933 —-

228 2967 314 3005 sine
360 2965 531 3016 cortice]
583 2966 707 3006 ohne
752 2963 903 3006 K'ork.
964 2966 1102 3006 Plaut.

230 3026 370 3068 Aulul.
404 3026 449 3075 4,
486 3029 532 3076 4,
567 3029 611 3067 9:
662 3030 790 3079 Quasi
826 3029 988 3079 pueris,
1036 3029 1108 3078 qui

231 3101 334 3129 nare
363 3090 544 3138 discunt,
580 3091 741 3140 scirpea
771 3092 959 3130 induitur
985 3092 1106 3139 ratis,

235 3153 314 3203 Qui
344 3150 529 3190 laborent
558 3153 712 3202 miuus,
751 3153 917 3203 facilius
944 3158 989 3192 ut
1014 3157 1111 3192 nent

232 3218 270 3255 et
305 3217 498 3254 moveant
535 3225 697 3253 manus.
734 3237 778 3243 —
811 3215 1011 3254 iudicibus
1045 3227 1109 3255 se-

233 3277 357 3329 lectis]
397 3277 431 3316 A
468 3278 672 3327 praetore
714 3276 884 3316 urbano
915 3289 966 3316 ex
1012 3276 1108 3328 lege

1152 1973 1250 2013 ille?
1298 1975 1414 2013 Vides
1441 1971 1625 2027 ρ,γιξω,
1660 1976 1760 2014 0010
1791 1975 1984 2015 Pottierii

1161 2163 1202 2200 et
1242 2161 1428 2202 tribunis
1467 2163 1647 2201 aerariis
1687 2162 1856 2202 iudices
1885 2172 2038 2202 rerum

1161 2223 1411 2275 capitalium
1453 2223 1765 2275 seligehantur.
1838 2225 1926 2265 Cic.
1960 2236 2040 2276 pro

1164 2285 1334 2325 Cluent.
1359 2285 1436 2334 43,
1471 2287 1570 2325 wi:
1603 2288 1821 2326 Praetores
1849 2287 2003 2327 urbani
2021 2310 2044 2316 -

1160 2349 1292 2387 iurati
1337 2348 1479 2388 debent
1522 2350 1724 2399 oplimum
1764 2361 1963 2399 quemque
1999 2350 2043 2389 in

1160 2412 1324 2451 selectos
1358 2411 1514 2451 iudices
1550 2412 1722 2463 referre.
1781 2413 1922 2453 Metro
1964 2412 2045 2451 ad-

1160 2474 1367 2513 versatur
1395 2474 1542 2513 electis.

1219 2595 1420 2636 424-443.
1463 2597 1527 2636 Au
1556 2598 1630 2637 hoc
1660 2599 1764 2652 cet]
1798 2598 2040 2642 Construe:

1161 2658 1225 2698 An
1254 2659 1468 2698 addubites
1490 2660 1559 2710 (an
1580 2661 1725 2711 possis
1746 2660 1816 2701 vel
1847 2660 2045 2713 aliquan—

1164 2719 1304 2759 tulum
1344 2720 1578 2772 dubitare),
1624 2723 1774 2762 utrum
1812 2724 1886 2764 hoc
1925 2726 2045 2766 inho-

1163 2786 1322 2822 nestum
1360 2784 1412 2822 sit
1450 2784 1604 2823 necue?
1647 2796 1758 2825 non:
1798 2786 2041 2839 Addubites,

1165 2856 1222 2883 an
1258 2845 1351 2895 (pro
1388 2845 1548 2897 utrum)
1585 2847 1660 2886 hoc
1698 2847 1956 2889 inhonestum
1994 2852 2046 2892 sit

1164 2906 1326 2946 necne?
1395 2907 1543 2957 (Hand
1594 2909 1717 2949 Turs.
1764 2911 1796 2950 Ι.
1843 2922 1886 2962 p.
1934 2912 2041 2953 340:

1168 2970 1312 3008 «Haec
1350 2970 1631 3010 Heindorfius
1671 2982 1758 3011 non
1799 2972 2043 3014 intellexit»

1169 3030 1431 3083 (explican52
1468 3034 1617 3074 Utrum
1647 3035 1732 3074 hoc
1762 3035 2046 3078 inhonestum

1169 3095 1244 3142 sit,
1278 3095 1474 3144 110011οῨ).
1511 3096 1644 3135 «Sunt
1665 3097 1783 3137 enim
1803 3098 1886 3138 ista
1906 3098 2046 3139 verba

1169 3166 1192 3194 e
1223 3166 1431 3196 sermone
1468 3159 1769 3210 praeceptoris
1809 3159 2045 3212 desumpta

1170 3229 1370 3268 nexaque
1402 3218 1495 3259 aliis
1525 3221 1598 3269 iis,
1632 3232 1746 3271 quae
1769 3222 2041 3261 omittuntur.

1168 3279 1230 3318 An
1267 3282 1335 3320 est
1372 3280 1414 3320 id
1451 3282 1569 3331 quod
1601 3286 1675 3322 auc
1704 3285 1827 3323 extra
1855 3284 2046 3323 interro-

236 3338 408 3378 Aurelia
448 3349 487 3377 a.
520 3349 560 3377 u.
597 3349 635 3377 c.
670 3337 763 3378 684.
800 3350 851 3378 eo
894 3341 1106 3390 tempore,
1171 3341 1413 3391 gationem;
1446 3345 1751 3395 vertendaque
1783 3344 1894 3384 haec
1916 3347 2041 3386 sunt:

238 3411 325 3450 quo
389 3399 649 3440 adolescens
715 3402 809 3440 erat
877 3401 1107 3451 Horatius,

1171 3405 1268 3443 oder
1295 3406 1491 3457 zweifelst
1520 3408 1618 3447 du.»
1676 3409 1739 3447 lta
1761 3410 1805 3447 et
1832 3408 2045 3459 Reisigius

241 3463 430 3503 CCCLX.
465 3475 517 3503 ex
548 3462 847 3512 senatoribus,
890 3464 1110 3514 equitibus
1172 3466 1261 3506 Lat.
1295 3468 1514 3518 Sprachw.
1542 3481 1583 3522 p.
1607 3469 1699 3510 477.
1761 3471 1900 3509 Nemo
1935 3470 2038 3517 iam,
