2231 3787
876 336 971 375 rin.
1008 337 1056 375 11.
1118 337 1229 377 SAT.
1264 340 1331 377 111.
1930 340 2032 393 ‘0245

273 466 425 517 Forte
468 464 641 517 minus
683 464 922 536 locuples
973 485 1086 519 uno
1129 469 1427 538 quadrante
1466 471 1717 540 perisset,

269 567 390 636 lpse
431 566 704 620 videretur
742 567 841 620 sibi
883 568 1130 639 nequior:
1174 571 1347 623 omnis
1387 571 1529 624 enim
1570 590 1682 634 reS‚

272 668 469 730 Virtus,
518 668 680 731 sama,
724 669 919 731 decus„
975 669 1154 724 divina
1192 675 1538 744 humanaque
1576 673 1815 745 pulchris
1964 677 2031 729 95

270 769 478 822 Divitiis
518 779 732 840 parent:
775 789 911 842 quas
951 772 1042 843 qui
1080 775 1461 836 construxerit,
1505 774 1590 828 ille

274 869 461 924 Clarus
500 871 626 929 erit.
671 872 840 935 sortiS,
886 874 1071 927 iustus.
1150 875 1493 946 Sapiensne?
1533 877 1729 939 Etiam,
1774 887 1826 933 et
1865 897 1960 934 rex

271 973 332 1025 Et
373 972 636 1045 quidquid
678 973 837 1028 volet.
919 977 1055 1038 Hoc,
1098 976 1260 1030 veluti
1300 977 1492 1031 virtute
1530 988 1795 1049 paratum.

271 1075 517 1145 Speravit
556 1094 781 1147 magnae
820 1076 965 1130 laudi
1007 1077 1134 1131 fore.
1213 1078 1355 1142 Quid
1396 1079 1568 1134 simile
1610 1081 1693 1134 isti

269 1177 509 1231 Graecus
549 1178 886 1249 Aristippus?
926 1179 1017 1250 qui
1063 1196 1251 1232 servos
1291 1181 1558 1250 proiicere
1599 1200 1789 1236 aurum
1926 1185 2028 1239 400

308 1328 374 1368 93.
402 1329 562 1378 periret
592 1330 643 1376 S,
686 1327 809 1368 multi
846 1329 1059 1378 Pottierii‚
1101 1332 1118 1368 t
1156 1332 1198 1369 et
1236 1329 1480 1379 Bentleius‚
1524 1334 1597 1383 qui
1639 1335 1788 1374 tamen
1817 1339 1976 1387 postea

254 1391 519 1443 improbavit
541 1392 656 1431 hanc
679 1391 778 1431 lect.
804 1404 827 1431 a
850 1403 897 1432 se
915 1393 957 1432 in
980 1394 1189 1432 contextu
1210 1392 1426 1433 relictam.
1464 1395 1525 1444 (Ut
1547 1407 1626 1435 nos
1647 1395 1832 1451 bcp,yz‚
1866 1399 1973 1439 Cod.

257 1455 445 1506 Franeq.
481 1456 524 1494 et
554 1455 729 1506 septem
761 1456 985 1506 Pottierii.)
1022 1480 1066 1485 —
1101 1456 1167 1496 96.
1201 1458 1465 1496 const-amerit
1489 1456 1597 1511 byn
1621 1470 1750 1499 «cum
1771 1462 1979 1511 quattuor

253 1516 390 1557 aliis.»
418 1541 460 1546 -
487 1518 553 1557 97.
576 1518 822 1568 sapiensque
852 1530 890 1567 c,
924 1519 1087 1568 sapiens
1117 1530 1231 1558 corr.
1262 1519 1322 1558 bs
1356 1521 1495 1569 (erasa
1524 1519 1620 1571 syll.
1646 1532 1694 1561 ne
1715 1525 1789 1561 aut
1818 1524 1910 1574 que)
1933 1526 1977 1563 et

254 1578 376 1619 multi
409 1580 631 1629 Pottierii,
667 1582 791 1620 cuius
834 1583 1007 1633 septem
1040 1581 1217 1621 firmant
1247 1581 1347 1621 lect.
1381 1583 1611 1633 sapiensne.
1657 1607 1701 1613 ——
1744 1586 1870 1625 eliam
1897 1598 1977 1626 rex

252 1644 444 1683 Pottierii
468 1643 554 1683 duo
578 1645 621 1683 et
645 1654 699 1683 ex
720 1642 812 1684 aliis
835 1645 876 1683 F.
898 1667 940 1672 —
962 1644 1027 1684 98.
1051 1645 1219 1684 velutin
1234 1645 1386 1684 virtute
1406 1657 1449 1697 p.
1473 1668 1517 1674 —
1539 1646 1632 1686 400.
1661 1648 1856 1697 proicere
1870 1648 1972 1689 bSc.

197 1770 328 1812 gare,
375 1761 423 1799 ut
454 1759 598 1800 solent
635 1761 780 1812 patrui
812 1760 997 1802 fratrum
1028 1761 1080 1801 li-
1144 1773 1197 1801 ex
1219 1763 1437 1802 sententia
1459 1764 1638 1804 maioris
1667 1765 1901 1806 hominum
1932 1776 2031 1818 par-

196 1822 331 1863 beros
371 1823 572 1875 asperius
609 1825 799 1863 tractare
832 1835 966 1875 quam
998 1835 1080 1875 pa-

198 1887 288 1925 tres
320 1885 444 1936 ipsi.»
480 1907 527 1913 —
570 1897 621 1925 ne
650 1887 704 1924 sis
740 1891 924 1936 patruus
962 1887 1076 1938 mihi]

198 1948 284 1988 Csr.
309 1948 396 1987 Sat.
422 1948 469 1996 2,
494 1948 540 1996 2,
566 1948 617 1987 97
639 1960 646 1986 ;
678 1949 842 1988 Iratum
854 1953 1074 1999 patruum.

200 2032 243 2038 —
279 2010 408 2050 Credo
439 2010 541 2061 cet]
583 2009 860 2051 «Staberium
904 2012 990 2052 hoc
1034 2013 1078 2051 in

195 2074 464 2113 testamento
494 2072 701 2112 statuisse
735 2073 870 2113 credo
893 2085 980 2114 non
1010 2076 1079 2113 te-

195 2146 346 2184 mere,
394 2134 475 2174 sed
516 2133 763 2186 prudenter
803 2137 936 2186 atque
969 2147 1078 2175 con—

196 2197 332 2246 sulto,
364 2198 412 2236 ut
432 2196 538 2247 quid
560 2197 614 2237 de
638 2197 820 2246 divitiis,
854 2197 1078 2239 bonorum

196 2260 306 2307 fine,
340 2260 383 2298 in
402 2260 490 2298 vita
511 2260 746 2308 sensisset,
771 2261 902 2300 etiam
924 2263 1078 2312 poste-

196 2323 311 2362 ritati
343 2320 591 2361 declararet
619 2324 682 2371 et,
716 2324 763 2361 ut
794 2323 1072 2374 opinabatur,

197 2387 380 2437 propter
423 2383 595 2423 divitias
640 2384 940 2425 immortalem
983 2385 1077 2436 glo-

195 2449 306 2487 riam
329 2446 412 2487 sibi
432 2448 653 2497 pararet.»
672 2470 716 2474 —
734 2447 841 2496 Quid
861 2458 958 2498 erqo
980 2448 1079 2487 Sen-

194 2510 258 2563 sit]
294 2511 440 2558 «Quae
463 2519 567 2560 ergo
589 2509 698 2549 ratio
722 2520 824 2549 eum
847 2510 1074 2550 induxit‘h

200 2595 243 2602 -
272 2571 431 2624 Quoad]
454 2571 833 2623 monosyllabum,
868 2575 915 2613 ut
934 2574 1078 2614 deinde

195 2640 264 2677 ter
292 2634 575 2686 bisyllabum.
612 2658 655 2663 ——=
691 2636 888 2685 peris-sel]
935 2636 1077 2676 «Sub—

196 2697 460 2745 stituebant,
519 2697 676 2747 cred0,
731 2699 911 2748 periret,
973 2699 1076 2750 quia

193 2762 435 2812 utrumque
485 2759 697 2809 verbum,
755 2762 799 2800 et
837 2762 994 2811 periret
1033 2763 1077 2801 et

192 2823 423 2872 videretur,
456 2821 618 2862 eodem
648 2824 852 2874 tempore
882 2822 1076 2864 efferen-

195 2884 304 2925 dum
343 2895 444 2925 esse
480 2883 739 2936 putabant.»
784 2886 937 2924 BENTL.
987 2887 1076 2925 Ac-

196 2947 390 2987 curatius
442 2947 510 2987 est
560 2945 1072 2999 plusquamperfectum,

197 3020 300 3050 cum
329 3009 442 3049 haee
472 3010 586 3049 actio
618 3008 803 3049 alteram
833 3010 1076 3061 praecedat

196 3081 383 3113 necesse
429 3071 504 3119 sit,
550 3072 598 3110 ut
642 3072 817 3112 Terent.
893 3073 1070 3113 Phorm.

198 3137 242 3184 4,
275 3135 321 3184 2,
356 3132 432 3173 69:
464 3134 577 3182 Non,
611 3134 643 3172 si
663 3135 856 3185 redisset,
889 3136 1076 3186 σίραιον

193 3197 360 3237 veniam
389 3193 539 3235 darei?
581 3194 766 3247 Adelph.
797 3198 847 3246 2,
895 3199 910 3236 4
936 3229 942 3245 ,
990 3197 1072 3238 24;

195 3260 241 3299 Si
270 3259 493 3310 attigisses,
536 3257 667 3308 serres
697 3259 987 3308 infortunium.
1025 3281 1069 3287 —

194 3323 284 3372 Ipse
309 3322 521 3360 videretur
556 3319 631 3358 sibi
675 3321 859 3372 nequior]
906 3320 1074 3362 scilicet

198 3385 298 3433 quia
345 3384 471 3431 tanti,
523 3387 726 3432 quamam
774 3382 948 3431 habeas,
1003 3384 1070 3423 sis.

198 3447 284 3486 Sat.
310 3447 325 3485 4
349 3478 356 3495 ,
392 3447 406 3485 4
429 3478 436 3495 ,
471 3445 537 3485 62.

252 3506 422 3547 94-99.
483 3508 614 3547 omnis
640 3529 657 3535 -
686 3529 703 3535 -
726 3507 901 3559 parent]
956 3508 1074 3548 Haec

200 3570 345 3609 omnia
376 3581 399 3610 a
437 3570 642 3610 Stertinio
687 3571 786 3609 κατ’
834 3569 1075 3626 εἰρωνείαν

1142 1825 1197 1864 tis
1229 1824 1452 1864 dicuntur.
1488 1827 1597 1877 Epp.
1624 1827 1670 1875 4,
1707 1827 1752 1876 4,
1788 1827 1868 1867 53;
1903 1840 2031 1878 quae-

1142 1888 1276 1927 renda
1305 1888 1489 1938 pecunia
1524 1889 1715 1938 primum
1757 1894 1837 1939 est,
1890 1892 2030 1931 Virtus

1137 1954 1232 1999 post
1260 1961 1463 1989 nummos.
1524 1951 1647 1991 Conf.
1673 1952 1782 2003 Epp.
1816 1953 1859 2001 4,
1899 1953 1942 2002 6,
1976 1953 2028 1994 36

1142 2022 1240 2063 sqq.
1293 2035 1336 2040 —
1384 2014 1690 2067 construxerit]
1740 2016 1813 2054 «ut
1856 2017 2028 2055 struem

1143 2075 1476 2122 coacervarit3»
1525 2076 1588 2115 sic
1633 2076 1719 2115 Sat.
1759 2077 1805 2126 4,
1854 2078 1899 2125 4,
1943 2076 2024 2117 44:

1141 2140 1401 2176 constructus
1443 2148 1632 2177 acervus.
1701 2139 1789 2179 Cic.
1829 2138 1884 2179 de
1930 2138 2027 2190 lege

1141 2209 1232 2249 agr.
1260 2199 1274 2237 4
1299 2230 1306 2247 ,
1341 2200 1390 2248 5,
1427 2199 1506 2240 44:
1552 2205 1834 2240 constructam
1862 2206 1900 2241 et
1927 2212 2030 2241 coa-

1140 2263 1354 2299 cervatam
1367 2261 1610 2310 pecaniam.
1643 2262 1830 2302 Phaedr.
1850 2262 1888 2302 3.
1909 2262 2022 2303 Prol.

1140 2322 1219 2362 24:
1274 2323 1345 2372 qui
1390 2335 1567 2375 maqnas
1611 2335 1705 2374 opes
1750 2326 2029 2376 Eoeaqqerare

1141 2385 1306 2434 quaerit
1335 2386 1447 2424 omni
1475 2386 1635 2436 viqilia.
1674 2409 1717 2414 ——
1752 2386 1978 2437 Sapiensne
1990 2386 2025 2439 ?]

1141 2445 1234 2486 Noli
1281 2458 1384 2486 cum
1429 2447 1648 2487 nonnullis
1694 2448 1778 2487 hoc
1824 2449 2024 2489 tribuere

1141 2509 1344 2558 Horati03
1379 2510 1609 2550 Stertinius
1633 2511 1751 2550 enim
1783 2522 1836 2550 ex
1863 2512 2029 2551 Stoico-

1140 2582 1241 2610 rum
1272 2583 1396 2611 more
1423 2582 1471 2612 se
1503 2573 1597 2623 ipse
1630 2573 1882 2624 interrogat.
1917 2574 2025 2615 Miro

1141 2645 1291 2674 errore
1315 2635 1356 2673 h.
1383 2633 1409 2673 l.
1434 2645 1484 2674 ne
1513 2634 1669 2674 habuit
1697 2646 1777 2687 pro
1808 2636 2023 2687 particula

1141 2696 1447 2736 confirmativa
1476 2698 1728 2737 Priscianus
1751 2698 1826 2748 46,
1856 2698 1895 2737 2.
1920 2699 1965 2738 T.
1990 2699 2020 2737 1.

1138 2771 1181 2811 p.
1216 2759 1312 2800 643.
1345 2760 1434 2809 Kr.,
1477 2759 1595 2799 unde
1641 2763 1792 2801 contra
1825 2762 2024 2801 Latinam

1140 2821 1508 2861 consuetudinem
1532 2823 1654 2861 Iunta
1678 2822 1808 2862 4503:
1842 2823 2020 2873 sapiens,

1138 2895 1219 2922 nae
1238 2884 1363 2923 etiam
1383 2895 1475 2924 rex.
1514 2908 1557 2912 —-
1580 2884 1736 2936 Etiam]
1768 2884 1930 2936 Supple
1954 2895 2023 2925 sa-

1136 2947 1286 2998 piens,
1310 2945 1428 2986 unde
1453 2947 1591 2986 oritur
1611 2947 1872 2988 affirmativa
1895 2948 2025 2999 signi-

1138 3009 1283 3050 ficatio
1323 3011 1485 3060 «Sane,
1517 3011 1633 3060 Ja,»
1681 3010 1736 3050 de
1778 3021 1864 3062 qua
1904 3010 2019 3051 conf.

1139 3073 1228 3112 Cic.
1244 3072 1432 3121 Acadffl,
1453 3073 1520 3122 30,
1540 3072 1606 3112 97.
1630 3073 1671 3122 2,
1690 3072 1756 3122 32,
1781 3071 1874 3113 404.
1890 3071 1946 3112 de
1967 3073 2018 3112 N.

1137 3137 1188 3175 D.
1214 3136 1252 3184 4,
1276 3136 1342 3184 25,
1369 3136 1435 3175 70.
1479 3134 1606 3175 Hand
1626 3136 1750 3175 Turs.
1774 3136 1824 3174 II.
1847 3146 1891 3186 p.
1924 3134 2019 3174 567.

1176 3197 1317 3237 χ4ΟΟ-4
1330 3197 1395 3236 03.
1427 3197 1675 3249 Aristippus]
1701 3196 1797 3236 Vid.
1822 3196 1877 3235 ad
1909 3196 2017 3247 Epp.

1139 3262 1182 3308 4,
1218 3262 1263 3307 4,
1298 3260 1363 3299 48.
1402 3283 1445 3287 —
1479 3261 1550 3310 qui
1588 3271 1726 3299 servos
1767 3258 1869 3309 cet]
1911 3259 2019 3297 Rem

1138 3324 1285 3361 narrat
1308 3323 1441 3360 etiam
1465 3323 1684 3373 Diogenes
1705 3322 1846 3361 Laert.
1868 3320 1915 3366 2,
1950 3317 2017 3356 77.

1138 3384 1219 3424 sed
1268 3383 1492 3435 aliquanto
1552 3385 1698 3424 minus
1755 3379 2016 3433 splendide:

1140 3444 1236 3486 Τοῦ
1269 3443 1568 3503 θεράποντος
1608 3444 1656 3485 ἐν
1699 3440 1793 3497 ὁδῷ
1834 3438 2021 3491 βαστά-

1139 3510 1303 3559 ζοντος
1324 3504 1552 3564 ἀργύριον
1573 3507 1653 3546 καὶ
1682 3504 2017 3562 βαρυνομένου

1139 3567 1440 3620 --Ἀπόχεε,
1486 3563 1606 3621 ἔφη,
1654 3565 1708 3608 τὸ
1753 3566 1895 3609 πλέον
1937 3566 2018 3607 καὶ
