2231 3787
882 303 979 342 [ΑΒ.
1014 304 1044 341 Ι.
1107 303 1270 342 EPIST.
1303 302 1409 341 XIII.

310 433 366 486 Si
409 432 638 496 validus,
682 434 725 486 si
769 432 941 486 laetus
981 433 1109 496 erit,
1152 433 1196 486 si
1237 432 1474 503 denique
1514 440 1728 503 poscet,

304 537 381 588 Ne
421 535 598 589 studio
645 536 809 589 nostri
851 553 1049 607 pecces
1089 534 1385 606 odiumque
1424 533 1618 588 libellis

306 636 540 691 Sedulus
580 638 839 709 importes
880 655 1048 709 opera
1087 636 1407 691 vehemente
1448 636 1705 689 minister.

2038 637 2069 687 0:

305 739 360 793 Si
400 748 451 792 te
491 739 626 793 forte
665 757 821 793 meae
861 740 1040 811 gravis
1079 747 1200 793 uret
1239 739 1452 793 sarcina
1491 738 1734 799 chartae,

301 840 528 895 Abiicito
568 842 768 912 potiUS,
812 859 973 912 quam
1014 859 1123 913 quo
1163 841 1406 912 perferre
1447 840 1652 894 iuberis

304 942 537 997 Clitellas
577 943 723 997 ferus
764 944 1029 1015 impingas
1069 942 1377 1014 Asinaeque
1418 951 1702 1013 paternum

342 1095 380 1134 6.
425 1098 528 1134 urat
564 1094 672 1134 Cod.
709 1093 813 1134 Coll.
848 1095 983 1143 Trin.,
1017 1094 1267 1134 Priscianus
1300 1094 1365 1141 48,
1399 1093 1440 1143 li,
1473 1094 1564 1141 50„
1606 1097 1729 1144 ‘ur-(sel
1759 1092 1869 1133 alter
1900 1092 2006 1134 Coll.

285 1157 433 1197 Trinit.
456 1168 537 1209 pro
567 1157 689 1196 varia
720 1156 927 1197 lectIone.
976 1155 1166 1207 (Habent
1195 1160 1287 1196 uret
1317 1155 1470 1208 bSEcp
1503 1157 1565 1204 et,
1600 1158 1648 1194 ut
1677 1156 1873 1205 videtur,
1908 1158 2011 1197 Pot-

285 1220 398 1260 tierii
429 1220 618 1270 omnes.)
655 1243 697 1247 —
733 1220 773 1260 7.
805 1220 962 1260 Abicite
994 1219 1036 1259 d.

231 1353 437 1405 importes]
482 1352 749 1406 plerumque
793 1353 848 1393 de
880 1352 1018 1394 rebus
1050 1354 1118 1393 in-

228 1415 502 1465 commodis,
553 1417 600 1455 ut
632 1417 908 1467 «importare
941 1414 1119 1455 calami—

227 1480 381 1527 tatem,
401 1476 586 1527 luctum,
608 1477 873 1530 periculum,
895 1481 1114 1530 pestem.»

283 1540 376 1580 6-9.
422 1540 528 1592 uret]
562 1540 618 1580 de
650 1552 785 1581 onere
818 1540 1035 1591 molesto,
1070 1543 1117 1581 ut

227 1602 353 1643 ovid.
394 1604 519 1643 Rem.
552 1606 651 1643 Am.
685 1603 794 1643 0235:
839 1603 1024 1654 Aspicis,
1070 1609 1117 1644 ul

220 1677 387 1716 pressos
429 1670 559 1705 urant
598 1666 703 1717 iuqa
726 1667 875 1716 prima
905 1667 1112 1707 iuvencos.

228 1728 291 1768 Cf.
325 1729 433 1780 Epp.
469 1728 519 1777 4,
556 1729 630 1777 40,
662 1728 730 1769 43.
792 1728 879 1769 Sed
919 1729 1005 1769 hoc
1035 1741 1118 1781 per

226 1790 404 1839 iocum;
453 1801 539 1830 non
585 1791 704 1831 enim
742 1803 790 1831 re
833 1803 938 1832 vera
970 1793 1116 1844 gravis

229 1865 328 1895 esse
386 1856 565 1906 poterat
621 1853 872 1895 libellorum
921 1856 1112 1905 sarcina,

227 1927 315 1968 quo
370 1917 466 1968 ipso
519 1928 617 1956 voc.
665 1919 960 1968 praeparatur
1006 1917 1118 1957 alter

226 1980 350 2019 iocus
380 1990 422 2019 v.
453 1980 492 2020 8.

225 2043 345 2082 stum
374 2042 559 2094 propius
594 2042 843 2082 accedendi
875 2043 963 2083 noli
993 2042 1115 2092 cogi-

225 2107 318 2144 tare
365 2115 469 2144 cum
512 2104 767 2154 Diintzero.)
817 2128 861 2132 —
924 2104 1112 2156 Abiicito]

224 2168 397 2208 Festive
442 2167 680 2218 significat,
727 2178 775 2207 se
821 2166 990 2206 nullum
1020 2167 1113 2207 fere

226 2231 405 2281 scriptis
427 2230 519 2270 suis
540 2230 735 2281 pretium
757 2231 967 2269 statuere.
1003 2228 1116 2269 «Ab-

225 2294 344 2333 iicito
374 2294 521 2345 potius
550 2294 595 2332 in
625 2293 721 2344 ipso
754 2292 936 2332 Itinere»
978 2291 1116 2343 (fingit

227 2357 348 2397 enim
392 2355 449 2396 ob
495 2356 676 2407 propria
718 2366 896 2407 quoque
938 2356 1114 2405 negotia

224 2419 403 2459 Vinium
445 2420 633 2458 Romam
676 2417 900 2470 proficisci
940 2419 984 2456 et
1014 2419 1114 2457 tan-

225 2483 320 2522 tum
359 2481 491 2521 officii
530 2491 666 2521 causa
708 2481 905 2520 carmina
937 2478 1007 2519 illa
1038 2491 1114 2520 se—

226 2554 329 2583 cum
357 2544 578 2595 portare),
624 2554 787 2594 «quam
829 2545 875 2582 ut
906 2554 958 2582 eo
989 2541 1108 2592 loco,

226 2616 368 2656 usque
412 2606 469 2645 ad
518 2617 653 2657 quem
698 2605 898 2657 perferre
942 2604 1111 2645 iuberis

225 2670 467 2717 sarcinam,
499 2669 634 2719 ferus,
669 2669 817 2709 oneris
846 2669 936 2708 iam
966 2668 1112 2720 impa-

225 2731 363 2780 tiens,
398 2731 630 2781 efferatus,
664 2733 713 2770 ut
743 2732 920 2782 iniquae
948 2731 1110 2771 mentis

225 2792 409 2842 asellus,
444 2804 547 2834 cum
573 2795 615 2833 vi
647 2795 691 2833 et
720 2793 860 2834 multo
892 2805 996 2834 cum
1027 2793 1112 2833 fra-

224 2866 330 2905 gore
377 2855 556 2896 deiicias
599 2856 725 2895 humi
763 2855 925 2895 alicubi
964 2855 1035 2896 vel
1065 2857 1111 2896 in

226 2917 388 2957 atrium
407 2916 558 2958 Palatii
579 2918 752 2957 clitellas
771 2917 880 2957 muli
899 2916 971 2957 vel
998 2918 1110 2957 asini

224 2979 287 3018 tui
317 2977 707 3032 (Saumsattel),
741 2979 904 3031 quibus
935 2981 1110 3021 sarcina

224 3039 385 3090 illigata
440 3042 508 3080 est
551 3042 684 3091 atque
727 3041 831 3082 inde
876 3041 1105 3082 solvenda.

226 3102 393 3150 Quodsi
430 3103 521 3141 tam
556 3103 748 3143 rusticus
778 3114 923 3153 esses,
972 3115 1108 3155 quam

225 3165 449 3216 significo,
483 3165 644 3204 merito
673 3164 867 3205 Asellam
896 3167 940 3206 te
970 3177 1107 3206 voca-

225 3227 285 3275 ri,
320 3230 394 3278 qui
424 3226 510 3265 hoc
540 3225 764 3275 viderent,
809 3227 1006 3268 ridentes
1037 3228 1107 3268 di-

226 3290 422 3328 cerent.»
454 3285 551 3327 Noli
582 3286 880 3337 distinguere:
914 3299 994 3337 quo
1009 3301 1109 3339 per-

222 3351 335 3401 ferre
364 3350 517 3390 iuberis
538 3349 736 3398 Clitellas,
761 3349 876 3399 ferus
895 3351 1106 3402 impinyas

227 3411 371 3463 (tete):
420 3423 507 3452 non
553 3412 668 3451 enim
708 3410 878 3450 clitellas
907 3412 1103 3461 Augusto

224 3474 423 3524 perferre
458 3475 606 3514 iussus
639 3474 754 3522 erat,
803 3472 884 3512 sed
915 3471 1104 3512 volumi-

544 1979 630 2030 (De
663 1980 774 2019 Vinii
811 1982 934 2020 metu
964 1982 1116 2030 Augu·
1145 2007 1149 2024 ,

1181 1353 1480 1405 pretationem
1499 1353 1732 1405 proposuit
1752 1354 1857 1394 Foss
1879 1354 1934 1394 de
1958 1353 2069 1393 The-

1182 1416 1310 1467 ophr.
1335 1417 1366 1455 I.
1390 1427 1434 1467 p.
1460 1415 1534 1455 30:
1572 1415 1788 1455 «Abiicito
1812 1417 1956 1467 potius
1978 1426 2070 1456 sar-

1182 1479 1353 1527 cinam,
1409 1489 1546 1529 quam
1590 1477 1666 1517 ubi
1713 1478 1822 1529 (qua
1867 1478 2068 1529 corporis

1180 1542 1318 1592 parte)
1354 1539 1536 1581 clitellas
1566 1540 1767 1593 perferre
1789 1539 1978 1589 iuberis,
2014 1551 2067 1580 eo

1180 1602 1299 1643 illam
1330 1604 1576 1655 impingas,
1625 1604 1667 1643 h.
1704 1615 1742 1643 e.
1778 1614 1914 1654 quam
1944 1604 2068 1654 tergo

1182 1677 1282 1706 eam
1314 1668 1468 1717 portes
1501 1667 1544 1706 et
1573 1666 1658 1705 hac
1682 1666 1853 1705 ratione
1885 1676 1967 1716 per
1996 1677 2068 1704 ur-

1180 1728 1288 1768 bem
1332 1729 1545 1780 vicosque
1589 1727 1882 1779 proficiscens
1920 1726 2067 1767 fabula

1180 1791 1305 1831 fias.»
1358 1792 1525 1830 Verum
1572 1789 1758 1830 clitellae
1799 1790 1843 1829 h.
1889 1787 1916 1829 l.
1958 1800 2066 1840 pro-

1179 1854 1298 1905 prie,
1343 1865 1432 1893 non
1477 1853 1663 1904 figurate
1709 1853 1878 1900 dictae,
1933 1852 2066 1891 asinis

1181 1918 1223 1955 et
1254 1914 1408 1963 mulis,
1443 1927 1531 1954 non
1552 1914 1810 1954 hominibus
1833 1914 2068 1965 imponun-

1178 1979 1272 2027 tur,
1316 1988 1463 2028 neque
1504 1975 1768 2027 corporibus
1799 1986 1956 2015 eorum
1986 1976 2066 2015 im-

1178 2041 1434 2091 pinguntur.
1494 2037 1623 2078 Aliud
1664 2038 1782 2078 enim
1815 2039 1881 2077 est
1913 2048 2065 2077 «com—

1176 2102 1333 2154 pedes,
1357 2112 1571 2153 pugnum,
1599 2100 1747 2140 dicam
1768 2100 2061 2151 impingere»,

1178 2175 1293 2215 quae
1324 2162 1394 2203 ille
1426 2165 1617 2213 utroque
1639 2174 1693 2202 ex
1714 2162 1896 2202 Comico
1919 2160 2060 2201 affert.

1177 2227 1259 2266 Vv.
1292 2227 1443 2265 autem
1487 2236 1569 2274 quo
1592 2225 1784 2276 perferre
1815 2223 2063 2275 significare

1179 2299 1267 2328 non
1297 2289 1487 2340 possunt
1515 2287 1585 2326 ubi
1611 2288 1744 2338 ferre,
1789 2286 1871 2326 sed
1900 2287 2059 2326 unice:

1180 2345 1263 2390 «οἶ
1291 2351 1627 2407 προσφέρειν.»
1674 2349 1924 2401 (Impinyere
1955 2348 2065 2400 figu-

1177 2415 1272 2453 rate
1304 2412 1423 2464 apud
1453 2413 1672 2452 Senecam
1694 2410 1748 2451 de
1779 2410 1931 2450 Benef.
1957 2412 1996 2459 4,
2021 2412 2058 2459 4,

1177 2477 1228 2516 6;
1263 2476 1334 2525 qui
1364 2475 1602 2527 beneficiam
1632 2475 1766 2513 iratus
1785 2471 1990 2524 impeyil.)
2014 2495 2057 2500 —-

1174 2537 1339 2589 Asinae]
1372 2538 1441 2577 Sic
1470 2537 1647 2576 videtur
1668 2536 1828 2576 dixisse
1852 2546 1933 2588 pro
1953 2534 2064 2574 Asel-

1175 2601 1268 2648 lae;
1306 2612 1397 2641 non
1428 2600 1548 2640 enim
1579 2597 1791 2639 credibile
1824 2599 1892 2638 est
1919 2598 2057 2649 patris

1176 2674 1424 2715 cognomen
1454 2662 1628 2710 Asinae,
1673 2662 1722 2700 ut
1750 2659 1926 2708 volunt,
1974 2659 2060 2699 ioci

1177 2739 1312 2768 causa
1334 2740 1358 2767 a
1379 2727 1546 2767 vicanis
1565 2727 1658 2766 eius
1676 2726 1719 2765 in
1734 2723 1905 2765 Asellae
1924 2723 2062 2763 defle-

1173 2802 1281 2831 xum
1295 2801 1410 2830 esse.
1436 2788 1564 2838 Quod
1575 2792 1801 2838 palernum
1814 2788 1882 2827 est
1899 2796 2060 2837 cogno-

1173 2865 1304 2902 men,
1354 2852 1572 2892 monstrat
1606 2851 1694 2890 iam
1725 2851 1900 2902 patrem
1934 2849 2060 2898 inge-

1173 2926 1311 2955 nuum
1328 2915 1545 2954 rusticum
1555 2914 1805 2953 Romanum
1821 2911 1956 2951 fuisse
1974 2919 2058 2949 nec

1171 2990 1280 3019 vero
1330 2987 1580 3028 cognomen
1628 2973 1717 3014 filio
1761 2971 2054 3013 contumeliae

1173 3051 1305 3081 causa
1330 3039 1533 3080 inditum.
1580 3038 1804 3079 Memento
1827 3034 2057 3086 cognomi-

1170 3114 1278 3142 num
1301 3103 1474 3150 Bestiae,
1508 3100 1718 3148 Oviculae,
1747 3098 1934 3149 Scrofae,
1961 3097 2058 3136 Ver-

1168 3165 1230 3204 ris
1252 3176 1304 3205 ac
1336 3162 1560 3204 similium.
1595 3162 1805 3201 Ceterum
1827 3160 1955 3199 vetus
1987 3159 2055 3196 est

1168 3226 1293 3266 iocus
1323 3226 1413 3265 iam
1443 3223 1562 3276 apud
1592 3223 1682 3264 Cic.
1718 3221 1773 3261 de
1805 3222 1875 3261 Or.
1900 3220 1948 3268 Ξ,
1983 3217 2049 3265 64,

1168 3288 1277 3328 258:
1323 3288 1427 3327 illud
1468 3286 1698 3336 Scipionis,
1757 3294 1852 3323 cum
1893 3280 2050 3320 Asellus

1168 3361 1307 3390 omnes
1328 3348 1574 3399 provincias
1601 3346 1807 3397 stipendia
1827 3346 2050 3383 merentem

1166 3423 1207 3451 se
1222 3421 1477 3463 peragrasse
1494 3410 1752 3461 9loriaretur
1768 3418 1780 3444 .·
1801 3406 1915 3455 Agas
1938 3402 2050 3443 asel-

1165 3472 1259 3512 lum
1288 3478 1325 3513 et
1353 3477 1504 3513 celera.
1557 3469 1620 3510 Cf.
1655 3470 1789 3508 etiam
1819 3466 1971 3507 Marini
1996 3466 2042 3505 F.

225 3546 331 3576 num
361 3536 596 3576 sarcinam.
644 3537 811 3576 Novam
844 3534 885 3573 h.
910 3533 937 3573 l.
971 3534 1105 3573 int-er—
1165 3535 1212 3574 A.
1248 3546 1290 3585 p.
1323 3535 1430 3574 505:
1480 3533 1523 3572 C.
1569 3528 1820 3571 MANTIVS.
1862 3526 2050 3568 IANVA-
