2231 3787
202 231 302 283 424.
815 234 1029 273 uossATu
1063 234 1427 276 [31³ISTOI„ARUM

823 621 1265 671 nrts'rotA
1313 622 1399 669 'V'-

276 744 327 796 Si
370 752 522 813 potes
561 740 831 794 Archiacis
872 740 1094 793 conviva
1134 739 1453 793 recumbere
1492 739 1642 794 lectis

273 847 381 898 Nec
420 843 631 896 modica
670 858 901 896 coenare
942 842 1096 895 times
1135 840 1252 894 olus
1294 859 1451 895 omne
1489 841 1710 912 patella,

276 948 539 1016 Supremo
580 953 630 998 te
671 943 783 998 sole
825 943 997 1002 domi,
1042 945 1334 1014 Torquate,
1374 943 1622 998 manebo

308 1097 385 1147 Ep.
409 1097 459 1134 V.

256 1222 305 1259 V.
369 1219 561 1260 Hilarem
610 1221 652 1260 in
699 1220 883 1260 modum
929 1222 1082 1261 invitat

202 1287 330 1334 poeta
371 1285 562 1324 amicum
605 1283 661 1323 ad
701 1295 889 1324 coenam
933 1284 1082 1334 fruga-

202 1346 311 1396 lem,
358 1347 439 1387 sed
482 1345 668 1395 laetam,
713 1356 849 1397 quam
879 1347 1080 1398 proxime

202 1401 303 1449 aule
327 1410 528 1450 Caesaris
551 1410 774 1449 Octaviani
805 1409 924 1449 diem
955 1410 1081 1448 nata-

203 1471 291 1511 lem
322 1471 518 1511 facturus
541 1474 656 1520 erat,
692 1470 911 1522 simulque
933 1471 989 1510 ad
1018 1471 1082 1510 hi-

200 1533 342 1574 larem
370 1535 484 1573 vitae
516 1544 646 1573 usum
670 1534 843 1573 excitat.
895 1534 958 1573 De
980 1534 1083 1572 Tor-

203 1599 336 1646 quato
359 1596 543 1646 eiusque
576 1595 776 1636 moribus
798 1596 899 1635 vide
922 1595 978 1635 ad
999 1596 1076 1635 Od.

203 1658 248 1705 4,
292 1659 330 1696 7.
394 1658 512 1708 (Quis
550 1659 798 1708 Torquatus
830 1658 902 1698 hic
933 1657 1077 1707 fuerit,

203 1721 244 1759 in
275 1720 423 1760 medio
451 1719 658 1771 relinquit
688 1720 938 1771 Obbarius.)
986 1722 1080 1768 Quo

203 1794 315 1821 anno
346 1784 458 1822 haec
489 1782 674 1834 epistola
704 1784 865 1834 scripta
898 1784 973 1832 sit,
1014 1784 1082 1822 in-

205 1848 377 1884 certum
422 1847 501 1885 est.
568 1847 661 1886 Hoc
706 1857 845 1886 unum
896 1848 1082 1897 apparet

206 1919 259 1946 ex
297 1919 338 1946 V.
367 1906 425 1956 4.,
469 1918 569 1947 eam
609 1907 775 1959 aliquot
813 1919 952 1948 annos
983 1910 1083 1960 post

205 1971 250 2008 T.
272 1968 421 2008 Statilii
443 1971 569 2009 Tauri
592 1969 781 2010 alterum
803 1969 1083 2010 consulatum

207 2043 307 2071 esse
340 2032 647 2083 compositam.
698 2031 902 2072 Nonnulli
932 2035 1083 2072 tamen

207 2105 305 2134 eam
337 2094 535 2134 referunt
555 2094 611 2134 ad
632 2106 669 2134 a.
694 2106 736 2134 u.
759 2107 797 2134 c.
822 2094 933 2144 734,
969 2106 1083 2146 «quo

205 2159 300 2208 ipso
331 2168 446 2196 anno
472 2158 655 2208 Augusti
686 2157 781 2198 dies
810 2157 964 2198 natalis
994 2170 1086 2197 ma-

206 2221 298 2259 iore
322 2231 455 2271 quam
482 2222 610 2260 antea
632 2223 845 2272 apparatu
867 2223 910 2260 et
941 2221 1087 2272 splen-

207 2282 315 2322 dore
357 2281 695 2322 concelebratus
741 2293 841 2322 esse
887 2283 1081 2323 videtur:

208 2344 259 2384 cf.
295 2346 482 2384 Dionem
521 2344 592 2392 54,
633 2345 678 2384 8:
729 2343 822 2399 ἰδίᾳ
858 2343 907 2385 δὲ
947 2342 1006 2399 δή
1039 2347 1088 2386 οἱ

207 2403 508 2464 ἀγορανόμοι
564 2405 885 2465 ἱπποδρομίαν
937 2421 987 2449 τε
1035 2409 1085 2450 ἐν

207 2474 307 2520 τοῖς
356 2467 440 2509 τοῦ
491 2465 772 2523 Αὐγούστου
823 2470 1083 2524 γενεθλίοις

208 2534 289 2572 καὶ
332 2532 515 2589 θηρίων
559 2529 755 2587 σφαγὰς
802 2532 1081 2586 ἐποίησαν.»

209 2598 371 2636 ΡΜΝΚΕ
404 2598 445 2636 F.
472 2597 521 2636 H.
546 2608 588 2648 p.
614 2596 707 2637 204.

266 2659 354 2698 '1-3.
402 2660 447 2698 Si
470 2663 587 2709 potes
616 2660 718 2711 cet]
754 2661 821 2699 «Si
851 2662 978 2712 potes
1000 2661 1085 2700 hoc

209 2723 288 2761 ahs
320 2724 361 2761 te
397 2723 658 2774 impetrare,
706 2724 754 2762 ut
791 2734 969 2763 mecum
1010 2734 1085 2762 ac-

209 2784 394 2824 cumbas
426 2787 539 2824 cet.»
591 2785 652 2825 Cf.
687 2786 823 2837 Epod.
851 2786 898 2835 9,
935 2786 999 2826 ⁴4.
1036 2807 1079 2814 —

210 2847 456 2898 recumbere]
499 2850 545 2886 ut
583 2848 660 2887 Od.
693 2847 742 2895 3,
785 2848 828 2897 3,
865 2849 930 2888 44.
965 2849 1084 2888 idem

209 2908 327 2959 quod
359 2910 613 2948 accumbere.
642 2933 684 2936 —
707 2910 934 2960 Archiacis]
958 2912 1086 2950 «sim-

210 2970 397 3023 plicibus
434 2971 637 3020 quidem‚
686 2972 767 3011 sed
811 2972 939 3012 simul
980 2974 1085 3013 satis

208 3031 484 3083 elegantibus
517 3033 554 3081 (a
585 3035 826 3073 rusticitate
859 3037 978 3074 certe
1021 3035 1086 3074 af-

209 3095 413 3136 fectanda
430 3095 701 3135 abhorrebat
724 3097 959 3146 Horatius),
980 3108 1085 3148 qua-

207 3157 272 3198 les
302 3157 499 3198 vendere
539 3156 649 3197 solet
685 3158 917 3206 Archiasst)
960 3158 1085 3198 faber

209 3221 414 3261 leotarius
458 3222 622 3260 Romae
668 3223 771 3259 tunc
817 3223 959 3261 notus.
1017 3222 1080 3261 Cf.

208 3284 382 3323 Soterici
413 3284 533 3322 lectos
553 3283 671 3334 apud
693 3281 797 3322 Gell.
827 3284 899 3331 12,
934 3284 979 3331 2,
1022 3285 1079 3323 li.

207 3346 411 3384 Pausiaca
441 3345 591 3385 tabella
621 3345 708 3384 Sat.
740 3345 786 3392 Ξ,
821 3345 863 3392 7,
898 3345 963 3384 95.
1018 3347 1084 3385 Si-

209 3408 324 3447 milia
364 3408 419 3447 ad
464 3408 640 3448 nomina
679 3406 734 3447 ab
780 3407 1083 3447 inventoribus

207 3468 276 3508 rel
308 3469 537 3522 opificibus
569 3470 755 3522 repetita
789 3470 872 3509 lio(-
904 3481 1081 3521 quoque

508 1097 544 1134 si.
579 1095 786 1135 archaicis
805 1096 904 1134 LCt.
939 1096 989 1136 Ut
1010 1105 1113 1144 nos,
1147 1105 1303 1134 omnes
1325 1094 1462 1134 nostri
1483 1094 1666 1146 bSchp
1690 1096 1734 1134 et
1754 1096 1961 1135 Pottierii.

1147 1219 1302 1259 referri
1332 1221 1479 1271 potest
1509 1221 1628 1272 apud
1658 1222 1834 1262 Sueton.
1859 1223 2018 1262 Domit.

1147 1281 1219 1320 110:
1254 1282 1486 1322 Salustium
1504 1283 1744 1333 Lucullum,
1776 1284 2024 1324 Britanniae

1144 1344 1326 1395 leqatum
1342 1376 1350 1393 ,
1404 1345 1650 1395 (interemit
1694 1347 1972 1387 Domitianus
1987 1347 2020 1399 ,)

1146 1407 1254 1456 quod
1282 1407 1448 1446 lanceas
1476 1420 1610 1448 novae
1635 1409 1797 1460 formae
1818 1410 2025 1460 appellari

1144 1469 1362 1509 Luculleas
1388 1481 1542 1519 passus
1577 1475 1689 1511 esset.
1744 1470 1907 1519 (Lectio
1948 1483 2024 1512 ar-

1145 1532 1316 1581 chaicis,
1341 1526 1616 1589 ἀρχαϊκοῖς,
1644 1535 1788 1573 metro
1809 1533 2026 1576 adversa-

1144 1595 1245 1644 tur.)
1282 1618 1325 1623 —
1367 1596 1455 1634 olus
1492 1595 1624 1647 omne]
1667 1591 1721 1635 τὸ
1765 1595 2022 1646 ἐπιτυχόν,

1143 1657 1411 1707 brassicam,
1445 1658 1618 1707 betam,
1643 1658 1873 1709 cichorea,
1906 1659 2025 1711 legu-

1144 1721 1264 1760 mina
1286 1722 1370 1761 cet.
1423 1722 1536 1760 Sane
1560 1722 1627 1761 est
1647 1717 1851 1775 λιτότης.
1907 1724 2026 1764 «Wie

1143 1794 1263 1822 werin
1292 1784 1375 1822 wir
1404 1784 1487 1834 auf
1508 1784 1596 1823 eine
1624 1784 1763 1834 Suppe
1791 1785 1891 1825 oder
1909 1786 2026 1826 einen

1145 1845 1266 1885 Salat
1284 1846 1518 1886 eiuladen.»
1550 1847 1758 1886 Diintzer.
1790 1847 1914 1888 Conf.
1934 1849 2022 1888 Sat.

1146 1909 1195 1956 2,
1230 1908 1274 1955 11,
1309 1907 1375 1948 74.
1426 1907 1507 1947 Alii
1545 1909 1690 1949 minus
1728 1911 1851 1950 recte
1888 1911 2027 1951 inter·—

1146 1971 1396 2021 pretantur:
1431 1969 1561 2009 «nihil
1592 1969 1709 2010 aliud
1728 1973 1910 2022 praeter
1930 1971 2026 2014 olus

1147 2031 1223 2070 tibi
1255 2042 1528 2083 apponam;»
1563 2043 1676 2083 quae
1707 2033 1891 2074 ridicula
1918 2045 2027 2086 pro-

1147 2093 1262 2133 fecto
1290 2095 1562 2145 parcimonia
1594 2095 1761 2135 fuisset.
1794 2119 1837 2125 —
1867 2097 2027 2148 Supre-

1148 2168 1214 2195 mo
1234 2179 1258 2185 -
1278 2156 1373 2208 sole]
1408 2158 1580 2197 «Serius
1611 2156 1856 2209 aliquanto,
1890 2170 2026 2210 quam

1147 2218 1348 2270 plerique
1368 2230 1558 2260 coenare
1577 2219 1780 2262 solebant
1801 2222 1923 2273 (hora
1944 2234 2028 2264 no-

1149 2283 1234 2333 na),
1269 2284 1312 2322 et
1342 2282 1526 2323 demum
1556 2283 1612 2322 ad
1640 2295 1900 2336 vesperam,
1933 2284 2026 2325 sole

1148 2346 1237 2385 iam
1268 2345 1324 2384 ad
1355 2356 1566 2386 occasum
1602 2348 1834 2397 vergente3
1876 2348 2025 2399 ltaque

1149 2408 1324 2458 negotia
1345 2409 1419 2447 tua
1441 2407 1495 2447 ad
1518 2408 1654 2448 finem
1674 2409 1924 2460 perducere
1943 2421 2026 2462 po-

1149 2471 1296 2510 teris.»
1346 2471 1554 2510 Romanis
1593 2471 1707 2511 inter
1745 2471 1902 2513 horam
1941 2484 2026 2513 un-

1149 2533 1370 2573 decimam
1420 2534 1464 2573 et
1512 2532 1846 2585 duodecimam,
1898 2535 2027 2575 nobis

1148 2607 1303 2637 mense
1335 2595 1587 2648 Septembri
1618 2598 1806 2636 exeunte
1837 2597 1922 2638 sub
1941 2598 2028 2638 ho-

1148 2671 1245 2699 ram
1276 2659 1526 2710 septimam.
1580 2658 1643 2699 Cf.
1677 2660 1764 2698 Sat.
1795 2660 1843 2708 2,
1877 2661 1922 2709 7,
1956 2659 2023 2700 33.

1204 2721 1289 2762 4-7.
1322 2721 1488 2772 iterwn]
1509 2732 1572 2775 sc.
1593 2721 1787 2761 consule.
1806 2721 1884 2761 Iul.
1901 2723 2029 2775 Capi-

1148 2783 1222 2823 tol.
1246 2784 1334 2822 vita
1355 2783 1517 2822 Pertin.
1542 2782 1587 2823 4:
1622 2784 1724 2831 quia
1743 2783 1810 2823 ille
1829 2789 1928 2824 esset
1955 2785 2028 2825 ite-

1147 2857 1264 2895 rum,
1286 2856 1381 2884 cum
1398 2845 1600 2885 Pertinax
1617 2846 1754 2896 factus
1768 2850 1837 2886 est.
1868 2848 1913 2886 T.
1933 2847 2026 2887 Sta—

1150 2907 1264 2948 tilius
1291 2908 1459 2947 Taurus
1489 2909 1538 2947 11.
1569 2918 1669 2948 cum
1697 2910 1892 2959 Augusto
1915 2910 2022 2949 VIII.

1150 2980 1239 3010 cos.
1264 2980 1302 3008 a.
1327 2981 1370 3008 u.
1394 2980 1432 3009 c.
1458 2970 1550 3009 728.
1590 2993 1633 2998 —
1667 2971 1834 3023 diffusa]
1867 2983 1920 3011 ex
1944 2971 2026 3012 do-

1147 3031 1214 3071 liis
1245 3032 1286 3071 in
1318 3031 1478 3078 cados,
1511 3031 1629 3072 unde
1661 3033 1814 3072 doliari
1844 3034 2027 3086 opponi-

1147 3096 1218 3133 tur
1248 3095 1399 3134 vinum
1430 3095 1640 3145 diffusum.
1691 3096 1852 3136 Contra
1883 3097 2026 3148 defun·

1147 3158 1260 3196 ditur
1297 3158 1447 3197 vinum
1487 3168 1539 3196 ex
1577 3158 1749 3197 cratere
1788 3158 1830 3198 in
1866 3157 2022 3210 pocula

1148 3222 1191 3260 et
1221 3223 1411 3272 pateras.
1465 3219 1551 3260 Cfr.
1576 3220 1662 3259 Sat.
1687 3221 1731 3269 2,
1756 3221 1802 3270 2,
1836 3220 1901 3260 58.
1949 3221 2025 3260 Vi-

1147 3295 1253 3323 num
1284 3283 1412 3334 igitur
1441 3282 1526 3322 hoc
1557 3285 1651 3322 erat
1681 3293 1758 3323 sex
1788 3293 2021 3330 annorum,

1148 3357 1227 3397 pro
1258 3344 1406 3385 Italico
1438 3345 1542 3385 satis
1562 3355 1744 3394 recens,
1778 3345 1835 3384 ita
1857 3346 2020 3396 tamen,

1147 3409 1193 3447 ut
1238 3410 1280 3448 in
1321 3406 1505 3459 simplici
1553 3407 1686 3447 domo
1726 3407 1818 3447 sine
1864 3407 2023 3448 nimiae

1114 3488 1117 3496 ι
1147 3470 1445 3521 parcimoniae
1469 3482 1520 3510 ac
1548 3469 1745 3510 sordium
1778 3469 2024 3522 reprehen-
