2231 3787
846 258 942 297 ΗΒ.
978 258 1025 296 ll.
1088 257 1199 296 SAT.
1237 257 1319 296 Vll.

1897 254 1996 305 :320

250 388 477 452 Quando
521 389 586 441 ita
631 388 861 441 maiores
900 386 1207 443 voluerunt,
1252 395 1431 443 utercz,
1476 403 1645 438 narra.
1965 386 1995 436 5

249 491 376 543 Pars
418 489 688 543 hominum
731 489 869 542 vitiis
909 489 1110 559 gaudet
1149 495 1456 542 constanter
1495 496 1547 541 et
1586 495 1741 558 urget

250 591 612 662 Propositum:
655 609 780 663 pars
819 590 982 644 multa
1023 598 1189 649 natat,
1233 589 1393 642 modo
1434 597 1579 642 recta
1608 606 1923 659 capessens.

251 693 522 746 Interdum
563 694 743 764 pravis
782 693 1028 746 obnoxia.

1107 693 1281 767 Saepe
1322 699 1533 745 notatus

251 796 384 848 Cum
425 794 594 848 tribus
636 794 847 855 anellis,
895 794 1055 848 inodo
1098 794 1249 848 laeva
1289 794 1504 848 Priscus
1547 794 1709 850 inani,

251 897 384 948 vixit
424 897 745 968 inaequalis,
790 896 999 951 clavum
1041 905 1096 948 ut
1134 904 1365 948 mutaret
1403 896 1454 947 in
1493 895 1681 949 horas,

1943 894 1999 946 ΙΟ

247 998 487 1052 Aedibus
527 1017 592 1052 ex
631 999 838 1069 magnis
878 997 1053 1051 subito
1095 1015 1153 1051 se
1194 996 1475 1058 conderet,
1518 996 1660 1050 unde

248 1101 495 1154 Mundior
535 1102 704 1155 exiret
741 1104 827 1153 vix
866 1100 1143 1154 libertinus
1184 1099 1434 1162 honeste,

294 1253 353 1291 10.
390 1252 444 1301 in]
479 1256 520 1291 ut
552 1252 789 1303 (superscr.
827 1252 879 1300 in)
913 1252 952 1291 S.

176 1382 266 1436 χάς
290 1384 514 1436 (inducias)
538 1383 777 1424 habebant.
814 1383 919 1424 Plin.
940 1385 1049 1436 Epp.

175 1449 220 1497 ⁶2,
255 1449 324 1497 47,
358 1446 430 1488 ⁶24:
464 1448 511 1487 In
540 1448 648 1487 hanc
677 1458 750 1498 eqo
781 1447 965 1487 diaetam
997 1447 1052 1498 (in

173 1509 273 1550 villa
313 1521 414 1550 mea
454 1510 732 1560 Laurentina)
764 1521 857 1549 cum
895 1521 960 1549 me
984 1520 1054 1549 re-

174 1573 302 1624 cipio,
336 1572 472 1613 abesse
500 1573 601 1612 mihi
630 1573 755 1612 etiam
784 1584 811 1612 a
839 1572 940 1612 villa
959 1583 1054 1612 mea

174 1636 342 1685 videor,
376 1646 658 1687 magnamque
679 1636 765 1675 eius
783 1635 1051 1686 voluptatem,

172 1698 399 1749 praecipue
428 1697 745 1747 Saturnalibus,
780 1698 927 1748 capio,
960 1709 1055 1738 cum

174 1761 339 1809 reliqua
362 1771 468 1810 pars
498 1760 590 1799 tecti
620 1760 787 1800 licentia
807 1761 970 1800 dieram
991 1760 1055 1811 fe-

174 1824 324 1873 stisque
367 1822 618 1862 clamoribus
654 1827 870 1873 personat.
943 1824 1055 1862 Nam

174 1897 247 1925 nec
274 1886 360 1935 ipse
389 1895 578 1924 meorum
607 1885 762 1924 lusibus
790 1896 863 1925 nec
894 1885 953 1924 illi
972 1889 1057 1925 stu-

175 1949 253 1988 diis
280 1948 380 1987 meis
409 1947 662 1997 obstrepunt.
715 1947 802 1987 Cfr.
828 1948 915 1987 Sat.
940 1949 987 1997 ⁶2,
1012 1948 1051 1997 3,

175 2012 213 2050 5.
251 2034 295 2039 —
329 2010 578 2061 constanter]
614 2008 953 2061 «aequabiliter,
997 2011 1054 2049 ita

174 2075 221 2113 ut
242 2073 285 2112 in
315 2073 529 2124 pravitate
552 2071 709 2112 saltem
733 2071 815 2112 sibi
837 2074 1053 2112 constet.»

178 2157 223 2163 -
243 2134 376 2186 uryet]
397 2135 594 2175 «naviter
608 2136 940 2187 persequitur.»
958 2134 1052 2175 Tib.

178 2199 222 2242 4,
257 2197 303 2245 9,
337 2197 384 2236 8:
433 2198 486 2236 Et
516 2198 669 2236 durum
709 2202 848 2237 terrae
876 2198 1058 2237 rusticus

174 2263 294 2310 urgyet
323 2270 438 2309 opus.
474 2282 520 2288 -
554 2259 686 2310 natat]
722 2259 929 2309 «titubat,
968 2260 1056 2299 huc

175 2323 308 2372 atque
341 2320 439 2361 illuc
470 2321 650 2361 fertur.»
701 2320 845 2362 Manil.
869 2321 915 2369 4,
949 2322 1052 2361 ⁶256:

174 2384 278 2423 Hinc
309 2388 345 2423 et
387 2382 593 2423 ¹mobilitas
633 2395 775 2423 rerum
814 2388 1057 2433 mutataque

175 2457 297 2496 saepe
340 2447 456 2486 Mens
500 2450 633 2486 natat.
710 2447 877 2486 Seneca
916 2447 1051 2498 Epist.

176 2509 248 2548 35:
296 2509 473 2548 Mutatio
502 2509 728 2549 voluntatis
762 2510 919 2548 indicat
958 2509 1056 2548 ani-

176 2582 288 2610 mam
318 2575 483 2610 natare.
536 2572 625 2611 lain
657 2571 727 2610 hic
758 2572 928 2610 semina
955 2573 1057 2611 sunt

176 2633 403 2673 doctrinae
436 2634 636 2680 Stoicae,
684 2644 798 2684 quae
831 2632 1057 2686 ἐπαμφο-

176 2692 404 2753 τερισμὸν
435 2707 591 2736 severe
631 2695 825 2736 vetabat.
884 2698 1052 2736 Arrian.

177 2759 311 2810 Epict.
338 2758 383 2805 4,
416 2759 464 2807 ⁶2,
498 2758 546 2799 4:
592 2752 748 2809 οὐδεὶς
778 2759 1056 2812 ἐπαμφοτε-

177 2822 314 2875 ρίζων
344 2817 542 2861 δύναται
571 2821 838 2879 προ-κόψαι.
868 2846 911 2851 -
936 2824 1056 2863 modo

176 2904 197 2910 —
219 2905 262 2929 —‚
295 2883 507 2922 Interdum
525 2906 547 2912 -
567 2906 604 2922 -.
637 2884 770 2934 Saepe
790 2907 811 2913 —
833 2908 876 2934 -,
909 2887 1052 2936 modo]

179 2943 240 2983 Cs.
267 2944 352 2982 Sat.
380 2944 424 2991 4,
461 2944 537 2993 40,
572 2945 614 2984 44
653 2957 752 2997 sqq.

233 3005 351 3046 9-44.
401 3007 579 3060 Priscus]
612 3007 745 3047 homo
777 3009 964 3060 ignotus,
989 3021 1057 3049 or-

179 3067 292 3107 dinis
338 3069 488 3107 tamen
532 3070 755 3108 senatorii.
816 3072 933 3120 Iam,
981 3073 1056 3123 qui

178 3129 280 3169 huic
301 3128 619 3181 occurrebant,
652 3132 930 3173 mirabantur
951 3145 1055 3174 eum

178 3191 312 3231 modo
357 3193 447 3232 tres
482 3191 636 3233 anulos
680 3196 873 3244 gestare,
920 3197 1054 3236 modo

181 3252 348 3293 nullum
370 3255 564 3294 omnino.
625 3255 774 3295 Trium
795 3258 944 3297 autem
966 3259 1056 3298 Ho-

180 3317 275 3355 ratii
306 3316 583 3368 temporibus
607 3317 693 3356 iam
714 3318 874 3359 nimius
895 3331 1055 3360 nume-

180 3388 254 3417 rus
286 3380 401 3426 erat,
446 3379 519 3429 qui
549 3380 704 3430 postea
736 3390 917 3431 semper
955 3392 1055 3421 cre—

180 3439 252 3477 vit.
321 3441 489 3480 Seneca
532 3441 628 3480 Nat.
668 3441 844 3488 Quaest.
882 3442 930 3490 7,
977 3442 1051 3482 311:

181 3501 450 3541 firm-namus
479 3502 617 3542 anulis
647 3502 815 3554 digitos:
861 3504 901 3542 in
943 3505 1055 3544 cinni

1118 1385 1296 1424 articulo
1316 1395 1481 1436 flemma
1503 1385 1749 1435 disponitur.
1812 1383 1995 1425 Martial.

1118 1448 1166 1496 5,
1202 1447 1273 1495 64,
1308 1448 1355 1486 5:
1395 1448 1471 1486 Per
1500 1447 1619 1487 cuius
1650 1447 1854 1498 (Mariani)
1887 1447 1999 1498 digi-

1117 1513 1178 1549 tos
1216 1509 1350 1548 currit
1390 1509 1488 1548 levis
1528 1509 1680 1549 anulus
1719 1519 1869 1549 omnes.
1919 1510 1995 1558 44,

1118 1572 1193 1620 59,
1229 1572 1244 1611 4
1273 1583 1279 1610 ;
1328 1571 1456 1611 Senos
1486 1571 1690 1611 Charinus
1719 1571 1905 1611 omnibus
1934 1572 2000 1610 di-

1116 1635 1213 1686 9itis
1240 1634 1361 1686 gerit.
1423 1633 1526 1674 Isid.
1566 1634 1680 1685 Orig.
1721 1634 1794 1682 49,
1834 1634 1908 1683 32,
1950 1633 1996 1674 4:

1116 1697 1238 1746 Apud
1266 1700 1422 1736 veteres
1441 1697 1556 1736 ultra
1584 1708 1715 1736 unum
1744 1697 1918 1736 anulum
1938 1697 1999 1735 uti

1120 1760 1275 1810 infame
1313 1759 1499 1798 habitum
1536 1760 1642 1799 viro.
1710 1759 1753 1800 C.
1789 1760 2001 1800 Gracchus

1118 1823 1160 1861 in
1198 1822 1437 1862 Maenium:
1490 1821 1805 1871 Considerate,
1853 1822 2000 1870 Quiri-

1120 1886 1210 1932 tes,
1253 1884 1476 1924 sinistram
1509 1884 1626 1932 eius;
1676 1896 1731 1924 en
1763 1885 1888 1925 cuius
1919 1895 2001 1924 au-

1120 1947 1371 1987 ctoritatem
1403 1947 1661 1998 sequimini,
1703 1948 1779 1999 qui
1816 1949 2001 1999 propter

1119 2007 1357 2049 mulierum
1406 2009 1698 2061 cupiditatem
1746 2011 1793 2049 ut
1843 2008 2001 2049 mulier

1121 2073 1189 2112 est
1238 2073 1434 2112 ornatus.
1515 2072 1715 2121 Crassus,
1768 2073 1839 2121 qui
1887 2073 2002 2123 apud

1118 2134 1291 2174 Parthos
1313 2134 1466 2184 periit,
1500 2135 1543 2174 in
1572 2139 1774 2175 senectute
1803 2136 1905 2174 duos
1928 2135 2002 2173 ha-

1120 2197 1206 2237 buit
1226 2197 1394 2247 anulos,
1419 2208 1594 2237 causam
1607 2197 1868 2248 praeferens,
1893 2198 2001 2247 quod

1114 2261 1298 2310 pecunia
1328 2261 1364 2299 ei
1394 2261 1596 2300 immensa
1624 2261 1828 2300 crevisset.
1879 2260 2000 2300 Multi

1120 2323 1245 2362 etiam
1264 2323 1550 2362 Romanorum
1566 2334 1647 2373 pro
1666 2323 1878 2374 gravitate
1897 2333 2002 2361 anu-

1120 2385 1206 2423 lum
1243 2388 1407 2435 qestare
1446 2385 1489 2424 in
1529 2385 1657 2436 cligyito
1697 2384 1996 2424 abstinuerunt.

1125 2470 1168 2474 —
1193 2446 1442 2498 inaequalis]
1476 2447 1562 2487 Csr.
1588 2448 1676 2486 Sat.
1712 2448 1757 2496 4,
1792 2447 1838 2496 3,
1873 2447 1912 2486 9.
1949 2446 1999 2486 48

1121 2518 1188 2559 sq.
1228 2531 1272 2537 -
1311 2509 1477 2548 clavum
1516 2513 1562 2549 ut
1604 2509 1801 2561 mutaret]
1846 2508 1999 2549 «Modo

1118 2572 1168 2611 ut
1198 2572 1378 2611 senator
1408 2573 1503 2611 erat
1534 2572 1712 2612 indutus
1750 2572 1898 2611 tunica
1934 2570 2000 2610 la—

1121 2632 1312 2683 ticlavia,
1361 2633 1494 2674 modo
1525 2636 1572 2674 ut
1616 2645 1756 2685 eques
1788 2636 1863 2674 Ro.
1897 2644 2000 2673 cum

1121 2698 1309 2747 angusto
1333 2696 1584 2748 (purpurae)
1604 2696 1728 2737 clavo
1751 2695 1998 2748 prodibat.»

1124 2782 1168 2786 —
1202 2760 1246 2798 in
1274 2759 1412 2808 horas]
1436 2759 1559 2799 Conf.
1583 2761 1631 2799 A.
1657 2761 1701 2799 P.
1729 2759 1830 2798 46οῑ
1864 2762 2002 2798 muta-

1120 2825 1190 2860 tur
1218 2822 1262 2860 in
1290 2822 1429 2861 horas.
1458 2844 1501 2850 —
1525 2821 1701 2861 Aedibus
1720 2820 1822 2872 cet]
1846 2820 1999 2862 «Modo

1120 2894 1305 2935 magnas
1337 2883 1474 2924 aedes
1505 2882 1786 2924 conducebat
1816 2884 1860 2922 et
1881 2893 2001 2922 eme-

1120 2946 1217 2996 bat,
1252 2946 1384 2986 modo
1407 2945 1701 2987 coenaculum
1719 2944 1788 2985 vel
1815 2945 2000 2985 domum

1119 3009 1293 3059 tugurio
1316 3007 1530 3058 similem,
1564 3007 1638 3048 ubi
1669 3019 1724 3048 ne
1745 3006 1999 3047 libertinum

1120 3071 1303 3122 quidem
1346 3071 1477 3122 paulo
1523 3071 1828 3111 honestiorem
1866 3072 1999 3121 atque

1121 3132 1438 3183 elegantiorem
1504 3133 1704 3173 habitare
1771 3132 1996 3173 deceret.»

1119 3196 1231 3236 Satis
1263 3195 1489 3247 eleganter
1519 3197 1690 3236 Comm.
1719 3194 1997 3245 Cruquianus

1119 3258 1176 3297 ad
1208 3259 1248 3298 h.
1273 3257 1324 3297 l.:
1368 3260 1442 3297 «ut
1472 3269 1525 3297 ex
1555 3256 1749 3309 superba
1781 3258 1824 3295 et
1855 3254 1999 3294 ambi—

1119 3320 1230 3359 tiosa
1258 3320 1391 3360 domo
1423 3321 1633 3371 migraret
1658 3320 1699 3358 in
1720 3316 1933 3358 humilem
1956 3318 1999 3355 et

1118 3381 1274 3431 talem,
1314 3382 1432 3422 unde
1462 3383 1532 3421 vix
1562 3381 1818 3431 dignaretur
1848 3377 1997 3429 egredi

1119 3442 1351 3484 libertinus
1400 3444 1531 3496 paulo
1585 3441 1869 3487 liberaliorw)
1920 3440 1997 3480 ubi

1119 3505 1338 3546 ambitiosa
1368 3507 1511 3546 domus
1554 3505 1684 3557 petita
1728 3504 1901 3544 videtur
1944 3515 1998 3544 ex
