2231 3787
885 243 982 281 LlB.
1019 243 1046 280 l.

1108 242 1270 281 EPlS'l'.
1306 243 1354 281 ll.

1930 241 2032 292 393

824 717 1269 768 :nrts'ronA
1304 718 1399 767 11.

276 851 483 905 Troiani
523 850 648 905 belli
689 853 1034 923 scriptorem,
1077 852 1307 906 maxime
1345 851 1501 914 Lolli,

257 1051 307 1090 ΙΙ.
354 1049 538 1100 Lollius,
579 1050 635 1090 ad
674 1061 809 1102 quem
840 1051 951 1091 haec
981 1051 1085 1102 Epi-

204 1111 313 1153 stola
343 1113 447 1152 data
477 1114 566 1162 est,
599 1112 712 1153 filius
735 1115 842 1153 natu
863 1115 1084 1155 maximus

203 1177 257 1216 M.
282 1174 403 1215 Lollii
426 1186 516 1216 cos.
542 1187 580 1215 a.
605 1187 647 1215 u.
675 1188 713 1216 c.
734 1176 828 1216 733.
857 1176 927 1226 (ad
948 1188 1084 1228 quem

203 1238 406 1278 Horatius
448 1239 623 1290 scripsit
658 1239 737 1279 Od.
772 1238 820 1288 4,
864 1239 920 1290 9.)
956 1239 1084 1279 vide-

203 1301 273 1339 tur
304 1300 453 1340 fuisse.
514 1301 628 1349 (Sine
669 1303 791 1341 certa
821 1302 1082 1341 auctoritate

202 1365 245 1402 et
272 1364 385 1414 patri
417 1365 461 1403 et
489 1362 576 1402 filio
608 1362 802 1404 Palikani
833 1375 1082 1415 cognomen

201 1423 397 1465 tribuere
429 1424 592 1466 solent:
644 1426 725 1466 sed
756 1437 859 1467 cum
890 1427 1082 1469 consulis

201 1488 342 1539 neptis
364 1499 528 1528 nomen
556 1488 765 1529 habuerit
790 1489 951 1530 Lolliae
974 1492 1085 1531 Pau-

199 1548 335 1600 linae,
378 1552 422 1590 et
460 1552 515 1592 M.
548 1551 709 1592 Lollius
743 1551 950 1592 Paulinus
988 1564 1078 1593 cos.

201 1611 331 1652 fuerit
361 1624 399 1653 a.
433 1624 477 1652 u.
510 1624 548 1653 c.
582 1613 697 1663 846„
740 1613 852 1655 illius
893 1615 1080 1656 fortasse

200 1685 452 1727 pronepos,
511 1675 730 1717 Obbarius
779 1677 865 1717 hoc
916 1677 1081 1717 Paulini

202 1749 452 1788 cognomen
473 1739 820 1790 praeferendum
842 1742 964 1780 ratus
982 1740 1078 1789 est.)

199 1798 358 1841 Lollius
401 1800 537 1841 nobili
581 1801 678 1841 loco
723 1804 882 1852 natus,
930 1802 1077 1852 dives,

199 1863 370 1904 iuvenis
411 1875 656 1915 generosae
697 1863 856 1905 indolis
900 1866 944 1904 et
987 1863 1081 1905 ele-

199 1927 339 1977 gantis
369 1927 529 1977 ingenii
569 1930 683 1976 erat,
732 1929 950 1979 quantum
981 1928 1081 1979 qui-

199 1988 304 2028 dem
334 2000 388 2028 ex
417 1990 502 2029 hac
531 1989 723 2041 Epistola
755 1991 798 2030 et
827 1991 958 2031 huius
979 1989 1080 2030 libri

198 2052 334 2104 Epist.
370 2053 435 2092 48.
472 2054 693 2093 coniicere
732 2052 847 2093 licet.
903 2054 1080 2105 («Equi-

198 2114 303 2154 dem
324 2116 559 2166 utramque
580 2115 821 2166 Epistolam
843 2117 898 2167 (2.
924 2117 968 2156 et
995 2116 1078 2167 48.)

199 2178 342 2216 aetate
387 2188 475 2216 non
523 2176 713 2217 multum
761 2178 924 2218 distare
971 2190 1079 2219 cen—

199 2250 320 2280 seo.»
370 2239 550 2278 FRANKE.
586 2239 714 2287 Quod
744 2241 779 2280 si
809 2251 968 2280 verum
993 2243 1076 2291 est,

199 2303 320 2342 certe
366 2303 466 2341 ante
517 2313 556 2341 a.
600 2301 693 2342 734.
732 2303 895 2354 scripta
942 2306 1074 2343 esset.

199 2364 468 2405 Kirchnerus
489 2366 532 2403 et
562 2364 782 2405 Obbarius
813 2364 1080 2406 rettulerunt

199 2427 256 2467 ad
278 2437 299 2466 a
322 2426 432 2476 7⁵27.)
482 2427 530 2466 Ei
561 2427 690 2477 igitur
710 2429 842 2478 poeta
871 2428 954 2467 hac
975 2429 1079 2480 Epi—-

200 2487 311 2529 stola
357 2487 662 2529 saluberrimis
709 2488 900 2529 consiliis
931 2490 1074 2539 viam,

199 2563 284 2602 qua
320 2551 606 2602 perveniatur
636 2551 693 2590 ad
723 2551 1004 2592 honestatem
1036 2554 1080 2592 et

199 2613 475 2663 felicitatem,
533 2616 751 2654 monstrat
796 2625 986 2666 eamque
1032 2616 1080 2655 ut

199 2675 333 2716 alacri
363 2677 510 2716 animo
531 2676 804 2727 ingrediatur
824 2677 1082 2718 adolescen-

199 2739 290 2780 tem
333 2740 499 2779 monet.
559 2740 701 2790 Atque
743 2751 845 2780 cum
886 2752 939 2780 eo
982 2742 1078 2793 ipso

198 2803 401 2853 tempore
423 2802 629 2842 Horatius
650 2805 888 2843 Praeneste
911 2804 1079 2855 degens

200 2863 378 2903 Homeri
435 2865 630 2905 carmina
681 2865 934 2917 relegisset,
995 2867 1079 2907 hac

200 2925 424 2965 scribendi
455 2928 688 2967 occasione
720 2930 850 2970 utens
884 2930 1079 2981 primum

201 2986 393 3026 ostendit
421 2987 523 3027 inde
547 2992 778 3040 tamquam
802 3002 854 3030 ex
876 2992 962 3031 vita
985 2992 1078 3043 ipsa

201 3058 335 3100 posse
367 3049 595 3099 aptissima
625 3052 668 3090 in
697 3054 933 3104 utramque
973 3064 1080 3105 par-

200 3114 293 3151 tem
336 3109 538 3162 exempla
576 3123 599 3150 a
640 3112 768 3154 nobis
810 3115 915 3166 peti.
976 3118 1080 3156 Post

199 3173 314 3213 hanc
344 3173 566 3223 egregiam
597 3173 652 3214 de
684 3175 876 3216 Homero
904 3180 1080 3218 senten-

200 3236 307 3276 tiam
347 3233 546 3287 pluribus
586 3247 657 3275 vv,
697 3236 959 3288 explicatam
992 3241 1074 3291 (vv.

202 3297 338 3348 4-34.)
374 3297 506 3336 tradit
543 3298 773 3349 potissima
811 3303 1078 3353 praecepto-

201 3369 300 3399 rum
331 3359 498 3411 capita‚
533 3359 693 3410 quibus
714 3360 802 3400 vita
834 3362 981 3402 iuveni
1011 3376 1080 3404 re-

202 3420 344 3470 genda
365 3422 440 3471 sit,
475 3423 565 3462 tam
595 3434 724 3471 vere,
759 3424 848 3463 tam
871 3435 1074 3474 nervose,

203 3484 291 3523 tam
337 3484 392 3524 ad
436 3485 801 3536 persuadendum
845 3488 978 3538 apte,
1032 3490 1078 3527 ut

1150 1049 1397 1101 quemlibet
1418 1048 1774 1099 adolescentem,
1803 1051 1878 1102 qui
1899 1050 2029 1103 plane

1149 1111 1323 1152 abiecto
1354 1113 1502 1153 animo
1534 1124 1622 1152 non
1652 1114 1726 1162 sit,
1761 1114 1954 1154 excitare
1987 1119 2031 1154 et

1149 1175 1205 1214 ad
1235 1175 1401 1226 optIma
1432 1186 1638 1226 quaeque
1669 1176 1919 1216 accendere
1948 1177 2030 1217 de-

1147 1238 1297 1278 beant.
1350 1239 1474 1277 ZELL.
1526 1239 1738 1278 Ceterum
1777 1241 1844 1280 est
1877 1239 2027 1280 schola

1147 1301 1291 1341 Stoica
1338 1312 1391 1340 ex
1435 1302 1798 1353 interpretatione
1848 1304 2029 1343 Homeri

1146 1362 1324 1413 morali,
1349 1375 1486 1415 quam
1507 1366 1790 1416 praeiverant
1809 1366 2030 1406 Antisthe-

1146 1437 1249 1476 nes,
1296 1427 1437 1477 Zeno,
1484 1429 1718 1468 Persaeus.
1777 1427 1888 1467 Vide
1924 1429 2030 1468 Dio-

1145 1499 1251 1528 nem
1283 1489 1514 1540 Chrysost.
1549 1489 1665 1530 Orat.
1690 1489 1757 1531 53.
1792 1491 1836 1529 et
1864 1491 1930 1530 55.
1967 1492 2030 1530 Ac

1144 1562 1366 1603 perquam
1397 1550 1550 1592 similis
1582 1553 1649 1592 est
1691 1553 1867 1593 Maximi
1911 1553 2029 1602 Tyrii

1144 1614 1259 1653 Diss.
1284 1613 1351 1653 32.
1376 1612 1511 1653 veluti
1540 1624 1583 1665 p.
1610 1614 1705 1654 4⁶26.
1730 1615 1803 1654 R.:
1848 1608 2030 1654 Αὐτίκα

1146 1676 1401 1728 πεποίηται
1450 1671 1580 1730 αὐτῶ
1627 1675 1676 1716 ἐν
1720 1680 1822 1727 τοῖς
1866 1673 2029 1730 λόγοις

1142 1735 1395 1795 μειράκιον
1445 1716 1734 1779 Θετταλικὸν
1778 1740 1860 1779 καὶ
1904 1753 2028 1797 ανηρ

1142 1798 1421 1852 βασιλικός,
1450 1796 1687 1852 Αχιλλεὺς
1716 1802 1800 1842 καὶ
1825 1796 2025 1855 AycasLae-

1143 1877 1292 1917 μνων·
1326 1860 1353 1904 ὁ
1383 1863 1473 1917 μὲν
1505 1861 1579 1905 ὑῑτ
1610 1859 1758 1921 ὀργης
1789 1866 1855 1916 εἰς
1886 1858 2028 1923 ὕβριν

1146 1924 1511 1984 προφερόμενος
1533 1922 1560 1966 ὁ
1577 1921 1903 1981 AyaULL6‘Lchov,
1929 1924 1956 1968 ὁ
1978 1926 2028 1968 δὲ

1138 1965 1375 2040 Ἆ7ιλλεὺς
1392 1988 1802 2061 προπηλαῖιισθεις
1821 1988 2024 2044 μηνιῶν·

1145 2048 1327 2102 εἰκόνες
1348 2050 1533 2101 παθῶν,
1552 2049 1780 2106 νεότητος
1801 2054 1881 2093 καὶ
1897 2050 2029 2106 ἐξου-

1144 2116 1269 2165 σίας.
1288 2109 1491 2165 Αντίθες
1512 2127 1587 2155 τοι
1607 2114 1815 2173 ἑκατέρῳ
1838 2113 1923 2156 τὸν
1942 2117 2029 2158 N6'-

1143 2190 1316 2234 στορα,
1350 2174 1557 2218 παλαιὸν
1587 2176 1650 2232 τῷ
1681 2177 1868 2235 χρόνῳ,
1907 2174 2028 2233 ἀγα-

1142 2236 1235 2279 θὸν
1265 2244 1487 2297 φρονεῖν,
1520 2238 1676 2281 δεινὸν
1707 2243 1870 2282 εἰπεῖν.
1912 2243 2023 2283 lbid.

1142 2298 1554 2353 Ρ.’135;Αὕτόν
1543 2316 1593 2356 γε
1621 2300 1722 2356 μὴν
1753 2301 1837 2344 τὸν
1864 2299 2027 2346 Ὀδυσ-

1143 2376 1232 2403 σεα
1253 2361 1345 2412 οὐχ
1377 2360 1510 2420 ὁρᾶς,
1545 2361 1610 2415 (ὃς
1631 2368 1883 2417 παντοίαις
1905 2380 2026 2420 συιι-

1142 2430 1319 2482 φοραῖς
1339 2421 1750 2479 ἀντιτεχνώμενον
1767 2423 1914 2485 ἆρετη
1934 2426 2027 2469 σώ-

1143 2490 1208 2539 ζει
1249 2502 1332 2529 και
1375 2485 1430 2528 τὸ
1474 2487 1531 2529 δι’
1578 2488 1765 2543 εκείνην
1808 2488 2024 2549 θάρσος,-

1144 2547 1299 2591 Τοῦτο
1330 2545 1459 2591 αὑτῶ
1490 2548 1545 2591 τὸ
1576 2566 1626 2592 εν
1661 2552 1842 2610 Κίρκης
1870 2552 2022 2606 μῶλυ,

1143 2609 1288 2654 τοῦτο
1319 2610 1372 2654 τὸ
1403 2613 1453 2654 ἐν
1483 2611 1697 2672 θαλάττῃ
1729 2613 2021 2673 κρηόεμνον,

1141 2676 1288 2718 τοῦτο
1308 2675 1403 2718 τῶν
1417 2675 1726 2731 Πολυφήμου
1748 2678 1922 2736 χειρῶν
1939 2677 2024 2720 τὸν

1142 2733 1293 2797 ἄνδρα
1313 2737 1485 2794 ἐξάγει,
1508 2738 1653 2781 τοῦτο
1673 2738 1724 2793 ἐξ
1737 2718 1890 2783 Ἅιδου
1912 2737 2025 2784 ἀνά-

1143 2815 1238 2856 γει,
1270 2800 1415 2843 τοῦτο
1437 2799 1646 2856 πήγνυσι
1668 2803 1886 2856 σχεδίαν,
1910 2805 2023 2848 τοῦ-

1142 2878 1198 2905 το
1219 2866 1374 2906 πείθει
1390 2860 1660 2917 Αλκίνουν,
1692 2866 1838 2909 τοῦτο
1859 2864 2024 2918 &2626-

1143 2941 1220 2969 ται
1248 2927 1526 2978 βαλλόντων
1555 2928 1872 2989 μνηστήρων,
1894 2926 2021 2990 Ίρου

1144 2990 1434 3043 παλαίοντος
1447 3024 1456 3042 ,
1497 2992 1771 3034 Μελανθίου
1804 2970 2024 3051 ὑβρίζον-

1142 3066 1249 3105 τος,
1281 3052 1427 3095 τοῦτο
1457 3054 1708 3113 «ἐλευθεροῖ
1733 3052 1820 3109 τὴν
1841 3056 2021 3107 ἑστίαν,

1144 3114 1288 3157 τοῦτο
1320 3122 1519 3174 τιμωρεῖ
1543 3114 1605 3172 τῷ
1637 3115 1790 3172 γάμῳ.

1199 3180 1289 3219 4-3.
1329 3181 1530 3233 maxime]
1564 3181 1782 3221 «maxime
1814 3184 1919 3222 natu
1953 3184 2022 3222 in-

1144 3242 1210 3280 ter
1240 3241 1447 3290 fratres;»
1481 3253 1626 3293 neque
1658 3254 1787 3293 vero,
1822 3246 1868 3283 ut
1897 3244 2020 3284 vole-

1142 3302 1220 3343 bat
1248 3303 1494 3353 Herderus,
1531 3305 1666 3344 «kuhn
1695 3304 2020 3355 emporstreben-

1142 3365 1234 3415 cler,
1268 3376 1453 3417 magnos
1476 3367 1653 3418 spiritus
1684 3366 1761 3406 tibi
1792 3377 2017 3414 sumens»,

1142 3439 1225 3468 nec
1256 3430 1323 3468 est
1353 3440 1516 3469 nomen
1548 3441 1612 3480 pr.
1637 3430 1847 3477 Maoeime,
1881 3430 1927 3468 ut
1954 3432 2018 3469 est

1141 3488 1270 3541 longe
1302 3492 1521 3542 posterior
1548 3493 1590 3531 P.
1623 3491 1776 3532 Lollius
1805 3491 2022 3531 Maximus
