2231 3787
186 251 287 302 298

825 253 1040 292 HORATII
1070 252 1370 293 SATIRARUM

257 384 343 436 Ius
383 400 582 454 anceps
621 383 766 444 novi,
810 399 1001 437 causas
1038 382 1330 437 defendere
1371 398 1616 451 possum,

255 485 456 555 Eripiet
493 485 668 555 quivis
708 483 896 538 oculos
936 484 1090 537 citius
1131 483 1283 543 mihi,
1326 499 1489 552 quam
1528 490 1579 535 te

1929 482 1995 532 35

257 587 629 657 Contemptum
655 602 811 639 cassa
836 602 974 638 nuce
998 592 1287 655 pauperet;
1328 583 1463 637 haec
1489 599 1610 636 mea
1637 600 1767 636 cura
1793 591 1888 644 est,

257 689 332 741 Ne
372 686 503 758 quid
542 696 596 739 tu
636 686 858 757 perdas,
901 703 1005 740 neu
1046 685 1118 738 sis
1166 685 1333 739 iocus.

296 868 361 908 36.
396 878 547 918 quassa
576 867 667 906 boE
701 869 744 906 et
771 877 838 919 pr.
872 868 922 916 S,
954 867 996 906 F.

1410 686 1493 738 Ire
1522 684 1741 738 domum
1768 692 1929 755 atque

1060 867 1125 917 (Ut
1154 876 1258 914 nos,
1294 877 1408 905 corr.
1443 866 1499 910 S.)

183 994 343 1033 tiss-imis
372 993 457 1031 istis
480 991 654 1031 auribus
674 991 814 1041 parci.
863 991 1059 1031 Variavit
1123 991 1246 1031 Com.
1272 990 1337 1030 48.
1369 991 1412 1030 in
1442 989 1568 1030 Verr.
1599 991 1646 1039 2,
1680 990 1745 1031 43.
1798 992 1889 1032 Liv.
1923 993 1996 1041 39,

183 1056 357 1095 Persius
391 1056 404 1094 4
429 1087 436 1102 ,
471 1055 547 1094 407
569 1066 577 1092 :
616 1058 778 1093 teneras
797 1076 821 1082 —
839 1076 863 1082 -
884 1054 1060 1093 auricu-

183 1118 258 1157 las.
287 1141 331 1145 —
353 1118 422 1156 Ius
441 1117 605 1166 anceps]
638 1115 928 1167 «plerumque
950 1126 1059 1155 con-

184 1184 475 1219 troversum.»
526 1180 677 1218 Iuven.
703 1179 749 1227 8,
782 1179 856 1218 50:
891 1179 970 1228 Qui
990 1179 1059 1217 ia-

184 1243 242 1281 ris
270 1243 395 1281 nodos
415 1246 451 1281 et
481 1242 617 1293 legum
647 1242 889 1293 aeniqmala
909 1241 1055 1281 solvat.

184 1304 305 1345 Conf.
345 1305 430 1342 Sat.
470 1305 522 1351 2,
569 1304 615 1352 2,
666 1303 759 1343 434.
805 1327 850 1332 -
882 1303 1056 1354 Eripiet]

184 1369 357 1407 Terent.
391 1367 569 1407 Phorm.
601 1367 646 1415 5,
690 1367 736 1415 7,
781 1365 848 1417 (al.
883 1366 940 1416 8,)
979 1366 1053 1405 96:

189 1430 255 1468 I'el
285 1430 449 1468 oculum
479 1429 695 1478 exsculpta
727 1432 784 1468 est
811 1428 880 1467 ubi
908 1439 980 1467 vos
998 1428 1061 1467 ul-

183 1492 319 1531 ciscar
334 1491 475 1541 probe.
503 1512 546 1518 -
567 1491 688 1530 citius
707 1512 725 1519 -
745 1489 885 1541 quam]
908 1490 954 1529 id
975 1492 1056 1541 est,

181 1553 347 1603 facilius
377 1564 520 1603 quam.
582 1552 669 1593 Cfr.
695 1552 821 1592 Hand
849 1553 974 1593 Turs.
1005 1554 1056 1592 ΙΙ.

182 1628 224 1668 p.
249 1617 313 1656 78.
357 1640 402 1644 -—
445 1616 742 1666 Contemptum]
783 1615 838 1655 ab
880 1616 1058 1655 homine

183 1678 408 1730 improbo,
437 1679 511 1728 qui
533 1680 573 1717 te
595 1689 678 1717 nec
694 1680 956 1717 revereatur
975 1689 1059 1718 nec

182 1742 349 1780 timeat.
378 1764 421 1769 -
444 1751 566 1780 cassa
596 1740 710 1791 nuce]
744 1751 816 1780 «re
846 1739 917 1779 vel
936 1739 1059 1780 vilis-

183 1803 336 1843 sima.»
397 1805 456 1842 Ita
498 1805 647 1843 autem
683 1802 904 1843 vocabant
936 1814 1061 1843 nuces

182 1867 349 1913 inanes,
382 1866 467 1905 sine
493 1865 671 1905 medulla
690 1869 900 1914 ventosas,
932 1867 979 1905 ut
1000 1867 1059 1905 ait

185 1930 358 1968 Petron.
386 1927 477 1966 437.
539 1928 651 1966 Feae
683 1938 840 1976 quassa
867 1938 970 1967 nuce
989 1939 1060 1967 re—

185 1992 349 2042 pugnat
366 1991 677 2030 consuetudini
694 1991 1062 2041 Latinae—pail-

179 2052 312 2103 peret]
359 2051 561 2103 «spoliet,
608 2053 794 2103 privet.»
860 2053 1060 2093 Verbum

185 2117 253 2154 est
282 2113 551 2163 Plautinum,
590 2116 638 2154 ut
667 2116 871 2155 ICtorum
895 2127 1062 2165 paupe-

185 2177 287 2215 riem
311 2176 471 2227 facere,
505 2178 630 2226 dare,
662 2175 784 2217 velut
814 2178 857 2217 in
877 2176 947 2217 illo
967 2179 1056 2217 XII.

184 2239 307 2279 Tab.:
332 2239 365 2278 si
386 2241 623 2289 quadrupes
636 2241 883 2290 pauperiem
901 2241 1056 2292 feeerit.

187 2324 231 2329 —
255 2302 381 2354 iocus]
407 2300 525 2341 «aliis
547 2300 782 2341 ludibrio.»
816 2301 969 2342 Catull.
989 2302 1056 2352 42,

184 2365 228 2403 3:
252 2366 391 2404 Iocum
412 2376 474 2405 me
487 2369 614 2415 putat
630 2377 713 2405 esse
725 2367 894 2406 moecha
909 2367 1057 2417 turpis.

184 2429 358 2466 Petron.
382 2428 432 2466 57
455 2439 463 2466 :
510 2428 631 2467 Nunc
659 2439 778 2477 spero
807 2439 872 2468 me
909 2429 965 2468 sie
993 2430 1059 2468 vi-

184 2501 299 2539 vere,
338 2495 385 2529 ut
412 2491 566 2529 nemini
605 2491 719 2530 iocus
745 2492 836 2531 sim.
899 2490 1060 2531 Simili-

184 2554 251 2591 ter
280 2554 519 2603 usurpatur
546 2553 656 2592 risus
685 2554 771 2592 Sat.
802 2554 848 2602 2,
881 2554 928 2603 2,
963 2554 1055 2594 407.

237 2615 303 2653 38.
353 2616 592 2654 Pellieulam
627 2616 793 2668 curare]
833 2617 1058 2669 «corporis

184 2677 249 2715 sui
281 2675 447 2716 habere
479 2688 678 2718 curam.»
727 2681 830 2718 Aen.
865 2679 973 2730 Epp.
1008 2679 1055 2727 4,

183 2738 229 2785 2,
264 2738 340 2777 29;
386 2739 433 2777 In
463 2744 555 2779 cute
583 2742 774 2780 curanda
796 2741 893 2791 plus
926 2751 1058 2791 aequo

184 2805 358 2849 operata
384 2802 584 2842 iuventus.
611 2804 654 2852 4,
679 2802 724 2853 4,
759 2805 831 2844 45:
858 2804 1060 2855 pinguem

184 2865 220 2900 et
264 2863 438 2902 nitidum
477 2864 573 2903 bene
610 2869 762 2905 curata
799 2870 902 2905 cute.
949 2888 994 2893 —
1029 2868 1060 2918 fi

184 2924 373 2974 cognitor
401 2926 486 2975 ipse
498 2937 510 2972 ,·
540 2928 695 2979 Persta]
729 2929 798 2967 Sic
829 2929 1059 2979 interpun-

185 2987 398 3037 gendum:
435 2990 625 3029 «nemini
655 2989 747 3033 alii.
781 2992 829 3029 ut
857 2991 942 3030 hoc
962 2990 1059 3029 offi-

186 3049 252 3087 cio
291 3059 392 3099 erga
437 3050 638 3092 Publium
678 3052 904 3103 fungatur,
952 3063 1059 3091 con—

186 3110 372 3150 cedito.»
430 3114 571 3153 Minus
603 3116 723 3154 recte
754 3113 977 3154 Bentleius
1017 3116 1061 3153 et

186 3173 464 3213 Heindorfius
502 3175 759 3226 dispescunt
789 3188 884 3215 vv.:
930 3178 961 3227 fi
988 3188 1059 3215 eo-

184 3237 342 3287 ffliitot·,·
388 3237 473 3286 ipse
519 3239 676 3277 Persia.
744 3240 1058 3290 imperativum

186 3301 335 3338 autem
359 3298 602 3339 Plautinum
621 3302 652 3351 fi
673 3300 814 3350 (Curc.
840 3302 855 3339 4
878 3333 885 3349 ,
912 3302 926 3339 4
949 3333 956 3349 ,
981 3301 1055 3341 87:

182 3362 211 3410 fi
232 3362 286 3399 mi
307 3361 560 3413 obsequens.)
583 3362 836 3414 complures
854 3363 1055 3411 Codices,

184 3423 289 3462 item
322 3424 618 3475 consuetudo,
652 3436 706 3465 ex
735 3436 821 3476 qua
851 3424 1060 3465 dicebant

185 3487 436 3535 cognitorem
481 3488 573 3538 fieri
618 3488 729 3536 (Cic.
773 3499 853 3539 pro
904 3489 1058 3529 Roscio

1120 1053 1194 1103 5.),
1228 1053 1332 1092 satis
1369 1053 1565 1092 tutantur
1595 1051 1811 1094 adversus
1843 1066 2001 1095 corru-

1120 1113 1261 1166 ptelas
1291 1115 1346 1163 si,
1379 1115 1446 1153 sis,
1475 1135 1519 1142 -
1555 1114 1794 1165 Cognitor
1823 1120 1894 1165 est,
1927 1118 2000 1166 qui

1121 1177 1298 1228 defendit
1326 1178 1505 1216 alterum
1533 1178 1576 1216 in
1605 1178 1783 1227 iudicio,
1815 1179 1849 1217 si
1869 1190 2001 1229 prae-

1120 1240 1243 1279 sentis
1268 1252 1440 1280 eausam
1470 1241 1602 1289 novit,
1635 1244 1673 1279 et
1702 1242 1759 1280 sie
1789 1245 1928 1282 tuetur
1955 1247 2002 1282 ut

1120 1313 1254 1341 suam.
1313 1302 1614 1342 Pseudascon.
1654 1303 1697 1341 in
1733 1304 1823 1343 Cic.
1856 1305 1997 1344 Divin.

1119 1366 1162 1416 S.
1190 1366 1254 1404 44.
1281 1366 1336 1416 (p.
1363 1364 1455 1405 404.
1481 1365 1550 1404 ed.
1575 1365 1700 1415 Bait.)
1750 1366 2003 1418 Cognitor

1121 1432 1178 1467 est
1207 1428 1277 1477 qui
1305 1428 1418 1466 litem
1447 1427 1620 1466 alterius
1657 1428 1826 1478 suscipit
1854 1440 1998 1469 eoram

1121 1502 1191 1538 eo,
1233 1491 1300 1530 cai
1349 1491 1471 1528 datus
1518 1494 1587 1529 est.
1639 1491 1809 1531 Festus.
1875 1494 2002 1532 Post-

1123 1563 1258 1604 quam
1289 1552 1439 1591 autem
1469 1552 1512 1591 in
1542 1550 1690 1592 locum
1720 1552 1887 1593 domini
1915 1552 2001 1595 litis

1123 1614 1386 1654 substitutus
1432 1615 1528 1653 erat
1570 1615 1793 1665 cognitor,
1844 1614 1914 1656 ille
1958 1617 2002 1656 in

1123 1677 1284 1716 iudicio
1311 1687 1400 1716 non
1421 1677 1509 1716 iam
1531 1687 1794 1728 comparere
1813 1689 2001 1719 necesse

1122 1738 1332 1778 habebat.
1396 1739 1483 1779 Cfr.
1508 1740 1663 1779 Gaium
1683 1739 1728 1787 4,
1763 1740 1840 1780 97:
1871 1740 1929 1780 Ae
1952 1752 2004 1781 ne

1121 1803 1156 1841 si
1191 1813 1273 1852 per
1313 1802 1568 1853 coynitorem
1611 1803 1777 1851 quidem
1819 1807 1999 1854 αραιαν,

1121 1865 1209 1904 ulla
1238 1865 1454 1904 satisdatio
1482 1865 1547 1904 vel
1575 1865 1627 1904 ab
1656 1866 1744 1915 ipso
1772 1866 1836 1905 vel
1865 1877 1894 1904 a
1927 1867 2003 1906 do-

1121 1928 1233 1966 mino
1263 1928 1539 1967 desideratur.
1602 1928 1705 1968 Cum
1744 1928 1854 1968 enim
1882 1929 2003 1968 certis

1122 1994 1159 2030 et
1188 1991 1308 2039 quasi
1335 1989 1596 2029 sollemnibus
1623 1990 1758 2029 verbis
1786 1992 1828 2030 in
1864 1992 2001 2030 locum

1123 2054 1278 2093 domini
1305 2053 1579 2092 substituatur
1607 2054 1815 2104 cognitor,
1854 2055 2002 2093 merito

1123 2117 1279 2156 domini
1299 2116 1386 2155 loco
1405 2116 1593 2156 habetur.
1629 2117 1886 2156 Procurator
1902 2128 2001 2156 vero

1125 2180 1214 2230 (qui
1253 2179 1429 2218 absentis
1466 2189 1649 2219 causam
1680 2179 1780 2229 agit)
1810 2179 1845 2218 si
1874 2183 1998 2231 aqat,

1122 2242 1326 2281 satisdare
1355 2241 1537 2291 iubetur,
1578 2245 1722 2281 ratam
1751 2253 1839 2281 rem
1867 2242 2003 2281 domi-

1121 2316 1223 2344 num
1251 2304 1517 2352 habiturum;
1542 2304 1777 2354 perieulum
1801 2304 1910 2344 enim
1927 2308 1996 2351 est,

1121 2378 1171 2407 ne
1200 2368 1353 2406 iterum
1382 2367 1571 2406 dominus
1601 2367 1650 2406 de
1678 2368 1821 2406 eadem
1849 2378 1896 2406 re
1923 2378 2002 2406 θω-

1116 2430 1335 2480 perimam·
1367 2430 1477 2479 quod
1498 2429 1737 2479 perieulum
1764 2441 1848 2469 non
1877 2430 2004 2469 inter-

1120 2493 1252 2541 venit,
1285 2492 1321 2531 si
1343 2503 1423 2542 per
1451 2492 1706 2543 coqnicorem
1736 2497 1876 2531 aetum
1903 2493 1999 2543 fuit,

1123 2555 1224 2605 quia
1252 2555 1300 2594 de
1329 2565 1414 2604 qua
1441 2565 1488 2594 re
1518 2555 1690 2604 quisque
1715 2566 1792 2604 per
1819 2556 2002 2607 (20ρηίιο-

1119 2628 1210 2656 rem
1239 2617 1388 2668 efferet,
1422 2618 1470 2656 de
1490 2627 1540 2656 ea
1559 2628 1643 2656 non
1661 2618 1800 2668 ma9is
1821 2618 2002 2667 amplius

1122 2679 1326 2719 actionem
1353 2678 1496 2727 habet,
1528 2689 1657 2726 quam
1683 2679 1717 2717 si
1747 2680 1833 2728 ipse
1853 2681 1995 2731 egerit.

1176 2740 1323 2781 39-44.
1372 2742 1515 2780 Persta
1544 2741 1870 2794 atqueobdura]
1901 2744 2000 2796 Ipsa

1122 2804 1219 2844 soni
1256 2803 1494 2854 asperitate
1536 2814 1759 2844 summam
1803 2806 2000 2856 pertina-

1123 2866 1236 2905 ciam
1267 2865 1493 2916 exprimit;
1528 2867 1680 2905 contra
1711 2876 1847 2917 quam
1875 2868 1996 2908 Ovid.

1121 2929 1169 2967 A.
1207 2928 1255 2967 Λ.
1293 2928 1341 2975 2,
1390 2927 1499 2967 478;
1549 2928 1689 2979 Perfer
1732 2932 1770 2968 et
1811 2929 1998 2970 obdura:

1116 2990 1331 3039 postmodo
1360 2989 1471 3029 mitis
1491 2990 1583 3030 erit.
1636 2990 1762 3030 Trist.
1785 2992 1832 3040 5,
1856 2992 1922 3041 44,
1947 2993 1994 3032 7;

1120 3052 1262 3102 Perfer
1282 3056 1318 3091 et
1347 3051 1509 3092 obdura
1519 3063 1533 3100 ,·
1564 3053 1693 3092 multo
1712 3054 1919 3104 ,qraviora
1938 3058 2001 3094 tu-

1121 3114 1216 3152 listi.
1255 3136 1296 3143 —-
1333 3125 1403 3154 seu
1431 3114 1564 3154 rubra
1598 3115 1700 3165 cet.]
1734 3115 2000 3167 «Heredipe—

1124 3178 1193 3216 tae
1225 3175 1514 3217 obdurandus
1546 3179 1613 3218 est
1643 3180 1688 3217 et
1715 3176 1819 3218 solis
1849 3180 1998 3219 aestus

1124 3238 1489 3290 flagrantissimus
1527 3242 1571 3279 et
1615 3239 1747 3291 frigus
1784 3240 1999 3291 rigidissi-

1125 3311 1291 3340 mum.»
1341 3299 1588 3341 Salsissime
1620 3301 1690 3340 hic
1730 3300 1884 3341 irridet
1920 3302 1999 3341 tri-

1122 3362 1247 3414 plici,
1281 3365 1329 3402 ut
1357 3363 1464 3403 mihi
1494 3362 1653 3403 saltem
1682 3362 1878 3412 videtur,
1918 3375 1999 3415 pa-

1123 3426 1246 3466 rodia
1267 3427 1321 3467 M.
1348 3427 1528 3466 Furium
1548 3424 1829 3476 Bibaculum,
1863 3436 1999 3477 quem

1124 3489 1337 3539 turyidum
1370 3487 1566 3538 Alpinum
1601 3486 1792 3540 appellat
1829 3488 1916 3527 Sat.
1951 3488 1994 3533 4,
