2231 3787
340 268 438 318 70ss

406 401 556 451 Hune
596 398 736 452 socci
779 414 974 468 cepere
1014 395 1208 466 pedem
1247 392 1587 465 grandesque
1627 391 1894 450 cothurni,

1134 265 1347 305 llORATn

2076 393 2143 444 80

407 499 632 552 Alternis
672 508 851 569 aptum
891 495 1228 550 sermonibus
1267 502 1319 547 et
1356 493 1643 564 populares

406 601 712 654 Vincentem
751 601 1000 668 strepitus
1040 604 1091 649 et
1129 603 1308 647 natum
1347 593 1510 647 rebus
1549 593 1784 664 agendis.

409 702 556 753 Musa
595 700 742 753 dedit
780 698 975 750 {idibus
1015 696 1168 749 divos
1208 712 1518 766 puerosque
1557 694 1782 748 deorum

411 803 469 853 Et
508 800 739 870 pugilem
780 798 1034 851 rictorem
1074 805 1125 848 et
1165 812 1363 865 equum
1404 795 1691 849 certamine
1732 795 1961 865 primum

414 904 469 954 Et
513 902 762 953 iuvenum
802 915 959 952 curas
998 905 1049 950 et
1088 895 1260 949 libera
1296 895 1418 948 vina
1457 895 1672 949 referre.

2080 897 2146 948 85

411 1001 716 1071 Descriptus
756 1015 973 1051 servare
1014 998 1157 1051 vices
1200 1014 1534 1067 operumque
1575 995 1783 1050 colores

451 1168 494 1206 84
511 1198 516 1203 .
546 1165 767 1215 popularis
794 1165 840 1203 B.

341 1312 455 1349 erat,
481 1304 741 1345 Archilocho
765 1304 1054 1355 posteriorem
1074 1303 1211 1353 putat.

345 1390 390 1396 —
414 1369 531 1407 Hunc
559 1367 665 1406 socci
689 1366 791 1417 eet.]
826 1366 901 1405 «Et
923 1363 1151 1405 comoedia
1173 1365 1217 1403 et

343 1430 563 1480 tragoedia
608 1429 887 1480 potissimum
923 1427 1098 1468 senario
1136 1436 1215 1466 usa

345 1495 451 1532 est.»
486 1491 548 1531 Cf.
574 1492 680 1542 Epp.
706 1491 744 1538 2,
766 1491 803 1537 ⁴,
830 1489 921 1529 474.
947 1511 990 1517 —
1012 1489 1216 1540 yrandes-

344 1565 419 1603 que
439 1553 640 1604 cothurni]
664 1554 749 1592 Sat.
776 1553 812 1598 l,
836 1553 875 1599 5,
896 1551 968 1591 64:
993 1551 1217 1601 crumas--

342 1616 564 1655 cothurnis.
591 1636 635 1642 -
659 1614 836 1654 Alternis
855 1617 1000 1663 aptum
1019 1611 1216 1652 sermoni-

343 1678 428 1729 bus]
458 1679 635 1718 Aristot.
659 1679 778 1716 Poet.
810 1676 854 1723 4,
889 1676 959 1715 49:
996 1672 1216 1714 Μάλιστα

343 1737 560 1780 λεκτικὸν
590 1735 683 1778 τῶν
711 1740 895 1794 μέτρων
914 1734 970 1777 τὸ
994 1734 1216 1790 ἰαμβεῖόν

345 1804 489 1844 ἐστιν.
537 1805 741 1853 σημεῖον
771 1799 821 1840 δὲ
852 1797 1054 1841 τούτου·
1089 1798 1217 1839 πλεῖ-

346 1876 437 1904 στα
480 1860 569 1919 γὰρ
615 1861 810 1914 ἰαμβεῖα
850 1861 1049 1914 λέγομεν
1079 1860 1129 1901 ἐν
1158 1856 1215 1917 τῇ

343 1925 569 1979 διαλέκτῳ
600 1924 655 1980 τῆ
688 1922 805 1981 πρὸς
825 1919 1078 1976 ἀλλήλους,
1109 1920 1219 1974 ἑξά-

343 2001 492 2045 μετρα
521 1986 570 2027 δὲ
602 1983 828 2041 ὀλιγάκις.
864 1988 950 2029 Cfr.
974 1988 1151 2027 Rhetor.
1176 1985 1215 2034 3,

345 2052 384 2091 8.
419 2052 508 2091 Cic.
534 2051 649 2089 Orat.
673 2051 745 2095 57,
780 2050 877 2089 49¹:
919 2060 993 2099 pes
1021 2048 1221 2087 iambicus

344 2113 525 2152 orationi
567 2112 828 2157 simillimus:
872 2122 956 2160 qua
1000 2113 1047 2150 de
1091 2120 1221 2149 causa

343 2175 456 2225 fieti,
488 2178 533 2212 ul
563 2174 596 2211 is
619 2174 880 2223 potissimum
902 2176 1078 2222 propter
1101 2171 1220 2210 simi-

344 2237 556 2275 litudinem
583 2235 770 2275 veritatis
798 2235 1042 2274 adhibeatur
1070 2234 1113 2272 in
1146 2233 1220 2282 fa-

345 2297 461 2336 bulis.
497 2319 543 2325 —
571 2297 797 2346 populares
819 2297 1049 2335 Vincentem
1076 2295 1221 2344 strepi-

345 2359 421 2410 tus]
446 2358 598 2398 «altius
620 2360 852 2399 sonantem
874 2359 915 2397 in
932 2368 1066 2398 scena
1084 2368 1219 2407 quam

346 2421 512 2461 clamor
548 2419 740 2471 populi.»
771 2422 871 2459 Aca.
923 2420 1055 2459 Recte
1087 2420 1220 2459 etiam

347 2484 682 2523 Commentator
703 2482 882 2532 Cruquii
902 2493 909 2519 ;
938 2480 1133 2521 «Clarius
1153 2491 1221 2521 re-

346 2546 578 2586 sonantem
600 2544 642 2583 in
665 2553 818 2592 scena,
853 2554 987 2594 quam
1007 2541 1220 2583 tumultus

346 2605 569 2659 popularis
599 2607 820 2646 resonet.»
854 2605 970 2646 «Etsi
985 2605 1138 2656 strepit
1159 2605 1222 2644 in-

347 2669 524 2709 terdum
554 2670 856 2720 spectatorum
892 2678 1016 2719 pars,
1062 2665 1221 2706 nihilo-

348 2734 493 2771 minus
524 2741 547 2769 a
575 2729 754 2780 reliquis
783 2728 905 2769 facile
928 2728 1222 2769 exaudiuntur

348 2793 483 2832 iambi
525 2795 706 2844 propter
748 2793 895 2843 ipsum
931 2802 1221 2832 numerorum

350 2866 508 2904 genus,
541 2855 583 2893 in
615 2865 701 2905 quo
732 2852 934 2893 facillime
965 2864 1096 2894 aures
1126 2853 1222 2893 ani-

350 2915 630 2955 madvertunt
686 2909 851 2971 ἄρσεις
909 2917 953 2955 et
1002 2914 1219 2964 θέσεις.»

352 2975 524 3024 Quintil.
547 2977 587 3022 9,
606 2975 646 3024 4,
667 2977 768 3016 436ῑ
791 2977 949 3026 Aspera
968 2976 1115 3016 iambis
1132 2987 1224 3015 ma-

349 3039 464 3078 xime
498 3039 778 3087 concitantur,
824 3051 907 3078 non
945 3039 1076 3078 solum
1114 3038 1224 3088 quod

352 3105 443 3140 sunl
486 3111 507 3140 e
549 3100 708 3139 duabus
746 3101 866 3139 modo
903 3101 1071 3149 syllabis
1099 3111 1224 3150 eoque

351 3162 671 3212 frequentiorem
710 3163 829 3211 quasi
865 3162 1034 3211 pulsum
1060 3162 1222 3211 habent,

355 3234 461 3273 quae
494 3233 559 3263 res
596 3223 754 3262 lenitati
791 3224 1008 3262 contraria
1036 3228 1116 3272 esl,
1158 3225 1226 3263 sed

354 3286 481 3324 etia-m
496 3285 604 3334 quod
623 3283 809 3323 omnibus
823 3284 994 3334 pedibus
1008 3285 1228 3337 insurgunt

355 3351 391 3385 et
427 3357 455 3384 a
490 3345 677 3385 brevibus
711 3346 754 3384 in
789 3345 934 3398 lonqas
973 3347 1164 3386 nituntur
1192 3351 1229 3387 el

353 3412 553 3447 crescunt.
585 3408 725 3448 Minus
744 3409 866 3448 recte
888 3418 1030 3459 nuper
1049 3408 1229 3459 quidam

1277 1311 1349 1341 res
1379 1301 1422 1340 in
1451 1311 1642 1348 scena3»
1688 1312 1844 1342 verum
1874 1312 1957 1343 nec
1988 1301 2150 1344 chorus

1278 1374 1474 1413 unquam
1504 1364 1738 1415 strepitum
1760 1364 1920 1404 excitat
1939 1375 1963 1404 a
1983 1366 2150 1417 prima-

1278 1436 1377 1464 rum
1397 1426 1587 1476 partium
1609 1428 1757 1466 actore
1781 1426 2045 1477 sedandum,
2068 1428 2150 1468 nisi

1278 1485 1386 1526 forte
1404 1487 1491 1527 huc
1510 1489 1694 1528 traxeris
1712 1488 1895 1528 chorum
1913 1489 1954 1528 in
1971 1489 2152 1540 Septem

1278 1549 1378 1589 adv.
1403 1549 1540 1589 Theb.
1565 1561 1605 1589 v.
1631 1551 1722 1590 1182.
1749 1552 1912 1590 acriter
1941 1550 1997 1591 ab
2018 1552 2153 1591 Eteo-

1278 1610 1343 1651 cle
1374 1613 1726 1663 reprehensum;
1760 1623 1905 1663 neque
1936 1623 2040 1653 cum
2060 1614 2153 1654 sin-

1283 1672 1369 1724 guli
1397 1684 1578 1725 semper
1607 1673 1843 1725 loquantur
1871 1675 2003 1715 etiam
2031 1675 2075 1714 iu
2096 1673 2155 1715 al-

1278 1735 1616 1785 tercationibus,
1649 1733 2047 1793 πρωταγωνιστὴς
2075 1748 2154 1777 ce-

1278 1799 1476 1837 terorum
1511 1800 1714 1838 actorum
1754 1798 1971 1839 clamores
2007 1800 2154 1839 vincat

1279 1870 1390 1910 opus
1421 1862 1503 1899 est.
1537 1881 1583 1888 —
1615 1865 1764 1900 nalum
1804 1860 1925 1900 rebus
1967 1861 2151 1912 ayendis]

1279 1922 1408 1961 Arist.
1440 1923 1560 1961 Poet.
1590 1922 1663 1971 24,
1697 1923 1770 1962 40:
1821 1918 1887 1962 Τὸ
1925 1919 2154 1975 ἰαμβικὸν

1281 1983 1361 2023 καὶ
1381 1979 1697 2041 τετράμετρον
1718 1982 1954 2037 κινητικά,
1985 1981 2041 2025 τὸ
2061 1984 2152 2038 μὲν

1283 2040 1599 2102 ὀρχηστικὸν,
1641 2042 1697 2086 τὸ
1733 2044 1784 2087 δὲ
1814 2045 2151 2105 πρακτικόν.

1336 2138 1507 2178 83-85.
1553 2141 1678 2179 Musa
1711 2140 1820 2180 dedit
1853 2141 1957 2193 cet.]
2004 2143 2154 2184 Poesis

1280 2199 1445 2251 lyricae
1463 2201 1582 2241 varia
1604 2212 1769 2252 genera
1788 2207 2043 2254 enumerat,
2076 2205 2156 2256 hy-

1283 2272 1435 2310 mnos,
1467 2273 1684 2314 paeanes,
1717 2263 2047 2316 dithyrambos,
2078 2266 2156 2307 he-

1281 2335 1410 2364 roum
1437 2323 1618 2374 laudes,
1665 2324 1896 2377 ἐπινίκια,
1935 2325 2152 2385 ἐρωτικά,

1282 2387 1530 2444 παροίνια,
1577 2387 1785 2429 omittens
1813 2385 2039 2447 θρήνους.
2087 2391 2151 2432 Cf.

1282 2449 1361 2489 Od.
1385 2449 1424 2497 4,
1448 2450 1488 2496 2,
1513 2449 1563 2488 40
1583 2459 1681 2500 sqq.
1730 2451 1947 2493 Construe
1977 2455 2152 2494 autem:

1281 2512 1406 2550 Musa
1436 2511 1544 2551 dedit
1569 2511 1738 2563 fidibus,
1786 2513 1830 2553 id
1869 2515 1957 2563 est,
2004 2516 2155 2566 generi

1281 2571 1444 2623 lyrico,
1490 2573 1647 2620 referre
1690 2575 1827 2625 divos,
1874 2587 1961 2616 non
1998 2577 2156 2629 referre

1283 2635 1396 2674 divos
1421 2634 1583 2686 fidibus.
1619 2635 1682 2676 Cf.
1705 2648 1746 2676 v.
1771 2637 1874 2677 323:
1914 2638 2056 2679 Graiis
2083 2640 2156 2680 de·

1282 2697 1341 2736 dit
1369 2707 1440 2736 ore
1467 2698 1645 2737 rotundo
1672 2699 1797 2738 Musa
1824 2699 1951 2750 loqui.
1978 2723 2024 2729 —
2048 2712 2156 2751 pue-

1280 2769 1431 2809 rosque
1450 2759 1635 2809 deorum]
1660 2761 1925 2811 «semideos,
1946 2762 2154 2805 heroes.»

1286 2845 1330 2849 —
1353 2822 1752 2874 equum-primum]
1784 2823 2023 2866 «victorem
2039 2841 2077 2875 ,υ
2107 2826 2158 2866 ut

1283 2883 1494 2923 Pindarus
1524 2882 1695 2935 Olymp.
1721 2885 1760 2933 4,
1785 2885 1850 2926 48.
1884 2885 2153 2945 Φερενίκου,

1282 2945 1484 2985 Hieronis
1516 2946 1642 2996 equi,
1691 2947 1905 2988 meminit.
1946 2970 1990 2978 -
2023 2949 2157 2992 libera

1280 3008 1394 3060 vina]
1427 3006 1482 3046 de
1514 3002 1756 3063 παῤῥησίᾳ
1787 3012 2153 3063 compotantium,
2182 3049 2185 3055 .

1283 3070 1331 3108 ut
1361 3070 1446 3108 Sat.
1473 3069 1511 3119 l,
1534 3068 1573 3118 4,
1597 3070 1671 3110 89:
1705 3070 1880 3111 Condita
1906 3083 2002 3113 cum
2018 3084 2157 3115 verax

1285 3130 1420 3180 aperit
1429 3133 1684 3180 praecordia
1698 3132 1832 3173 Liber.
1865 3134 1952 3175 Sat.
1970 3135 2011 3185 2,
2025 3135 2066 3185 8,
2085 3135 2155 3176 37:

1283 3194 1448 3233 Potores
1465 3215 1488 3222 -
1507 3194 1759 3235 maledicunt
1789 3195 1968 3236 liberius.
2015 3196 2080 3238 Cf.
2110 3207 2154 3238 v.

1286 3253 1389 3324 224:
1428 3258 1554 3305 potus
1591 3259 1629 3296 el
1657 3257 1795 3297 exlex.
1841 3258 1959 3297 Non:
2006 3257 2158 3310 «larga

1289 3326 1434 3356 vina.»

1344 3409 1490 3451 86-92.
1522 3411 1905 3464 Descriptas-vices]
1928 3411 2067 3453 «Cum
2085 3423 2160 3453 va-

359 3470 571 3519 exposuit:
595 3469 745 3509 «fictos
766 3469 1232 3521 strepitusinteracto-
1291 3472 1351 3511 ria
1379 3471 1514 3522 haec,
1547 3483 1661 3523 quae
1683 3474 1977 3523 enumeravit,
2008 3475 2157 3526 poesis
