2231 3787
220 280 321 332 268

850 285 1061 325 HORATu
1093 286 1389 330 SATIRARUM

289 410 590 464 Libertinus
628 420 765 469 erat,
807 414 897 484 qui
938 414 1137 468 circum
1177 416 1407 485 compita
1445 416 1621 470 siccus

288 512 467 564 Lautis
506 529 660 565 inane
700 529 864 565 senex
906 513 1150 566 manibus
1189 515 1438 568 currebat
1475 524 1553 578 et,
1601 517 1772 571 Unum
1811 549 1880 556 —

287 612 426 676 Quid
454 622 558 665 tam
587 630 833 683 magnum
851 613 876 663 ?
915 612 1118 666 addens
1140 645 1222 675 —,
1251 633 1414 667 unum
1437 633 1522 670 me
1551 617 1753 688 surpite
1783 618 1965 672 morti!

286 713 378 765 Dis
417 714 610 766 etenim
651 712 800 766 facile
841 721 944 774 est,
991 713 1204 777 orabat;
1245 731 1406 768 sanus
1446 716 1688 787 utrisque

287 813 517 866 Auribus
556 822 715 884 atque
755 811 955 877 oculis;
997 821 1248 876 mentem,
1290 814 1389 868 nisi
1429 814 1715 886 litigiosuS,

1918 817 2022 871 285

287 914 568 984 Exciperet
595 913 866 975 dominus,
909 929 1030 966 cum
1057 913 1330 968 venderet.
1371 915 1486 970 Hoc
1513 933 1732 988 quoque
1759 917 1946 989 volgus

323 1077 415 1117 ζ282.
449 1078 584 1116 Laetis
611 1089 654 1129 p.
691 1101 735 1106 —-
768 1079 862 1119 ⁶283.
897 1081 1104 1130 Quiddam
1131 1092 1331 1133 magnum
1360 1081 1515 1120 addens
1543 1081 1616 1132 Sp,
1649 1080 1840 1120 Pottierii
1860 1081 1965 1128 tres,

270 1141 331 1178 Lt.
384 1140 429 1179 L‘t
462 1150 562 1186 nos,
596 1139 677 1188 bc,
710 1138 774 1187 δι,
809 1142 1161 1192 Lambethanus,
1195 1155 1260 1195 pr.
1294 1157 1344 1193 κ,
1378 1141 1535 1191 Bentl.,
1569 1143 1715 1183 CFMJ.
1750 1142 1843 1194 (Cui
1880 1146 1970 1182 tam

266 1212 464 1251 maynum
495 1203 751 1253 Anonymus
782 1204 897 1255 apud
928 1204 1255 1253 Heindorfium,
1289 1205 1335 1244 Id
1355 1209 1442 1244 tam
1468 1203 1702 1256 magnum?
1730 1204 1965 1246 Mitscher-

267 1324 467 1364 281-283.
517 1325 761 1378 Libet-tinus]
802 1328 893 1367 Iam
930 1328 1085 1368 transit

212 1386 267 1425 ad
297 1388 624 1437 superstitiosos
664 1399 750 1428 non
791 1390 936 1429 minus
975 1388 1085 1429 stul-

212 1450 300 1489 tos.
336 1459 470 1499 quam
497 1450 582 1489 sint
612 1451 770 1499 ceteri,
807 1461 917 1501 quos
938 1451 1083 1491 adhuc

213 1512 499 1552 enumeravit.
599 1513 684 1563 (De
741 1512 1080 1564 Augustalibus,

212 1584 323 1623 quos
355 1573 424 1612 hic
454 1574 680 1613 intrudunt
711 1574 1004 1624 Scholiastae,
1038 1578 1083 1615 tu

213 1634 295 1673 noli
328 1636 539 1685 cogitare,
573 1637 780 1686 quoniam
811 1637 921 1677 haec
951 1638 1083 1676 satira

211 1696 284 1735 diu
315 1699 414 1735 ante
446 1695 547 1736 illud
579 1697 879 1748 Augustalium
910 1700 1084 1738 institu-

211 1761 305 1797 tum
336 1759 578 1809 composita
610 1761 690 1798 est.
753 1760 839 1799 Cfr.
863 1761 997 1800 Inscr.
1021 1772 1079 1800 m.

212 1822 301 1859 Lat.
346 1821 393 1858 ll.
436 1831 477 1871 p.
522 1821 611 1859 ⁴97.
656 1824 697 1860 et
737 1823 903 1873 Kampe
948 1823 989 1861 in
1028 1823 1080 1862 N.

209 1881 370 1921 Iahrbb.
393 1883 422 1931 s.
442 1882 580 1921 Philol.
605 1881 698 1921 Vol.
720 1883 784 1922 49.
805 1895 846 1934 p.
868 1884 946 1923 326
967 1885 1079 1935 sqq.)

212 1943 483 1983 Libertinum
503 1943 676 1982 xidetur
696 1945 955 1995 sumpsisse,
980 1947 1082 1995 quia

211 2006 339 2044 huius
361 2006 535 2055 generis
558 2005 741 2051 homini,
766 2008 915 2057 utpote
938 2009 1082 2047 minus

212 2065 348 2112 culto,
384 2069 471 2105 tam
503 2065 684 2105 ridicula
707 2068 957 2118 superstitio
978 2079 1083 2119 per—

212 2139 344 2178 quam
376 2132 475 2178 apte
507 2128 636 2167 tribui
667 2132 854 2180 poterat.
892 2153 935 2157 —
970 2141 1082 2169 com-

207 2190 312 2240 pita]
362 2189 434 2228 ubi
490 2191 621 2229 Lares
671 2192 906 2230 Praestites
953 2192 1081 2242 positi

211 2254 357 2299 erant,
392 2263 415 2290 a
448 2252 578 2291 Curio
610 2254 720 2300 voti,
764 2254 994 2292 restaurati
1025 2253 1080 2292 ab

210 2317 418 2364 Augusto.
474 2313 608 2361 (Ovid.
645 2315 755 2354 Fast.
779 2316 825 2362 5,
859 2315 935 2354 ⁴29
966 2316 1081 2366 sqq.)

211 2376 271 2415 Ibi
303 2375 496 2426 quotidie
536 2386 665 2415 mane
701 2375 883 2416 stolidus
922 2376 990 2416 ille
1031 2376 1083 2416 li-

210 2438 409 2477 bertinus
441 2438 832 2478 circumcursabat.
872 2462 915 2467 —
939 2439 1082 2490 siccus]

211 2511 520 2550 «nequaquam
551 2499 720 2547 ebrius,
769 2501 825 2538 ita
855 2502 903 2538 ut
942 2500 1081 2551 probe

211 2561 292 2600 sibi
332 2563 534 2601 conscius
575 2562 716 2608 esset,
764 2561 869 2612 quid
907 2561 1080 2601 vellet.»

215 2644 258 2650 —
290 2623 433 2661 Lautis
452 2646 475 2651 -
494 2645 516 2650 —
542 2622 742 2673 manibus]
787 2622 1083 2673 quemadmo-

211 2682 316 2722 dum
361 2683 560 2723 solcbant
601 2684 834 2735 precaturi.
886 2706 930 2711 —
978 2685 1083 2734 Quid

210 2748 294 2782 tam
326 2745 553 2795 magnum?
582 2747 748 2796 addens]
769 2744 1000 2796 Volgarem
1024 2745 1083 2785 le-

211 2805 400 2845 ctionem
446 2808 651 2854 Quiddam
691 2819 891 2857 maynum
930 2808 1083 2846 addens

211 2869 553 2919 interpretantur
584 2872 760 2908 «votum
791 2871 936 2920 magni
975 2881 1081 2921 prc-

210 2929 305 2968 tii.»
343 2928 409 2967 vel
444 2941 646 2969 «carmen
679 2931 944 2980 magicum.»
995 2930 1079 2970 Sed

210 2991 278 3029 xix
309 2989 525 3035 adducor,
559 2994 602 3029 ut
634 2991 814 3031 credam
838 2993 1078 3040 Horatium,

210 3053 245 3091 si
277 3054 425 3091 votum
457 3053 702 3102 significare
725 3052 958 3100 voluisset,
991 3057 1079 3093 tam

211 3112 400 3152 obscure
426 3115 689 3165 scripturum
722 3114 869 3154 tuisse.
929 3116 1080 3165 Neque

210 3185 316 3213 xero
348 3175 461 3214 inest
490 3175 746 3225 significatio
778 3177 973 3226 magicae
1003 3175 1082 3215 ali-

212 3237 335 3275 cuius
367 3235 601 3282 sorniulae;
636 3236 751 3286 quod
785 3238 817 3276 si
849 3236 1078 3287 voluisset,

212 3298 360 3348 quidni
393 3297 545 3338 saltem
573 3299 842 3349 scripsisset:
878 3300 1082 3348 Quiddam

213 3371 416 3398 arcanum
437 3359 619 3399 addens?
639 3360 784 3399 Lectio
801 3371 922 3408 vcro,
947 3372 1080 3412 quam

213 3421 417 3472 praetuli,
465 3421 716 3474 explicanda
760 3424 825 3461 est
870 3434 921 3461 ex
961 3424 1076 3474 virg.

211 3485 317 3521 Aen.
344 3484 385 3521 Η
410 3515 416 3529 ,
450 3484 555 3523 705:
591 3484 697 3533 Quid
725 3487 808 3523 tam
841 3494 1076 3535 egressuram,

1146 1328 1181 1367 si
1208 1328 1365 1379 femina
1391 1327 1492 1379 forti
1525 1328 1636 1367 Fidis
1664 1338 1767 1377 equo
1785 1326 1807 1366 P
1848 1326 1890 1367 id
1922 1327 2016 1367 est:

1149 1389 1375 1429 «Profecto
1393 1390 1618 1440 egregium
1640 1400 1727 1429 non
1744 1390 1825 1438 est,
1850 1389 1886 1429 si
1907 1389 2019 1428 cet.»

1148 1451 1216 1490 Sic
1244 1451 1286 1490 h.
1319 1449 1368 1491 1.;
1417 1451 1641 1490 «Profecto
1686 1451 1893 1501 exiguum
1935 1449 2020 1490 hoc

1148 1513 1216 1552 est
1245 1512 1429 1561 donum,
1463 1512 1582 1562 quod
1602 1523 1682 1552 vos
1703 1522 1826 1552 oro.»
1883 1511 2020 1552 Nimis

1147 1575 1346 1613 contorta
1374 1573 1550 1613 videtur
1573 1574 1782 1624 Wagneri
1811 1573 1922 1612 ratio
1944 1572 2024 1612 du-

1146 1635 1305 1688 plicem
1335 1647 1417 1687 per
1437 1636 1847 1686 interrogationem:
1882 1632 2022 1685 Quid?

1146 1702 1234 1737 tam
1261 1696 1490 1749 magnum?
1520 1698 1602 1736 etsi
1633 1707 1791 1737 sensus
1817 1696 1873 1736 ad
1902 1695 2019 1736 idem

1147 1760 1238 1800 fere
1269 1759 1402 1799 redit:
1439 1760 1569 1799 «Was
1596 1759 1684 1798 ist's
1712 1759 1818 1798 denn
1835 1769 1880 1798 so
1899 1767 2022 1810 qros-

1144 1820 1260 1861 ses?»
1294 1822 1364 1860 et:
1417 1819 1569 1860 «WieP
1615 1821 1706 1859 Ist's
1749 1821 1854 1859 denn
1895 1823 2024 1860 etwas

1144 1895 1188 1923 se
1226 1881 1451 1934 qrosses?»
1510 1884 1600 1922 Nec
1640 1892 1749 1921 vero
1785 1893 1827 1920 v.
1867 1882 2023 1921 addens

1145 1954 1529 1996 supervacaneum
1568 1945 1637 1983 est
1678 1945 1826 1984 nostra
1867 1943 1909 1982 in
1947 1953 2021 1982 ra-

1146 2008 1286 2046 tione:
1345 2005 1480 2046 homo
1526 2006 1643 2045 enim
1688 2005 2020 2056 superstitiosus

1146 2069 1237 2119 ipse
1276 2066 1500 2119 paulisper
1544 2066 1735 2115 dubitat,
1784 2077 1890 2106 num
1936 2066 2019 2105 hae

1144 2141 1303 2181 preces
1335 2129 1530 2169 exaudiri
1575 2130 1769 2180 possint,
1822 2128 1902 2168 sed
1946 2138 2021 2168 se-

1146 2194 1237 2231 met
1279 2192 1373 2242 ipse
1419 2190 1579 2242 decipit
1621 2191 1835 2230 addendo:
1887 2200 2019 2230 «sane

1145 2254 1434 2305 perexiguum
1472 2254 1557 2292 hoc
1601 2254 1667 2293 est
1711 2252 1922 2292 donum.»
1971 2274 2016 2279 —

1145 2315 1312 2366 surpite]
1337 2316 1567 2366 «surripite
1584 2327 1621 2362 ς»
1653 2315 1716 2354 sic
1736 2324 1853 2354 nunc
1874 2314 1917 2353 in
1938 2313 2021 2353 En-

1147 2378 1204 2416 nii
1239 2376 1334 2416 loco
1376 2377 1493 2428 apud
1527 2377 1616 2416 Cic.
1650 2375 1704 2415 de
1743 2375 1821 2415 Off.
1854 2376 1900 2423 4,
1941 2374 2016 2422 42,

1147 2438 1212 2478 38.
1246 2439 1403 2489 Zumpt
1441 2439 1612 2489 recepit
1640 2438 1774 2487 aepite
1805 2435 2018 2487 (accipite)

1145 2511 1226 2551 pro
1256 2498 1367 2549 volg.
1401 2500 1554 2548 accipe.
1593 2522 1635 2527 -
1670 2497 1879 2538 Conferre
1912 2496 2020 2536 libet

1145 2560 1412 2601 versiculum
1448 2561 1601 2611 hymni
1642 2553 1757 2612 apud
1797 2558 2015 2599 Plutarch.

1147 2624 1340 2669 Quaestt.
1381 2624 1583 2672 Sympos.
1621 2621 1666 2670 3,
1708 2623 1754 2670 6,
1797 2620 1843 2661 4:
1888 2614 2018 2659 Ἀνά-

1143 2681 1262 2731 βα).ε
1276 2678 1376 2722 ἄνω
1396 2680 1450 2722 τὸ
1471 2681 1635 2740 γῆρας,
1659 2675 1698 2720 ὦ
1711 2679 1833 2722 καλὰ
1849 2676 2018 2739 Ἀφρο-

1144 2743 1271 2796 δίτη,
1309 2756 1361 2784 ac
1390 2743 1542 2784 similia
1574 2743 1690 2784 stulti
1722 2746 1867 2796 optata
1899 2743 2017 2795 apud

1145 2807 1383 2847 Lucianum
1414 2805 1464 2846 ἐν
1492 2804 1653 2859 Πλοίῳ
1684 2804 1750 2846 44.

1198 2868 1398 2909 284-287.
1458 2870 1535 2908 Dis
1577 2869 1723 2908 etenim
1766 2868 1889 2919 facile
1935 2867 2014 2919 est]

1145 2932 1361 2981 Theognis
1404 2942 1444 2969 v.
1489 2932 1567 2970 ll:
1607 2925 1816 2988 Ἄρτεμι,
1846 2924 2017 2970 --Εὗ-

1145 2994 1335 3046 χομένῳ
1363 3005 1449 3043 μοι
1478 2990 1643 3042 κλῦθι,
1677 2989 1830 3042 κακὰς
1857 2989 1896 3031 δ’
1916 2986 2014 3031 ἀπὸ

1145 3052 1294 3111 κῆρας
1339 3048 1529 3094 ἄλαλκε.
1591 3055 1675 3095 Σοὶ
1712 3053 1802 3107 μὲν
1843 3050 2012 3102 τοῦτο,

1144 3113 1258 3164 θεά,
1302 3115 1501 3172 μικρόν,
1547 3115 1656 3169 ἐμοὶ
1694 3114 1746 3156 δέ
1784 3115 1922 3168 μέγα.
1966 3137 2011 3143 -

1143 3178 1304 3229 orabat]
1335 3180 1461 3230 Ipsae
1491 3179 1574 3218 hae
1603 3188 1783 3229 preces,
1817 3177 1873 3217 ad
1903 3185 2013 3227 quas

1145 3241 1368 3280 hominem
1399 3240 1689 3280 immoderata
1718 3239 1832 3279 vitae
1853 3237 2014 3289 cupido

1145 3300 1416 3353 impellebat,
1450 3301 1652 3342 festivum
1681 3301 1825 3341 fatuae
1855 3308 2013 3349 super-

1146 3364 1328 3403 stitionis
1380 3361 1631 3414 exemplum
1678 3362 1830 3411 utique
1880 3369 2014 3411 prae-

1144 3424 1263 3464 bent.
1299 3447 1343 3453 —
1375 3429 1549 3464 mentem
1568 3446 1591 3452 -
1608 3446 1626 3453 -
1643 3421 1882 3472 Exciperet]
1905 3421 2011 3461 «nisi

1142 3484 1238 3527 lites
1282 3488 1470 3535 amaret,
1517 3486 1661 3527 statim
1706 3484 1874 3525 diceret
1915 3493 2011 3524 em-
