2231 3787
799 284 894 322 mn.
933 285 959 321 i.
1025 283 1188 322 ιῑιηετ.
1227 285 1255 322 1.
1843 284 1944 332 383

194 418 245 470 Si
288 417 484 488 possis,
530 425 695 472 recte.
739 416 781 467 si
823 432 952 477 non,
996 431 1323 485 quocunque
1363 414 1523 467 niodo
1565 432 1700 469 reni.

193 521 256 574 Ut
294 519 517 589 propius
558 527 771 589 spectes
812 517 1094 570 lacrimosa
1135 523 1384 587 poemata
1422 516 1582 586 Pupi,

192 625 269 674 An
309 621 400 692 qui
440 623 706 674 Fortunae
746 628 796 673 te
839 636 1164 690 responsare
1204 617 1474 689 superbae

194 723 446 776 Liberum
485 730 538 775 et
577 731 817 775 erectum
857 738 1117 792 praesens
1156 720 1396 774 hortatur
1435 728 1488 773 et
1526 721 1708 790 aptat?

195 825 402 889 Quodsi
442 841 527 878 me
568 823 801 894 populus
841 826 1111 877 Romanus
1151 822 1284 876 sorte
1323 830 1496 893 roget,
1541 839 1637 876 eur
1879 824 1943 874 70

194 929 335 989 Non,
379 936 436 979 ut
473 926 796 997 porticibUS,
838 926 916 979 sio
956 925 1167 979 iudiciis
1207 924 1351 977 fruar
1391 923 1586 986 isdem,

233 1046 298 1085 67.
331 1047 462 1096 Puppi
493 1046 639 1095 c‚LCt.
674 1045 793 1096 (Pupi
823 1045 864 1092 S,
897 1043 989 1097 βγκ
1027 1045 1068 1083 et
1099 1055 1165 1095 pr.
1199 1043 1263 1094 d.)
1298 1067 1340 1071 —
1377 1043 1443 1083 68.
1481 1043 1650 1093 superbe
1695 1042 1890 1083 malebat

185 1107 440 1148 Lambinus.
479 1131 522 1135 —
556 1108 621 1148 69.
656 1112 771 1159 optat
801 1109 863 1147 Lt.
902 1130 944 1136 -—
979 1107 1044 1145 71.
1077 1110 1123 1145 ut
1152 1117 1375 1157 superscr.
1410 1104 1503 1145 «vel
1536 1107 1601 1144 in»
1634 1108 1675 1145 S.

125 1212 165 1250 in
197 1211 424 1250 orchestra
456 1211 570 1250 inter
590 1210 842 1258 senatores,
878 1207 1000 1248 sabu-
1028 1209 1033 1240 ¹
1057 1217 1307 1257 pareamuS,
1347 1211 1393 1246 ut
1420 1207 1616 1258 fortunae
1644 1209 1944 1247 contumaciter

122 1273 185 1314 las
216 1275 436 1324 spectes.»
486 1294 531 1300 —
579 1283 822 1322 quocunque
864 1273 998 1326 modo]
1063 1271 1317 1309 resistamus.
1354 1292 1400 1298 —
1434 1270 1648 1322 superbae]
1680 1269 1838 1310 Salust.
1865 1272 1945 1309 Ca-

123 1338 291 1376 Seneca
332 1336 468 1386 Epist.
507 1336 610 1374 1¹⁴5:
657 1336 750 1374 Non
794 1345 925 1384 quare
966 1338 1002 1373 et
1065 1331 1124 1371 til.
1150 1332 1224 1371 53:
1259 1332 1945 1383 cognoveram--(poputumlto-

1066 1394 1256 1445 manum)
1280 1406 1402 1445 saepe
1428 1394 1625 1445 fortunae
1653 1396 1945 1434 violentiam

1065 1459 1317 1498 tolerat-isse.
1379 1459 1448 1497 Sic
1493 1459 1675 1498 Is'ictoria
1711 1459 1829 1510 apud
1874 1460 1944 1498 Ti-

1065 1520 1170 1561 bull.
1197 1522 1241 1568 ⁵2,
1267 1522 1313 1567 5,
1343 1519 1417 1561 46:
1451 1521 1550 1560 diva
1570 1521 1761 1571 superba.
1791 1545 1835 1551 —
1861 1532 1945 1560 cre-

1064 1584 1188 1635 ctum]
1239 1584 1327 1622 Cic.
1365 1594 1445 1634 pro
1490 1584 1697 1623 Deiotaro
1742 1584 1815 1631 «13,
1865 1584 1939 1624 36:

1064 1648 1221 1697 Magyno
1259 1646 1399 1685 animo
1430 1650 1466 1685 et
1505 1651 1637 1686 erecto
1668 1651 1724 1686 est
1760 1658 1833 1686 nec
1862 1658 1944 1685 un-

121 1399 228 1438 unde
241 1409 254 1445 ,·
300 1398 400 1446 quid
430 1397 603 1446 Ιιαὸεαε,
637 1401 802 1436 tanturn
830 1400 996 1448 rogant.

126 1483 169 1489 —-
183 1461 408 1500 lacrimosa
422 1462 626 1510 poemata
639 1459 756 1511 Pupi]
779 1461 1001 1509 Perquam

122 1521 235 1564 salse
279 1516 345 1573 (ὗς
389 1521 439 1562 ἐν
483 1518 676 1580 παρόδῳ
721 1521 836 1561 ridet
879 1521 1002 1572 Pupii

123 1584 583 1636 sutilestragoedias,
632 1584 793 1636 qulbus
837 1583 907 1624 ille
953 1595 1000 1624 se

123 1649 425 1699 spectatorum
470 1648 654 1688 affectus
699 1647 891 1687 movisse
932 1645 1001 1686 vel

121 1710 387 1761 opinabatur
406 1710 738 1759 tantummodo,
757 1708 826 1749 vel
842 1720 999 1760 reapse
1029 1741 1031 1784 Ι
1065 1721 1194 1759 quam
1223 1708 1455 1748 succumbet
1482 1709 1681 1757 inimicis,
1729 1720 1778 1748 ne
1804 1709 1943 1760 fortu—

122 1773 377 1824 imperitum
432 1772 658 1824 popellum
714 1772 797 1813 sibi
845 1771 997 1811 asssere
1063 1783 1143 1812 nae
1172 1773 1348 1821 quidem.
1411 1772 1578 1811 Seneca
1600 1771 1655 1811 de
1686 1772 1781 1811 Vita
1811 1771 1942 1810 beata

122 1837 342 1885 coegerat.
405 1836 510 1883 Quis
541 1835 693 1884 fuerit,
727 1834 905 1886 quando
932 1834 1000 1873 vi-
1064 1835 1102 1876 4.
1154 1834 1336 1874 beatam
1382 1835 1519 1874 vitam
1570 1834 1724 1874 definit
1770 1834 1943 1874 liberunt

120 1898 252 1946 xerit,
286 1899 563 1948 ignoramus;
607 1899 688 1937 nisi
721 1897 843 1948 quod
872 1897 1000 1936 vide—
1063 1898 1252 1937 animum
1281 1901 1318 1936 et
1347 1901 1528 1936 erectum
1558 1901 1595 1936 et
1624 1897 1862 1936 interritum
1892 1908 1942 1935 ac

121 1961 191 1999 tur
230 1960 393 2000 Horatii
437 1959 634 2011 aequalis
677 1960 834 2009 fuisse,
883 1958 999 1999 nulla
1062 1961 1269 2009 stabilem,
1302 1963 1428 1999 extra
1455 1963 1627 2008 metum,
1668 1963 1794 1999 etctra·
1823 1960 1943 2009 cupi-

121 2024 269 2062 tamen
292 2033 393 2062 cum
416 2033 469 2062 eo
492 2023 666 2063 iunctus
688 2022 996 2062 familiaritate.
1063 2024 1234 2062 (litatem
1259 2022 1454 2071 positum.
1492 2044 1535 2050 —
1566 2021 1777 2073 praesens]
1801 2033 1943 2061 «nun-

121 2084 349 2124 Weichert
367 2086 487 2124 Poet.
512 2085 771 2136 Latpaw.
792 2084 1000 2125 Welcker
1063 2096 1199 2137 quam
1229 2086 1271 2124 te
1303 2084 1541 2131 deserens,
1577 2095 1758 2135 semper
1787 2095 1941 2135 prom—

120 2157 185 2196 9r.
226 2146 456 2197 Trayo'ctien
485 2158 512 2198 p
568 2147 687 2188 4433.
729 2146 998 2187 Scholiastae
1062 2149 1163 2199 ptus
1195 2147 1251 2186 ad
1280 2148 1323 2186 te
1355 2145 1689 2186 adiutandum.»
1727 2168 1770 2173 —
1806 2147 1939 2198 aptat]

123 2207 305 2258 quidem
349 2211 556 2256 narrant,
603 2220 707 2249 eum
752 2209 836 2249 sibi
879 2210 998 2249 hunc
1065 2212 1242 2261 «aptum
1259 2209 1941 2260 adresponsandum‚idoneum

123 2272 428 2322 composuisse
452 2270 649 2311 titulum:
683 2272 853 2312 Flebunt
874 2272 999 2311 amici
1061 2271 1118 2311 ad
1148 2272 1234 2311 hoc
1256 2273 1483 2311 certamen
1504 2270 1671 2319 reddit,
1704 2272 1822 2311 vires
1845 2273 1941 2310 tuas

122 2337 159 2372 et
200 2333 297 2373 bene
340 2334 426 2372 noti
461 2338 638 2373 mortem
680 2345 839 2373 meam:
886 2335 1000 2372 Nam
1061 2344 1227 2373 acuens
1249 2335 1382 2383 atque
1405 2343 1616 2383 augens.»
1663 2334 1941 2372 Constructio

119 2397 296 2446 populus
333 2397 374 2434 in
402 2407 467 2435 me
502 2397 596 2435 vivo
633 2397 894 2436 lacrimatust
926 2395 994 2446 (al.
1058 2399 1475 2446 responsare—aptat
1505 2393 1752 2434 occultatur
1772 2394 1840 2434 vel
1863 2396 1943 2434 mi-

122 2458 376 2509 lacrimavit)
406 2459 528 2498 satis:
574 2458 693 2509 quod
736 2461 886 2498 tamen
915 2469 999 2509 po-
1061 2461 1219 2510 tigatur
1240 2459 1499 2509 interposito
1520 2469 1560 2496 v.
1583 2458 1793 2506 hortatur,
1817 2458 1936 2508 quod

123 2521 208 2561 tius
260 2520 435 2560 videtur
485 2522 686 2561 iocosum
739 2522 782 2560 in
827 2532 931 2561 eum
974 2532 998 2560 a
1061 2523 1209 2573 ipsum
1231 2522 1273 2560 in
1295 2531 1427 2572 prosa
1455 2520 1652 2559 oratione
1675 2520 1815 2560 rarius
1838 2531 1942 2560 cum

123 2583 374 2633 nescioquo
389 2584 688 2635 conscriptum
707 2584 994 2635 epigramma.
1061 2584 1273 2623 infinitivo
1323 2583 1618 2633 componitur.
1700 2582 1811 2625 (Cic.
1858 2593 1939 2633 pro

123 2646 334 2686 Ceterum
370 2657 425 2685 ne
467 2645 522 2686 de
560 2647 777 2697 scriptura
817 2646 998 2697 quidem
1062 2648 1175 2686 Sest.
1209 2645 1255 2695 3,
1289 2646 1345 2695 7.)
1396 2645 1533 2685 Nimis
1563 2643 1766 2696 languida
1789 2644 1940 2684 estal-

123 2708 228 2748 satis
259 2709 452 2756 constat;
499 2709 611 2748 Feae
643 2709 761 2748 enim
797 2708 997 2749 diversae
1063 2711 1158 2749 tera
1186 2707 1315 2748 lectio
1345 2711 1476 2758 optat.

122 2769 329 2810 videntur
353 2771 506 2821 gentes
527 2770 662 2812 fuisse
681 2772 816 2822 Pupia
837 2771 900 2823 (A.
922 2772 1002 2810 Pu·
1118 2771 1266 2810 70-75.
1308 2770 1460 2819 Quodsi
1491 2769 1593 2822 cet]
1627 2768 1769 2817 «Ultro
1802 2769 1941 2809 fateor

118 2832 214 2881 pius
241 2833 370 2882 Rufus
397 2832 560 2873 Eckhel
590 2835 642 2874 D.
664 2835 714 2873 N.
738 2835 778 2874 5.
812 2845 855 2885 p.
886 2832 998 2883 290.)
1063 2843 1216 2873 meum
1247 2832 1458 2871 iudicium
1488 2832 1754 2883 praesertim
1792 2832 1835 2870 in
1865 2832 1937 2878 iis,

126 2895 169 2934 et
195 2895 356 2944 Pappia
391 2896 557 2945 (Cenot.
590 2897 674 2937 Pis.
711 2898 756 2936 L.
796 2896 998 2937 Caesaris
1064 2905 1177 2947 quae
1199 2893 1256 2933 ad
1286 2904 1394 2946 opes
1414 2894 1698 2945 honoresque
1721 2894 1937 2944 spectant,

124 2956 264 2995 Noris.
289 2955 394 2996 Tab.
417 2957 484 3007 1.),
516 2957 562 2996 id
591 2958 711 3009 quod
731 2957 800 2998 alii
820 2959 996 3009 negant.
1062 2957 1190 3009 longe
1235 2956 1399 2997 distare
1444 2955 1499 2996 ab
1545 2966 1621 3006 eo,
1669 2954 1787 3006 quod
1829 2953 1942 2995 solet

130 3039 174 3044 —
219 3017 458 3070 lacrimosa]
503 3017 747 3076 θρηνώδη,
793 3019 998 3060 lacrimas
1062 3022 1191 3071 sequi
1234 3018 1366 3059 stulta
1410 3017 1672 3067 multitudo,
1720 3028 1939 3068 meaeque

127 3080 383 3128 excitantia,
417 3084 463 3120 ut
493 3082 579 3121 sat..
606 3083 650 3132 4,
683 3085 730 3131 5,
763 3083 839 3124 80:
873 3083 1000 3123 tacri-
1060 3082 1305 3122 sententiae
1326 3082 1545 3120 rationem
1575 3081 1668 3121 sine
1689 3090 1813 3119 mora
1834 3079 1941 3118 red-

125 3143 470 3193 moso——fumo.
1062 3144 1169 3184 dere
1207 3146 1390 3196 paratus
1429 3154 1545 3182 sum.
1605 3144 1716 3182 Nam
1753 3141 1791 3181 si
1827 3141 1938 3180 forte

181 3204 247 3244 68.
268 3204 334 3244 69.
368 3205 877 3257 Fortunae-responsare]
897 3207 994 3247 Vid.
1060 3205 1283 3258 populus»
1328 3205 1491 3256 (addita
1531 3216 1574 3243 v,
1605 3206 1817 3244 Romanus
1850 3203 1939 3241 iro·

127 3268 214 3306 Sat.
232 3269 273 3316 2,
291 3268 330 3316 7,
350 3268 422 3307 85:
448 3269 703 3317 Responsare
722 3270 994 3318 cupidinibus.
1061 3270 1159 3308 niae
1190 3269 1384 3318 inservit)
1411 3278 1508 3306 «me
1541 3268 1686 3317 roget,
1721 3276 1799 3304 cur
1827 3264 1938 3302 inter

128 3329 191 3368 Cf.
217 3330 391 3381 Epicuri
420 3329 524 3369 illud
555 3330 673 3381 apud
699 3331 821 3381 Diog.
847 3333 893 3370 L.
921 3332 995 3381 ἸΟ,
1061 3331 1208 3382 ipsum
1237 3341 1394 3370 verser
1414 3328 1596 3380 quidem
1618 3326 1813 3378 quotidie
1836 3335 1938 3364 eas-

130 3392 228 3430 ⁴20:
273 3389 373 3443 (τὸν
394 3389 572 3444 σοφὸν)
603 3390 725 3449 τύχῃ
755 3389 998 3443 ἀντιτάξε-
1062 3392 1257 3442 demque
1289 3402 1392 3430 cum
1429 3390 1589 3429 ceteris
1625 3387 1795 3428 civibus
1831 3397 1938 3437 por-

129 3453 259 3494 σθαι.
283 3456 450 3496 Seneca
468 3456 601 3507 Epist.
619 3456 684 3504 46,
700 3456 743 3494 5:
765 3456 876 3494 Haec
893 3455 1001 3506 (phi-
1062 3454 1174 3494 ticus
1194 3451 1507 3505 perambulare
1525 3449 1707 3497 soleam,
1723 3447 1803 3488 sed
1821 3450 1934 3487 cet.»

130 3515 340 3568 losophia)
355 3517 666 3566 adhortabitur,
683 3522 729 3556 ut
744 3518 817 3556 deo
831 3517 1001 3556 libenter
1067 3541 1111 3545 —
1143 3516 1280 3567 fruar]
1315 3518 1384 3555 «et
1420 3513 1660 3566 porticibus
1693 3515 1736 3551 et.
1766 3511 1937 3551 iudiciis
