2231 3787
244 208 344 260 664

847 206 1060 245 HORATII
1091 204 1459 245 EPISTOLARUM

311 338 487 392 Verba
525 354 743 390 movere
783 336 926 397 loco,
970 335 1215 406 quamvis
1256 334 1415 386 invita
1454 331 1710 384 recedant

312 441 374 492 Et
410 447 695 493 versentur
733 437 909 491 adhuc
948 437 1083 490 intra
1119 434 1413 507 penetralia
1452 435 1657 486 Vestae.

315 541 617 595 Obscurata
656 540 746 593 diu
787 538 986 610 populo
1027 537 1199 590 bonus
1239 544 1394 589 eruet
1430 543 1591 605 atque

1969 532 2067 585 >115

312 643 554 696 Proferet
593 642 641 694 in
682 641 856 694 lucem
895 638 1142 709 speciosa
1179 636 1443 690 vocabula
1480 653 1690 693 rerum,

314 745 465 809 Quae
504 743 697 814 priscis
737 748 1032 794 memorata
1071 738 1361 794 Catonibus
1402 746 1563 809 atque
1607 736 1856 808 Cethegis

314 847 463 899 Nunc
502 845 635 898 situs
675 842 912 896 informis
951 841 1146 912 premit
1185 849 1237 894 et
1279 839 1494 893 deserta
1530 846 1794 902 vetustas;

363 994 448 1035 114.
483 995 590 1033 inter
619 993 645 1032 d
678 995 721 1032 et
742 994 911 1044 primus
933 991 1156 1032 Schmidii.

249 1138 396 1186 Imago
437 1135 622 1186 repetita
662 1135 731 1174 est
768 1145 791 1172 a
829 1132 1006 1173 turbida
1036 1134 1129 1172 tor-

249 1198 385 1237 rentis
407 1207 543 1248 aqua,
578 1207 692 1247 quae
715 1196 870 1247 rapido
893 1207 1027 1236 cursu
1047 1195 1132 1235 fer-

249 1263 340 1307 tur7
387 1260 480 1311 fluit
520 1259 720 1298 lutulenta
759 1259 858 1309 (Sat.
885 1260 930 1307 4,
964 1258 1010 1307 4,
1046 1258 1127 1309 Μ).

249 1322 329 1362 Alii
361 1319 474 1372 (coll.
498 1321 618 1371 Virg.
643 1323 752 1360 Aen.
778 1321 816 1369 6,
842 1321 946 1361 823:
985 1321 1133 1360 Utcun-

251 1396 328 1434 que
355 1385 487 1435 ferent
516 1395 566 1423 ea
593 1383 709 1433 facta
746 1383 945 1431 minores,
998 1383 1134 1421 Vincet

252 1459 373 1486 amor
395 1445 603 1497 patriae.)
636 1444 883 1496 explicant:
923 1444 1004 1484 «ab
1036 1445 1132 1495 ipso

252 1508 552 1555 habebuntur,
577 1506 934 1547 iudicabuntur.»
959 1508 1132 1557 («Estne

255 1573 279 1610 i.
305 1583 346 1622 q.
366 1572 702 1621 proferentur‘2»
736 1571 1048 1619 chssfflizxizt.)
1083 1591 1129 1597 —

255 1645 416 1673 morere
435 1635 536 1683 loeo]
570 1632 953 1684 quemadmodum
976 1643 1136 1672 censor

256 1696 455 1746 indignos
495 1695 699 1735 homines
730 1697 889 1735 senatu
918 1694 987 1734 vel
1018 1694 1135 1734 tribu

256 1760 420 1797 movet..
456 1756 519 1796 Cf.
555 1758 641 1796 Sat.
667 1758 714 1805 4,
750 1758 797 1805 6,
831 1758 898 1796 020.
926 1778 971 1785 —
1004 1758 1135 1796 inrita

255 1818 461 1869 recedant]
496 1821 647 1869 «quasi
684 1820 889 1869 negantia
921 1830 1021 1860 sese
1053 1831 1137 1858 un-

257 1891 392 1931 quam
423 1880 524 1920 inde
558 1892 841 1921 excessura.»
888 1883 988 1921 Sine
1024 1882 1137 1920 ima-

258 1943 380 1993 gine:
417 1943 653 1989 «Quamvis
686 1943 859 1983 difficile
891 1944 967 1982 tibi
990 1944 1139 1982 videa-

258 2009 329 2043 tur
372 2002 455 2042 alia
493 2005 659 2054 aptiora
701 2006 752 2045 iis
784 2005 1054 2045 substituere
1087 2017 1138 2045 ac

257 2070 300 2106 te
346 2064 569 2105 interdum
615 2067 743 2105 tacite
789 2078 977 2107 excuses
1021 2068 1139 2119 apud

260 2129 456 2168 animum
502 2131 651 2174 tuum,
700 2139 752 2167 ea
792 2128 993 2168 nondum
1024 2130 1139 2169 edita

260 2201 360 2231 esse
402 2201 484 2229 nec
521 2189 682 2229 iudicio
712 2188 891 2241 publico
923 2192 1136 2241 exposita,

260 2253 470 2304 quocirca
514 2251 805 2303 negligentiae
846 2251 1023 2304 culpam
1059 2264 1140 2292 ne—

260 2315 445 2355 niodum
481 2315 523 2354 in
563 2318 605 2355 te
644 2315 846 2355 conferre
877 2317 1055 2366 queat.»
1091 2339 1136 2344 —

263 2379 374 2418 Cum
399 2377 681 2428 penetralibus
718 2380 867 2417 autem
903 2379 1064 2427 Vestae,
1097 2378 1140 2417 in

262 2452 377 2492 quae
409 2441 573 2480 nemini
604 2441 783 2479 introire
807 2451 952 2491 neque
974 2451 1047 2480 res
1069 2451 1141 2480 sa-

263 2515 361 2543 cras
406 2502 464 2542 ibi
504 2504 755 2542 asservatas
790 2503 949 2542 intueri
980 2501 1141 2543 licebat

263 2567 344 2606 nisi
372 2565 624 2616 Virginibus
652 2564 926 2614 Vestalibus,
965 2577 1144 2618 compa—

263 2631 329 2668 rat
359 2629 607 2668 carminum
638 2627 805 2679 singula
837 2627 998 2677 verba,
1032 2631 1143 2669 tam-

264 2702 399 2743 quam
431 2691 466 2730 si
487 2701 558 2730 res
581 2693 731 2730 essent
754 2701 963 2740 arcanae,
998 2692 1144 2731 custo-

265 2754 380 2792 ditae
412 2753 545 2792 adhuc
577 2753 732 2803 (usque
764 2752 819 2791 ad
851 2752 935 2792 hoc
966 2754 1143 2804 tempo-

263 2816 322 2854 ris
346 2817 575 2865 punctum,
605 2818 704 2854 ante
725 2813 889 2854 librum
912 2816 1140 2866 emissum)

266 2879 307 2916 in
339 2876 473 2916 domo
504 2879 684 2927 poetae,
731 2878 957 2917 Musarum
989 2889 1140 2917 sacer-

267 2939 394 2978 dotis.
430 2938 551 2989 (Adv.
583 2940 716 2978 adhuc
737 2940 793 2978 ita
817 2941 995 2990 exponit
1016 2939 1141 2979 Hand

266 3001 611 3051 Turs.1.p.‡165:
651 3003 718 3040 «et
736 3002 888 3041 intimo
915 3002 1053 3041 adeo
1076 3013 1144 3042 sa-

268 3066 408 3102 (erario
427 3074 474 3102 se
492 3063 799 3111 recondant3»
833 3075 967 3115 quam
992 3067 1141 3103 tamen

267 3126 674 3177 interpretationem
692 3128 739 3164 ut
755 3127 970 3165 Latinitati
983 3137 1140 3177 parum

267 3189 608 3228 convenientem
651 3197 752 3226 cum
784 3188 1008 3227 Schmidio
1039 3189 1143 3227 reii-

267 3251 470 3291 ciendam
494 3249 689 3299 censeo.)
717 3270 760 3277 —
787 3250 937 3300 Vestae]
963 3249 1036 3289 «ld
1059 3252 1139 3292 est,

268 3314 402 3360 domi,
422 3324 504 3364 per
520 3323 653 3363 quam
674 3312 979 3362 metaphoram
999 3315 1143 3352 osten-

268 3376 344 3419 siit,
359 3386 473 3425 quae
489 3377 528 3414 in
542 3375 688 3413 animo
706 3376 854 3414 nostro
869 3374 951 3413 fixa
965 3386 1143 3414 versen-

267 3444 351 3483 tur,
373 3441 518 3478 tamen
535 3436 808 3477 excludenda
828 3448 968 3478 esse.»
988 3439 1138 3477 Poura.

1252 1131 1454 1171 4215-1119.
1503 1131 1734 1170 Obscuram
1765 1131 1867 1183 cet.]
1916 1133 2074 1171 «Poeta

1195 1194 1343 1241 bonna,
1391 1192 1435 1231 id
1468 1196 1562 1242 est,
1603 1192 1850 1233 benevolus
1880 1204 1932 1233 ac
1961 1192 2075 1233 libe-

1195 1254 1319 1303 ralis,
1349 1254 1574 1304 obsoleta,
1599 1255 1679 1296 sed
1700 1256 1903 1307 speciosa
1923 1266 2073 1295 rerum

1195 1315 1412 1357 vocabula
1447 1318 1602 1367 populo
1647 1318 1703 1367 (in
1730 1329 1864 1358 usum
1893 1316 2074 1369 populi),

1197 1380 1267 1420 cui
1306 1379 1466 1419 eadem
1509 1380 1583 1419 diu
1612 1380 1836 1419 obscurata
1866 1379 2077 1431 (tenebris

1196 1441 1404 1492 involuta)
1452 1444 1576 1492 sunt,
1626 1444 1752 1482 eruet
1796 1454 1847 1482 ex
1886 1443 2077 1493 antiquis

1196 1503 1488 1555 scriptoribus
1533 1506 1666 1555 atque
1708 1503 1855 1544 denuo
1886 1515 2079 1545 consue-

1199 1566 1337 1605 tudini
1381 1565 1591 1605 reddet.»
1654 1565 1791 1606 Simul
1834 1567 2076 1618 significat,

1201 1639 1337 1679 quem
1381 1627 1438 1667 ad
1478 1639 1611 1668 usum
1647 1630 1888 1680 praecipue
1919 1629 2079 1669 crebro
2122 1623 2124 1625 ’

1199 1690 1375 1742 legendi
1415 1690 1500 1730 sint
1527 1693 1704 1731 veteres
1733 1695 1892 1742 poetae
1923 1693 2076 1732 Latini.

1205 1777 1249 1781 ——
1282 1754 1478 1805 speciosa]
1527 1764 1675 1804 «quae
1720 1755 1994 1803 φαντασίαν
2022 1756 2081 1795 ita

1202 1817 1406 1863 movent,
1439 1818 1486 1854 ut
1516 1818 1684 1855 certam
1716 1818 1760 1855 et
1789 1816 1954 1857 claram
1989 1829 2082 1868 spe-

1201 1879 1329 1926 ciem,
1362 1878 1600 1927 imaginem
1631 1879 1715 1926 rei⁷
1748 1889 1884 1929 quam
1914 1879 2082 1930 signifi-

1204 1942 1327 1990 cant,
1361 1938 1489 1978 nobis
1520 1942 1813 1990 proponant.»
1853 1941 1916 1981 Cf.
1949 1945 1998 1981 A.
2033 1944 2078 1982 P.

1203 2003 1296 2043 319.
1326 2026 1370 2030 —
1393 2002 1640 2053 memorata]
1667 2014 1806 2053 «quae
1825 2002 1927 2043 olim
1950 2015 2082 2044 usur-

1203 2076 1310 2116 pare
1341 2063 1546 2104 solebant
1574 2066 1794 2105 veteres.»
1831 2088 1878 2094 —
1913 2067 2083 2107 Catoni-

1204 2127 1290 2179 bus]
1334 2129 1496 2166 Lucan.
1532 2128 1576 2175 1¹,
1611 2127 1716 2166 3¹3:
1763 2129 1935 2168 nomina
1967 2141 2084 2169 vana

1205 2192 1393 2239 Catones,
1425 2190 1500 2229 ubi
1524 2190 1721 2230 Cortius:
1757 2191 1958 2231 «Catones
1977 2203 2083 2243 pro-

1205 2255 1304 2303 pter
1325 2251 1631 2292 celebritatem
1653 2251 1779 2300 dixit,
1813 2255 1861 2292 ut
1880 2253 1981 2293 alibi
2004 2255 2085 2294 Ca-

1205 2313 1372 2362 millos,
1407 2315 1562 2354 Curios
1590 2316 1633 2353 et
1653 2313 1818 2355 similes
1839 2315 2084 2356 multitudi-

1206 2377 1271 2416 nis
1302 2377 1479 2414 nomine
1511 2377 1627 2415 citat.
1680 2377 1749 2416 Sic
1778 2377 2019 2428 Sophocles
2040 2379 2081 2418 in

1204 2440 1323 2479 Aiac.
1343 2450 1385 2477 ν.
1403 2437 1495 2477 490.
1519 2437 1684 2479 Ulixem
1699 2442 1828 2479 vocat
1845 2435 1931 2479 τὰν
1946 2440 2085 2481 Σισυ-

1206 2498 1353 2551 abach·
1382 2496 1573 2554 γενεάν,
1606 2501 1779 2553 Sisyphi
1801 2502 1981 2543 filium.»
2015 2503 2078 2544 Cf.

1206 2568 1255 2604 Α.
1281 2566 1325 2604 Ρ.
1350 2564 1425 2603 56:
1458 2564 1547 2615 Eyo
1574 2574 1674 2611 cur,
1707 2565 1926 2613 acquirere
1940 2577 2083 2615 pauca

1207 2628 1251 2666 Si
1265 2637 1458 2676 possum,
1491 2625 1702 2674 <invideam
1727 2637 1822 2664 cum
1841 2627 1986 2678 linqua
2007 2627 2086 2667 Ca-

1206 2689 1313 2730 tonis
1341 2692 1378 2728 et
1407 2688 1517 2727 Enni
1544 2688 1785 2726 Sermonem
1805 2689 1996 2737 patrium
2026 2690 2086 2728 di-

1206 2752 1368 2791 laverit.
1403 2772 1450 2777 —
1493 2751 1525 2789 A
1559 2750 1613 2788 M.
1644 2748 1847 2789 Cornelio
1888 2750 2084 2801 Cethego

1207 2824 1299 2854 cos.
1325 2824 1363 2852 a.
1388 2823 1430 2850 u.
1455 2823 1492 2850 c.
1519 2811 1612 2850 550.
1644 2812 1794 2860 (Ennio
1816 2811 1986 2852 Suadae
2004 2825 2086 2854 me—

1207 2875 1338 2926 dulla)
1370 2874 1524 2913 Cicero
1556 2874 1674 2912 Brut.
1701 2875 1766 2921 45,
1796 2874 1862 2913 57.
1911 2876 2086 2915 Latino-

1207 2949 1306 2977 rum
1323 2938 1549 2975 oratorum
1566 2936 1729 2975 seriem
1746 2935 1928 2985 orditum
1949 2948 2085 2989 quem

1206 3000 1354 3040 statim
1377 2999 1536 3049 excipit
1560 2999 1615 3038 M.
1642 2999 1822 3038 Porcius
1846 3000 1953 3039 Cato
1975 3000 2086 3040 Cen-

1207 3063 1349 3103 sorius
1393 3062 1485 3101 sive
1533 3061 1709 3110 priscus.
1785 3060 2086 3112 Cethegorum

1207 3126 1356 3163 autem
1402 3122 1561 3163 familia
1606 3124 1796 3162 humero
1834 3125 2011 3164 exserto
2042 3126 2087 3164 et

1209 3188 1352 3227 cinctu
1375 3184 1583 3237 singulari
1604 3186 1677 3224 diu
1699 3186 1968 3236 antiquitatis
1987 3197 2087 3237 spe—

1208 3250 1322 3289 ciem
1345 3248 1537 3288 retinuit.
1561 3250 1610 3287 Α.
1634 3249 1680 3286 Ρ.
1701 3248 1774 3286 5οῑ
1807 3248 1984 3298 Finyere
2001 3247 2086 3286 cin-

1207 3314 1327 3352 ctutis
1357 3324 1438 3351 non
1466 3311 1669 3351 exaudita
1705 3311 1886 3362 Cetheyis
1914 3309 2084 3349 Contin-

1206 3380 1285 3426 9el.
1323 3398 1366 3403 —-
1398 3374 1513 3423 situs]
1556 3373 1849 3421 Schimmel,
1881 3372 2082 3419 Moder‚·

1209 3438 1307 3489 «qui
1340 3448 1410 3477 res
1443 3448 1466 3476 a
1497 3448 1544 3476 se
1576 3436 1793 3476 obductas
1819 3433 2082 3474 deformat.»
