2231 3787
851 196 949 235 LIB.
985 194 1015 233 I.
1078 193 1189 233 SAT.
1226 193 1274 232 ll.

149 331 388 386 Pocula?
430 348 558 383 num
598 328 845 383 esuriens
887 325 1091 379 fastidis
1132 323 1309 378 omnia
1349 329 1564 394 praeter

1912 187 1942 238 4-
1959 186 1968 237 1

1880 320 1979 372 115

148 438 419 489 Pavonem
460 430 896 502 rhombumque?
936 431 1161 482 Tument
1188 426 1281 480 tibi
1311 442 1433 478 cum
1463 424 1701 494 inguina,
1744 441 1891 483 num,
1936 424 1977 475 si

147 536 350 591 Ancilla
395 544 486 590 aut
522 550 696 591 verna.
730 541 812 587 est
849 539 1067 604 praesto
1108 548 1268 602 puer,
1313 530 1545 601 impetus
1585 529 1637 580 in
1676 543 1840 599 quem

148 639 412 695 Continuo
453 638 565 699 liat,
608 635 762 690 malis
803 634 1058 705 tentigine
1098 632 1315 704 rumpi?

146 745 265 797 Non
305 759 435 813 ego:
478 756 713 811 namque
753 736 1051 810 parabilem
1092 753 1213 790 amo
1254 751 1511 789 venerem
1550 732 1888 803 facilemque.

149 845 322 905 lllam,
371 845 529 897 «Post
566 841 779 914 paulo»,
827 839 964 894 «Sed
1006 838 1227 910 pluris»,
1275 837 1361 892 «Si
1402 836 1592 891 exierit
1628 836 1759 899 vir»,

1882 834 1900 888 fl
1915 834 1983 887 ΞΟ

150 947 339 1011 Gallis,
382 946 521 1001 hanc
559 944 908 999 Philodemus
950 943 1021 997 ait
1061 941 1183 1005 sibi,
1227 957 1369 1013 quae
1409 957 1591 1012 neque
1631 956 1827 1010 magno

261 1148 354 1187 117.
383 1150 555 1198 praesto
587 1148 662 1184 aut
685 1154 794 1195 puer
824 1143 924 1195 cdp.
965 1166 1007 1170 —-
1045 1140 1138 1180 4211.
1174 1139 1305 1180 Gallis
1345 1139 1452 1178 hanc
1488 1139 1556 1178 Ph.
1593 1138 1676 1178 ait:
1721 1138 1796 1177 sibi
1826 1139 1927 1178 LCt.

148 1337 286 1378 Plaut.
322 1336 421 1377 Cas.
458 1335 507 1385 4,
549 1334 596 1384 3,
639 1335 715 1375 114:
760 1333 834 1374 Illo
863 1331 1032 1382 morbo,

152 1412 232 1451 quo
263 1399 448 1450 dirumpi
477 1398 624 1448 cupio,
658 1410 740 1438 ηοη
770 1402 827 1438 est
855 1397 991 1447 copia.

205 1463 400 1503 420-1122.
432 1462 568 1512 Illam,
590 1463 685 1501 Post
707 1460 849 1513 paulo]
874 1459 1033 1510 «illam,

150 1538 264 1578 quae
297 1526 447 1567 dicere
481 1524 617 1574 solet,
661 1523 793 1577 paulo
831 1525 933 1576 post
970 1523 1038 1563 fa-

150 1590 265 1631 ciam
297 1588 376 1629 tibi
407 1589 497 1629 mei
527 1588 728 1640 copiam,
763 1597 1035 1639 semperque

149 1653 234 1693 hoc
279 1651 448 1693 deludit
492 1653 795 1692 amatorem.»
841 1673 886 1679 —-
922 1666 941 1686 «
957 1651 1037 1690 Sed

144 1716 295 1767 pluris]
321 1727 419 1756 «me
440 1714 641 1755 vendere
663 1713 809 1762 soleo;
834 1713 914 1754 sed
936 1712 1035 1765 plus

150 1779 257 1820 mihi
306 1779 535 1819 numerari
578 1777 733 1818 volo.»
785 1798 829 1805 —
879 1776 1034 1829 Gallis]

151 1841 300 1882 «Illam
331 1841 533 1882 castratis
565 1839 763 1893 Cybelae
795 1839 1039 1880 sacerdoti-

150 1905 235 1945 bus
261 1903 605 1956 relinquendam
627 1915 727 1944 esse
750 1905 926 1953 censet,
963 1904 1037 1956 qui

150 1971 241 2008 tam
282 1968 424 2009 lentas
455 1967 669 2019 ambages
708 1966 833 2008 facile
865 1979 918 2008 ac
954 1979 1038 2020 pa-

150 2033 311 2072 tienter
353 2031 470 2072 ferre
515 2033 704 2083 queant3
751 2030 837 2071 sibi
882 2032 1036 2071 contra

151 2094 325 2136 facilem
360 2096 483 2147 optat
527 2096 571 2135 in
616 2093 764 2146 aliquo
810 2096 1037 2146 epigram-

149 2160 269 2199 mate
299 2156 587 2198 Philodemus
620 2157 894 2207 Gadarenus,
933 2157 1038 2209 Epi—

150 2232 378 2269 cureus;»
426 2221 551 2260 cuius
593 2222 770 2261 exstant
811 2221 1037 2272 epigram-

152 2286 270 2324 mata
302 2284 346 2323 et
373 2282 473 2322 libri
504 2283 559 2322 de
591 2284 788 2332 musica,
834 2283 889 2323 de
930 2284 1037 2323 rhe-

151 2347 290 2386 torica
311 2344 471 2396 aliique
494 2344 731 2385 Herculani
750 2346 934 2398 reperti.
970 2346 1037 2385 De

153 2421 206 2450 eo
238 2409 418 2457 Cicero,
453 2408 547 2448 eius
570 2407 791 2459 aequalis,
824 2409 868 2448 in
889 2408 1034 2448 Pison.

150 2473 229 2520 ΞΟ,
262 2472 329 2511 70.
354 2470 485 2510 dixit:
517 2472 674 2510 Poc'ma
701 2471 806 2521 facit
834 2470 896 2509 ita
922 2471 1040 2521 festi-

150 2545 269 2583 vum,
318 2534 379 2573 ita
423 2534 694 2582 concinnum,
742 2533 805 2572 ita
848 2533 1038 2584 eleqans,

151 2597 253 2637 nihil
279 2601 327 2636 ut
353 2597 446 2649 fieri
468 2597 601 2646 possit
621 2596 831 2648 amulius.
862 2619 906 2623 —
931 2596 1039 2637 Mire

153 2659 367 2710 Reisigius
390 2658 632 2711 discipulos
661 2670 766 2699 suos
797 2659 905 2698 hanc
936 2670 1041 2699 cum

152 2734 192 2762 v.
219 2734 325 2772 quae
357 2722 564 2773 coniungi
594 2733 684 2762 non
714 2732 849 2774 posse
872 2721 1038 2762 docuit.

156 2785 314 2837 (Haase
360 2785 417 2825 ad
460 2783 574 2825 illius
620 2786 690 2824 Gr.
725 2786 816 2824 Lat.
850 2796 894 2837 p.
928 2784 1040 2835 358.)

152 2848 271 2888 Hanc
300 2846 588 2888 Philodemus
620 2858 718 2888 eam
742 2847 871 2897 dixit,
906 2858 1043 2899 quam

156 2910 240 2950 sihi
254 2911 544 2962 praesentem
554 2921 654 2951 esse
665 2909 869 2950 finxerat:
891 2911 1039 2958 «hanc,

156 2984 270 3024 quae
300 2983 419 3014 nunc
458 2974 605 3026 ipsum
644 2972 784 3013 oculis
815 2973 928 3013 meis
960 2972 1043 3012 ob—

155 3036 385 3084 versatur,
438 3035 494 3075 de
545 3046 633 3086 qua
684 3046 804 3076 nunc
849 3035 1039 3086 cogito.»

158 3099 270 3139 Cum
299 3098 341 3136 vi
374 3098 571 3148 quadam
591 3110 632 3138 v.
658 3099 750 3138 425.
790 3109 1045 3150 pronomen

155 3160 393 3212 repetitur:
425 3160 538 3200 Haec
559 3161 644 3200 cet.
671 3160 857 3209 Contra,
887 3160 923 3201 si
945 3161 1045 3200 iun-

158 3233 234 3273 gas
255 3223 377 3263 Illam
392 3245 457 3273 --,
483 3222 615 3262 Gallis
633 3223 755 3271 hanc,
778 3224 1044 3275 pronomina

160 3285 224 3325 ille
250 3287 294 3325 et
322 3285 410 3334 hic,
445 3296 560 3336 quae
593 3283 676 3324 sibi
699 3286 864 3336 opponi
884 3284 1042 3334 solent,

159 3358 342 3398 prorsus
363 3346 538 3388 insolito
560 3346 696 3387 modo
713 3347 770 3387 ad
790 3358 926 3388 unam
944 3358 1048 3387 ean-

161 3409 356 3461 demque
387 3420 631 3462 personam
651 3409 918 3450 referuntur.
957 3411 1046 3450 Nos

163 3473 395 3524 sequimur
414 3472 688 3523 Bentleium,
715 3473 870 3522 Feam,
895 3471 1048 3513 Iacob-
1074 3505 1079 3517 ,

1102 1333 1241 1382 sium,
1290 1333 1331 1372 in
1365 1342 1418 1371 eo
1450 1332 1600 1371 tamen
1642 1330 1698 1370 ab
1729 1330 1814 1370 hoc
1845 1330 1987 1369 inter—-a

1099 1396 1226 1447 prete
1250 1394 1590 1445 dissentientes,
1624 1395 1672 1434 ut
1702 1391 1986 1444 deperditum

1100 1456 1347 1498 Philodeml
1397 1458 1675 1509 epigramma
1726 1458 1869 1495 totum
1914 1466 1984 1493 vv.

1102 1521 1304 1560 420-422.
1329 1531 1596 1572 expressum
1625 1530 1725 1560 esse
1749 1518 1987 1558 credamus

1101 1584 1453 1635 nominatimque
1472 1583 1514 1622 in
1533 1593 1585 1622 eo
1599 1581 1831 1633 quidpiam
1853 1580 1988 1621 fuisse

1100 1648 1369 1695 statuamus,
1417 1645 1538 1697 quod
1581 1646 1651 1686 his
1695 1645 1789 1685 fere
1819 1655 1892 1683 vv.
1927 1644 1988 1684 si-

1100 1708 1203 1749 mile
1252 1709 1404 1749 fuerit:
1456 1704 1546 1761 τὴν
1588 1705 1625 1747 δ’
1668 1701 1764 1765 ἄρα
1813 1703 1989 1747 Γάλλοι

1098 1766 1287 1821 οἔχοιεν,
1322 1771 1484 1823 quibus
1516 1770 1654 1811 rebus
1683 1770 1890 1810 venereis
1920 1770 1990 1808 in-

1101 1835 1341 1875 terdictum
1373 1835 1455 1875 est.
1517 1835 1623 1874 Tota
1663 1833 1782 1873 enim
1819 1832 1990 1872 festivi—

1102 1900 1168 1939 tas
1198 1896 1283 1938 loci
1314 1897 1541 1938 Horatiani
1572 1908 1626 1936 ex
1649 1907 1702 1936 eo
1723 1894 1905 1948 pendet,
1939 1895 1989 1933 ut

1101 1961 1191 2000 iam
1235 1959 1522 2001 Philodemus
1568 1957 1712 1999 Gallos
1762 1957 1987 2010 spadones

1101 2023 1186 2064 sibi
1214 2024 1309 2076 ipse
1343 2023 1631 2075 opposuerit3
1666 2023 1819 2061 contra
1841 2021 1878 2060 si
1900 2020 1991 2059 Ho-

1100 2087 1197 2126 ratii
1228 2089 1351 2135 sunt,
1386 2088 1434 2126 ut
1465 2084 1557 2125 volt
1586 2083 1768 2133 Iacobs‚
1798 2083 1993 2123 Illam--

1101 2149 1247 2199 Gallis,
1273 2150 1423 2189 cetera
1444 2149 1554 2187 hanc
1574 2170 1592 2176 -
1606 2170 1624 2176 -
1644 2147 1736 2193 sibi,
1760 2157 1869 2195 quae
1889 2156 1989 2196 sqq.

1099 2211 1237 2263 illius,
1282 2223 1362 2252 cur
1392 2213 1484 2252 tam
1513 2210 1672 2263 planae
1713 2211 1847 2260 atque
1887 2207 1991 2247 ubi-

1098 2277 1165 2315 vis
1196 2274 1356 2315 obviae
1386 2272 1678 2314 sententiolae
1714 2273 1871 2312 auctor
1905 2282 1989 2310 no—

1101 2338 1305 2378 minatim
1327 2337 1554 2385 afferatur,
1581 2336 1652 2375 vix
1673 2335 1991 2386 perspicimus.

1100 2399 1325 2440 Bentleius
1378 2400 1647 2451 scripserat:
1712 2397 1795 2436 «Si
1845 2394 1994 2436 Philo-

1103 2463 1224 2503 demi
1255 2463 1534 2514 epigramma
1565 2473 1619 2501 ex
1650 2458 1810 2511 angulo
1843 2456 1992 2510 aliquo

1104 2527 1358 2574 erueretur,
1390 2527 1439 2564 ut
1467 2537 1520 2565 ex
1541 2522 1802 2573 Anthologia
1828 2521 1990 2561 inedita

1103 2588 1378 2642 productum
1430 2589 1500 2628 est
1548 2586 1655 2626 illud
1704 2585 1990 2631 Callimachi,

1105 2654 1201 2692 tum
1223 2652 1388 2692 certius
1412 2650 1526 2691 scire
1548 2659 1804 2702 possemus,
1838 2650 1990 2688 utrum

1105 2712 1310 2765 Γάλλοις
1328 2712 1463 2754 vellet
1483 2725 1539 2753 an
1560 2707 1845 2762 Γαλάταις.»
1878 2712 1993 2751 Sane

1106 2779 1273 2818 mirum
1295 2779 1377 2826 est,
1401 2777 1550 2816 virum
1571 2785 1785 2826 magnum
1803 2773 1860 2814 de
1880 2769 1997 2813 Γάλ-

1107 2840 1210 2892 λοις
1249 2840 1457 2880 dubitare
1497 2839 1721 2891 potuisse;
1768 2837 1851 2878 sed
1892 2837 1996 2877 hinc

1105 2906 1299 2945 Batavus
1346 2902 1504 2954 aliquis
1548 2901 1758 2941 inductus
1809 2901 1896 2950 est,
1949 2901 1997 2940 ut

1108 2979 1161 3007 ex
1178 2968 1221 3007 h.
1237 2966 1264 3006 l.
1282 2965 1562 3016 confingeret
1582 2965 1858 3017 epigramma
1874 2962 1997 3003 haud

1105 3040 1292 3082 prorsus
1335 3027 1583 3069 absurdum
1638 3029 1682 3067 et
1729 3027 1926 3079 primum
1971 3037 1995 3075 a

1107 3092 1281 3134 Reiskio
1334 3089 1530 3143 (Anthol.
1580 3089 1720 3141 Ceph.
1774 3090 1824 3129 N.
1872 3088 1993 3138 651.)

1110 3156 1302 3205 editum,
1336 3165 1424 3206 quo
1445 3154 1673 3195 veterator
1701 3151 1770 3192 ille
1794 3151 1900 3192 satis
1922 3150 1995 3190 diu

1110 3218 1271 3259 delusit
1302 3218 1502 3267 criticos,
1537 3217 1682 3256 donec
1712 3213 1869 3254 Iacobs
1892 3211 1997 3253 sub-

1110 3281 1311 3321 diticium
1329 3291 1430 3321 esse
1445 3278 1779 3319 demonstraret
1794 3277 1837 3315 in
1854 3275 1990 3314 Lectt.

1108 3345 1275 3384 Venus.
1300 3343 1388 3383 XII.
1414 3354 1458 3394 p.
1483 3341 1580 3382 264.
1612 3341 1689 3381 Est
1709 3340 1859 3378 autem
1880 3336 1992 3376 hoc:

1109 3407 1216 3447 Εἰνὶ
1244 3402 1424 3459 μύχοις
1453 3402 1650 3463 κραδίας
1678 3396 1843 3450 δοιοὺς
1864 3409 1995 3456 περι-

1109 3467 1281 3511 θάλπω
1311 3464 1519 3528 ἔρωτας,
1555 3463 1648 3508 Τὸι1
1678 3464 1767 3519 μὲν
1792 3459 1995 3516 Ῥιιῃιοιί·Ε
