2231 3787
775 283 873 322 LlB.
908 283 938 320 1.
972 279 1136 322 EPIST.
1171 281 1218 320 x.
1875 275 1975 326 477

222 418 364 469 Panc
406 431 542 485 egeo
583 415 686 466 iam
727 412 942 466 mellitis
981 411 1191 483 potiore
1235 409 1509 481 placentis.

222 518 413 570 Vivere
455 525 676 569 naturae
717 516 759 568 si
802 513 1187 568 convenienter
1225 520 1437 583 oportet

222 619 626 690 Ponendaeque
667 617 830 670 domo
871 614 1184 688 quaerenda
1226 622 1308 668 est
1346 631 1473 667 area
1513 614 1769 685 primum.

219 721 494 775 Novistine
540 719 719 774 locum
758 719 1026 790 potiorem
1065 734 1191 770 rure
1233 716 1436 770 beato?

221 825 312 877 Est
349 822 440 876 ubi
479 821 601 893 plus
641 829 858 892 tepeant
895 820 1128 882 hiemeS,
1172 818 1263 872 ubi
1303 818 1503 890 gratior
1541 836 1672 872 aura
1915 819 1978 871 ,15

221 926 408 980 Leniat
447 933 499 979 et
539 924 746 979 rabiem
788 923 946 978 Canis
986 930 1038 976 et
1075 929 1346 975 momenta
1384 921 1604 983 LeoniS,

206 1075 460 1129 complures
502 1076 602 1126 (non
642 1074 884 1124 Aldinae),
918 1076 1026 1113 item
1056 1071 1305 1121 Bentleius,
1341 1071 1423 1112 sed
1453 1071 1571 1111 unde
1609 1073 1921 1124 assumpserit,

205 1151 294 1180 non
326 1139 452 1188 dicit,
492 1141 560 1179 est
590 1140 739 1179 tamen
770 1138 812 1177 in
844 1137 923 1177 Ed.
958 1135 1199 1177 Sehrevelii
1232 1147 1269 1176 c.
1304 1147 1346 1176 n.
1380 1147 1473 1175 var.
1510 1135 1649 1186 4663.)
1695 1157 1738 1163 -
1776 1137 1840 1176 42.
1875 1137 1922 1186 si]

206 1203 263 1242 sic
297 1203 370 1242 cE.

207 1335 364 1377 ‘to-44.
418 1337 644 1376 sacerdotis
684 1336 884 1388 fugitivus
929 1336 1033 1386 cet]

151 1399 257 1440 Liba
288 1398 479 1451 (Fladen)
510 1399 565 1439 ab
598 1400 669 1448 iis,
717 1400 792 1450 qui
830 1410 928 1438 rem
966 1398 1035 1438 di-

148 1462 298 1501 vinam
328 1461 571 1510 faciebant,
605 1460 733 1501 allata
755 1463 799 1501 et
828 1460 1036 1501 sacerdo-

150 1523 268 1564 tibus
298 1523 471 1573 relicta,
518 1525 679 1563 horum
717 1524 859 1564 servis
897 1524 1035 1563 inter-

150 1586 258 1626 dum
287 1597 368 1638 pro
398 1598 513 1638 pane
545 1586 646 1625 data
678 1597 777 1626 esse
808 1586 1030 1633 videntum

150 1650 239 1689 iam
268 1650 350 1689 ioci
392 1660 526 1689 causa
563 1650 735 1697 narrat,
782 1659 924 1688 unum
955 1647 1034 1687 ali—

151 1711 328 1763 quando
372 1723 499 1751 mero
543 1712 673 1751 huius
714 1710 801 1751 cibi
846 1711 1032 1750 nimium

151 1774 290 1815 dulcis
335 1775 482 1815 taedio
527 1774 582 1814 ab
627 1776 737 1814 hero
783 1774 1030 1826 aufugisse,

152 1848 240 1889 quo
270 1837 454 1877 tandem
480 1848 586 1876 vero
617 1848 732 1888 pane
753 1838 1030 1877 vesceretur.

152 1900 261 1939 Fieri
293 1900 426 1939 etiam
455 1901 623 1951 potest,
656 1902 705 1939 ut
734 1900 857 1940 iocus
880 1911 933 1939 ex
955 1899 1035 1938 mi-

150 1973 224 2002 mo
241 1961 386 2013 aliquo
407 1962 623 2013 repetitus
639 1963 706 2002 sit.
740 1963 893 2001 Iocum
914 1972 1036 2000 amo-

150 2026 277 2073 vent,
311 2024 385 2075 qui
413 2024 637 2076 fuqitivum
667 2023 926 2075 simpliciter
956 2035 1034 2062 ex-

151 2086 315 2138 plicant
346 2097 595 2135 «servum,»
627 2085 697 2125 vel
730 2096 938 2126 «servum
959 2097 1036 2125 ne-

153 2160 338 2201 quam»,
371 2151 419 2188 ut
449 2160 554 2188 sane
588 2150 656 2188 est
691 2148 811 2199 apud
854 2150 1031 2187 Terent.

152 2213 264 2252 Eun.
292 2210 342 2259 4,
382 2210 428 2259 4,
463 2211 510 2249 4:
555 2211 641 2250 Exi
669 2210 809 2261 foras,
851 2211 1033 2250 sceleste!

152 2274 204 2314 At
240 2274 366 2313 etiam
402 2273 590 2322 restitas,
632 2272 853 2324 Fugitive?
903 2274 1036 2312 Cete—

153 2347 254 2376 rum
283 2335 366 2375 liba
388 2346 533 2374 recuso
554 2337 638 2375 cet.
661 2334 801 2374 verba
822 2337 925 2376 sunt
946 2336 1036 2375 Ho—

154 2400 273 2449 rat-ii,
306 2410 415 2447 non,
448 2400 498 2437 ut
527 2397 598 2437 alii
627 2398 801 2448 volunt,
845 2398 1032 2448 fugitivi,

155 2473 351 2513 quocum
389 2460 459 2500 ille
491 2472 538 2501 se
571 2463 814 2512 comparat.
864 2462 1038 2501 Placen·
1065 2431 1069 2528 ¹

156 2530 221 2565 tae
258 2524 459 2576 (Kuchen)
506 2536 559 2563 ex
602 2523 741 2563 farina
787 2525 830 2563 et
874 2535 1068 2573 caseo,·

156 2586 253 2627 oleo
303 2586 479 2635 frictae,
530 2597 778 2638 papavere,
830 2597 1033 2635 sesamO,

156 2648 286 2689 melle
325 2648 509 2696 oblitae;
550 2648 594 2687 h.
636 2647 666 2688 l.
708 2647 897 2688 eaedem
934 2637 1069 2688 cum¹

156 2714 270 2761 libis,
311 2713 393 2752 etsi
422 2711 602 2763 proprie
632 2711 745 2751 haec
777 2711 843 2752 dis
874 2711 1038 2751 offere-

156 2776 338 2824 bantur,
371 2773 469 2814 illae
499 2776 614 2814 inter
644 2773 838 2815 crustula
867 2785 902 2815 s.
938 2773 1039 2813 dul-

158 2839 289 2878 ciaria
324 2837 650 2877 referebantur.
696 2861 740 2866 —
778 2838 920 2877 Vivere
955 2848 1040 2876 na-

158 2904 278 2939 turae
297 2923 320 2929 -
339 2899 638 2951 convenienter]
669 2898 756 2939 Δεῐ
773 2894 1041 2953 ὁμολογου-

158 2961 315 3014 μένως
357 2959 415 3018 τῇ
460 2960 608 3011 φύσει
650 2962 734 3019 ζῇν
782 2961 1071 3015 pervolgata¹

161 3024 409 3064 Stoicorum
453 3025 548 3063 erat
590 3024 789 3064 doctrina
834 3024 938 3075 (Cic.
982 3017 1071 3071 del

162 3085 284 3126 Offic.
309 3085 355 3134 3,
389 3085 433 3134 3,
469 3086 540 3125 ⁴3:
581 3088 698 3136 Quod
725 3098 934 3126 sumnwm
967 3086 1040 3126 bo·
1068 3073 1072 3146 ἱ

159 3160 261 3188 num
291 3159 320 3187 a
348 3147 496 3187 Stoicis
534 3149 708 3198 dicitur,
754 3150 1042 3190 convenienter

161 3215 343 3251 naturae
381 3210 540 3258 vivere,
586 3210 630 3248 id
671 3210 790 3250 habet
821 3212 950 3261 hauc,
995 3217 1043 3252 ut

162 3273 331 3324 opinor,
364 3272 630 3320 sententiam,
662 3283 757 3311 cum
774 3273 928 3313 virtute
945 3285 1042 3314 con-

161 3347 311 3388 qruere
330 3346 489 3385 semper
510 3333 628 3384 cet.):
657 3345 816 3373 verum
836 3336 1040 3375 Horatius

162 3398 208 3437 h.
240 3397 269 3437 l.
301 3395 575 3449 populariter
609 3393 824 3446 loquitur,
869 3397 919 3434 ut
948 3397 1037 3436 Cic.

166 3457 221 3498 de
252 3459 381 3510 Legg.
408 3459 455 3507 l,
488 3458 562 3507 24,
595 3457 668 3497 56;
715 3457 796 3496 Sed
834 3460 942 3496 certe
977 3468 1044 3497 res

165 3521 226 3560 ita
257 3532 298 3561 se
338 3521 478 3570 habet,
523 3524 569 3560 ut
610 3531 664 3560 ex
706 3523 865 3561 natura
904 3518 1043 3559 vivere

1096 1346 1303 1375 summum
1344 1334 1494 1373 bouum
1537 1334 1612 1383 sit,
1658 1333 1701 1372 id
1745 1338 1824 1383 est,
1870 1335 1983 1373 vita

1096 1398 1296 1438 modica
1332 1401 1375 1436 et
1411 1400 1538 1446 apta
1574 1396 1775 1436 virtute
1797 1397 1978 1448 perfrui.

1098 1462 1268 1500 Seneca
1298 1460 1435 1510 Epist.
1468 1461 1514 1509 5,
1548 1459 1594 1498 3:
1642 1460 1798 1509 Nempe
1820 1471 1982 1510 propo-

1096 1523 1221 1562 situm
1262 1526 1452 1561 nostrum
1496 1526 1553 1561 est
1594 1522 1817 1561 secundum
1852 1526 1983 1562 natu-

1096 1597 1192 1625 ram
1233 1585 1386 1624 vivere.
1441 1585 1561 1624 «Huc
1597 1586 1748 1624 autem
1792 1586 1985 1636 pertinet

1098 1648 1232 1687 etiam
1271 1646 1483 1686 hahitatio
1515 1648 1698 1686 naturae
1729 1647 1886 1687 usibus
1916 1648 1984 1687 in-

1097 1711 1321 1759 serviens,
1385 1710 1454 1749 cui
1514 1710 1614 1749 ante
1675 1710 1819 1749 omnia
1880 1721 1985 1749 area

1098 1772 1413 1824 (Baustatte‚
1447 1782 1535 1811 non
1570 1772 1749 1820 Tenue,
1782 1773 1831 1811 ut
1850 1773 1983 1812 vertit

1097 1835 1285 1885 Passow)
1317 1834 1517 1886 eligenda
1540 1836 1627 1882 est,
1661 1834 1703 1873 id
1736 1834 1854 1885 quod
1877 1836 1986 1886 opti-

1097 1909 1170 1937 me
1203 1897 1250 1937 fit
1280 1899 1395 1947 ruri,
1428 1896 1505 1936 ubi
1535 1895 1694 1936 beatae
1725 1897 1840 1936 vitae
1878 1896 1983 1937 nihil

1098 1960 1288 2000 obstat.»
1315 1982 1359 1987 —-
1400 1960 1534 2011 domo]
1569 1959 1702 1998 dativi
1733 1958 1874 1998 forma
1910 1970 1985 1999 an-

1098 2024 1219 2074 tiqua
1259 2033 1340 2074 pro
1382 2023 1547 2071 domui,
1596 2033 1709 2072 quae
1751 2020 1984 2073 aliquoties

1098 2085 1216 2137 apud
1240 2086 1455 2125 Catonem
1477 2084 1637 2135 legitur
1659 2085 1719 2135 (R.
1739 2086 1787 2124 R.
1809 2084 1902 2133 434,
1927 2084 1982 2134 2.)

1097 2148 1295 2188 Eandem
1329 2148 1531 2187 Lucretio
1568 2148 1823 2187 coniectura
1853 2147 1985 2187 resti—

1097 2211 1178 2250 tuit
1198 2211 1510 2250 Lachmannus
1540 2211 1589 2258 5,
1624 2210 1746 2249 4267.

1155 2273 1300 2312 45-47.
1347 2273 1420 2311 Est
1447 2272 1517 2311 ubi
1540 2271 1642 2323 cet.]
1674 2271 1832 2312 Villam
1857 2282 1983 2312 suam

1099 2333 1310 2373 Sabinam
1329 2335 1512 2385 respicit
1542 2335 1771 2383 Horatius,
1805 2345 1919 2385 quae
1943 2336 1987 2373 et

1100 2395 1155 2435 ab
1187 2394 1403 2446 Aquilone
1436 2397 1480 2434 et
1509 2395 1564 2434 ab
1596 2397 1758 2435 Austro
1800 2395 1986 2435 collibus

1100 2459 1204 2498 satis
1236 2457 1332 2498 altis
1362 2460 1564 2509 protecta
1587 2459 1695 2497 erat.
1758 2458 1866 2498 Vide
1890 2459 1984 2498 eius

1101 2521 1450 2573 descriptionem
1514 2519 1661 2572 lapide
1725 2532 1985 2573 expressam

1066 2564 1069 2632 i
1101 2583 1221 2636 apud
1243 2582 1538 2623 Walckenaer
1568 2584 1613 2623 T.
1638 2584 1688 2622 ΙΙ.
1717 2606 1761 2612 -
1784 2584 1894 2636 plus]
1919 2583 1982 2623 Cf.

1102 2646 1230 2688 Hand
1270 2647 1396 2686 Turs.
1416 2647 1486 2686 IV.
1505 2657 1605 2698 pag.
1625 2645 1719 2687 475.
1744 2671 1789 2675 —
1808 2646 1986 2698 tepeant]

1103 2710 1165 2751 Cf.
1191 2709 1270 2749 Od.
1294 2710 1340 2757 2,
1374 2709 1421 2758 7,
1458 2709 1507 2747 47
1540 2719 1606 2759 sq.
1644 2730 1688 2736 ——
1721 2709 1882 2749 rabiem
1903 2709 1988 2750 Ca-

1099 2772 1178 2822 nis]
1210 2769 1421 2812 Canicula
1452 2771 1646 2810 exoritur
1673 2771 1855 2822 quidem
1876 2782 1914 2811 a.
1940 2771 1982 2811 d.

1100 2836 1209 2875 XIII.
1232 2832 1324 2873 Kal.
1350 2835 1458 2883 Aug.
1486 2832 1565 2881 (20.
1591 2832 1660 2872 die
1683 2834 1738 2873 M.
1758 2832 1882 2884 Iulii),
1905 2833 1987 2874 sed

1102 2897 1289 2948 apparet
1316 2895 1404 2934 VII.
1430 2893 1522 2934 Kal.
1558 2895 1638 2945 (26.
1672 2893 1768 2946 Iul.)
1802 2896 1988 2935 Schnei-

1103 2959 1184 2999 der
1213 2958 1269 2998 ad
1300 2956 1471 2997 Colum.
1498 2958 1573 3007 Μ,
1607 2958 1657 3006 2,
1690 2958 1757 2997 53.
1810 2957 1880 2998 Sol
1919 2959 1987 2998 in-

1100 3024 1189 3062 trat
1218 3023 1416 3061 Leonem
1441 3019 1508 3059 23.
1535 3019 1605 3059 die
1626 3020 1680 3060 M.
1706 3018 1814 3059 Iulii.
1839 3019 1984 3061 Manil.

1102 3087 1148 3134 5,
1182 3084 1288 3124 206:
1336 3083 1439 3123 Cum
1473 3093 1572 3121 vero
1607 3082 1652 3121 in
1689 3086 1826 3122 vastos
1853 3084 1989 3134 surgit

1101 3148 1332 3187 Nemeaeus
1360 3145 1498 3183 hiatus
1535 3144 1826 3194 Emoriturque
1864 3145 1989 3185 Canis

1103 3211 1315 3258 latratque
1341 3207 1545 3248 Canicula
1571 3208 1767 3259 flammas
1794 3208 1849 3246 Et
1876 3206 1988 3245 rabit

1102 3273 1197 3324 igne
1235 3282 1309 3310 suo
1338 3270 1603 3321 qeminatque
1630 3270 1823 3308 incendia
1862 3269 1981 3307 Solis.

1108 3355 1151 3362 -
1175 3331 1398 3383 momenta]
1423 3332 1616 3379 «motus,
1651 3331 1858 3370 circuitus
1881 3340 1987 3368 cae-

1102 3394 1262 3444 lestes,
1302 3394 1378 3444 qui
1408 3403 1460 3432 eo
1490 3394 1693 3443 tempore
1723 3391 1855 3438 fiunt,
1896 3401 1984 3441 quo

1105 3457 1176 3497 Sol
1217 3458 1284 3497 est
1326 3457 1370 3495 in
1409 3454 1568 3494 Leonis
1605 3454 1728 3503 signo
1768 3454 1901 3502 atque
1941 3453 1986 3492 vi

1104 3517 1262 3559 caloris
1282 3519 1424 3557 terras
1444 3516 1614 3566 urget.»
1650 3514 1719 3553 Sic
1739 3512 1879 3553 verbo
1898 3525 1986 3554 mo-
