2231 3787
334 247 461 298 684·
1137 252 1347 294 ΗΟΒΑΤΠ

333 379 492 433 σμῶιν,
526 392 626 421 cum
659 383 804 433 potius
837 384 1062 435 proprium
1095 384 1148 423 de
1181 387 1273 424 arte
1305 385 1476 435 poetica
1510 385 1722 436 scriptum
1754 387 1844 426 sive
1876 390 2031 438 poema
2065 388 2142 428 suit

332 452 421 490 sive
452 452 646 503 pedestri
678 454 875 493 oratione
907 455 1224 505 compositum,
1271 465 1292 492 a
1325 453 1441 492 nullo
1478 454 1658 504 quidem
1690 453 1772 494 alio
1807 466 1940 506 quam
1976 467 1999 495 a
2036 459 2143 496 Por-

331 521 546 571 phyrione
578 526 890 570 memoratum,
925 523 1253 574 intelligendum
1286 533 1384 562 esse
1406 522 1620 562 videatur.
1654 525 1767 563 Sane
1798 526 1976 565 omnino
1996 524 2143 566 multis

331 591 370 628 in
403 591 537 631 rebus
563 595 742 632 secutus
764 596 828 632 est
853 594 1053 632 Horatius
1075 591 1470 632 Alexandrinorum
1493 594 1882 643 grammaticorum
1904 594 2140 635 doctrinas.

442 662 608 701 Passim
640 663 886 712 comparari
918 673 1019 701 cum
1051 663 1300 713 praeceptis
1327 663 1572 702 Horatianis
1601 665 1788 714 possunt
1806 661 1890 702 loci
1912 674 1964 702 ex
1986 665 2147 704 Aristo-

332 730 427 769 telis
457 730 568 771 libro
599 732 702 788 περὶ
734 730 1011 783 ποιητικῆς,
1059 743 1146 771 non
1190 734 1340 770 tamen
1378 733 1460 781 tot,
1508 734 1615 782 quot
1652 731 1845 771 nonnulli
1875 734 2144 784 Interpretes

332 800 623 841 similitudinis
654 801 846 851 quadam
878 802 1026 852 specie
1058 801 1232 852 decepti
1263 800 1509 841 voluerunt.
1570 803 1734 849 Immo,
1782 802 1863 841 nisi
1896 803 2040 842 omnia
2071 813 2144 842 me

332 870 503 918 saliunt,
537 869 816 910 Aristotelem
847 882 934 910 non
964 869 1067 921 legit
1096 870 1313 910 Horatius.
1365 871 1506 910 Minus
1537 871 1670 910 etiam
1699 870 1942 922 probabilis
1973 874 2041 912 est
2066 883 2144 913 eo-

330 951 427 978 rum
471 940 707 986 sententia,
756 940 830 990 qui
874 939 1062 980 Platonis
1107 939 1359 979 Phaedrum
1405 940 1627 979 Horatiani
1663 942 1880 991 poematis
1918 941 2145 994 exemplar

329 1010 460 1049 fuisse
505 1010 850 1058 contenderunt,
900 1011 979 1049 etsi
1023 1011 1263 1061 praecipue
1302 1009 1501 1049 doctrina
1539 1009 1628 1057 illa,
1672 1011 1858 1059 Denique
1893 1011 1946 1050 sit
1985 1012 2146 1061 quidvis

327 1080 502 1128 simplae
531 1080 757 1118 dumtaxat
785 1084 821 1118 et
849 1091 1000 1127 unum,
1035 1081 1078 1119 et
1107 1090 1220 1130 quae
1253 1079 1308 1118 ad
1339 1090 1437 1119 eam
1462 1080 1706 1130 pertinent,
1742 1081 1929 1132 utroque
1960 1081 2003 1121 in
2032 1080 2144 1121 libro

329 1150 622 1200 reperiuntur.

440 1221 620 1258 «Potest
650 1219 720 1259 hic
749 1218 922 1259 libellus
953 1220 1189 1259 commode
1220 1219 1374 1259 haberi
1404 1231 1485 1271 pro
1516 1219 1700 1272 epistola
1730 1219 1828 1259 libri
1854 1220 2039 1261 secundi
2059 1222 2146 1261 ter-

330 1289 406 1335 tia,
451 1290 523 1338 qui
565 1290 627 1328 sic
658 1300 835 1340 quoque
869 1301 956 1329 non
986 1291 1128 1329 maior
1157 1291 1240 1329 erit
1268 1289 1380 1330 libro
1411 1291 1569 1342 primo.
1630 1292 1721 1330 Nec
1751 1292 2004 1342 temporum
2033 1291 2144 1330 ratio

328 1360 401 1396 aut
431 1356 547 1396 aliud
579 1360 905 1408 necessarium,
954 1360 1073 1410 quod
1104 1361 1265 1408 sciam,
1299 1362 1610 1410 argumentum
1639 1359 1799 1400 obstat.
1850 1362 1982 1400 Favet
2012 1361 2144 1401 etiam

329 1428 577 1474 Charisius,
604 1429 677 1478 qui
700 1440 741 1479 p.
768 1429 860 1477 482,
885 1429 923 1468 3.
949 1432 993 1468 et
1015 1429 1107 1478 483,
1133 1431 1198 1469 40.
1224 1430 1482 1481 simpliciter
1501 1430 1786 1480 Epistolarmn
1805 1431 1997 1480 nomine,
2030 1442 2144 1482 quae

328 1497 397 1536 hic
441 1496 668 1548 leguntur,
710 1497 875 1538 laudat.
938 1501 1107 1539 Mature
1152 1502 1301 1539 tamen
1340 1502 1389 1539 ut
1421 1498 1658 1551 peculiaris
1687 1498 1861 1540 libellus
1890 1498 2093 1540 laudatur
2121 1511 2144 1540 a

328 1566 590 1614 Quintiliano
628 1569 762 1619 Epist.
797 1568 851 1607 ad
882 1569 1046 1620 Tryph.
1079 1571 1143 1618 2.,
1191 1569 1266 1609 ubi
1304 1569 1561 1621 simpliciter
1587 1570 1728 1610 Artem
1762 1571 1970 1620 poeticam
1997 1573 2142 1620 vocat,

328 1639 369 1674 et
401 1637 446 1683 8,
481 1637 525 1685 3,
552 1637 616 1676 60.
646 1649 697 1677 ex
722 1639 868 1688 prima
890 1644 1016 1688 parte
1044 1639 1140 1678 libri
1169 1641 1217 1679 de
1245 1644 1337 1679 arte
1359 1641 1528 1690 poetica
1550 1640 1696 1691 ipsum
1717 1640 1844 1680 affert
1862 1641 2142 1692 principium.

327 1706 574 1747 Priscianus
620 1718 796 1759 quoque
836 1711 880 1747 et
917 1707 986 1748 alii
1026 1711 1300 1760 grammatici
1342 1711 1508 1761 passim
1537 1711 1762 1750 Horatium
1791 1712 1839 1750 de
1867 1714 1958 1750 arte
1978 1712 2147 1761 poetica

329 1777 475 1815 citant.
535 1780 600 1816 An
639 1779 922 1818 occasionem
973 1780 1210 1830 separandi
1239 1779 1474 1820 voluminis
1515 1780 1657 1829 dedit,
1704 1780 1823 1831 quod
1853 1782 1902 1820 ut
1929 1781 2147 1820 Somnium

328 1846 532 1895 Scipionis
560 1858 614 1885 ea:
645 1847 850 1887 Ciceronis
880 1850 927 1887 de
955 1860 1001 1887 re
1034 1849 1204 1898 publica
1232 1861 1353 1899 opere
1382 1852 1641 1901 excerptum
1673 1850 1922 1890 Macrobius
1953 1849 2146 1902 explica-

326 1916 406 1957 vit.
451 1918 514 1955 sic
545 1919 716 1956 mature
748 1919 1022 1967 grammatici
1062 1919 1180 1958 hunc
1211 1921 1473 1970 praesertim
1503 1919 1699 1959 libellum
1731 1921 2010 1971 interpretari
2041 1931 2147 1960 coe-

327 1996 432 2037 pere
449 1987 470 2023 ⁶?
522 1987 580 2035 Ν.
615 1988 781 2037 supra.)
841 1988 886 2026 In
932 1989 1034 2028 Mss.
1073 1990 1116 2027 et
1156 1989 1312 2039 priscis
1343 1989 1618 2029 Editionibus
1649 1990 1736 2029 iam
1764 1992 1867 2041 post
1896 1990 2071 2041 Epodos
2102 1991 2146 2029 et

329 2057 517 2095 Carmen
550 2055 749 2096 seculare
780 2058 977 2108 ponitur,
1024 2060 1070 2096 ut
1102 2058 1143 2097 in
1174 2059 1253 2098 Ms.
1289 2060 1581 2109 Gottingensi,
1616 2061 1722 2098 item
1751 2060 1794 2099 in
1824 2060 1901 2099 Ed.
1935 2059 2145 2100 Mediola-

327 2126 451 2165 nensi
485 2124 620 2173 1477„
655 2126 697 2164 in
728 2126 905 2166 Venetis
938 2126 1057 2166 4479.
1095 2128 1245 2178 (4484.)
1279 2131 1362 2167 cet.
1386 2139 1529 2180 usque
1551 2130 1606 2169 ad
1628 2130 1678 2169 H.
1702 2130 1994 2180 Stephanum;
2028 2140 2145 2170 nunc

327 2196 474 2235 medio
522 2196 634 2234 inter
677 2195 891 2247 Epistolas
928 2198 971 2236 et
1001 2198 1239 2237 Sermones
1279 2197 1400 2247 loco,
1445 2201 1493 2238 ut
1521 2200 1565 2238 in
1597 2199 1788 2239 editione
1818 2200 1981 2246 Zaroti‚
2028 2211 2144 2240 nunc

327 2266 520 2316 denique
551 2265 703 2305 ultimo
734 2267 932 2305 omnium
953 2265 1049 2306 loco
1070 2269 1171 2318 post
1192 2266 1422 2319 Epistolas,
1447 2269 1571 2308 cuius
1595 2269 1777 2309 instituti
1797 2271 1953 2309 auctor
1971 2270 2146 2310 videtur

325 2335 528 2375 laudatus
566 2336 699 2375 modo
741 2337 789 2375 Η.
835 2337 1105 2388 Stephanus,
1154 2338 1227 2388 qui
1264 2338 1481 2378 rationem
1519 2339 1612 2379 eius
1648 2338 1794 2379 reddit
1830 2340 1965 2379 Diatr.
1998 2350 2040 2391 p.
2074 2339 2140 2379 302.

328 2407 456 2445 Certe
488 2417 575 2445 non
605 2407 829 2452 annotavi,
865 2407 936 2456 qui
968 2409 1070 2446 ante
1101 2406 1219 2446 illum
1252 2407 1405 2447 ultimo
1435 2407 1531 2448 loco
1561 2411 1749 2460 poneret
1776 2410 1953 2459 Artem,
1997 2420 2142 2461 neque

327 2476 399 2525 qui
432 2477 530 2526 post
560 2474 680 2514 illum
712 2487 798 2514 non
828 2478 1059 2527 poneret.»
1091 2479 1320 2518 GESNERUS.

438 2544 561 2593 Quod
607 2546 662 2585 ad
706 2546 846 2597 ipsam
888 2547 1106 2597 poematis
1138 2547 1324 2587 formam
1355 2549 1531 2596 attinet,
1577 2548 1633 2588 illi
1664 2549 1972 2604 tantummodo
2002 2551 2143 2590 Inter-

329 2617 478 2665 pretes
517 2626 672 2654 verum
713 2616 943 2665 viderunt,
987 2618 1061 2668 qui
1097 2618 1354 2669 «epistolam
1386 2605 1863 2660 didacticosatiricam»
1904 2631 2004 2661 esse
2034 2630 2143 2660 con—

332 2684 589 2732 tenderunt,
637 2696 722 2724 non
761 2690 920 2737 poema
951 2686 1268 2727 didascalicum
1297 2690 1532 2728 universae
1562 2689 1708 2740 poesis
1737 2688 1859 2739 leges
1888 2699 1941 2728 ac
1968 2688 2142 2740 regulas

332 2766 606 2805 proponens,
640 2759 688 2795 ut
716 2754 818 2795 olim
848 2755 1047 2808 plerique
1077 2758 1157 2796 rati
1189 2760 1314 2805 sunt,
1352 2769 1439 2797 non
1469 2759 1872 2799 animadvertentes
1902 2762 2141 2811 praecepta

334 2835 473 2874 paene
504 2826 647 2864 omnia
680 2826 832 2865 referri
864 2827 916 2864 ad
949 2838 1089 2877 genus
1120 2827 1436 2876 dramaticum,
1471 2839 1522 2867 ea
1552 2839 1658 2867 vero
1689 2838 1872 2878 genera,
1905 2829 1949 2869 in
1980 2828 2141 2880 quibus

327 2895 419 2944 ipse
465 2893 730 2944 excellebat,
777 2895 965 2946 lyricum
1005 2897 1136 2947 (quod
1166 2897 1323 2937 leviter
1353 2897 1581 2936 dumtaxat
1609 2898 1778 2948 attingit
1806 2910 1877 2938 VV.
1906 2899 2137 2951 83—85.)‚

326 2964 503 3007 satiras,
552 2964 783 3015 epistolas,
830 2966 1123 3016 epigramma,
1168 2969 1325 3017 poema
1359 2965 1698 3017 didascalicum,
1743 2979 2015 3020 quamquam
2045 2970 2139 3021 ipse

327 3034 577 3072 Lucretium
610 3035 900 3085 suspiciebat,
934 3047 1116 3086 prorsus
1146 3037 1389 3086 praeteriri.
1451 3037 1497 3075 ld
1527 3047 1633 3076 vero
1664 3039 1765 3077 ante
1797 3039 1942 3077 omnia
1973 3040 2137 3087 teneto,

327 3103 439 3142 hane
471 3102 700 3153 epistolam
734 3104 961 3144 Pisonibus
992 3107 1170 3155 praeter
1200 3107 1372 3145 ceteros
1404 3106 1671 3146 destinatam
1701 3109 1833 3158 atque
1861 3107 1917 3147 ab
1937 3108 2006 3148 his
2028 3109 2138 3148 intra

326 3172 594 3213 domesticos
639 3174 830 3224 parietes
874 3172 1031 3213 lectam
1078 3185 1202 3221 esse,
1249 3178 1487 3226 antequam
1532 3176 1755 3215 ederetur.
1820 3178 1912 3216 Iam
1955 3188 2137 3228 prorsus

327 3244 599 3292 ignoramus.
633 3246 780 3282 utrum
803 3245 955 3293 poeta,
989 3255 1102 3294 quae
1126 3244 1432 3285 nonnullorum
1455 3247 1555 3297 post
1577 3245 1856 3286 Wielandum
1877 3246 1956 3286 fuit
1974 3247 2134 3297 opinio,

326 3312 494 3350 sincera
541 3312 845 3352 benevolentia
894 3313 933 3351 in
982 3313 1183 3352 Pisonem
1229 3315 1464 3362 maiorem,
1512 3315 1616 3355 boni
1655 3315 1770 3355 haud
1808 3315 1941 3355 dubie
1977 3316 2136 3365 ingenii

326 3380 675 3429 adolescentem,
720 3382 798 3421 sed
836 3383 962 3421 nimis
1001 3384 1185 3423 sortasse
1218 3384 1425 3436 cupidum
1458 3386 1661 3436 propriae
1693 3384 1906 3425 facultatis
1936 3385 2134 3435 poeticae

326 3449 659 3501 periclitandae,
695 3451 764 3491 tali
797 3452 852 3490 ab
874 3463 981 3492 auso
1012 3453 1234 3492 dehortari
1265 3453 1474 3501 voluerit,
1509 3458 1553 3494 ut
1585 3465 1638 3494 ne
1670 3455 1907 3495 mediocris
1936 3456 2135 3495 tantum-
