2231 3787
259 242 360 294 5534-

331 374 530 428 Cautus
569 373 711 425 enim
750 373 937 425 metuit
972 371 1183 425 foveam
1221 370 1379 441 lupus
1420 369 1786 438 accipiterque

862 241 1074 281 HORATII
1105 240 1471 281 EPISTOLARUM

2022 367 2088 418 50

334 476 626 546 Suspectos
666 473 892 545 laqueos
932 482 984 526 et
1025 479 1273 543 opertum
1311 469 1507 522 miluus
1546 468 1778 522 hamum.

333 576 580 631 Oderunt
617 593 848 646 peccare
885 575 1013 628 boni
1050 572 1260 625 virtutis
1300 588 1515 634 amore3

336 681 411 732 Tu
450 678 577 731 nihil
618 678 866 731 admittes
905 676 958 727 in
996 683 1049 729 te
1087 674 1370 728 formidine
1411 691 1651 745 poenae:

336 782 415 835 Sit
453 797 578 851 spes
618 778 863 841 fallendi,
905 777 1160 831 miscebis
1201 793 1356 830 sacra
1393 775 1661 847 profanis;

332 885 462 935 Nam
502 882 569 936 de
610 881 751 935 mille
790 880 945 934 fabae
983 879 1177 933 modiis
1217 896 1342 932 cum
1381 877 1607 949 surripis
1646 895 1839 937 unum,

2024 876 2092 926 55

334 986 599 1037 Damnum
640 992 742 1046 est,
785 1001 892 1036 non
930 982 1160 1044 facinUS‚
1203 979 1331 1033 mihi
1371 988 1527 1051 pacto
1566 979 1741 1033 lenius
1782 978 1900 1031 isto.

373 1121 439 1159 54.
472 1125 510 1160 et
538 1119 740 1171 opertum]
774 1120 1021 1169 adopertum
1052 1116 1191 1158 Codd.
1217 1115 1318 1167 aliq.
1343 1117 1477 1164 Feae,
1512 1119 1557 1154 at
1576 1118 1765 1165 opertum
1783 1124 1899 1153 unus
1922 1112 2042 1152 eius-

321 1181 426 1222 dem
456 1184 500 1222 et
527 1183 698 1222 Veneta
729 1181 850 1221 4484.
887 1182 953 1230 (Ut
972 1191 1075 1227 nos,
1107 1179 1263 1229 bSEc.)
1301 1201 1344 1206 —-
1376 1178 1546 1217 miliuus
1575 1178 1630 1226 E,
1663 1176 1830 1215 milvius
1859 1175 1960 1215 LCt.
1990 1197 2031 1204 —

320 1247 423 1284 Post
451 1256 492 1283 v.
517 1245 583 1283 52.
609 1243 820 1283 Schmidii
853 1241 961 1282 Cod.
985 1241 1156 1293 primus
1176 1241 1330 1280 inserit
1348 1240 1491 1279 hunc:
1528 1239 1712 1278 Oderunt
1736 1248 1914 1287 peccare
1940 1237 2044 1276 mali

320 1306 543 1357 formidine
582 1316 755 1355 poenae.
794 1327 838 1332 -
872 1305 939 1344 55.
972 1303 1092 1354 cum]
1125 1303 1160 1341 si
1189 1313 1232 1354 p.
1269 1325 1313 1330 —-
1348 1301 1415 1341 56.
1452 1305 1579 1351 pacto
1607 1301 1709 1340 mihi
1743 1312 1768 1339 v
1800 1310 1929 1339 «cum
1958 1300 2046 1338 Ex-

323 1370 487 1420 cerptis
517 1369 561 1408 in
591 1366 865 1408 Bibliotheca
894 1365 1176 1414 Bodleiaua,»
1207 1365 1437 1417 probante·
1457 1363 1670 1405 Bentleio.
1724 1363 1814 1415 (Est
1845 1364 2046 1402 damnum

322 1432 450 1472 levius
480 1432 600 1480 mihi,
632 1442 716 1470 non
743 1430 912 1479 facinus
942 1432 1105 1468 tamen:
1140 1432 1222 1467 esto
1254 1438 1307 1466 ex
1334 1428 1546 1468 Accursio
1573 1428 1628 1476 L,
1662 1428 1877 1466 Damnum
1896 1428 1954 1465 est
1972 1424 2047 1464 hoc

271 1543 368 1588 ἀπὸ
406 1542 500 1587 τῶν
537 1548 715 1601 γονέων
755 1541 1156 1603 προσαγορευθῆ-

275 1625 365 1651 ναι.
399 1610 505 1651 Ρ1111.
531 1612 581 1651 H.
603 1612 652 1650 N.
674 1610 713 1659 3,
736 1611 802 1658 42,
825 1610 888 1649 47.
922 1609 1157 1660 Reperitur

271 1675 355 1714 hoc
392 1684 556 1713 nomen
598 1673 689 1713 fere
726 1671 844 1724 apud
879 1674 1060 1724 poetas,
1109 1672 1158 1710 ut

272 1738 389 1788 virg.
415 1738 489 1776 Ge.
515 1737 561 1785 ⁶2,
596 1737 694 1775 467:
737 1737 902 1776 Marsos
924 1734 1158 1784 pubemque

277 1800 499 1840 Sabellam.
533 1800 596 1838 De
620 1798 886 1838 Sabinorum
903 1799 1054 1837 autem
1073 1797 1157 1836 ho—

276 1862 542 1902 nestissimis
586 1860 786 1900 moribus
825 1871 878 1899 ac
912 1853 1158 1916 παῤῥησίᾳ,

274 1925 326 1965 cf.
352 1924 443 1964 Cic.
469 1923 525 1963 ad
547 1924 665 1962 Fam.
691 1924 763 1971 45,
793 1922 860 1971 ⁶20,
887 1922 948 1970 4.;
997 1921 1052 1961 de
1085 1933 1159 1961 eo-

271 1999 374 2028 rum
405 1986 563 2026 duritia
596 1988 639 2025 et
675 1985 929 2026 fortitudine
961 1984 1064 2025 vide
1101 1985 1157 2025 ad

276 2050 354 2090 Od.
380 2049 419 2098 3,
445 2050 483 2098 6,
507 2048 574 2088 38.

328 2111 475 2152 50-54.
525 2111 680 2150 Cautus
710 2110 812 2162 cet]
853 2109 990 2150 «Talis
1021 2110 1158 2149 homo

276 2177 399 2215 metu
430 2173 659 2213 dumtaxat
679 2183 876 2224 poenae,
912 2183 1000 2212 non
1021 2172 1159 2223 ipsius

275 2237 446 2276 virtutis
486 2246 662 2284 amore,
710 2237 894 2286 peccata
932 2236 1063 2283 vitat,
1113 2236 1161 2273 ut

276 2301 395 2340 serae
427 2301 560 2349 atque
591 2309 726 2346 aves,
758 2298 836 2337 ubi
867 2297 1007 2338 semel
1039 2309 1061 2337 e
1093 2296 1159 2336 fo-

276 2375 358 2403 vea
388 2362 616 2413 laqueisve
657 2371 705 2400 56
739 2361 1033 2409 extricarunt,
1083 2371 1160 2400 ex-

276 2425 491 2477 perientia
509 2424 694 2463 edoctae
713 2421 822 2463 tales
838 2422 1019 2462 insidias
1031 2424 1160 2462 caute

276 2488 433 2535 vitant,
466 2487 613 2537 pisces
645 2485 799 2525 itidem
830 2496 997 2534 6563111,
1024 2495 1159 2536 quam

280 2549 363 2589 sibi
393 2548 693 2599 perniciosam
725 2547 818 2587 fore
851 2548 1017 2595 sciunt,
1058 2547 1161 2598 quia

280 2611 362 2652 sub
395 2622 447 2650 ea
476 2609 582 2649 latet
620 2610 825 2649 hamus»
864 2633 910 2638 —
956 2609 1158 2661 opertum]

283 2684 413 2713 «esca
451 2671 776 2724 occultatum‚»
818 2673 866 2711 ut
895 2673 1004 2724 Epp.
1041 2672 1089 2722 4,
1118 2673 1159 2721 7,

282 2735 356 2775 74:
393 2735 684 2774 Occultum„
703 2734 887 2773 hamum.
916 2756 961 2762 -—
993 2733 1158 2786 miluus]

282 2798 414 2849 piscis
459 2807 596 2848 rapax
638 2808 691 2836 ex
721 2796 941 2836 doradum
981 2807 1160 2847 genere,

283 2871 371 2899 non
404 2860 606 2900 eiusdem
637 2861 828 2900 nominis
860 2861 975 2907 avis,
1009 2870 1165 2910 quam—

284 2934 420 2972 quam
450 2923 560 2962 Voss
589 2923 721 2962 vertit
750 2923 823 2962 der
845 2923 985 2971 Weih,
1019 2922 1100 2962 sed
1122 2924 1166 2961 et
1193 2909 1198 2921 ’

285 2985 396 3025 duas
419 2995 524 3024 aves
546 2996 799 3024 memorare
823 2983 927 3024 nihil
951 2984 1166 3024 attinebat

287 3058 431 3098 neque
453 3047 586 3086 hamo
603 3047 687 3086 hae
707 3048 955 3098 capiuntur.
980 3048 1044 3086 De
1066 3058 1167 3098 pro-

287 3110 555 3149 nuntiatione
589 3110 828 3160 antiquItus
859 3108 1086 3159 trisyllaba
1109 3109 1162 3149 cf.

288 3171 422 3223 Epod.
451 3172 523 3220 46,
550 3172 616 3211 32.
668 3172 977 3212 Lachmannus
1002 3172 1057 3211 ad
1079 3174 1167 3211 Lu-

288 3238 394 3274 6161.
430 3245 527 3285 pag.
563 3233 654 3273 379.
695 3254 736 3261 —
776 3234 834 3273 Tu
879 3233 980 3285 cet]
1022 3235 1167 3274 Gene-

286 3298 413 3337 ratim
445 3297 652 3337 dicuutur
681 3298 793 3336 11366
824 3297 969 3336 01111113
1000 3308 1070 3336 vv.
1091 3298 1167 3336 5⁶2-

289 3361 373 3403 56..
408 3362 454 3398 ut
483 3371 616 3411 saepe
649 3361 691 3399 in
718 3360 966 3400 Stoicorum
996 3357 1168 3416 διατρι-

287 3420 422 3471 βαῖς,
468 3433 557 3462 11011
599 3425 645 3462 ut
680 3421 735 3461 ad
767 3422 989 3470 Quintium
1021 3423 1167 3473 ipsum

292 3483 552 3524 referantur.
584 3485 809 3525 Transitus
830 3484 900 3524 hic
925 3486 1014 3524 est:
1045 3485 1170 3525 «Ode-

1218 1549 1318 1584 runt
1347 1567 1413 1573 --
1444 1555 1610 1591 amore‚·
1655 1544 1703 1583 tu
1747 1543 1926 1590 contra,
1972 1542 2099 1582 sicuti

1218 1607 1442 1659 plerique,
1490 1617 1663 1658 poenae
1695 1605 1926 1645 dumtaxat
1954 1603 2103 1644 formi-

1221 1671 1322 1710 dine
1369 1681 1394 1709 a
1434 1668 1606 1709 delictis
1642 1667 1723 1708 tibi
1752 1678 1900 1707 caves.
1957 1667 2101 1717 Atque

1220 1734 1475 1785 propterea,
1505 1733 1541 1772 si
1557 1730 1653 1771 talis
1670 1732 1806 1770 homo
1823 1730 1976 1781 speret
1989 1727 2104 1769 clam

1220 1795 1314 1835 fore
1346 1793 1640 1843 maleficium,
1676 1792 1885 1844 pessimis
1916 1790 2104 1843 quibus-

1222 1867 1309 1907 que
1354 1854 1626 1895 facinoribus
1671 1865 1719 1894 se
1762 1851 2103 1903 conscelerabit,

1222 1919 1357 1958 etiam
1377 1916 1653 1967 sacrilegio.»
1685 1917 1741 1957 M.
1765 1915 2011 1956 Antoninus
2033 1915 2102 1964 44,

1225 1981 1289 2021 48ῑ
1325 1978 1372 2020 εἴ
1384 1992 1525 2020 τινων
1545 1974 1911 2035 ἁμαρτημάτων
1927 1973 2102 2036 ἀπέχῃ,

1222 2037 1344 2083 ἀλλὰ
1374 2040 1463 2095 τήν
1492 2055 1545 2096 γε
1566 2037 1665 2093 ἕξιν
1685 2036 1942 2094 ποιητικὴν
1960 2034 2102 2091 ἔχεις,

1223 2108 1267 2146 εἰ
1306 2106 1388 2146 καὶ
1424 2103 1502 2145 διὰ
1541 2102 1718 2144 δειλίαν
1748 2098 1783 2156 ἢ
1812 2099 2106 2154 δοξοκοπίαν

1224 2164 1257 2222 ἢ
1301 2165 1496 2209 τοιοῦτό
1541 2180 1586 2207 τι
1628 2162 1782 2206 κακὸν
1820 2160 1980 2224 ἀπέχῃ
2012 2163 2106 2206 τῶν

1225 2227 1411 2285 ὁμοίων
1431 2226 1811 2289 ἁμαρτημάτων.
1838 2229 1918 2269 Η16
1938 2229 2103 2278 autem,

1224 2297 1301 2338 ubi
1340 2297 1520 2336 omnino
1560 2295 1758 2335 Stoicum
1788 2293 1899 2345 agit,
1943 2293 2108 2333 horum

1224 2361 1541 2412 praeceptum,
1578 2358 1761 2398 «omnia
1790 2357 1977 2409 peccata
2007 2366 2108 2396 esse

1226 2421 1428 2472 aequalia
1445 2454 1452 2472 ,
1469 2435 1488 2456 »
1521 2421 1643 2472 quod
1671 2420 1870 2461 irriserat
1888 2419 1977 2459 Sat.
2001 2419 2041 2467 4,
2065 2417 2104 2467 3,

1227 2484 1313 2531 96.,
1346 2484 1441 2535 ipse
1465 2494 1644 2535 quoque
1666 2494 1798 2524 suum
1819 2481 1935 2523 facit.
1962 2502 2009 2509 —
2031 2480 2110 2519 mi-

1225 2547 1352 2587 scebis
1379 2558 1505 2586 sacra
1520 2546 1727 2599 profanis]
1760 2544 1897 2586 Plaut.
1921 2544 2038 2584 Trin.
2061 2543 2104 2591 2,

1226 2612 1266 2660 2,
1291 2611 1337 2650 9:
1386 2611 1568 2650 Sacrum
1598 2609 1852 2660 profanum,
1893 2606 2109 2657 puplicum

1219 2674 1440 2724 privatum
1467 2672 1639 2721 habent,
1670 2671 1811 2710 hiulca
1837 2680 1950 2721 qens.
1996 2668 2109 2708 Con-

1227 2739 1294 2776 tra
1323 2739 1372 2776 A.
1406 2738 1451 2776 P.
1487 2735 1590 2774 396:
1638 2735 1734 2773 Fuit
1774 2734 1874 2773 haec
1901 2732 2109 2782 sapientia

1228 2799 1463 2848 quondam,
1496 2797 1666 2836 Publica
1678 2796 1863 2847 privatis
1880 2805 2106 2843 secernere,

1228 2872 1354 2900 saera
1375 2859 1586 2910 profanis.

1283 2924 1347 2962 55.
1374 2923 1440 2962 56.
1485 2921 1630 2973 unum]
1664 2920 1971 2971 Cuninghamii
2001 2930 2110 2959 con-

1230 2985 1400 3024 iectura
1430 2996 1561 3024 unam
1591 2982 1768 3035 (fabam)
1800 2993 1891 3023 non
1920 2983 2014 3021 tam
2042 2982 2111 3021 in-

1230 3047 1410 3098 geniosa
1442 3050 1510 3087 est
1540 3057 1677 3097 quam
1716 3046 1900 3097 propter
1927 3044 2110 3084 nimiam

1231 3110 1617 3160 exaggerationem
1666 3106 1864 3148 ridicula.
1924 3109 2111 3147 Prorsus

1231 3171 1398 3212 nullum
1443 3173 1563 3212 enim
1600 3170 1814 3211 damnum
1854 3169 1993 3209 estin
2024 3179 2110 3208 una

1232 3234 1331 3274 faba
1363 3245 1417 3274 ex
1446 3232 1565 3274 mille
1596 3232 1780 3280 modiis,
1813 3230 1894 3272 sed
1923 3230 2011 3269 iam
2042 3228 2111 3270 vel

1232 3298 1273 3336 in
1304 3308 1393 3336 uno
1425 3296 1574 3336 modio
1606 3296 1828 3347 surrepto.
1871 3294 1924 3333 Et
1947 3292 2025 3333 cfr.
2050 3291 2112 3332 lo-
2137 3297 2141 3300 ’

1234 3370 1335 3400 611111
1365 3359 1593 3410 Augustini
1625 3358 1679 3398 de
1711 3355 1916 3397 mendac.
1952 3355 2017 3403 42,
2042 3354 2107 3394 49.

1234 3422 1352 3474 apud
1387 3421 1687 3461 Schmidium:
1736 3420 1770 3459 si
1808 3420 1855 3458 de
1884 3418 2113 3457 innumeris

1235 3483 1396 3525 milibus
1438 3484 1739 3532 frumentorum
1785 3481 1951 3520 amittat
1981 3490 2112 3519 unum
