<?xml version="1.0" encoding="UTF-8"?>
<!DOCTYPE html PUBLIC "-//W3C//DTD XHTML 1.0 Transitional//EN"
    "http://www.w3.org/TR/xhtml1/DTD/xhtml1-transitional.dtd">
<html xmlns="http://www.w3.org/1999/xhtml" xml:lang="en" lang="en">
 <head>
  <title>
</title>
<meta http-equiv="Content-Type" content="text/html;charset=utf-8" />
  <meta name='ocr-system' content='tesseract 3.04.00' />
  <meta name='ocr-capabilities' content='ocr_page ocr_carea ocr_par ocr_line ocrx_word'/>
</head>
<body>
  <div class='ocr_page' id='page_1' title='image "./qhoratiusflaccus02horauoft_0177.png"; bbox 0 0 2231 3787; ppageno 0'>
   <div class='ocr_carea' id='block_1_1' title="bbox 845 296 1002 334">
    <p class='ocr_par' dir='ltr' id='par_1_1' title="bbox 845 296 1002 334">
     <span class='ocr_line' id='line_1_1' title="bbox 845 296 1002 334; baseline -0.006 0"><span class='ocrx_word' id='word_1_1' title='bbox 845 296 938 334; x_wconf 74' lang='lat' dir='ltr'>Liss.</span> <span class='ocrx_word' id='word_1_2' title='bbox 976 296 1002 333; x_wconf 88' lang='lat'>1.</span> 
     </span>
    </p>
   </div>
   <div class='ocr_carea' id='block_1_2' title="bbox 1066 295 1958 347">
    <p class='ocr_par' dir='ltr' id='par_1_2' title="bbox 1066 295 1958 347">
     <span class='ocr_line' id='line_1_2' title="bbox 1066 295 1958 347; baseline -0.002 -13"><span class='ocrx_word' id='word_1_3' title='bbox 1066 295 1177 334; x_wconf 49' lang='lat' dir='ltr'>sir.</span> <span class='ocrx_word' id='word_1_4' title='bbox 1215 296 1280 334; x_wconf 77' lang='lat' dir='ltr'>ix.</span> <span class='ocrx_word' id='word_1_5' title='bbox 1876 295 1958 347; x_wconf 67' lang='lat'>151</span> 
     </span>
    </p>
   </div>
   <div class='ocr_carea' id='block_1_3' title="bbox 224 423 1747 495">
    <p class='ocr_par' dir='ltr' id='par_1_3' title="bbox 224 423 1747 495">
     <span class='ocr_line' id='line_1_3' title="bbox 224 423 1747 495; baseline -0.001 -17"><span class='ocrx_word' id='word_1_6' title='bbox 224 427 484 495; x_wconf 75' lang='lat' dir='ltr'>Tempore</span> <span class='ocrx_word' id='word_1_7' title='bbox 525 424 723 488; x_wconf 73' lang='lat' dir='ltr'>dicam,</span> <span class='ocrx_word' id='word_1_8' title='bbox 765 423 926 477; x_wconf 84' lang='lat' dir='ltr'>hodie</span> <span class='ocrx_word' id='word_1_9' title='bbox 969 425 1238 478; x_wconf 78' lang='lat' dir='ltr'>tricesima</span> <span class='ocrx_word' id='word_1_10' title='bbox 1277 425 1525 478; x_wconf 79' lang='lat' dir='ltr'>sabbata:</span> <span class='ocrx_word' id='word_1_11' title='bbox 1571 427 1655 477; x_wconf 79' lang='lat' dir='ltr'>vin</span> <span class='ocrx_word' id='word_1_12' title='bbox 1695 436 1747 477; x_wconf 87' lang='lat' dir='ltr'>tu</span> 
     </span>
    </p>
   </div>
   <div class='ocr_carea' id='block_1_4' title="bbox 224 525 1970 597">
    <p class='ocr_par' dir='ltr' id='par_1_4' title="bbox 224 525 1970 597">
     <span class='ocr_line' id='line_1_4' title="bbox 224 525 1970 597; baseline 0 -18"><span class='ocrx_word' id='word_1_13' title='bbox 224 526 399 579; x_wconf 76' lang='lat' dir='ltr'>Curiis</span> <span class='ocrx_word' id='word_1_14' title='bbox 441 526 654 579; x_wconf 84' lang='lat' dir='ltr'>Iudaeis</span> <span class='ocrx_word' id='word_1_15' title='bbox 693 525 1011 597; x_wconf 78' lang='lat' dir='ltr'>oppedere&#39;?</span> <span class='ocrx_word' id='word_1_16' title='bbox 1056 525 1209 578; x_wconf 80' lang='lat' dir='ltr'>Nulla</span> <span class='ocrx_word' id='word_1_17' title='bbox 1249 525 1399 588; x_wconf 81' lang='lat' dir='ltr'>inihi,</span> <span class='ocrx_word' id='word_1_18' title='bbox 1441 526 1685 597; x_wconf 82' lang='lat' dir='ltr'>inquam,</span> <span class='ocrx_word' id='word_1_19' title='bbox 1906 529 1970 579; x_wconf 79' lang='lat'>70</span> 
     </span>
    </p>
   </div>
   <div class='ocr_carea' id='block_1_5' title="bbox 226 626 561 698">
    <p class='ocr_par' dir='ltr' id='par_1_5' title="bbox 226 626 561 698">
     <span class='ocr_line' id='line_1_5' title="bbox 226 626 561 698; baseline -0.009 -17"><span class='ocrx_word' id='word_1_20' title='bbox 226 626 427 698; x_wconf 78' lang='lat' dir='ltr'>Religio</span> <span class='ocrx_word' id='word_1_21' title='bbox 467 636 561 680; x_wconf 88' lang='lat' dir='ltr'>est.</span> 
     </span>
    </p>
   </div>
   <div class='ocr_carea' id='block_1_6' title="bbox 639 626 1698 698">
    <p class='ocr_par' dir='ltr' id='par_1_6' title="bbox 639 626 1698 698">
     <span class='ocr_line' id='line_1_6' title="bbox 639 626 1698 698; baseline 0 -19"><span class='ocrx_word' id='word_1_22' title='bbox 639 629 701 680; x_wconf 76' lang='lat' dir='ltr'>At</span> <span class='ocrx_word' id='word_1_23' title='bbox 739 627 835 692; x_wconf 75' lang='lat' dir='ltr'>ini,</span> <span class='ocrx_word' id='word_1_24' title='bbox 877 645 996 679; x_wconf 90' lang='lat' dir='ltr'>sum</span> <span class='ocrx_word' id='word_1_25' title='bbox 1034 627 1194 698; x_wconf 83' lang='lat' dir='ltr'>paulo</span> <span class='ocrx_word' id='word_1_26' title='bbox 1236 626 1516 686; x_wconf 81' lang='lat' dir='ltr'>infirmior,</span> <span class='ocrx_word' id='word_1_27' title='bbox 1560 646 1698 679; x_wconf 83' lang='lat' dir='ltr'>unus</span> 
     </span>
    </p>
   </div>
   <div class='ocr_carea' id='block_1_7' title="bbox 204 793 1919 907">
    <p class='ocr_par' dir='ltr' id='par_1_7' title="bbox 204 793 1919 907">
     <span class='ocr_line' id='line_1_7' title="bbox 263 793 1919 845; baseline 0.001 -13"><span class='ocrx_word' id='word_1_28' title='bbox 263 795 328 833; x_wconf 73' lang='lat'>⁴59.</span> <span class='ocrx_word' id='word_1_29' title='bbox 360 795 423 833; x_wconf 74' lang='lat' dir='ltr'>vis</span> <span class='ocrx_word' id='word_1_30' title='bbox 453 798 497 833; x_wconf 82' lang='lat' dir='ltr'>tu</span> <span class='ocrx_word' id='word_1_31' title='bbox 527 793 749 834; x_wconf 84' lang='lat' dir='ltr'>Bentleins</span> <span class='ocrx_word' id='word_1_32' title='bbox 781 795 894 833; x_wconf 81' lang='lat' dir='ltr'>coni.</span> <span class='ocrx_word' id='word_1_33' title='bbox 931 794 1104 834; x_wconf 80' lang='lat' dir='ltr'>firmata</span> <span class='ocrx_word' id='word_1_34' title='bbox 1137 796 1290 845; x_wconf 70' lang='lat' dir='ltr'>postea</span> <span class='ocrx_word' id='word_1_35' title='bbox 1323 793 1378 832; x_wconf 79' lang='lat' dir='ltr'>ab</span> <span class='ocrx_word' id='word_1_36' title='bbox 1411 805 1498 833; x_wconf 89' lang='lat' dir='ltr'>uno</span> <span class='ocrx_word' id='word_1_37' title='bbox 1530 795 1640 833; x_wconf 75' lang='lat' dir='ltr'>Feae</span> <span class='ocrx_word' id='word_1_38' title='bbox 1679 794 1721 832; x_wconf 82' lang='lat' dir='ltr'>et</span> <span class='ocrx_word' id='word_1_39' title='bbox 1754 794 1919 834; x_wconf 73' lang='lat' dir='ltr'>Boi-oli-</span> 
     </span>
     <span class='ocr_line' id='line_1_8' title="bbox 204 855 1243 907; baseline 0 -13"><span class='ocrx_word' id='word_1_40' title='bbox 204 856 342 895; x_wconf 88' lang='lat' dir='ltr'>nensi.</span> <span class='ocrx_word' id='word_1_41' title='bbox 380 856 445 906; x_wconf 91' lang='lat' dir='ltr'>(Ut</span> <span class='ocrx_word' id='word_1_42' title='bbox 475 867 582 904; x_wconf 91' lang='lat' dir='ltr'>nos,</span> <span class='ocrx_word' id='word_1_43' title='bbox 617 855 733 907; x_wconf 86' lang='lat' dir='ltr'>bScp</span> <span class='ocrx_word' id='word_1_44' title='bbox 766 859 809 895; x_wconf 80' lang='lat' dir='ltr'>et</span> <span class='ocrx_word' id='word_1_45' title='bbox 840 856 980 896; x_wconf 75' lang='lat' dir='ltr'>Codil.</span> <span class='ocrx_word' id='word_1_46' title='bbox 1017 857 1243 905; x_wconf 79' lang='lat' dir='ltr'>Pottierii.)</span> 
     </span>
    </p>
   </div>
   <div class='ocr_carea' id='block_1_8' title="bbox 151 977 1047 3563">
    <p class='ocr_par' dir='ltr' id='par_1_8' title="bbox 151 977 1047 3563">
     <span class='ocr_line' id='line_1_9' title="bbox 152 977 1026 1031; baseline -0.002 -12"><span class='ocrx_word' id='word_1_47' title='bbox 152 977 372 1030; x_wconf 74' lang='lat' dir='ltr'>scaligero</span> <span class='ocrx_word' id='word_1_48' title='bbox 404 979 459 1019; x_wconf 89' lang='lat' dir='ltr'>de</span> <span class='ocrx_word' id='word_1_49' title='bbox 498 979 684 1020; x_wconf 85' lang='lat' dir='ltr'>Emend.</span> <span class='ocrx_word' id='word_1_50' title='bbox 717 981 870 1031; x_wconf 82' lang='lat' dir='ltr'>Teinp.</span> <span class='ocrx_word' id='word_1_51' title='bbox 909 979 947 1018; x_wconf 88' lang='lat'>3.</span> <span class='ocrx_word' id='word_1_52' title='bbox 985 991 1026 1030; x_wconf 84' lang='lat' dir='ltr'>p.</span> 
     </span>
     <span class='ocr_line' id='line_1_10' title="bbox 152 1040 1031 1092; baseline 0 -11"><span class='ocrx_word' id='word_1_53' title='bbox 152 1041 245 1081; x_wconf 80' lang='lat'>307.</span> <span class='ocrx_word' id='word_1_54' title='bbox 280 1040 535 1092; x_wconf 78' lang='lat' dir='ltr'>intelligenti</span> <span class='ocrx_word' id='word_1_55' title='bbox 565 1042 840 1081; x_wconf 81' lang='lat' dir='ltr'>tricesimum</span> <span class='ocrx_word' id='word_1_56' title='bbox 863 1042 1031 1081; x_wconf 86' lang='lat' dir='ltr'>mensis</span> 
     </span>
     <span class='ocr_line' id='line_1_11' title="bbox 152 1102 1032 1155; baseline 0.001 -14"><span class='ocrx_word' id='word_1_57' title='bbox 152 1102 316 1143; x_wconf 85' lang='lat' dir='ltr'>lunaris</span> <span class='ocrx_word' id='word_1_58' title='bbox 339 1104 481 1152; x_wconf 89' lang='lat' dir='ltr'>diem,</span> <span class='ocrx_word' id='word_1_59' title='bbox 517 1115 569 1144; x_wconf 83' lang='lat' dir='ltr'>ex</span> <span class='ocrx_word' id='word_1_60' title='bbox 601 1107 724 1155; x_wconf 87' lang='lat' dir='ltr'>parte</span> <span class='ocrx_word' id='word_1_61' title='bbox 748 1106 868 1143; x_wconf 82' lang='lat' dir='ltr'>certe</span> <span class='ocrx_word' id='word_1_62' title='bbox 902 1104 1032 1143; x_wconf 81' lang='lat' dir='ltr'>feria-</span> 
     </span>
     <span class='ocr_line' id='line_1_12' title="bbox 154 1165 1029 1205; baseline 0 -2"><span class='ocrx_word' id='word_1_63' title='bbox 154 1168 247 1205; x_wconf 86' lang='lat' dir='ltr'>tum</span> <span class='ocrx_word' id='word_1_64' title='bbox 288 1168 331 1205; x_wconf 90' lang='lat' dir='ltr'>et</span> <span class='ocrx_word' id='word_1_65' title='bbox 362 1165 528 1205; x_wconf 87' lang='lat' dir='ltr'>cultum</span> <span class='ocrx_word' id='word_1_66' title='bbox 566 1165 754 1205; x_wconf 85' lang='lat' dir='ltr'>ludaeis.</span> <span class='ocrx_word' id='word_1_67' title='bbox 815 1165 1029 1205; x_wconf 80' lang='lat' dir='ltr'>Addenda</span> 
     </span>
     <span class='ocr_line' id='line_1_13' title="bbox 154 1226 1033 1267; baseline -0.001 -1"><span class='ocrx_word' id='word_1_68' title='bbox 154 1229 220 1266; x_wconf 85' lang='lat' dir='ltr'>est</span> <span class='ocrx_word' id='word_1_69' title='bbox 250 1228 384 1266; x_wconf 85' lang='lat' dir='ltr'>etiam</span> <span class='ocrx_word' id='word_1_70' title='bbox 414 1226 571 1267; x_wconf 85' lang='lat' dir='ltr'>ldeleri</span> <span class='ocrx_word' id='word_1_71' title='bbox 602 1227 819 1267; x_wconf 87' lang='lat' dir='ltr'>sententia</span> <span class='ocrx_word' id='word_1_72' title='bbox 853 1227 1033 1267; x_wconf 85' lang='lat' dir='ltr'>Chrono-</span> 
     </span>
     <span class='ocr_line' id='line_1_14' title="bbox 152 1289 1033 1340; baseline 0.001 -13"><span class='ocrx_word' id='word_1_73' title='bbox 152 1289 259 1339; x_wconf 71' lang='lat' dir='ltr'>loqie</span> <span class='ocrx_word' id='word_1_74' title='bbox 285 1290 335 1328; x_wconf 92' lang='lat' dir='ltr'>II.</span> <span class='ocrx_word' id='word_1_75' title='bbox 370 1300 413 1340; x_wconf 91' lang='lat' dir='ltr'>p.</span> <span class='ocrx_word' id='word_1_76' title='bbox 441 1289 540 1328; x_wconf 73' lang='lat'>475:</span> <span class='ocrx_word' id='word_1_77' title='bbox 573 1289 797 1328; x_wconf 82' lang='lat' dir='ltr'>Hierunter</span> <span class='ocrx_word' id='word_1_78' title='bbox 826 1300 937 1328; x_wconf 83' lang='lat' dir='ltr'>muss</span> <span class='ocrx_word' id='word_1_79' title='bbox 957 1291 1033 1328; x_wconf 87' lang='lat' dir='ltr'>das</span> 
     </span>
     <span class='ocr_line' id='line_1_15' title="bbox 151 1351 1028 1402; baseline 0 -12"><span class='ocrx_word' id='word_1_80' title='bbox 151 1351 465 1402; x_wconf 77' lang='lat' dir='ltr'>Neumondsfest</span> <span class='ocrx_word' id='word_1_81' title='bbox 504 1374 547 1378; x_wconf 97' lang='lat'><strong>—</strong></span> <span class='ocrx_word' id='word_1_82' title='bbox 588 1351 708 1390; x_wconf 81' lang='lat' dir='ltr'>rosch</span> <span class='ocrx_word' id='word_1_83' title='bbox 749 1351 943 1391; x_wconf 82' lang='lat' dir='ltr'>chodesch</span> <span class='ocrx_word' id='word_1_84' title='bbox 984 1374 1028 1379; x_wconf 89' lang='lat'>—</span> 
     </span>
     <span class='ocr_line' id='line_1_16' title="bbox 155 1413 1032 1462; baseline 0.001 -11"><span class='ocrx_word' id='word_1_85' title='bbox 155 1414 227 1452; x_wconf 86' lang='lat' dir='ltr'>der</span> <span class='ocrx_word' id='word_1_86' title='bbox 255 1413 402 1462; x_wconf 84' lang='lat' dir='ltr'>Iuden,</span> <span class='ocrx_word' id='word_1_87' title='bbox 436 1414 510 1452; x_wconf 84' lang='lat' dir='ltr'>das</span> <span class='ocrx_word' id='word_1_88' title='bbox 539 1413 582 1452; x_wconf 45' lang='lat' dir='ltr'>*in</span> <span class='ocrx_word' id='word_1_89' title='bbox 612 1414 689 1452; x_wconf 83' lang='lat' dir='ltr'>den</span> <span class='ocrx_word' id='word_1_90' title='bbox 716 1413 850 1453; x_wconf 81' lang='lat' dir='ltr'>vollen</span> <span class='ocrx_word' id='word_1_91' title='bbox 878 1415 1032 1453; x_wconf 87' lang='lat' dir='ltr'>Mona-</span> 
     </span>
     <span class='ocr_line' id='line_1_17' title="bbox 152 1475 1033 1527; baseline 0.002 -14"><span class='ocrx_word' id='word_1_92' title='bbox 152 1479 218 1514; x_wconf 86' lang='lat' dir='ltr'>ten</span> <span class='ocrx_word' id='word_1_93' title='bbox 237 1475 312 1514; x_wconf 83' lang='lat' dir='ltr'>mit</span> <span class='ocrx_word' id='word_1_94' title='bbox 331 1476 422 1514; x_wconf 87' lang='lat' dir='ltr'>dem</span> <span class='ocrx_word' id='word_1_95' title='bbox 442 1475 702 1526; x_wconf 69' lang='lat' dir='ltr'>dreissiqsten</span> <span class='ocrx_word' id='word_1_96' title='bbox 722 1476 914 1527; x_wconf 73' lang='lat' dir='ltr'>aiifan9t‚</span> <span class='ocrx_word' id='word_1_97' title='bbox 935 1487 1033 1515; x_wconf 78' lang='lat' dir='ltr'>ver-</span> 
     </span>
     <span class='ocr_line' id='line_1_18' title="bbox 151 1537 1031 1577; baseline 0 -1"><span class='ocrx_word' id='word_1_98' title='bbox 151 1538 323 1577; x_wconf 84' lang='lat' dir='ltr'>standen</span> <span class='ocrx_word' id='word_1_99' title='bbox 351 1538 531 1577; x_wconf 78' lang='lat' dir='ltr'><strong><em>werden.</em></strong></span> <span class='ocrx_word' id='word_1_100' title='bbox 584 1537 670 1577; x_wconf 88' lang='lat' dir='ltr'>Sed</span> <span class='ocrx_word' id='word_1_101' title='bbox 698 1538 890 1577; x_wconf 78' lang='lat' dir='ltr'>maxime</span> <span class='ocrx_word' id='word_1_102' title='bbox 915 1549 1031 1577; x_wconf 88' lang='lat' dir='ltr'>nunc</span> 
     </span>
     <span class='ocr_line' id='line_1_19' title="bbox 155 1599 1030 1640; baseline 0 -2"><span class='ocrx_word' id='word_1_103' title='bbox 155 1599 320 1639; x_wconf 80' lang='lat' dir='ltr'>arridet</span> <span class='ocrx_word' id='word_1_104' title='bbox 390 1600 749 1639; x_wconf 86' lang='lat' dir='ltr'>Bretschneideri</span> <span class='ocrx_word' id='word_1_105' title='bbox 812 1600 1030 1640; x_wconf 85' lang='lat' dir='ltr'>sententia</span> 
     </span>
     <span class='ocr_line' id='line_1_20' title="bbox 156 1658 1034 1713; baseline 0.001 -13"><span class='ocrx_word' id='word_1_106' title='bbox 156 1661 274 1713; x_wconf 81' lang='lat' dir='ltr'>apud</span> <span class='ocrx_word' id='word_1_107' title='bbox 303 1663 699 1702; x_wconf 83' lang='lat' dir='ltr'>Wiistemannum:</span> <span class='ocrx_word' id='word_1_108' title='bbox 734 1658 816 1702; x_wconf 72' lang='lat' dir='ltr'>«⁸Es</span> <span class='ocrx_word' id='word_1_109' title='bbox 845 1663 1034 1702; x_wconf 60' lang='lat' dir='ltr'>existirte</span> 
     </span>
     <span class='ocr_line' id='line_1_21' title="bbox 155 1725 1036 1764; baseline 0.002 -2"><span class='ocrx_word' id='word_1_110' title='bbox 155 1725 220 1764; x_wconf 84' lang='lat' dir='ltr'>nie</span> <span class='ocrx_word' id='word_1_111' title='bbox 247 1727 312 1764; x_wconf 83' lang='lat' dir='ltr'>ein</span> <span class='ocrx_word' id='word_1_112' title='bbox 341 1725 492 1763; x_wconf 80' lang='lat' dir='ltr'>sotches</span> <span class='ocrx_word' id='word_1_113' title='bbox 520 1725 625 1763; x_wconf 85' lang='lat' dir='ltr'>Fest.</span> <span class='ocrx_word' id='word_1_114' title='bbox 658 1747 681 1753; x_wconf 95' lang='lat'><em>-</em></span> <span class='ocrx_word' id='word_1_115' title='bbox 710 1746 734 1752; x_wconf 95' lang='lat'><em>—</em></span> <span class='ocrx_word' id='word_1_116' title='bbox 763 1726 831 1764; x_wconf 83' lang='lat' dir='ltr'>Ich</span> <span class='ocrx_word' id='word_1_117' title='bbox 862 1725 929 1764; x_wconf 88' lang='lat' dir='ltr'>bin</span> <span class='ocrx_word' id='word_1_118' title='bbox 958 1726 1036 1764; x_wconf 88' lang='lat' dir='ltr'>da-</span> 
     </span>
     <span class='ocr_line' id='line_1_22' title="bbox 153 1787 1032 1837; baseline 0.001 -11"><span class='ocrx_word' id='word_1_119' title='bbox 153 1788 225 1826; x_wconf 85' lang='lat' dir='ltr'>her</span> <span class='ocrx_word' id='word_1_120' title='bbox 245 1787 318 1826; x_wconf 87' lang='lat' dir='ltr'>der</span> <span class='ocrx_word' id='word_1_121' title='bbox 345 1787 564 1837; x_wconf 66' lang='lat' dir='ltr'>Meinunq,</span> <span class='ocrx_word' id='word_1_122' title='bbox 598 1787 822 1826; x_wconf 81' lang='lat' dir='ltr'>tricesima</span> <span class='ocrx_word' id='word_1_123' title='bbox 844 1787 1032 1827; x_wconf 86' lang='lat' dir='ltr'>sabbata</span> 
     </span>
     <span class='ocr_line' id='line_1_23' title="bbox 153 1850 1035 1900; baseline 0.001 -12"><span class='ocrx_word' id='word_1_124' title='bbox 153 1850 210 1888; x_wconf 88' lang='lat' dir='ltr'>sei</span> <span class='ocrx_word' id='word_1_125' title='bbox 247 1850 313 1888; x_wconf 86' lang='lat' dir='ltr'>ein</span> <span class='ocrx_word' id='word_1_126' title='bbox 348 1850 541 1900; x_wconf 71' lang='lat' dir='ltr'>finyirter</span> <span class='ocrx_word' id='word_1_127' title='bbox 569 1850 726 1898; x_wconf 75' lang='lat' dir='ltr'>Name,</span> <span class='ocrx_word' id='word_1_128' title='bbox 770 1850 1035 1889; x_wconf 72' lang='lat' dir='ltr'>sclierzweise</span> 
     </span>
     <span class='ocr_line' id='line_1_24' title="bbox 154 1911 1036 1962; baseline -0.001 -11"><span class='ocrx_word' id='word_1_129' title='bbox 154 1911 373 1962; x_wconf 84' lang='lat' dir='ltr'>erfunden,</span> <span class='ocrx_word' id='word_1_130' title='bbox 406 1912 491 1950; x_wconf 51' lang='lat' dir='ltr'>¹und</span> <span class='ocrx_word' id='word_1_131' title='bbox 519 1911 616 1951; x_wconf 84' lang='lat' dir='ltr'>solie</span> <span class='ocrx_word' id='word_1_132' title='bbox 643 1922 726 1962; x_wconf 70' lang='lat' dir='ltr'>yar</span> <span class='ocrx_word' id='word_1_133' title='bbox 753 1912 846 1951; x_wconf 76' lang='lat' dir='ltr'>kein</span> <span class='ocrx_word' id='word_1_134' title='bbox 877 1912 938 1951; x_wconf 86' lang='lat' dir='ltr'>bei</span> <span class='ocrx_word' id='word_1_135' title='bbox 959 1913 1036 1950; x_wconf 89' lang='lat' dir='ltr'>den</span> 
     </span>
     <span class='ocr_line' id='line_1_25' title="bbox 152 1974 1037 2025; baseline 0.001 -13"><span class='ocrx_word' id='word_1_136' title='bbox 152 1974 279 2013; x_wconf 85' lang='lat' dir='ltr'>Iuden</span> <span class='ocrx_word' id='word_1_137' title='bbox 299 1974 569 2013; x_wconf 60' lang='lat' dir='ltr'>eristirendes</span> <span class='ocrx_word' id='word_1_138' title='bbox 586 1974 679 2013; x_wconf 82' lang='lat' dir='ltr'>Fest</span> <span class='ocrx_word' id='word_1_139' title='bbox 698 1974 913 2025; x_wconf 69' lang='lat' dir='ltr'>anzeiqen.</span> <span class='ocrx_word' id='word_1_140' title='bbox 947 1975 1037 2013; x_wconf 50' lang='lat' dir='ltr'>Duff</span> 
     </span>
     <span class='ocr_line' id='line_1_26' title="bbox 155 2035 1036 2076; baseline -0.001 -1"><span class='ocrx_word' id='word_1_141' title='bbox 155 2035 285 2075; x_wconf 84' lang='lat' dir='ltr'><em>durch</em></span> <span class='ocrx_word' id='word_1_142' title='bbox 319 2036 428 2074; x_wconf 79' lang='lat' dir='ltr'>wird</span> <span class='ocrx_word' id='word_1_143' title='bbox 467 2036 531 2075; x_wconf 86' lang='lat' dir='ltr'>die</span> <span class='ocrx_word' id='word_1_144' title='bbox 568 2035 801 2076; x_wconf 75' lang='lat' dir='ltr'>Schalklzeit</span> <span class='ocrx_word' id='word_1_145' title='bbox 836 2037 903 2075; x_wconf 88' lang='lat' dir='ltr'>des</span> <span class='ocrx_word' id='word_1_146' title='bbox 935 2036 1036 2074; x_wconf 82' lang='lat' dir='ltr'>Ari-</span> 
     </span>
     <span class='ocr_line' id='line_1_27' title="bbox 154 2098 1037 2148; baseline 0 -12"><span class='ocrx_word' id='word_1_147' title='bbox 154 2098 255 2137; x_wconf 85' lang='lat' dir='ltr'>stius</span> <span class='ocrx_word' id='word_1_148' title='bbox 295 2109 378 2137; x_wconf 83' lang='lat' dir='ltr'>nur</span> <span class='ocrx_word' id='word_1_149' title='bbox 417 2109 489 2136; x_wconf 85' lang='lat' dir='ltr'>um</span> <span class='ocrx_word' id='word_1_150' title='bbox 531 2109 574 2137; x_wconf 91' lang='lat' dir='ltr'>so</span> <span class='ocrx_word' id='word_1_151' title='bbox 616 2098 838 2148; x_wconf 79' lang='lat' dir='ltr'>boshafter.</span> <span class='ocrx_word' id='word_1_152' title='bbox 912 2099 1037 2137; x_wconf 87' lang='lat' dir='ltr'>Unter</span> 
     </span>
     <span class='ocr_line' id='line_1_28' title="bbox 156 2160 1033 2211; baseline 0.001 -13"><span class='ocrx_word' id='word_1_153' title='bbox 156 2160 247 2198; x_wconf 86' lang='lat' dir='ltr'>dem</span> <span class='ocrx_word' id='word_1_154' title='bbox 279 2160 487 2199; x_wconf 82' lang='lat' dir='ltr'>Vorwand</span> <span class='ocrx_word' id='word_1_155' title='bbox 516 2161 624 2200; x_wconf 87' lang='lat' dir='ltr'>eines</span> <span class='ocrx_word' id='word_1_156' title='bbox 641 2161 859 2211; x_wconf 70' lang='lat' dir='ltr'>wichtiyen</span> <span class='ocrx_word' id='word_1_157' title='bbox 884 2161 1033 2209; x_wconf 73' lang='lat' dir='ltr'>Festos,</span> 
     </span>
     <span class='ocr_line' id='line_1_29' title="bbox 158 2223 1037 2273; baseline 0.001 -13"><span class='ocrx_word' id='word_1_158' title='bbox 158 2223 234 2260; x_wconf 90' lang='lat' dir='ltr'>das</span> <span class='ocrx_word' id='word_1_159' title='bbox 261 2232 343 2273; x_wconf 75' lang='lat' dir='ltr'>yar</span> <span class='ocrx_word' id='word_1_160' title='bbox 370 2223 481 2261; x_wconf 81' lang='lat' dir='ltr'>nicht</span> <span class='ocrx_word' id='word_1_161' title='bbox 510 2223 694 2271; x_wconf 64' lang='lat' dir='ltr'>eaeistirt,</span> <span class='ocrx_word' id='word_1_162' title='bbox 727 2223 857 2262; x_wconf 78' lang='lat' dir='ltr'>schc&#39;iit</span> <span class='ocrx_word' id='word_1_163' title='bbox 877 2234 923 2261; x_wconf 85' lang='lat' dir='ltr'>er</span> <span class='ocrx_word' id='word_1_164' title='bbox 953 2223 1037 2261; x_wconf 83' lang='lat' dir='ltr'>sich</span> 
     </span>
     <span class='ocr_line' id='line_1_30' title="bbox 158 2283 1037 2325; baseline 0.002 -4"><span class='ocrx_word' id='word_1_165' title='bbox 158 2283 259 2322; x_wconf 87' lang='lat' dir='ltr'>los.»</span> <span class='ocrx_word' id='word_1_166' title='bbox 299 2283 798 2325; x_wconf 79' lang='lat' dir='ltr'>SimiliterDiintzerus:</span> <span class='ocrx_word' id='word_1_167' title='bbox 835 2285 1037 2323; x_wconf 74' lang='lat' dir='ltr'>«Aristius</span> 
     </span>
     <span class='ocr_line' id='line_1_31' title="bbox 156 2345 1039 2396; baseline 0.001 -13"><span class='ocrx_word' id='word_1_168' title='bbox 156 2345 244 2383; x_wconf 84' lang='lat' dir='ltr'>will</span> <span class='ocrx_word' id='word_1_169' title='bbox 263 2345 347 2383; x_wconf 87' lang='lat' dir='ltr'>sich</span> <span class='ocrx_word' id='word_1_170' title='bbox 368 2357 450 2384; x_wconf 87' lang='lat' dir='ltr'>nur</span> <span class='ocrx_word' id='word_1_171' title='bbox 469 2346 544 2385; x_wconf 79' lang='lat' dir='ltr'>den</span> <span class='ocrx_word' id='word_1_172' title='bbox 564 2346 763 2385; x_wconf 80' lang='lat' dir='ltr'>Anschein</span> <span class='ocrx_word' id='word_1_173' title='bbox 782 2346 891 2385; x_wconf 85' lang='lat' dir='ltr'>eines</span> <span class='ocrx_word' id='word_1_174' title='bbox 908 2346 1039 2396; x_wconf 79' lang='lat' dir='ltr'>from—</span> 
     </span>
     <span class='ocr_line' id='line_1_32' title="bbox 157 2407 1039 2459; baseline 0 -14"><span class='ocrx_word' id='word_1_175' title='bbox 157 2418 250 2446; x_wconf 83' lang='lat' dir='ltr'>men</span> <span class='ocrx_word' id='word_1_176' title='bbox 288 2407 415 2447; x_wconf 87' lang='lat' dir='ltr'>Iuden</span> <span class='ocrx_word' id='word_1_177' title='bbox 447 2407 572 2459; x_wconf 69' lang='lat' dir='ltr'>yeben</span> <span class='ocrx_word' id='word_1_178' title='bbox 607 2409 715 2456; x_wconf 80' lang='lat' dir='ltr'>und,</span> <span class='ocrx_word' id='word_1_179' title='bbox 763 2409 818 2446; x_wconf 78' lang='lat' dir='ltr'>(Ia</span> <span class='ocrx_word' id='word_1_180' title='bbox 854 2419 900 2447; x_wconf 87' lang='lat' dir='ltr'>er</span> <span class='ocrx_word' id='word_1_181' title='bbox 928 2408 1039 2446; x_wconf 75' lang='lat' dir='ltr'>nicht</span> 
     </span>
     <span class='ocr_line' id='line_1_33' title="bbox 158 2469 1038 2520; baseline 0.001 -12"><span class='ocrx_word' id='word_1_182' title='bbox 158 2480 213 2508; x_wconf 78' lang='lat' dir='ltr'>zu</span> <span class='ocrx_word' id='word_1_183' title='bbox 240 2469 429 2520; x_wconf 82' lang='lat' dir='ltr'>fiirchten</span> <span class='ocrx_word' id='word_1_184' title='bbox 459 2469 654 2517; x_wconf 83' lang='lat' dir='ltr'>braucht,</span> <span class='ocrx_word' id='word_1_185' title='bbox 686 2481 787 2509; x_wconf 81' lang='lat' dir='ltr'>man</span> <span class='ocrx_word' id='word_1_186' title='bbox 813 2471 949 2510; x_wconf 84' lang='lat' dir='ltr'>werde</span> <span class='ocrx_word' id='word_1_187' title='bbox 970 2470 1038 2509; x_wconf 84' lang='lat' dir='ltr'>ihn</span> 
     </span>
     <span class='ocr_line' id='line_1_34' title="bbox 158 2532 1038 2581; baseline 0.001 -11"><span class='ocrx_word' id='word_1_188' title='bbox 158 2532 267 2571; x_wconf 84' lang='lat' dir='ltr'>eines</span> <span class='ocrx_word' id='word_1_189' title='bbox 294 2532 498 2571; x_wconf 85' lang='lat' dir='ltr'>Irrthums</span> <span class='ocrx_word' id='word_1_190' title='bbox 525 2533 667 2572; x_wconf 70' lang='lat' dir='ltr'>zethen</span> <span class='ocrx_word' id='word_1_191' title='bbox 695 2533 880 2581; x_wconf 74' lang='lat' dir='ltr'>konnen,</span> <span class='ocrx_word' id='word_1_192' title='bbox 912 2536 1038 2572; x_wconf 80' lang='lat' dir='ltr'>nennt</span> 
     </span>
     <span class='ocr_line' id='line_1_35' title="bbox 160 2593 1037 2646; baseline 0 -12"><span class='ocrx_word' id='word_1_193' title='bbox 160 2604 206 2634; x_wconf 87' lang='lat' dir='ltr'>er</span> <span class='ocrx_word' id='word_1_194' title='bbox 234 2593 316 2643; x_wconf 81' lang='lat' dir='ltr'>auf</span> <span class='ocrx_word' id='word_1_195' title='bbox 335 2598 410 2644; x_wconf 66' lang='lat' dir='ltr'>qut</span> <span class='ocrx_word' id='word_1_196' title='bbox 439 2595 570 2634; x_wconf 78' lang='lat' dir='ltr'>Giiick</span> <span class='ocrx_word' id='word_1_197' title='bbox 599 2596 676 2635; x_wconf 89' lang='lat' dir='ltr'>den</span> <span class='ocrx_word' id='word_1_198' title='bbox 705 2596 1037 2646; x_wconf 73' lang='lat' dir='ltr'>dreissiysten</span> 
     </span>
     <span class='ocr_line' id='line_1_36' title="bbox 158 2655 1040 2709; baseline 0.001 -14"><span class='ocrx_word' id='word_1_199' title='bbox 158 2655 314 2695; x_wconf 86' lang='lat' dir='ltr'>Sabbat</span> <span class='ocrx_word' id='word_1_200' title='bbox 333 2656 396 2696; x_wconf 82' lang='lat' dir='ltr'>als</span> <span class='ocrx_word' id='word_1_201' title='bbox 419 2657 754 2709; x_wconf 70' lang='lat' dir='ltr'>Hauptsesttaq.»</span> <span class='ocrx_word' id='word_1_202' title='bbox 792 2659 855 2698; x_wconf 89' lang='lat' dir='ltr'>De</span> <span class='ocrx_word' id='word_1_203' title='bbox 878 2656 1040 2697; x_wconf 83' lang='lat' dir='ltr'>sabba-</span> 
     </span>
     <span class='ocr_line' id='line_1_37' title="bbox 159 2718 1034 2771; baseline 0.003 -14"><span class='ocrx_word' id='word_1_204' title='bbox 159 2718 213 2758; x_wconf 86' lang='lat' dir='ltr'>tis</span> <span class='ocrx_word' id='word_1_205' title='bbox 243 2718 299 2758; x_wconf 89' lang='lat' dir='ltr'>ad</span> <span class='ocrx_word' id='word_1_206' title='bbox 328 2729 401 2759; x_wconf 88' lang='lat' dir='ltr'>res</span> <span class='ocrx_word' id='word_1_207' title='bbox 431 2719 651 2770; x_wconf 85' lang='lat' dir='ltr'>gerendas</span> <span class='ocrx_word' id='word_1_208' title='bbox 678 2723 824 2761; x_wconf 89' lang='lat' dir='ltr'>minus</span> <span class='ocrx_word' id='word_1_209' title='bbox 845 2721 958 2771; x_wconf 89' lang='lat' dir='ltr'>aptis</span> <span class='ocrx_word' id='word_1_210' title='bbox 981 2720 1034 2760; x_wconf 86' lang='lat' dir='ltr'>cf.</span> 
     </span>
     <span class='ocr_line' id='line_1_38' title="bbox 160 2779 1037 2830; baseline 0.001 -10"><span class='ocrx_word' id='word_1_211' title='bbox 160 2779 282 2820; x_wconf 83' lang='lat' dir='ltr'>Ovid.</span> <span class='ocrx_word' id='word_1_212' title='bbox 310 2781 360 2820; x_wconf 80' lang='lat' dir='ltr'>A.</span> <span class='ocrx_word' id='word_1_213' title='bbox 388 2783 437 2820; x_wconf 92' lang='lat' dir='ltr'>A.</span> <span class='ocrx_word' id='word_1_214' title='bbox 468 2782 512 2830; x_wconf 89' lang='grc'>4,</span> <span class='ocrx_word' id='word_1_215' title='bbox 537 2781 630 2821; x_wconf 79' lang='grc'>445.</span> <span class='ocrx_word' id='word_1_216' title='bbox 665 2783 788 2822; x_wconf 89' lang='lat' dir='ltr'>Rem.</span> <span class='ocrx_word' id='word_1_217' title='bbox 816 2784 913 2821; x_wconf 81' lang='lat' dir='ltr'>Am.</span> <span class='ocrx_word' id='word_1_218' title='bbox 934 2782 1037 2821; x_wconf 66' lang='lat'>2119:</span> 
     </span>
     <span class='ocr_line' id='line_1_39' title="bbox 160 2843 1037 2894; baseline 0.003 -14"><span class='ocrx_word' id='word_1_219' title='bbox 160 2852 232 2881; x_wconf 80' lang='lat' dir='ltr'>nec</span> <span class='ocrx_word' id='word_1_220' title='bbox 269 2846 306 2882; x_wconf 86' lang='lat' dir='ltr'>te</span> <span class='ocrx_word' id='word_1_221' title='bbox 329 2843 558 2894; x_wconf 72' lang='lat' dir='ltr'>pereqrina</span> <span class='ocrx_word' id='word_1_222' title='bbox 584 2848 800 2883; x_wconf 75' lang='lat' dir='ltr'>morentur</span> <span class='ocrx_word' id='word_1_223' title='bbox 836 2844 1037 2883; x_wconf 82' lang='lat' dir='ltr'>Sabbata.</span> 
     </span>
     <span class='ocr_line' id='line_1_40' title="bbox 165 2904 1042 2953; baseline 0.005 -11"><span class='ocrx_word' id='word_1_224' title='bbox 165 2925 210 2931; x_wconf 93' lang='lat'>—</span> <span class='ocrx_word' id='word_1_225' title='bbox 227 2904 299 2943; x_wconf 83' lang='lat' dir='ltr'>vin</span> <span class='ocrx_word' id='word_1_226' title='bbox 319 2905 376 2953; x_wconf 89' lang='lat' dir='ltr'>tu]</span> <span class='ocrx_word' id='word_1_227' title='bbox 402 2905 547 2944; x_wconf 89' lang='lat' dir='ltr'>«Duae</span> <span class='ocrx_word' id='word_1_228' title='bbox 571 2907 674 2946; x_wconf 90' lang='lat' dir='ltr'>sunt</span> <span class='ocrx_word' id='word_1_229' title='bbox 694 2905 908 2946; x_wconf 88' lang='lat' dir='ltr'>formulae</span> <span class='ocrx_word' id='word_1_230' title='bbox 928 2907 1042 2947; x_wconf 85' lang='lat' dir='ltr'>visne</span> 
     </span>
     <span class='ocr_line' id='line_1_41' title="bbox 164 2966 1041 3009; baseline 0.006 -5"><span class='ocrx_word' id='word_1_231' title='bbox 164 2970 209 3005; x_wconf 88' lang='lat' dir='ltr'>tu</span> <span class='ocrx_word' id='word_1_232' title='bbox 245 2966 337 3005; x_wconf 85' lang='lat' dir='ltr'>sive</span> <span class='ocrx_word' id='word_1_233' title='bbox 371 2967 443 3005; x_wconf 83' lang='lat' dir='ltr'>vin</span> <span class='ocrx_word' id='word_1_234' title='bbox 486 2971 532 3006; x_wconf 85' lang='lat' dir='ltr'>tu</span> <span class='ocrx_word' id='word_1_235' title='bbox 566 2970 611 3007; x_wconf 86' lang='lat' dir='ltr'>et</span> <span class='ocrx_word' id='word_1_236' title='bbox 637 2969 700 3008; x_wconf 84' lang='lat' dir='ltr'>vis</span> <span class='ocrx_word' id='word_1_237' title='bbox 728 2973 787 3008; x_wconf 86' lang='lat' dir='ltr'>tu.</span> <span class='ocrx_word' id='word_1_238' title='bbox 846 2968 922 3009; x_wconf 86' lang='lat' dir='ltr'>Illa</span> <span class='ocrx_word' id='word_1_239' title='bbox 952 2981 1041 3009; x_wconf 91' lang='lat' dir='ltr'>non</span> 
     </span>
     <span class='ocr_line' id='line_1_42' title="bbox 164 3026 1040 3080; baseline 0.005 -13"><span class='ocrx_word' id='word_1_240' title='bbox 164 3026 413 3078; x_wconf 86' lang='lat' dir='ltr'>simplicem</span> <span class='ocrx_word' id='word_1_241' title='bbox 432 3028 823 3080; x_wconf 83' lang='lat' dir='ltr'>interrogationem</span> <span class='ocrx_word' id='word_1_242' title='bbox 845 3031 1040 3079; x_wconf 79' lang='lat' dir='ltr'>exhibet,</span> 
     </span>
     <span class='ocr_line' id='line_1_43' title="bbox 162 3089 1043 3143; baseline 0.006 -15"><span class='ocrx_word' id='word_1_243' title='bbox 162 3091 212 3128; x_wconf 91' lang='lat' dir='ltr'>ut</span> <span class='ocrx_word' id='word_1_244' title='bbox 231 3089 486 3129; x_wconf 89' lang='lat' dir='ltr'>Heindorfio</span> <span class='ocrx_word' id='word_1_245' title='bbox 506 3091 653 3131; x_wconf 81' lang='lat' dir='ltr'>visum</span> <span class='ocrx_word' id='word_1_246' title='bbox 674 3094 765 3142; x_wconf 87' lang='lat' dir='ltr'>est,</span> <span class='ocrx_word' id='word_1_247' title='bbox 799 3093 902 3143; x_wconf 93' lang='lat' dir='ltr'>sed,</span> <span class='ocrx_word' id='word_1_248' title='bbox 931 3095 980 3133; x_wconf 90' lang='lat' dir='ltr'>ut</span> <span class='ocrx_word' id='word_1_249' title='bbox 999 3094 1043 3133; x_wconf 91' lang='lat' dir='ltr'>in</span> 
     </span>
     <span class='ocr_line' id='line_1_44' title="bbox 162 3149 1044 3205; baseline 0.006 -15"><span class='ocrx_word' id='word_1_250' title='bbox 162 3149 333 3202; x_wconf 88' lang='lat' dir='ltr'>reliquo</span> <span class='ocrx_word' id='word_1_251' title='bbox 364 3162 468 3200; x_wconf 82' lang='lat' dir='ltr'>uSU,</span> <span class='ocrx_word' id='word_1_252' title='bbox 500 3163 551 3191; x_wconf 85' lang='lat' dir='ltr'>ne</span> <span class='ocrx_word' id='word_1_253' title='bbox 578 3152 648 3192; x_wconf 91' lang='lat' dir='ltr'>vel</span> <span class='ocrx_word' id='word_1_254' title='bbox 678 3156 941 3205; x_wconf 83' lang='lat' dir='ltr'>occupatam</span> <span class='ocrx_word' id='word_1_255' title='bbox 962 3155 1044 3194; x_wconf 88' lang='lat' dir='ltr'>ha-</span> 
     </span>
     <span class='ocr_line' id='line_1_45' title="bbox 163 3212 1046 3264; baseline 0.005 -12"><span class='ocrx_word' id='word_1_256' title='bbox 163 3212 242 3252; x_wconf 86' lang='lat' dir='ltr'>bet</span> <span class='ocrx_word' id='word_1_257' title='bbox 270 3214 574 3264; x_wconf 84' lang='lat' dir='ltr'>negationem,</span> <span class='ocrx_word' id='word_1_258' title='bbox 608 3215 728 3264; x_wconf 87' lang='lat' dir='ltr'>quod</span> <span class='ocrx_word' id='word_1_259' title='bbox 749 3218 817 3255; x_wconf 88' lang='lat' dir='ltr'>est</span> <span class='ocrx_word' id='word_1_260' title='bbox 848 3217 905 3255; x_wconf 89' lang='lat' dir='ltr'>du</span> <span class='ocrx_word' id='word_1_261' title='bbox 922 3217 1046 3257; x_wconf 85' lang='lat' dir='ltr'>willst</span> 
     </span>
     <span class='ocr_line' id='line_1_46' title="bbox 165 3274 1045 3328; baseline 0.006 -14"><span class='ocrx_word' id='word_1_262' title='bbox 165 3275 267 3314; x_wconf 83' lang='lat' dir='ltr'>doch</span> <span class='ocrx_word' id='word_1_263' title='bbox 285 3274 426 3314; x_wconf 79' lang='lat' dir='ltr'>nicht?</span> <span class='ocrx_word' id='word_1_264' title='bbox 454 3274 525 3315; x_wconf 79' lang='lat' dir='ltr'>vel</span> <span class='ocrx_word' id='word_1_265' title='bbox 543 3275 899 3326; x_wconf 85' lang='lat' dir='ltr'>affirmationem,</span> <span class='ocrx_word' id='word_1_266' title='bbox 923 3279 1045 3328; x_wconf 81' lang='lat' dir='ltr'>quod</span> 
     </span>
     <span class='ocr_line' id='line_1_47' title="bbox 166 3337 1045 3381; baseline 0.006 -5"><span class='ocrx_word' id='word_1_267' title='bbox 166 3339 234 3377; x_wconf 89' lang='lat' dir='ltr'>est</span> <span class='ocrx_word' id='word_1_268' title='bbox 266 3337 391 3376; x_wconf 77' lang='lat' dir='ltr'>wilist</span> <span class='ocrx_word' id='word_1_269' title='bbox 433 3338 490 3377; x_wconf 90' lang='lat' dir='ltr'>du</span> <span class='ocrx_word' id='word_1_270' title='bbox 532 3338 638 3377; x_wconf 85' lang='lat' dir='ltr'>denn</span> <span class='ocrx_word' id='word_1_271' title='bbox 678 3338 824 3377; x_wconf 78' lang='lat' dir='ltr'>nicht?</span> <span class='ocrx_word' id='word_1_272' title='bbox 873 3340 1045 3381; x_wconf 81' lang='lat' dir='ltr'>Omissa</span> 
     </span>
     <span class='ocr_line' id='line_1_48' title="bbox 165 3397 1047 3450; baseline 0.003 -13"><span class='ocrx_word' id='word_1_273' title='bbox 165 3397 251 3437; x_wconf 85' lang='lat' dir='ltr'>hac</span> <span class='ocrx_word' id='word_1_274' title='bbox 278 3398 493 3450; x_wconf 84' lang='lat' dir='ltr'>particula</span> <span class='ocrx_word' id='word_1_275' title='bbox 521 3400 584 3438; x_wconf 85' lang='lat' dir='ltr'>vis</span> <span class='ocrx_word' id='word_1_276' title='bbox 612 3403 657 3438; x_wconf 80' lang='lat' dir='ltr'>tu</span> <span class='ocrx_word' id='word_1_277' title='bbox 686 3400 812 3449; x_wconf 87' lang='lat' dir='ltr'>dicit,</span> <span class='ocrx_word' id='word_1_278' title='bbox 860 3401 936 3450; x_wconf 87' lang='lat' dir='ltr'>qui</span> <span class='ocrx_word' id='word_1_279' title='bbox 965 3400 1047 3440; x_wconf 89' lang='lat' dir='ltr'>ali-</span> 
     </span>
     <span class='ocr_line' id='line_1_49' title="bbox 168 3462 1047 3512; baseline 0.002 -12"><span class='ocrx_word' id='word_1_280' title='bbox 168 3470 303 3510; x_wconf 86' lang='lat' dir='ltr'>quem</span> <span class='ocrx_word' id='word_1_281' title='bbox 330 3462 534 3501; x_wconf 85' lang='lat' dir='ltr'>hortatur</span> <span class='ocrx_word' id='word_1_282' title='bbox 564 3464 639 3500; x_wconf 90' lang='lat' dir='ltr'>aut</span> <span class='ocrx_word' id='word_1_283' title='bbox 673 3463 799 3512; x_wconf 87' lang='lat' dir='ltr'>rogat</span> <span class='ocrx_word' id='word_1_284' title='bbox 834 3463 909 3501; x_wconf 90' lang='lat' dir='ltr'>aut</span> <span class='ocrx_word' id='word_1_285' title='bbox 938 3473 1047 3502; x_wconf 91' lang='lat' dir='ltr'>evo-</span> 
     </span>
     <span class='ocr_line' id='line_1_50' title="bbox 170 3522 1046 3563; baseline 0.003 -3"><span class='ocrx_word' id='word_1_286' title='bbox 170 3523 238 3560; x_wconf 86' lang='lat' dir='ltr'>cat</span> <span class='ocrx_word' id='word_1_287' title='bbox 286 3525 361 3562; x_wconf 86' lang='lat' dir='ltr'>aut</span> <span class='ocrx_word' id='word_1_288' title='bbox 418 3523 624 3563; x_wconf 89' lang='lat' dir='ltr'>modeste</span> <span class='ocrx_word' id='word_1_289' title='bbox 671 3522 844 3563; x_wconf 87' lang='lat' dir='ltr'>iubet.»</span> <span class='ocrx_word' id='word_1_290' title='bbox 927 3524 1046 3563; x_wconf 78' lang='lat' dir='ltr'>HAND</span> 
     </span>
    </p>
   </div>
   <div class='ocr_carea' id='block_1_9' title="bbox 311 3598 974 3636">
    <p class='ocr_par' dir='ltr' id='par_1_9' title="bbox 311 3598 974 3636">
     <span class='ocr_line' id='line_1_51' title="bbox 311 3598 974 3636; baseline 0.003 -2"><span class='ocrx_word' id='word_1_291' title='bbox 311 3598 464 3636; x_wconf 68' lang='lat' dir='ltr'>HORAT.</span> <span class='ocrx_word' id='word_1_292' title='bbox 491 3608 583 3635; x_wconf 86' lang='lat' dir='ltr'>voL.</span> <span class='ocrx_word' id='word_1_293' title='bbox 613 3599 654 3635; x_wconf 93' lang='lat'>11.</span> <span class='ocrx_word' id='word_1_294' title='bbox 709 3609 772 3635; x_wconf 70' lang='grc' dir='ltr'>ΕΙ).</span> <span class='ocrx_word' id='word_1_295' title='bbox 801 3609 885 3636; x_wconf 65' lang='lat' dir='ltr'>itm.</span> <span class='ocrx_word' id='word_1_296' title='bbox 916 3599 974 3636; x_wconf 91' lang='lat'>111.</span> 
     </span>
    </p>
   </div>
   <div class='ocr_carea' id='block_1_10' title="bbox 1090 972 1995 3564">
    <p class='ocr_par' dir='ltr' id='par_1_10' title="bbox 1090 972 1995 3564">
     <span class='ocr_line' id='line_1_52' title="bbox 1095 972 1972 1024; baseline 0.001 -12"><span class='ocrx_word' id='word_1_297' title='bbox 1095 974 1220 1014; x_wconf 86' lang='lat' dir='ltr'>Turs.</span> <span class='ocrx_word' id='word_1_298' title='bbox 1255 974 1324 1012; x_wconf 73' lang='lat' dir='ltr'>IV.</span> <span class='ocrx_word' id='word_1_299' title='bbox 1358 985 1401 1024; x_wconf 89' lang='lat' dir='ltr'>p.</span> <span class='ocrx_word' id='word_1_300' title='bbox 1436 974 1502 1012; x_wconf 75' lang='lat'>82.</span> <span class='ocrx_word' id='word_1_301' title='bbox 1562 972 1685 1012; x_wconf 86' lang='lat' dir='ltr'>Conf.</span> <span class='ocrx_word' id='word_1_302' title='bbox 1721 974 1808 1013; x_wconf 81' lang='lat' dir='ltr'>Sat.</span> <span class='ocrx_word' id='word_1_303' title='bbox 1846 975 1890 1016; x_wconf 77' lang='lat'>2.</span> <span class='ocrx_word' id='word_1_304' title='bbox 1925 976 1972 1013; x_wconf 56' lang='lat' dir='ltr'>o.</span> 
     </span>
     <span class='ocr_line' id='line_1_53' title="bbox 1097 1036 1975 1086; baseline 0.003 -12"><span class='ocrx_word' id='word_1_305' title='bbox 1097 1036 1162 1074; x_wconf 78' lang='lat'>92.</span> <span class='ocrx_word' id='word_1_306' title='bbox 1187 1059 1231 1063; x_wconf 90' lang='lat'><strong>—</strong></span> <span class='ocrx_word' id='word_1_307' title='bbox 1252 1036 1401 1084; x_wconf 69' lang='lat' dir='ltr'>Cui-tis]</span> <span class='ocrx_word' id='word_1_308' title='bbox 1428 1037 1622 1086; x_wconf 80' lang='lat' dir='ltr'>«vei-pis,</span> <span class='ocrx_word' id='word_1_309' title='bbox 1657 1037 1975 1077; x_wconf 80' lang='lat' dir='ltr'>circumcisis.»</span> 
     </span>
     <span class='ocr_line' id='line_1_54' title="bbox 1098 1096 1975 1150; baseline 0.001 -13"><span class='ocrx_word' id='word_1_310' title='bbox 1098 1096 1278 1137; x_wconf 77' lang='lat' dir='ltr'>Martinl.</span> <span class='ocrx_word' id='word_1_311' title='bbox 1313 1098 1360 1145; x_wconf 79' lang='lat'>7,</span> <span class='ocrx_word' id='word_1_312' title='bbox 1395 1098 1467 1136; x_wconf 89' lang='lat'>30:</span> <span class='ocrx_word' id='word_1_313' title='bbox 1502 1098 1585 1136; x_wconf 80' lang='lat' dir='ltr'>Nec</span> <span class='ocrx_word' id='word_1_314' title='bbox 1615 1099 1886 1138; x_wconf 76' lang='lat' dir='ltr'>recutitorum</span> <span class='ocrx_word' id='word_1_315' title='bbox 1904 1100 1975 1150; x_wconf 83' lang='lat' dir='ltr'>fu-</span> 
     </span>
     <span class='ocr_line' id='line_1_55' title="bbox 1095 1160 1978 1211; baseline 0.005 -15"><span class='ocrx_word' id='word_1_316' title='bbox 1095 1160 1158 1209; x_wconf 68' lang='lat' dir='ltr'>qis</span> <span class='ocrx_word' id='word_1_317' title='bbox 1179 1160 1353 1209; x_wconf 59' lang='lat' dir='ltr'>inguina</span> <span class='ocrx_word' id='word_1_318' title='bbox 1375 1160 1639 1199; x_wconf 82' lang='lat' dir='ltr'>Iudaeorum.</span> <span class='ocrx_word' id='word_1_319' title='bbox 1660 1183 1702 1187; x_wconf 74' lang='lat'><strong>—</strong></span> <span class='ocrx_word' id='word_1_320' title='bbox 1724 1162 1888 1200; x_wconf 79' lang='lat' dir='ltr'>Iudaeis</span> <span class='ocrx_word' id='word_1_321' title='bbox 1907 1174 1978 1211; x_wconf 71' lang='lat' dir='ltr'>op-</span> 
     </span>
     <span class='ocr_line' id='line_1_56' title="bbox 1090 1220 1974 1272; baseline 0.003 -13"><span class='ocrx_word' id='word_1_322' title='bbox 1090 1221 1251 1271; x_wconf 80' lang='lat' dir='ltr'>pedere]</span> <span class='ocrx_word' id='word_1_323' title='bbox 1286 1221 1377 1259; x_wconf 82' lang='lat' dir='ltr'>Vox</span> <span class='ocrx_word' id='word_1_324' title='bbox 1408 1220 1607 1272; x_wconf 70' lang='lat' dir='ltr'>plebeia,</span> <span class='ocrx_word' id='word_1_325' title='bbox 1659 1225 1974 1262; x_wconf 83' lang='lat' dir='ltr'>«contemnere</span> 
     </span>
     <span class='ocr_line' id='line_1_57' title="bbox 1097 1283 1976 1334; baseline 0.002 -10"><span class='ocrx_word' id='word_1_326' title='bbox 1097 1295 1175 1324; x_wconf 89' lang='lat' dir='ltr'>eos</span> <span class='ocrx_word' id='word_1_327' title='bbox 1206 1295 1258 1324; x_wconf 81' lang='lat' dir='ltr'>ac</span> <span class='ocrx_word' id='word_1_328' title='bbox 1290 1283 1524 1334; x_wconf 81' lang='lat' dir='ltr'>religiones</span> <span class='ocrx_word' id='word_1_329' title='bbox 1547 1295 1703 1324; x_wconf 89' lang='lat' dir='ltr'>eorum</span> <span class='ocrx_word' id='word_1_330' title='bbox 1726 1285 1976 1326; x_wconf 78' lang='lat' dir='ltr'>deridere.»</span> 
     </span>
     <span class='ocr_line' id='line_1_58' title="bbox 1097 1345 1976 1396; baseline 0.001 -10"><span class='ocrx_word' id='word_1_331' title='bbox 1097 1348 1248 1386; x_wconf 79' lang='lat' dir='ltr'>PORPil.</span> <span class='ocrx_word' id='word_1_332' title='bbox 1293 1346 1362 1385; x_wconf 89' lang='lat' dir='ltr'>Sic</span> <span class='ocrx_word' id='word_1_333' title='bbox 1385 1346 1605 1396; x_wconf 82' lang='lat' dir='ltr'>Aristoph.</span> <span class='ocrx_word' id='word_1_334' title='bbox 1625 1345 1735 1386; x_wconf 88' lang='lat' dir='ltr'>Plut.</span> <span class='ocrx_word' id='word_1_335' title='bbox 1757 1349 1857 1387; x_wconf 77' lang='lat'><strong>6¹7:</strong></span> <span class='ocrx_word' id='word_1_336' title='bbox 1882 1347 1976 1388; x_wconf 65' lang='grc' dir='ltr'>τῶν</span> 
     </span>
     <span class='ocr_line' id='line_1_59' title="bbox 1096 1404 1978 1465; baseline 0.005 -18"><span class='ocrx_word' id='word_1_337' title='bbox 1096 1405 1411 1465; x_wconf 74' lang='grc' dir='ltr'>χειροτεχνῶν</span> <span class='ocrx_word' id='word_1_338' title='bbox 1432 1407 1513 1446; x_wconf 80' lang='grc' dir='ltr'>καὶ</span> <span class='ocrx_word' id='word_1_339' title='bbox 1534 1404 1620 1458; x_wconf 75' lang='grc' dir='ltr'>τῆς</span> <span class='ocrx_word' id='word_1_340' title='bbox 1638 1408 1815 1461; x_wconf 75' lang='grc' dir='ltr'><em>Πενίας</em></span> <span class='ocrx_word' id='word_1_341' title='bbox 1835 1423 1978 1450; x_wconf 80' lang='grc' dir='ltr'><em>κατα-</em></span> 
     </span>
     <span class='ocr_line' id='line_1_60' title="bbox 1098 1469 1980 1528; baseline 0.006 -18"><span class='ocrx_word' id='word_1_342' title='bbox 1098 1469 1308 1528; x_wconf 73' lang='grc' dir='ltr'><em>παρδεῖν.</em></span> <span class='ocrx_word' id='word_1_343' title='bbox 1361 1470 1571 1510; x_wconf 82' lang='lat' dir='ltr'>solebant</span> <span class='ocrx_word' id='word_1_344' title='bbox 1611 1473 1761 1512; x_wconf 86' lang='lat' dir='ltr'>autem</span> <span class='ocrx_word' id='word_1_345' title='bbox 1797 1475 1980 1515; x_wconf 86' lang='lat' dir='ltr'>Romani</span> 
     </span>
     <span class='ocr_line' id='line_1_61' title="bbox 1098 1531 1982 1588; baseline 0.003 -15"><span class='ocrx_word' id='word_1_346' title='bbox 1098 1534 1364 1573; x_wconf 86' lang='lat' dir='ltr'>Iudaeorum</span> <span class='ocrx_word' id='word_1_347' title='bbox 1404 1534 1513 1572; x_wconf 87' lang='lat' dir='ltr'>ritus</span> <span class='ocrx_word' id='word_1_348' title='bbox 1549 1531 1770 1575; x_wconf 85' lang='lat' dir='ltr'>deridere.</span> <span class='ocrx_word' id='word_1_349' title='bbox 1830 1538 1982 1588; x_wconf 81' lang='lat' dir='ltr'>Augu-</span> 
     </span>
     <span class='ocr_line' id='line_1_62' title="bbox 1099 1593 1978 1646; baseline 0.005 -11"><span class='ocrx_word' id='word_1_350' title='bbox 1099 1597 1192 1636; x_wconf 88' lang='lat' dir='ltr'>stus</span> <span class='ocrx_word' id='word_1_351' title='bbox 1215 1596 1257 1634; x_wconf 91' lang='lat' dir='ltr'>in</span> <span class='ocrx_word' id='word_1_352' title='bbox 1280 1593 1466 1646; x_wconf 85' lang='lat' dir='ltr'>epistola</span> <span class='ocrx_word' id='word_1_353' title='bbox 1483 1593 1601 1645; x_wconf 87' lang='lat' dir='ltr'>apud</span> <span class='ocrx_word' id='word_1_354' title='bbox 1623 1596 1802 1636; x_wconf 86' lang='lat' dir='ltr'>Sueton.</span> <span class='ocrx_word' id='word_1_355' title='bbox 1830 1598 1978 1638; x_wconf 82' lang='lat' dir='ltr'>Octav.</span> 
     </span>
     <span class='ocr_line' id='line_1_63' title="bbox 1099 1658 1986 1706; baseline 0.005 -9"><span class='ocrx_word' id='word_1_356' title='bbox 1099 1659 1175 1697; x_wconf 82' lang='lat'>76:</span> <span class='ocrx_word' id='word_1_357' title='bbox 1218 1659 1279 1697; x_wconf 81' lang='lat' dir='ltr'>Ne</span> <span class='ocrx_word' id='word_1_358' title='bbox 1308 1659 1486 1697; x_wconf 83' lang='lat' dir='ltr'>Iudaeus</span> <span class='ocrx_word' id='word_1_359' title='bbox 1515 1658 1680 1706; x_wconf 83' lang='lat' dir='ltr'>quidem</span> <span class='ocrx_word' id='word_1_360' title='bbox 1711 1682 1734 1688; x_wconf 88' lang='lat'>-</span> <span class='ocrx_word' id='word_1_361' title='bbox 1765 1685 1789 1691; x_wconf 93' lang='lat'>-</span> <span class='ocrx_word' id='word_1_362' title='bbox 1818 1665 1906 1700; x_wconf 89' lang='lat' dir='ltr'>tam</span> <span class='ocrx_word' id='word_1_363' title='bbox 1925 1663 1986 1701; x_wconf 86' lang='lat' dir='ltr'>di-</span> 
     </span>
     <span class='ocr_line' id='line_1_64' title="bbox 1098 1720 1980 1772; baseline 0.006 -14"><span class='ocrx_word' id='word_1_364' title='bbox 1098 1720 1273 1771; x_wconf 69' lang='lat' dir='ltr'>liqenter</span> <span class='ocrx_word' id='word_1_365' title='bbox 1326 1720 1507 1759; x_wconf 75' lang='lat' dir='ltr'>sabbatis</span> <span class='ocrx_word' id='word_1_366' title='bbox 1563 1720 1765 1761; x_wconf 83' lang='lat' dir='ltr'>ieiunium</span> <span class='ocrx_word' id='word_1_367' title='bbox 1821 1728 1980 1772; x_wconf 77' lang='lat' dir='ltr'>servat,</span> 
     </span>
     <span class='ocr_line' id='line_1_65' title="bbox 1100 1783 1977 1833; baseline 0.003 -12"><span class='ocrx_word' id='word_1_368' title='bbox 1100 1794 1228 1832; x_wconf 80' lang='lat' dir='ltr'>quam</span> <span class='ocrx_word' id='word_1_369' title='bbox 1258 1794 1331 1833; x_wconf 69' lang='lat' dir='ltr'>esso</span> <span class='ocrx_word' id='word_1_370' title='bbox 1360 1783 1478 1821; x_wconf 80' lang='lat' dir='ltr'>hodie</span> <span class='ocrx_word' id='word_1_371' title='bbox 1497 1784 1676 1822; x_wconf 75' lang='lat' dir='ltr'>servavi.</span> <span class='ocrx_word' id='word_1_372' title='bbox 1739 1785 1864 1824; x_wconf 86' lang='lat' dir='ltr'>Conf.</span> <span class='ocrx_word' id='word_1_373' title='bbox 1889 1786 1977 1824; x_wconf 85' lang='lat' dir='ltr'>Sat.</span> 
     </span>
     <span class='ocr_line' id='line_1_66' title="bbox 1102 1844 1978 1896; baseline 0.003 -12"><span class='ocrx_word' id='word_1_374' title='bbox 1102 1846 1148 1893; x_wconf 90' lang='grc'>4,</span> <span class='ocrx_word' id='word_1_375' title='bbox 1183 1844 1230 1892; x_wconf 73' lang='lat'>4,</span> <span class='ocrx_word' id='word_1_376' title='bbox 1277 1844 1354 1885; x_wconf 65' lang='lat'>1142</span> <span class='ocrx_word' id='word_1_377' title='bbox 1394 1856 1460 1896; x_wconf 84' lang='lat' dir='ltr'>sq.</span> <span class='ocrx_word' id='word_1_378' title='bbox 1496 1847 1542 1895; x_wconf 87' lang='grc'>4,</span> <span class='ocrx_word' id='word_1_379' title='bbox 1590 1847 1636 1894; x_wconf 80' lang='lat'>5,</span> <span class='ocrx_word' id='word_1_380' title='bbox 1687 1847 1779 1886; x_wconf 91' lang='grc'>400.</span> <span class='ocrx_word' id='word_1_381' title='bbox 1827 1849 1978 1887; x_wconf 82' lang='lat' dir='ltr'>Iuven.</span> 
     </span>
     <span class='ocr_line' id='line_1_67' title="bbox 1104 1905 1986 1957; baseline 0.005 -12"><span class='ocrx_word' id='word_1_382' title='bbox 1104 1905 1176 1954; x_wconf 74' lang='grc'>44,</span> <span class='ocrx_word' id='word_1_383' title='bbox 1221 1907 1298 1946; x_wconf 86' lang='grc'>96;</span> <span class='ocrx_word' id='word_1_384' title='bbox 1353 1908 1533 1957; x_wconf 79' lang='lat' dir='ltr'>Quidam</span> <span class='ocrx_word' id='word_1_385' title='bbox 1572 1908 1707 1947; x_wconf 81' lang='lat' dir='ltr'>sortiti</span> <span class='ocrx_word' id='word_1_386' title='bbox 1741 1914 1986 1950; x_wconf 82' lang='lat' dir='ltr'>metuente-m</span> 
     </span>
     <span class='ocr_line' id='line_1_68' title="bbox 1101 1969 1985 2020; baseline 0.005 -13"><span class='ocrx_word' id='word_1_387' title='bbox 1101 1969 1274 2008; x_wconf 85' lang='lat' dir='ltr'>sabbata</span> <span class='ocrx_word' id='word_1_388' title='bbox 1313 1974 1481 2019; x_wconf 81' lang='lat' dir='ltr'>patrem</span> <span class='ocrx_word' id='word_1_389' title='bbox 1508 1971 1580 2009; x_wconf 82' lang='lat' dir='ltr'>Nil</span> <span class='ocrx_word' id='word_1_390' title='bbox 1608 1975 1781 2020; x_wconf 77' lang='lat' dir='ltr'>praeter</span> <span class='ocrx_word' id='word_1_391' title='bbox 1803 1972 1928 2012; x_wconf 80' lang='lat' dir='ltr'>nubes</span> <span class='ocrx_word' id='word_1_392' title='bbox 1948 1978 1985 2012; x_wconf 89' lang='lat' dir='ltr'>et</span> 
     </span>
     <span class='ocr_line' id='line_1_69' title="bbox 1101 2032 1986 2082; baseline 0.005 -12"><span class='ocrx_word' id='word_1_393' title='bbox 1101 2032 1205 2071; x_wconf 85' lang='lat' dir='ltr'>caeli</span> <span class='ocrx_word' id='word_1_394' title='bbox 1243 2043 1395 2072; x_wconf 85' lang='lat' dir='ltr'>numen</span> <span class='ocrx_word' id='word_1_395' title='bbox 1439 2034 1649 2082; x_wconf 85' lang='lat' dir='ltr'>adorant,</span> <span class='ocrx_word' id='word_1_396' title='bbox 1701 2034 1786 2074; x_wconf 75' lang='lat' dir='ltr'>Nec</span> <span class='ocrx_word' id='word_1_397' title='bbox 1829 2035 1986 2074; x_wconf 84' lang='lat' dir='ltr'>distare</span> 
     </span>
     <span class='ocr_line' id='line_1_70' title="bbox 1096 2094 1988 2146; baseline 0.003 -14"><span class='ocrx_word' id='word_1_398' title='bbox 1096 2097 1250 2143; x_wconf 83' lang='lat' dir='ltr'>putant</span> <span class='ocrx_word' id='word_1_399' title='bbox 1278 2094 1466 2133; x_wconf 82' lang='lat' dir='ltr'>humana</span> <span class='ocrx_word' id='word_1_400' title='bbox 1500 2106 1628 2135; x_wconf 84' lang='lat' dir='ltr'>carne</span> <span class='ocrx_word' id='word_1_401' title='bbox 1661 2096 1848 2145; x_wconf 71' lang='lat' dir='ltr'>suillam,</span> <span class='ocrx_word' id='word_1_402' title='bbox 1894 2098 1988 2146; x_wconf 82' lang='lat' dir='ltr'>Qua</span> 
     </span>
     <span class='ocr_line' id='line_1_71' title="bbox 1096 2156 1986 2209; baseline 0.003 -14"><span class='ocrx_word' id='word_1_403' title='bbox 1096 2161 1221 2207; x_wconf 83' lang='lat' dir='ltr'>pater</span> <span class='ocrx_word' id='word_1_404' title='bbox 1266 2156 1487 2204; x_wconf 69' lang='lat' dir='ltr'>abstinuit,-</span> <span class='ocrx_word' id='word_1_405' title='bbox 1535 2169 1637 2197; x_wconf 61' lang='lat' dir='ltr'>mooe</span> <span class='ocrx_word' id='word_1_406' title='bbox 1681 2162 1719 2198; x_wconf 84' lang='lat' dir='ltr'>et</span> <span class='ocrx_word' id='word_1_407' title='bbox 1755 2159 1986 2209; x_wconf 79' lang='lat' dir='ltr'>praeputia</span> 
     </span>
     <span class='ocr_line' id='line_1_72' title="bbox 1098 2219 1987 2269; baseline 0.003 -11"><span class='ocrx_word' id='word_1_408' title='bbox 1098 2222 1262 2269; x_wconf 85' lang='lat' dir='ltr'>ponunt</span> <span class='ocrx_word' id='word_1_409' title='bbox 1274 2230 1287 2265; x_wconf 86' lang='lat'><em>;</em></span> <span class='ocrx_word' id='word_1_410' title='bbox 1332 2219 1542 2258; x_wconf 83' lang='lat' dir='ltr'>Romanas</span> <span class='ocrx_word' id='word_1_411' title='bbox 1571 2224 1710 2260; x_wconf 81' lang='lat' dir='ltr'>autem</span> <span class='ocrx_word' id='word_1_412' title='bbox 1739 2222 1848 2260; x_wconf 83' lang='lat' dir='ltr'>soliti</span> <span class='ocrx_word' id='word_1_413' title='bbox 1884 2233 1987 2261; x_wconf 87' lang='lat' dir='ltr'>con-</span> 
     </span>
     <span class='ocr_line' id='line_1_73' title="bbox 1103 2281 1987 2330; baseline 0.005 -11"><span class='ocrx_word' id='word_1_414' title='bbox 1103 2285 1281 2320; x_wconf 80' lang='lat' dir='ltr'>temnere</span> <span class='ocrx_word' id='word_1_415' title='bbox 1310 2281 1437 2330; x_wconf 69' lang='lat' dir='ltr'>iequ,</span> <span class='ocrx_word' id='word_1_416' title='bbox 1483 2282 1704 2323; x_wconf 85' lang='lat' dir='ltr'>Iudaicum</span> <span class='ocrx_word' id='word_1_417' title='bbox 1736 2284 1921 2323; x_wconf 86' lang='lat' dir='ltr'>ediscunt</span> <span class='ocrx_word' id='word_1_418' title='bbox 1950 2288 1987 2323; x_wconf 85' lang='lat' dir='ltr'>et</span> 
     </span>
     <span class='ocr_line' id='line_1_74' title="bbox 1103 2345 1987 2394; baseline 0.003 -13"><span class='ocrx_word' id='word_1_419' title='bbox 1103 2347 1271 2382; x_wconf 82' lang='lat' dir='ltr'>servant</span> <span class='ocrx_word' id='word_1_420' title='bbox 1301 2354 1352 2381; x_wconf 86' lang='lat' dir='ltr'>ac</span> <span class='ocrx_word' id='word_1_421' title='bbox 1372 2348 1559 2383; x_wconf 84' lang='lat' dir='ltr'>metuunt</span> <span class='ocrx_word' id='word_1_422' title='bbox 1586 2346 1670 2394; x_wconf 81' lang='lat' dir='ltr'>ius,</span> <span class='ocrx_word' id='word_1_423' title='bbox 1707 2345 1894 2384; x_wconf 78' lang='lat' dir='ltr'>Tradidit</span> <span class='ocrx_word' id='word_1_424' title='bbox 1915 2357 1987 2384; x_wconf 86' lang='lat' dir='ltr'>ar-</span> 
     </span>
     <span class='ocr_line' id='line_1_75' title="bbox 1103 2405 1983 2457; baseline 0.003 -13"><span class='ocrx_word' id='word_1_425' title='bbox 1103 2416 1210 2444; x_wconf 87' lang='lat' dir='ltr'>cano</span> <span class='ocrx_word' id='word_1_426' title='bbox 1256 2405 1527 2455; x_wconf 78' lang='lat' dir='ltr'>quodcunque</span> <span class='ocrx_word' id='word_1_427' title='bbox 1568 2407 1775 2447; x_wconf 81' lang='lat' dir='ltr'>volumine</span> <span class='ocrx_word' id='word_1_428' title='bbox 1820 2409 1983 2457; x_wconf 83' lang='lat' dir='ltr'>Moses,</span> 
     </span>
     <span class='ocr_line' id='line_1_76' title="bbox 1102 2468 1986 2509; baseline 0.005 -4"><span class='ocrx_word' id='word_1_429' title='bbox 1102 2468 1196 2506; x_wconf 84' lang='lat' dir='ltr'>Non</span> <span class='ocrx_word' id='word_1_430' title='bbox 1223 2471 1460 2507; x_wconf 82' lang='lat' dir='ltr'>monstrare</span> <span class='ocrx_word' id='word_1_431' title='bbox 1486 2469 1579 2507; x_wconf 85' lang='lat' dir='ltr'>vias</span> <span class='ocrx_word' id='word_1_432' title='bbox 1599 2470 1742 2509; x_wconf 86' lang='lat' dir='ltr'>eadem</span> <span class='ocrx_word' id='word_1_433' title='bbox 1761 2470 1840 2509; x_wconf 82' lang='lat' dir='ltr'>nisi</span> <span class='ocrx_word' id='word_1_434' title='bbox 1859 2481 1986 2509; x_wconf 87' lang='lat' dir='ltr'>sacra</span> 
     </span>
     <span class='ocr_line' id='line_1_77' title="bbox 1104 2529 1987 2582; baseline 0.006 -15"><span class='ocrx_word' id='word_1_435' title='bbox 1104 2529 1272 2578; x_wconf 83' lang='lat' dir='ltr'>colenti,</span> <span class='ocrx_word' id='word_1_436' title='bbox 1321 2530 1563 2579; x_wconf 75' lang='lat' dir='ltr'>Quaesitum</span> <span class='ocrx_word' id='word_1_437' title='bbox 1602 2532 1657 2570; x_wconf 90' lang='lat' dir='ltr'>ad</span> <span class='ocrx_word' id='word_1_438' title='bbox 1691 2532 1846 2582; x_wconf 81' lang='lat' dir='ltr'>fontem</span> <span class='ocrx_word' id='word_1_439' title='bbox 1881 2533 1987 2572; x_wconf 83' lang='lat' dir='ltr'>solos</span> 
     </span>
     <span class='ocr_line' id='line_1_78' title="bbox 1105 2592 1984 2645; baseline 0.005 -15"><span class='ocrx_word' id='word_1_440' title='bbox 1105 2592 1304 2631; x_wconf 83' lang='lat' dir='ltr'>deducere</span> <span class='ocrx_word' id='word_1_441' title='bbox 1331 2603 1493 2642; x_wconf 81' lang='lat' dir='ltr'>verpos.</span> <span class='ocrx_word' id='word_1_442' title='bbox 1527 2593 1607 2632; x_wconf 83' lang='lat' dir='ltr'>Sed</span> <span class='ocrx_word' id='word_1_443' title='bbox 1632 2598 1755 2643; x_wconf 80' lang='lat' dir='ltr'>pater</span> <span class='ocrx_word' id='word_1_444' title='bbox 1777 2595 1818 2634; x_wconf 86' lang='lat' dir='ltr'>in</span> <span class='ocrx_word' id='word_1_445' title='bbox 1838 2606 1984 2645; x_wconf 81' lang='lat' dir='ltr'>causa,</span> 
     </span>
     <span class='ocr_line' id='line_1_79' title="bbox 1103 2654 1987 2709; baseline 0.006 -17"><span class='ocrx_word' id='word_1_446' title='bbox 1103 2655 1171 2693; x_wconf 89' lang='lat' dir='ltr'>cui</span> <span class='ocrx_word' id='word_1_447' title='bbox 1199 2654 1374 2703; x_wconf 80' lang='lat' dir='ltr'>septima</span> <span class='ocrx_word' id='word_1_448' title='bbox 1401 2665 1588 2705; x_wconf 78' lang='lat' dir='ltr'>quaeque</span> <span class='ocrx_word' id='word_1_449' title='bbox 1612 2656 1693 2707; x_wconf 81' lang='lat' dir='ltr'>fuit</span> <span class='ocrx_word' id='word_1_450' title='bbox 1719 2657 1798 2696; x_wconf 72' lang='lat' dir='ltr'>iux</span> <span class='ocrx_word' id='word_1_451' title='bbox 1824 2658 1987 2709; x_wconf 63' lang='lat' dir='ltr'>Ignara</span> 
     </span>
     <span class='ocr_line' id='line_1_80' title="bbox 1105 2718 1983 2770; baseline 0.005 -15"><span class='ocrx_word' id='word_1_452' title='bbox 1105 2720 1142 2756; x_wconf 84' lang='lat' dir='ltr'>et</span> <span class='ocrx_word' id='word_1_453' title='bbox 1177 2721 1349 2766; x_wconf 77' lang='lat' dir='ltr'>partem</span> <span class='ocrx_word' id='word_1_454' title='bbox 1383 2718 1494 2757; x_wconf 82' lang='lat' dir='ltr'>vitae</span> <span class='ocrx_word' id='word_1_455' title='bbox 1532 2729 1616 2757; x_wconf 85' lang='lat' dir='ltr'>non</span> <span class='ocrx_word' id='word_1_456' title='bbox 1655 2720 1794 2770; x_wconf 71' lang='lat' dir='ltr'>attiqit</span> <span class='ocrx_word' id='word_1_457' title='bbox 1836 2720 1983 2759; x_wconf 80' lang='lat' dir='ltr'>ullam.</span> 
     </span>
     <span class='ocr_line' id='line_1_81' title="bbox 1109 2779 1988 2831; baseline 0.003 -12"><span class='ocrx_word' id='word_1_458' title='bbox 1109 2802 1154 2806; x_wconf 92' lang='lat'><strong>—</strong></span> <span class='ocrx_word' id='word_1_459' title='bbox 1182 2779 1352 2831; x_wconf 68' lang='lat' dir='ltr'>Religyio]</span> <span class='ocrx_word' id='word_1_460' title='bbox 1383 2779 1688 2831; x_wconf 74' lang='lat' dir='ltr'>«scrupulus»</span> <span class='ocrx_word' id='word_1_461' title='bbox 1721 2784 1866 2822; x_wconf 81' lang='lat' dir='ltr'>GLOSS.</span> <span class='ocrx_word' id='word_1_462' title='bbox 1899 2783 1988 2822; x_wconf 86' lang='lat' dir='ltr'>Be-</span> 
     </span>
     <span class='ocr_line' id='line_1_82' title="bbox 1105 2841 1989 2893; baseline 0.005 -13"><span class='ocrx_word' id='word_1_463' title='bbox 1105 2841 1321 2881; x_wconf 48' lang='lat' dir='ltr'>denti-en.</span> <span class='ocrx_word' id='word_1_464' title='bbox 1372 2865 1417 2869; x_wconf 97' lang='lat'><strong>—</strong></span> <span class='ocrx_word' id='word_1_465' title='bbox 1463 2842 1686 2893; x_wconf 84' lang='lat' dir='ltr'>infirmior]</span> <span class='ocrx_word' id='word_1_466' title='bbox 1728 2843 1989 2884; x_wconf 83' lang='lat' dir='ltr'>«meticulo-</span> 
     </span>
     <span class='ocr_line' id='line_1_83' title="bbox 1107 2904 1988 2955; baseline 0.003 -13"><span class='ocrx_word' id='word_1_467' title='bbox 1107 2904 1196 2943; x_wconf 87' lang='lat' dir='ltr'>sior</span> <span class='ocrx_word' id='word_1_468' title='bbox 1239 2914 1291 2943; x_wconf 86' lang='lat' dir='ltr'>ac</span> <span class='ocrx_word' id='word_1_469' title='bbox 1336 2904 1726 2955; x_wconf 85' lang='lat' dir='ltr'>superstitiosior.»</span> <span class='ocrx_word' id='word_1_470' title='bbox 1791 2907 1988 2946; x_wconf 86' lang='lat' dir='ltr'>Panthea</span> 
     </span>
     <span class='ocr_line' id='line_1_84' title="bbox 1107 2965 1990 3019; baseline 0.003 -14"><span class='ocrx_word' id='word_1_471' title='bbox 1107 2965 1223 3017; x_wconf 88' lang='lat' dir='ltr'>apud</span> <span class='ocrx_word' id='word_1_472' title='bbox 1255 2967 1501 3007; x_wconf 86' lang='lat' dir='ltr'>Lucianum</span> <span class='ocrx_word' id='word_1_473' title='bbox 1530 2978 1612 3018; x_wconf 89' lang='lat' dir='ltr'>pro</span> <span class='ocrx_word' id='word_1_474' title='bbox 1641 2967 1799 3019; x_wconf 83' lang='lat' dir='ltr'>imagg.</span> <span class='ocrx_word' id='word_1_475' title='bbox 1824 2970 1869 3008; x_wconf 90' lang='lat'>7:</span> <span class='ocrx_word' id='word_1_476' title='bbox 1904 2966 1990 3008; x_wconf 73' lang='grc' dir='ltr'>,τά-</span> 
     </span>
     <span class='ocr_line' id='line_1_85' title="bbox 1106 3023 1989 3086; baseline 0.005 -19"><span class='ocrx_word' id='word_1_477' title='bbox 1106 3041 1161 3068; x_wconf 74' lang='grc' dir='ltr'>νυ</span> <span class='ocrx_word' id='word_1_478' title='bbox 1193 3023 1252 3067; x_wconf 83' lang='grc' dir='ltr'>τὰ</span> <span class='ocrx_word' id='word_1_479' title='bbox 1283 3025 1402 3086; x_wconf 72' lang='grc' dir='ltr'><em>πρὸς</em></span> <span class='ocrx_word' id='word_1_480' title='bbox 1438 3025 1553 3078; x_wconf 74' lang='grc' dir='ltr'>τοὺς</span> <span class='ocrx_word' id='word_1_481' title='bbox 1585 3026 1732 3080; x_wconf 76' lang='grc' dir='ltr'><em>θεοὺς</em></span> <span class='ocrx_word' id='word_1_482' title='bbox 1761 3028 1989 3071; x_wconf 78' lang='grc' dir='ltr'><em>δεισιδαι-</em></span> 
     </span>
     <span class='ocr_line' id='line_1_86' title="bbox 1106 3085 1983 3142; baseline 0.003 -12"><span class='ocrx_word' id='word_1_483' title='bbox 1106 3087 1270 3142; x_wconf 80' lang='grc' dir='ltr'><strong><em>μόνως</em></strong></span> <span class='ocrx_word' id='word_1_484' title='bbox 1319 3091 1402 3130; x_wconf 81' lang='grc' dir='ltr'>καὶ</span> <span class='ocrx_word' id='word_1_485' title='bbox 1449 3089 1717 3142; x_wconf 77' lang='grc' dir='ltr'><em>ψοφοδεῶς</em></span> <span class='ocrx_word' id='word_1_486' title='bbox 1768 3085 1881 3140; x_wconf 60' lang='grc' dir='ltr'><strong><em>ἔχω.</em></strong></span> <span class='ocrx_word' id='word_1_487' title='bbox 1939 3117 1983 3121; x_wconf 89' lang='lat'>—</span> 
     </span>
     <span class='ocr_line' id='line_1_87' title="bbox 1106 3153 1989 3206; baseline 0.002 -14"><span class='ocrx_word' id='word_1_488' title='bbox 1106 3164 1214 3192; x_wconf 85' lang='lat' dir='ltr'>unus</span> <span class='ocrx_word' id='word_1_489' title='bbox 1250 3153 1496 3205; x_wconf 84' lang='lat' dir='ltr'>Multorum]</span> <span class='ocrx_word' id='word_1_490' title='bbox 1540 3154 1770 3205; x_wconf 85' lang='lat' dir='ltr'>«adeoque</span> <span class='ocrx_word' id='word_1_491' title='bbox 1800 3154 1989 3206; x_wconf 84' lang='lat' dir='ltr'>popula-</span> 
     </span>
     <span class='ocr_line' id='line_1_88' title="bbox 1108 3214 1988 3267; baseline 0.002 -14"><span class='ocrx_word' id='word_1_492' title='bbox 1108 3214 1232 3256; x_wconf 89' lang='lat' dir='ltr'>ribus</span> <span class='ocrx_word' id='word_1_493' title='bbox 1284 3215 1672 3267; x_wconf 87' lang='lat' dir='ltr'>superstitionibus</span> <span class='ocrx_word' id='word_1_494' title='bbox 1729 3216 1988 3256; x_wconf 76' lang='lat' dir='ltr'>obnoxius.»</span> 
     </span>
     <span class='ocr_line' id='line_1_89' title="bbox 1113 3277 1992 3329; baseline -0.002 -13"><span class='ocrx_word' id='word_1_495' title='bbox 1113 3277 1203 3317; x_wconf 82' lang='lat' dir='ltr'>Cic,</span> <span class='ocrx_word' id='word_1_496' title='bbox 1242 3277 1362 3316; x_wconf 89' lang='lat' dir='ltr'>Brut.</span> <span class='ocrx_word' id='word_1_497' title='bbox 1401 3277 1481 3326; x_wconf 80' lang='lat'>79,</span> <span class='ocrx_word' id='word_1_498' title='bbox 1529 3277 1634 3318; x_wconf 75' lang='lat'>274:</span> <span class='ocrx_word' id='word_1_499' title='bbox 1683 3277 1757 3329; x_wconf 82' lang='lat' dir='ltr'>(M.</span> <span class='ocrx_word' id='word_1_500' title='bbox 1792 3277 1992 3327; x_wconf 82' lang='lat' dir='ltr'>Calidius)</span> 
     </span>
     <span class='ocr_line' id='line_1_90' title="bbox 1110 3340 1987 3390; baseline -0.002 -11"><span class='ocrx_word' id='word_1_501' title='bbox 1110 3351 1194 3379; x_wconf 86' lang='lat' dir='ltr'>non</span> <span class='ocrx_word' id='word_1_502' title='bbox 1221 3340 1303 3390; x_wconf 82' lang='lat' dir='ltr'>fuit</span> <span class='ocrx_word' id='word_1_503' title='bbox 1331 3344 1481 3379; x_wconf 84' lang='lat' dir='ltr'>orator</span> <span class='ocrx_word' id='word_1_504' title='bbox 1497 3351 1606 3379; x_wconf 83' lang='lat' dir='ltr'>unus</span> <span class='ocrx_word' id='word_1_505' title='bbox 1625 3351 1646 3380; x_wconf 90' lang='lat' dir='ltr'>e</span> <span class='ocrx_word' id='word_1_506' title='bbox 1663 3340 1815 3379; x_wconf 82' lang='lat' dir='ltr'>multis.</span> <span class='ocrx_word' id='word_1_507' title='bbox 1860 3341 1987 3378; x_wconf 87' lang='lat' dir='ltr'>Tusc.</span> 
     </span>
     <span class='ocr_line' id='line_1_91' title="bbox 1113 3402 1993 3451; baseline -0.001 -11"><span class='ocrx_word' id='word_1_508' title='bbox 1113 3402 1158 3450; x_wconf 88' lang='grc'>4,</span> <span class='ocrx_word' id='word_1_509' title='bbox 1205 3402 1251 3451; x_wconf 86' lang='grc'>9,</span> <span class='ocrx_word' id='word_1_510' title='bbox 1300 3402 1374 3441; x_wconf 81' lang='grc'>47;</span> <span class='ocrx_word' id='word_1_511' title='bbox 1423 3406 1470 3441; x_wconf 90' lang='lat' dir='ltr'>ut</span> <span class='ocrx_word' id='word_1_512' title='bbox 1511 3402 1781 3441; x_wconf 82' lang='lat' dir='ltr'>homunculus</span> <span class='ocrx_word' id='word_1_513' title='bbox 1820 3411 1928 3440; x_wconf 88' lang='lat' dir='ltr'>unus</span> <span class='ocrx_word' id='word_1_514' title='bbox 1972 3411 1993 3440; x_wconf 88' lang='lat' dir='ltr'>e</span> 
     </span>
     <span class='ocr_line' id='line_1_92' title="bbox 1111 3462 1995 3512; baseline -0.002 -9"><span class='ocrx_word' id='word_1_515' title='bbox 1111 3463 1264 3503; x_wconf 84' lang='lat' dir='ltr'>multis.</span> <span class='ocrx_word' id='word_1_516' title='bbox 1309 3463 1364 3503; x_wconf 88' lang='lat' dir='ltr'>de</span> <span class='ocrx_word' id='word_1_517' title='bbox 1409 3463 1529 3503; x_wconf 85' lang='lat' dir='ltr'>Osfic.</span> <span class='ocrx_word' id='word_1_518' title='bbox 1579 3465 1626 3512; x_wconf 96' lang='grc'>4,</span> <span class='ocrx_word' id='word_1_519' title='bbox 1672 3462 1746 3509; x_wconf 90' lang='grc'>30,</span> <span class='ocrx_word' id='word_1_520' title='bbox 1796 3462 1897 3502; x_wconf 89' lang='grc'>409;</span> <span class='ocrx_word' id='word_1_521' title='bbox 1948 3466 1995 3502; x_wconf 86' lang='lat' dir='ltr'>ut</span> 
     </span>
     <span class='ocr_line' id='line_1_93' title="bbox 1111 3524 1994 3564; baseline 0.001 -1"><span class='ocrx_word' id='word_1_522' title='bbox 1111 3535 1219 3563; x_wconf 80' lang='lat' dir='ltr'>unus</span> <span class='ocrx_word' id='word_1_523' title='bbox 1258 3525 1307 3564; x_wconf 86' lang='lat' dir='ltr'>de</span> <span class='ocrx_word' id='word_1_524' title='bbox 1340 3525 1481 3564; x_wconf 81' lang='lat' dir='ltr'>multis</span> <span class='ocrx_word' id='word_1_525' title='bbox 1516 3535 1599 3564; x_wconf 88' lang='lat' dir='ltr'>esse</span> <span class='ocrx_word' id='word_1_526' title='bbox 1631 3524 1837 3563; x_wconf 80' lang='lat' dir='ltr'>videatur.</span> <span class='ocrx_word' id='word_1_527' title='bbox 1907 3525 1994 3564; x_wconf 88' lang='lat' dir='ltr'>Lu-</span> 
     </span>
    </p>
   </div>
  </div>
 </body>
</html>
