2231 3787
204 217 296 269 116

822 217 1034 256 11011ΛΤ11
1065 218 1365 259 sATlRARUM

264 349 435 401 Causa
476 348 566 399 l'uit
605 356 755 417 pater
792 347 899 402 his.
944 348 1034 415 (101
1075 364 1254 400 macro
1295 364 1500 417 pauper
1542 346 1712 417 agello

260 448 434 501 Noluit
474 449 522 499 in
565 447 703 500 Flavi
746 447 931 501 ludum
970 466 1053 501 1110
1094 449 1323 504 mittere,
1366 449 1540 518 magni

260 552 377 614 Quo
418 550 570 620 pueri
611 550 817 619 magnis
856 568 885 602 0
927 549 1329 602 00011111011111115
1370 550 1498 609 orti,

256 653 431 704 Laevo
472 652 719 721 suspensi
759 650 961 703 luculos
1021 650 1363 719 tabulamque
1404 649 1632 703 lace-rto.

260 752 407 806 Ibant
448 752 653 805 octonis
695 753 987 805 reserentes
1028 751 1209 803 Idibus
1250 768 1399 804 acra:

294 910 358 949 73.
395 910 429 960 e]
463 915 497 948 ct
530 922 569 960 p.
609 931 654 936 —
691 909 754 947 75.
790 908 964 947 octobris
994 919 1105 947 corr.
1143 907 1168 947 d
1204 908 1371 956 (octonis
1399 919 1465 959 pr.
1501 909 1559 958 d).

182 1029 295 1066 hane
327 1023 578 1078 ἀσέλγειαν
608 1025 888 1075 potissimum
924 1024 1062 1063 utitur

183 1089 383 1141 ἐπιθέτῳ
416 1089 541 1126 mala.
581 1110 623 1114 -
658 1086 730 1138 his]
769 1087 951 1126 «harum
987 1097 1062 1126 re-

182 1162 303 1193 runi.
339 1151 496 1189 harum
527 1149 783 1187 1111111001.»
816 1151 973 1188 Aenos.
1011 1170 1057 1176 -—-

184 1213 318 1264 Flavi]
352 1210 583 1250 «videlicet
614 1211 731 1250 11000
763 1209 956 1250 Flavium
987 1221 1063 1250 ca—

183 1274 442 1314 thedrarum
483 1273 713 1312 doctorem
755 1272 809 1322 (id
852 1276 939 1320 est,
973 1271 1063 1311 ludi

183 1337 455 1387 magistrum)
503 1336 685 1375 fuisse.»
738 1337 892 1374 Ponpn.
955 1336 1062 1374 Toto

183 1398 279 1438 loco
320 1399 538 1448 significat
583 1397 799 1437 Venusiae
842 1408 928 1435 0011
973 1399 1062 1435 tam

184 1460 350 1500 litteras
383 1471 518 1510 quain
549 1460 876 1507 arithmeticen,
912 1460 1062 1509 utpote

183 1523 238 1561 ad
282 1522 417 1560 1110111
459 1520 632 1560 civilem
675 1524 854 1572 praeter
891 1522 1063 1560 ceteras

183 1587 300 1624 artes
331 1584 655 1630 necessariam,
705 1583 854 1622 doceri
891 1581 1064 1622 solitam

188 1656 304 1685 esse.
368 1644 452 1684 Csr.
488 1647 536 1683 A.
572 1646 615 1683 P.
641 1645 734 1683 325.
798 1645 912 1683 Scite
946 1644 991 1683 C.
1017 1644 1060 1682 F.

186 1708 467 1747 Hermannus
500 1707 541 1745 in
572 1708 723 1756 Progr.
757 1705 895 1746 Mai-b.
940 1705 1060 1745 4838.

184 1780 227 1820 p.
260 1769 338 1807 522:
376 1767 541 1807 «Facile
573 1769 716 1818 patior
736 1768 1064 1807 Venusinorum

189 1829 410 1878 scholam,
460 1829 638 1880 qualem
683 1831 886 1870 Horatius
930 1830 1060 1878 vidit,

187 1903 275 1932 000
325 1891 533 1931 deteriori
589 1892 847 1931 condicione
898 1892 1061 1940 fuisse,

188 1966 324 2006 quam
366 1953 483 1993 illam
528 1955 568 1994 in
599 1955 830 2005 Apennino
875 1955 918 1994 in
956 1953 1065 1993 Villa

188 2017 364 2064 Martis,
416 2016 491 2055 uhi
536 2015 710 2056 duobus
755 2015 915 2057 seculis
964 2018 1067 2068 post

190 2078 367 2119 Helvius
398 2080 622 2124 Pertinax,
665 2081 707 2118 et
737 2080 829 2130 ipse
862 2078 1065 2118 libertino

187 2143 311 2192 patre
343 2143 492 2189 natus,
525 2140 679 2181 litteris
702 2139 999 2180 elementariis
1024 2142 1069 2180 et

189 2201 356 2242 calculo
386 2202 582 2242 imbutus
613 2213 712 2242 esse
740 2202 911 2242 dicitur.
975 2201 1064 2242 Cfr.

191 2263 267 2304 Iul.
304 2263 485 2315 Capitol.
519 2265 722 2303 Pertinax
753 2266 819 2304 4.»
856 2288 899 2292 —
922 2264 1069 2314 maqni

191 2348 213 2354 -
236 2326 373 2377 pueri]
407 2336 544 2376 «quos
577 2325 906 2376 quodammodo
929 2325 1071 2376 suspi-

192 2388 367 2428 ciebant
398 2388 645 2439 municipes
676 2387 798 2435 ideo,
838 2386 957 2438 quod
988 2386 1070 2426 orti

193 2453 317 2490 erant
349 2461 372 2488 e
405 2448 758 2497 centurionibus,
792 2449 917 2497 viris,
951 2450 997 2488 ut
1026 2449 1069 2487 in

194 2510 400 2563 oppidulo
432 2509 524 2559 illo,
569 2510 696 2551 claris
727 2513 860 2562 atque
892 2509 1071 2550 illustri-

194 2574 320 2614 bus.»
356 2574 479 2623 (Satis
510 2575 659 2613 tamen
691 2574 982 2624 contemptim
1015 2574 1070 2612 de

195 2637 245 2676 iis
288 2635 482 2685 loquitur
529 2635 706 2674 Persius
752 2636 838 2673 Sat.
877 2635 930 2683 3,
987 2636 1067 2673 77:

196 2698 348 2747 aliquis
372 2697 419 2735 de
438 2700 555 2746 901110
584 2696 747 2735 hircosa
767 2697 1069 2736 centurionum.

196 2761 235 2806 5,
271 2758 371 2797 489:
404 2757 576 2796 Dixeris
596 2758 697 2796 haec
726 2758 833 2796 inter
860 2759 1072 2797 varicosos

195 2819 487 2869 centuriones.)
531 2842 573 2846 —
611 2819 811 2870 suspensi]
847 2816 1072 2876 «ἐξηρτη-

196 2883 349 2934 μένοι,
380 2882 453 2931 qui
481 2880 564 2920 sibi
590 2880 926 2932 suspendebant
946 2880 1070 2921 laevo

196 2943 380 2983 brachio
400 2942 570 2989 coculos,
606 2953 762 2994 capsas
785 2941 1068 2992 calculorum,

199 3005 360 3056 quibus
410 3003 647 3043 utebantur
696 3005 737 3043 in
788 3004 1073 3045 conficiendis

198 3066 442 3107 rationibus
474 3077 494 3104 a
535 3065 623 3105 ludi
661 3067 870 3117 magistro
909 3077 1075 3118 propo-

199 3130 335 3170 sitis.»
384 3130 509 3168 Hunc
539 3139 718 3168 versum
754 3129 906 3169 1051110
939 3140 1074 3181 repe-

199 3191 250 3230 tit
277 3190 386 3243 Epp.
411 3191 427 3229 1
451 3222 459 3239 ,
494 3191 537 3235 1,
571 3190 637 3230 56.
666 3213 709 3218 -
734 3190 933 3240 tabulam]
959 3189 1075 3230 «cal-

201 3250 478 3298 culatoriam,
522 3250 563 3289 in
595 3261 681 3300 qua
713 3253 754 3290 et
794 3251 1074 3291 characteres

200 3313 499 3353 arithmeticos
545 3311 755 3351 notabant
799 3314 842 3351 et
885 3311 1074 3354 calculos

202 3374 405 3414 ordinare
437 3373 712 3415 discebant.»
765 3374 901 3414 Comi.
943 3375 1071 3420 Caco.

202 3436 494 3488 (Rerhenbret.)
548 3436 717 3487 Optime
750 3436 804 3476 (10
835 3436 902 3476 1115
934 3435 1077 3476 calcu-

977 3570 1001 3594 t

1127 1023 1176 1063 lis
1220 1023 1455 1076 tabulaque
1501 1025 1738 1076 disputavit
1782 1028 2005 1078 Boettiger

1125 1087 1255 1126 hletae
1299 1088 1504 1138 Schriften
1539 1089 1607 1127 111.
1646 1100 1689 1140 p.
1724 1090 1779 1137 5,
1813 1089 1837 1129 9
1875 1100 2003 1141 seqq.

1126 1150 1266 1189 Minus
1297 1151 1417 1188 recte
1459 1151 1653 1189 Diintzer
1683 1153 1814 1202 negat
1855 1149 2006 1191 calcu-

1126 1209 1190 1251 los
1213 1212 1375 1250 Horatii
1398 1211 1673 1263 temporibus
1692 1213 1733 1251 in
1755 1222 1839 1252 usu
1855 1213 2004 1261 fuisse,

1126 1273 1167 1311 id
1201 1273 1321 1322 quod
1351 1274 1458 1313 satis
1483 1274 1699 1313 refutatur
1720 1276 2008 1314 monumento

1128 1334 1396 1385 Capitolino,
1447 1334 1661 1386 explicato
1704 1347 2007 1387 expressoque

1127 1408 1151 1435 a
1183 1397 1448 1447 Boettigero.
1485 1396 1647 1436 Confer
1675 1399 1828 1437 Iuven.
1854 1398 1893 1447 9,
1926 1397 1971 1439 41
1996 1412 2004 1437 ;

1125 1463 1313 1508 ponatur
1359 1460 1543 1498 calculus
1559 1471 1571 1506 ,·
1616 1461 1754 1499 adsint
1796 1460 1898 1500 Cum
1941 1464 2010 1500 ια-

1128 1522 1224 1560 bula
1261 1522 1400 1571 pueri.
1474 1524 1616 1572 Atque
1667 1522 1779 1562 haec
1823 1522 2007 1573 quidem

1126 1583 1315 1634 volgaris
1374 1586 1441 1624 est
1501 1583 1744 1635 explicatio.
1841 1585 2010 1625 Verum

1127 1645 1255 1696 longe
1278 1644 1510 1685 meliorem
1531 1657 1693 1686 censeo
1722 1657 1844 1696 eam,
1874 1658 2010 1698 quam

1129 1708 1170 1748 in
1216 1710 1364 1758 Progr.
1412 1707 1632 1758 Marburg.
1683 1708 1803 1749 4838.
1846 1719 1890 1760 p.
1939 1708 2006 1750 34.

1129 1769 1251 1810 dedit
1299 1770 1346 1809 C.
1406 1771 1448 1809 F.
1506 1770 1786 1810 Hermannus
1834 1769 2008 1819 dicens,

1128 1834 1250 1871 recte
1282 1830 1478 1871 tabulam
1503 1831 1620 1872 illam
1645 1844 1670 1872 a
1691 1831 1931 1873 Scholiasta
1953 1833 2012 1873 ad

1130 1893 1354 1934 scribendi
1394 1893 1730 1934 meditationem
1770 1895 1926 1935 referri
1967 1898 2012 1936 et

1128 1956 1281 1995 loculos
1310 1955 1557 2005 significare
1589 1956 1734 2006 potius
1768 1955 2009 1997 «librorum

1131 2017 1475 2067 chartarumque
1509 2019 1553 2056 et
1583 2017 1666 2057 stili
1701 2019 2009 2069 repositoria.»

1130 2080 1286 2118 Totum
1304 2077 1452 2117 locum
1470 2078 1676 2119 dabimus
1695 2080 1738 2118 in
1757 2081 1956 2120 Excursu
1976 2082 2008 2121 Ι.

1188 2141 1255 2180 75.
1302 2140 1421 2179 Ibant
1451 2142 1607 2180 octonis
1649 2142 1753 2191 001.]
1800 2141 2012 2194 «Singulis

1131 2201 1281 2242 Idibus
1332 2202 1542 2252 magistro
1588 2202 1834 2243 afferebant
1881 2215 2013 2245 men-

1133 2266 1302 2304 struam
1323 2264 1607 2313 mercedem,
1639 2260 1695 2304 τὸ
1717 2263 2009 2324 ὁίόακτρον.»

1134 2328 1215 2365 Pro
1246 2326 1419 2377 sinyulis
1449 2326 1554 2366 dixit
1574 2329 1748 2377 octonis,
1787 2329 1888 2380 quia
1909 2329 2012 2370 Idus

1133 2398 1289 2427 omnes
1309 2388 1352 2427 in
1374 2390 1580 2428 octavum
1600 2393 1701 2441 post
1725 2392 1872 2431 Nonas
1894 2391 2013 2432 diem

1133 2449 1356 2499 incidunt,
1403 2451 1516 2499 sive,
1564 2453 1611 2490 ut
1649 2452 1709 2491 ait
1746 2452 2010 2503 Lambinus,

1133 2511 1292 2551 Iduum
1330 2512 1424 2552 dies
1460 2515 1562 2552 sunt
1600 2516 1714 2553 0010.
1750 2537 1797 2543 -
1828 2515 2014 2567 referen-

1135 2573 1214 2624 tes]
1263 2573 1470 2624 «singulis
1515 2575 1748 2616 mensibus
1791 2587 1843 2616 ex
1887 2587 2013 2617 more

1135 2646 1289 2675 rursus
1321 2635 1578 2684 ferentes;»
1626 2638 1708 2677 nisi
1737 2649 1844 2677 vero
1875 2637 2014 2690 expli-

1136 2707 1237 2736 care
1268 2699 1483 2748 praestat:
1520 2709 1625 2749 «pro
1652 2710 1788 2750 opera
1820 2701 1863 2740 in
1883 2701 2016 2741 arith—

1135 2760 1297 2799 metica
1347 2760 1598 2811 ceterisque
1648 2761 1880 2803 elementis
1930 2763 2014 2803 do-

1137 2821 1289 2861 cendis
1327 2821 1538 2862 collocata
1579 2824 1627 2861 ut
1665 2822 1862 2864 debitam
1892 2835 2014 2865 mer-

1137 2883 1295 2923 cedem
1338 2883 1530 2923 serentes
1574 2885 1827 2935 magistro.»
1892 2887 2014 2926 Hanc

1138 2947 1257 2984 enim
1288 2944 1425 2984 debiti
1447 2945 1673 2986 notionem
1694 2948 1738 2987 in
1758 2948 1853 2999 ipso
1876 2947 2014 2989 verbo

1136 3008 1312 3058 referre,
1361 3009 1409 3046 ut
1446 3008 1490 3047 in
1535 3003 1819 3067 ἀποφέρειν,
1866 3012 2012 3061 recte,

1139 3070 1186 3107 ut
1214 3070 1345 3119 put0,
1380 3069 1525 3109 inesse
1559 3073 1714 3111 censet
1743 3072 1790 3112 C.
1825 3073 1868 3111 F.
1902 3073 2016 3112 Her-

1138 3141 1340 3170 mannus.
1418 3132 1536 3171 Hace
1581 3135 1732 3173 autem
1779 3132 2015 3185 simplicis-

1139 3193 1246 3231 sima
1296 3194 1362 3232 est
1402 3193 1702 3245 interpretatio
1743 3193 1827 3234 loci
1857 3195 2015 3236 admo-

1140 3253 1245 3294 dum
1268 3255 1557 3305 controversi,
1583 3267 1635 3296 ac
1655 3257 1891 3307 propterea
1914 3268 2014 3298 eam

1139 3316 1180 3354 in
1228 3317 1556 3358 Commentario
1599 3317 1768 3369 reliqui.
1847 3319 2015 3360 Verum

1139 3375 1265 3427 longe
1311 3377 1462 3428 aliam,
1515 3381 1558 3419 et
1599 3380 1871 3430 ingeniosam
1916 3381 2015 3431 qui-

1141 3437 1268 3487 dem,
1304 3439 1350 3479 C.
1384 3441 1426 3479 F.
1462 3441 1723 3490 Hermanni,
1765 3442 1832 3480 cui
1865 3442 2012 3481 tamen
