2231 3787
213 290 314 342 316

846 291 1057 330 llORATII
1089 290 1391 330 SATIRARUM

282 423 359 474 De
400 439 457 474 re
498 421 764 474 communi
807 421 1015 475 scribae
1055 438 1246 492 magna
1284 429 1444 491 atque
1484 435 1622 471 nova
1660 426 1710 470 tc

282 523 522 578 Orabant
558 523 718 576 hodie
760 523 1122 585 meminisseS,
1166 522 1381 586 Quinte,
1425 520 1636 573 reverti.

281 626 553 697 lmprimat
591 625 702 683 his,
746 642 892 685 cura,
941 626 1223 678 Maecenas
1263 623 1414 694 signa
1452 621 1677 676 tabellis.

279 728 514 782 Dixeris.
559 727 837 798 Experiar:
881 726 934 779 Si
975 726 1077 787 vis,
1120 734 1298 796 poteS‚
1341 724 1489 778 addit
1525 733 1577 778 et
1615 725 1785 777 instat.

280 830 548 901 Septimus
588 837 777 882 octavo
816 827 1037 898 propior
1076 827 1180 880 iam
1220 827 1413 898 sugerit
1451 843 1640 885 annus,

1957 827 2024 882 40

206 1029 351 1079 ipsum
396 1024 546 1066 Puteal
591 1027 732 1077 posita
777 1029 893 1074 erat,
941 1024 1080 1065 forma
1145 1026 1229 1065 hoc
1261 1025 1406 1076 ipsum
1442 1024 1720 1066 aditioribus
1754 1028 1801 1065 ut
1837 1025 2025 1066 libertino

207 1089 452 1129 exhibetur.
490 1088 731 1128 Dicebatur
751 1090 901 1128 autem
920 1088 1078 1136 Puteal,
1140 1094 1267 1139 patre
1307 1092 1433 1128 natus
1475 1089 1518 1127 et
1560 1089 1696 1128 scriba
1745 1088 2027 1130 derideretur

207 1152 307 1202 quia
351 1152 444 1190 seri
487 1149 675 1202 putealis
721 1149 1079 1207 (περιστομὶου,

203 1212 686 1264 Brunneneinfassuny),
749 1213 891 1264 saepti
948 1214 1082 1265 puteo

207 1275 490 1324 circumdati,
523 1275 720 1315 habebat
738 1276 927 1315 formam
949 1278 1082 1327 atque

206 1339 262 1378 ad
293 1349 392 1378 eam
422 1349 521 1377 rem
551 1338 820 1379 destinatum
861 1340 980 1387 erat,
1027 1350 1081 1378 ne

205 1400 330 1441 locus
361 1412 510 1450 sacer,
549 1401 591 1440 in
623 1412 711 1451 quo
743 1400 945 1452 fulgurita
976 1412 1084 1441 con—

207 1463 295 1503 dita
317 1465 485 1513 essent,
518 1464 749 1503 hominum
771 1475 958 1504 accessu
978 1475 1084 1516 pro-

206 1527 445 1566 fanaretur.
506 1527 618 1565 Fecit
655 1528 804 1566 autem
844 1528 1084 1567 Scribonius

205 1589 311 1629 Libo
334 1588 509 1639 aliquis,
542 1590 609 1628 cui
638 1590 848 1640 neyotium
877 1591 1022 1629 clatum
1056 1602 1084 1629 a

204 1656 349 1691 senatu
377 1651 540 1701 fuerat,
573 1655 620 1690 ut
647 1653 910 1701 conquireret
929 1652 1082 1692 sacella

204 1718 386 1761 attacta,·
402 1735 421 1742 -
435 1736 452 1742 -
462 1725 620 1764 semper
637 1715 844 1766 foramine
859 1715 914 1755 ibi
936 1720 1081 1765 aperto

204 1778 363 1817 caelum
388 1781 517 1827 patet.
581 1778 733 1817 FEsms
764 1777 879 1819 Mull.
912 1789 955 1829 p.
984 1776 1077 1817 333.

204 1840 248 1878 in
277 1851 319 1877 κ’.
342 1838 675 1878 Scribonianum.
737 1840 924 1888 «Puteal,
958 1839 1081 1880 locus

204 1904 394 1950 Romae,
428 1901 485 1940 ad
516 1912 651 1952 quem
674 1901 1001 1942 conveniebant
1021 1902 1083 1941 fe-

205 1967 449 2006 neratores.
499 1964 580 2005 Alii
610 1965 782 2014 dicunt,
816 1965 860 2004 in
891 1976 978 2016 quo
1010 1966 1084 2004 tri-

204 2027 340 2068 bunal
362 2027 534 2068 solebat
555 2039 654 2069 esse
677 2029 939 2080 praetoris.»
977 2030 1079 2069 Aca.

204 2091 301 2131 Vid.
335 2091 543 2142 Dezobry
580 2092 842 2141 Description
878 2092 926 2131 de
958 2092 1083 2132 Rome

206 2152 263 2193 n0.
290 2154 381 2194 4⁵28.
413 2175 459 2182 —
490 2153 662 2205 adesses]
693 2153 749 2193 ad
778 2155 1080 2194 testimonium

206 2215 460 2255 dicendum.
496 2216 580 2255 Cfr.
603 2217 690 2256 Cic.
716 2227 798 2268 pro
821 2217 1021 2264 Quinctio
1039 2217 1077 2256 6.

259 2278 325 2318 36.
351 2278 416 2317 37.
450 2280 512 2318 De
541 2290 588 2318 re
607 2279 815 2318 communi
845 2279 946 2331 cet]
979 2280 1083 2319 Post

206 2341 347 2380 aciem
377 2341 705 2393 Philippensem
736 2342 959 2391 Horatms,
994 2352 1081 2393 quo

206 2415 252 2444 se
296 2404 560 2455 patrimonio
604 2405 796 2444 maxima
850 2416 903 2444 ex
955 2406 1080 2456 parte

205 2465 442 2517 spoliatum
498 2469 790 2516 sustentaret,
865 2468 1080 2520 scriptum

205 2530 509 2579 quaestorium
559 2531 863 2581 compararat3
921 2541 1080 2569 verum

205 2590 260 2630 ab
310 2592 396 2631 hoc
440 2591 739 2642 quaesticulo,
790 2594 837 2632 ut
879 2592 1077 2641 videtur,

205 2655 380 2694 circiter
410 2666 450 2694 a.
483 2667 527 2694 3.
560 2666 596 2694 c.
627 2655 720 2694 747.
751 2656 839 2695 iam
876 2665 976 2695 sese
1006 2666 1080 2694 re-

204 2720 426 2766 moverat,
461 2728 563 2756 cum
593 2718 808 2769 scriptum
828 2718 948 2757 hunc
971 2716 1076 2767 (sic),

204 2781 253 2818 ut
281 2779 511 2830 probabile
543 2782 633 2829 est,
666 2780 953 2820 vendidisset.
990 2779 1076 2820 Cfr.

206 2840 348 2881 Schol.
385 2843 535 2881 lux-en.
579 2844 628 2891 5,
676 2842 714 2882 3.
788 2841 1079 2882 Nihilominus

206 2902 378 2944 scribae
415 2906 594 2954 poetam
626 2903 819 2955 collegae
860 2904 957 2944 loco
997 2905 1079 2943 ha-

206 2966 313 3006 bere
343 2968 580 3016 pergentes
612 2977 715 3006 eum
744 2966 967 3006 interdum
997 2966 1079 3006 ad-

206 3027 447 3075 vocabant,
480 3027 556 3067 3111
588 3028 642 3068 de
674 3028 809 3069 rebus
830 3029 885 3068 ad
906 3039 953 3068 se
974 3040 1080 3080 per—

206 3090 446 3131 tinentibus
468 3091 787 3139 consultarent,
822 3102 909 3142 quo
930 3093 1080 3143 postu-

206 3152 287 3192 lata
335 3164 437 3200 sua,
489 3151 558 3192 illo
608 3153 725 3204 apud
774 3155 1079 3194 Maecenatem

205 3215 537 3263 intercedente,
591 3214 759 3255 facilius
808 3215 1075 3255 obtinerent.

207 3279 375 3318 Festive
397 3280 547 3317 autem
572 3277 656 3317 hoc
678 3277 851 3317 scribae
875 3289 1075 3325 munere,

207 3340 326 3391 quod
363 3341 475 3380 inter
505 3340 704 3379 tenuiora
735 3342 850 3388 erat,
897 3339 999 3379 olim
1031 3351 1078 3380 se

208 3403 405 3442 functum
426 3413 526 3443 esse
549 3404 679 3453 atque
704 3403 956 3442 etiamnunc
977 3402 1077 3442 inde

207 3477 253 3505 se
302 3464 553 3505 molestiam
608 3465 784 3506 trahere
836 3465 1075 3517 significat,

206 3538 387 3577 prorsus
431 3538 639 3569 securus,
698 3529 845 3567 utrum
896 3529 1079 3579 propter

1147 1163 1306 1192 necne.
1366 1150 1527 1190 Verbis
1549 1152 1597 1191 cle
1624 1163 1671 1191 re
1690 1153 1898 1192 communi
1925 1156 2026 1194 ute-

1147 1215 1311 1254 bantur
1355 1212 1466 1253 alter
1510 1213 1698 1254 alterum
1739 1216 2025 1255 attentiorem

1147 1277 1376 1318 reddituri.
1438 1277 1507 1316 Sic
1525 1276 1663 1317 Plaut.
1687 1277 1782 1318 Aul.
1807 1279 1854 1328 2,
1878 1280 1924 1329 2,
1947 1280 2022 1320 22:

1147 1345 1205 1379 est
1235 1340 1343 1390 quod
1373 1343 1411 1379 te
1438 1339 1529 1378 volo
1558 1341 1622 1379 De
1641 1342 1848 1381 communi
1876 1354 1923 1382 re
1944 1354 2025 1393 ap-

1143 1404 1304 1453 pellare
1330 1414 1424 1442 mea
1453 1406 1490 1442 et
1525 1406 1614 1442 tua.
1653 1425 1696 1430 —
1731 1404 1912 1455 scribae]
1959 1406 2022 1445 De

1148 1465 1305 1506 scribis
1336 1475 1583 1515 eorumque
1616 1465 1807 1506 decuriis
1829 1466 1906 1506 cfr.
1931 1467 2020 1507 Cic.

1146 1529 1271 1568 Verr.
1296 1529 1400 1567 Acc.
1426 1526 1474 1573 3,
1500 1527 1565 1566 49.
1607 1528 1827 1580 Inscriptt.
1852 1531 2020 1570 m.Lat.

1146 1592 1190 1631 in
1232 1590 1397 1630 Indice.
1463 1589 1633 1630 Weber
1675 1591 1719 1630 in
1762 1593 1869 1632 Iahn
1911 1594 2026 1634 Neue

1144 1653 1288 1693 Jahrb.
1324 1653 1392 1692 IX.
1427 1653 1626 1703 Supplbd.
1658 1665 1702 1705 p.
1727 1655 1794 1695 78.
1832 1679 1876 1684 —
1913 1657 2025 1697 Ora-

1146 1715 1257 1766 bcmt]
1298 1716 1440 1755 Etiam
1477 1716 1563 1755 hoc
1599 1716 1789 1758 verbum
1827 1719 1933 1759 satis
1963 1721 2025 1760 si-

1147 1779 1325 1831 gnificat
1353 1779 1583 1819 Horatium
1611 1791 1701 1820 non
1722 1781 1809 1821 iam
1830 1782 2024 1822 scribam

1147 1843 1299 1883 fuisse.
1361 1842 1493 1881 Recte
1517 1842 1636 1882 enim
1657 1844 1852 1883 Diintzer
1871 1847 2025 1885 monet

1147 1905 1313 1953 omnia,
1347 1915 1461 1955 quae
1491 1915 1573 1955 per
1602 1905 1645 1944 h.
1669 1904 1697 1945 l.
1717 1909 2025 1947 memorentur

1147 1968 1287 2007 aliena
1315 1967 1506 2018 neqotia,
1559 1967 1691 2007 officii
1730 1969 1886 2018 fuisse,
1935 1982 2023 2010 non

1146 2029 1312 2082 proprii
1343 2030 1476 2080 atque
1508 2030 1617 2068 certi
1657 2033 1871 2072 muneris.
1923 2032 2024 2084 (Ge-

1144 2092 1434 2145 fdlliykeiteiz.)
1455 2116 1498 2120 —-
1522 2093 1682 2146 Quinte]
1706 2095 1857 2135 Semet
1877 2096 2023 2147 ipsum

1146 2154 1368 2207 appellare
1397 2154 1574 2194 videtur
1603 2156 1826 2205 Horatius,
1861 2158 1903 2197 in
1925 2168 2024 2198 me-

1146 2218 1336 2257 moriam
1376 2217 1460 2258 sibi
1496 2228 1714 2259 revocans
1753 2218 2023 2271 collegarum

1147 2281 1385 2331 negotium.
1448 2279 1651 2331 Plerique
1682 2281 1772 2330 1110,
1813 2283 1861 2321 31
1890 2293 2022 2334 supra

1147 2343 1202 2383 de
1229 2344 1370 2383 Roscii
1394 2353 1548 2391 servo,
1583 2343 1638 2383 de
1662 2343 1912 2384 scribarum
1933 2355 2025 2385 ser-

1145 2416 1199 2445 vo
1238 2406 1453 2456 cogitant,
1502 2406 1571 2445 cui
1613 2417 1773 2458 parum
1818 2409 2025 2447 convenit

1146 2468 1445 2519 praenominis
1483 2469 1725 2520 usurpatio.
1771 2493 1815 2498 —-
1856 2470 2021 2522 reverti]

1147 2542 1326 2571 «rursus
1355 2530 1515 2570 adesse
1546 2531 1589 2570 in
1621 2529 1827 2582 collegio,
1859 2531 1936 2572 ubi
1967 2532 2022 2573 de

1144 2604 1192 2632 re
1224 2593 1345 2643 gravi
1376 2595 1508 2643 atque
1531 2593 1858 2645 inexspectata»
1883 2595 2024 2646 (vide-

1143 2654 1247 2695 licet
1274 2654 1455 2703 scribiS‚
1503 2665 1604 2694 cum
1649 2656 1849 2706 Horatio,
1895 2658 1943 2695 31
1973 2668 2021 2696 re

1143 2729 1250 2757 vera
1281 2718 1396 2766 erat,
1442 2716 1552 2758 levis
1591 2718 1724 2768 atque
1764 2718 1917 2768 exigua
1955 2720 2023 2758 vi-

1146 2780 1341 2828 deretur,
1367 2778 1450 2818 sibi
1470 2781 1619 2819 tamen
1641 2778 1841 2830 molesta)
1862 2791 2023 2831 «quae-

1145 2853 1232 2894 que
1264 2842 1320 2881 ad
1351 2843 1498 2893 ipsum
1529 2851 1708 2892 quoque
1736 2853 1838 2882 cum
1860 2845 2021 2884 ceteris

1143 2905 1409 2956 pertineret,
1462 2902 1804 2943 consultandum
1852 2906 2018 2945 esset.»
2094 2945 2103 2949 -

1191 2966 1330 3006 3839.
1344 2967 1563 3016 Imprimat
1576 2965 1678 3018 cet.]
1691 2967 1782 3007 Hoc
1795 2969 1921 3019 rogat
1935 2969 2023 3008 ter-

1145 3030 1228 3069 tius
1250 3027 1405 3079 aliquis
1434 3029 1570 3068 homo
1600 3029 1869 3079 negotiosus.
1906 3030 2022 3070 Mae-

1145 3102 1278 3131 cenas
1310 3093 1459 3131 autem
1490 3091 1606 3131 circa
1639 3093 1816 3143 tempus
1845 3102 2019 3143 pugnae

1143 3154 1347 3194 Actiacae
1370 3165 1408 3193 a.
1431 3165 1475 3193 3.
1502 3165 1538 3193 0.
1564 3153 1657 3193 723.
1709 3152 1857 3193 1131130
1886 3165 2020 3205 prae-

1144 3217 1283 3256 fectus
1324 3217 1526 3257 Caesaris
1571 3216 1795 3256 Octaviani
1839 3214 2018 3255 anulum

1144 3280 1429 3330 signatorium
1449 3278 1616 3319 habuit.
1664 3279 1815 3319 Mense
1836 3277 2020 3319 demum

1144 3341 1382 3382 Decembri
1413 3342 1603 3392 Agrippa
1628 3341 1667 3380 ei
1697 3340 1928 3381 adiunctus
1951 3342 2020 3381 est

1144 3406 1276 3454 atque
1310 3403 1462 3443 itidem
1493 3401 1671 3443 anulum
1703 3403 1887 3453 accepit.
1939 3403 2018 3442 Dio

1145 3468 1268 3507 Cass.
1291 3467 1335 3506 51
1361 3498 1368 3513 ,
1403 3465 1442 3505 3.
1473 3489 1516 3494 -
1541 3463 1711 3516 tabellis]
1746 3463 1905 3512 Quales
1933 3464 2016 3504 hae

1144 3527 1327 3576 suerint,
1380 3528 1576 3567 divinare
1620 3537 1706 3566 non
1751 3536 2013 3578 possumus:
