2231 3787
182 206 282 259 764

983 207 1197 249 HORATII

252 337 389 392 Celsi
430 344 772 408 praetereunt
812 345 1027 391 austera
1068 344 1315 408 poemata
1352 339 1603 390 Ramnes:

253 441 426 493 Omne
467 438 581 491 tulit
619 446 898 510 punctum,
940 439 1029 508 qui
1071 437 1281 491 miscuit
1316 435 1444 489 utile
1484 435 1627 489 dulci

251 543 530 595 Lectorem
570 539 888 593 delectando
927 538 1239 609 pariterque
1278 536 1574 598 monend03

251 643 348 696 Hic
386 649 556 695 meret
595 657 721 694 aera
759 639 896 692 liber
934 638 1129 702 Sosiis3
1168 637 1255 691 hic
1295 646 1346 691 et
1384 655 1531 691 mare
1571 636 1757 690 transit

1895 636 1997 688 345

252 744 313 796 Et
351 743 567 813 longum
605 749 729 794 noto
770 739 1015 811 scriptori
1057 747 1311 810 prorogat
1350 755 1559 792 aevum.

252 845 383 898 Sunt
420 842 613 896 delicta
651 850 854 903 tamen,
897 840 1095 912 quibus
1135 840 1405 911 ignovisse
1446 839 1697 905 velimus3

250 948 381 999 Nam
401 961 581 1015 neque
604 942 805 997 chorda
823 959 1015 996 sonum
1031 940 1220 1001 reddit,
1240 957 1403 1011 quem
1420 939 1529 993 volt
1545 957 1736 994 manus
1761 949 1813 995 et
1832 958 1998 1003 menS,

252 1046 611 1117 Poscentique
650 1061 869 1115 gravem
907 1060 1172 1114 persaepe
1212 1042 1428 1096 remittit
1466 1049 1708 1106 acutum3

289 1195 382 1237 342.
415 1197 592 1235 Ramnes
620 1194 713 1234 BTc
744 1196 787 1233 et
815 1192 1059 1233 Bentleius:
1092 1203 1230 1232 rames
1260 1191 1313 1240 d,
1346 1192 1548 1232 Rhamnes
1576 1191 1658 1240 bS,
1691 1192 1868 1233 LCtFM.
1898 1216 1942 1222 -

236 1259 329 1299 348.
364 1263 401 1299 et
435 1269 548 1298 nmens
579 1268 666 1297 om.
697 1258 743 1296 B.
779 1280 823 1285 —-
855 1255 949 1296 349.
973 1255 1154 1303 remittit,
1189 1253 1310 1305 quod
1341 1252 1446 1293 nihil
1475 1255 1555 1303 est,
1588 1252 1730 1294 tribus
1760 1265 1783 1294 e
1808 1254 1948 1295 Codd.

182 1383 264 1424 lius
293 1384 353 1432 16,
380 1383 477 1422 487ῑ
512 1382 647 1423 Celsus
667 1384 798 1420 mente
813 1380 1056 1429 Syphace--

176 1444 458 1496 praetereunt]
492 1445 777 1496 «spernunt»
810 1441 992 1483 Martial.
1019 1443 1057 1491 4,

183 1509 251 1557 ⁶25,
275 1509 325 1547 ¹2:
354 1508 500 1558 profer
529 1517 648 1556 opus,
683 1506 799 1555 Quod
818 1516 891 1544 nec
912 1504 1061 1545 Cecro-

177 1571 276 1619 piae
316 1570 511 1609 damnent
546 1569 770 1609 Pandionis
804 1578 941 1617 arces,
978 1567 1062 1606 Nec

182 1632 330 1672 sileant
365 1632 496 1670 nostri
525 1633 968 1681 praetereantque
997 1639 1062 1668 se-

184 1705 265 1733 nes,
293 1717 336 1721 —
362 1694 443 1741 Qui
472 1694 649 1733 Ramnes
678 1693 854 1744 proprie
885 1691 989 1730 dicti
1009 1702 1062 1730 ex

184 1756 408 1795 communi
430 1756 635 1807 opinione
658 1755 839 1803 fuerint,
865 1754 985 1794 disce
1009 1764 1063 1792 ex

185 1818 303 1856 Livio
327 1819 371 1862 4,
405 1818 482 1856 43:
518 1818 740 1856 Centuriae
770 1822 850 1856 tres
881 1817 1064 1864 equitum

183 1877 441 1926 conscriptae
470 1881 577 1916 sunt.
625 1878 875 1916 Ramnenses
904 1877 955 1915 ab
983 1878 1064 1914 Ro—

184 1939 319 1989 mulo,
352 1939 404 1977 ab
428 1939 467 1977 T.
496 1939 610 1977 Tatio
635 1938 824 1978 Titienses
848 1938 1060 1987 appellati.

183 2002 388 2041 Lucerum
407 2001 586 2040 nominis
605 2004 642 2040 et
662 2001 724 2039 ori
728 2001 836 2051 ginis
855 2011 985 2040 causa
1004 2001 1065 2038 in-

185 2067 300 2103 certa
335 2067 404 2103 est.
440 2063 751 2114 (Ramnensium
787 2065 887 2102 ante
924 2064 1064 2103 Osan-

189 2137 318 2174 num,
354 2136 488 2176 quem
526 2125 651 2174 vide,
697 2125 891 2164 edebant
932 2126 1062 2164 etiam

185 2188 304 2239 apud
335 2188 423 2227 Cic.
448 2188 504 2227 de
536 2189 642 2239 Rep.
668 2188 713 2235 ⁵2,
745 2187 830 2236 ⁶20.,
865 2187 946 2227 etsi
979 2187 1065 2226 Co-

186 2250 273 2290 dex
303 2249 490 2301 praebet
518 2249 839 2289 Rhamensinum
860 2251 903 2288 et
924 2260 946 2288 a
970 2260 1060 2289 sec.

185 2323 244 2352 m.
279 2312 540 2352 Rhamnium.
578 2311 699 2351 Conf.
726 2311 968 2350 Schneider
989 2312 1060 2350 Gr.

188 2377 278 2414 Lat.
307 2377 338 2414 I.
368 2386 411 2426 p.
441 2374 553 2424 243.)
590 2397 632 2403 -
668 2375 796 2414 Omne
831 2375 922 2414 tulit
951 2386 1066 2424 pun-

188 2437 312 2489 ctum]
336 2436 510 2477 Anthol.
534 2438 622 2476 Lat.
642 2437 808 2487 Meyeri
831 2438 880 2476 N.
901 2437 996 2485 780,
1016 2436 1061 2476 3:

187 2499 498 2551 Suffrassiorum
533 2503 691 2549 puncta
726 2510 808 2538 non
843 2499 936 2538 tulit
970 2509 1065 2549 sep-

188 2566 280 2602 lem.
328 2561 450 2601 Conf.
476 2562 584 2613 Epp.
612 2563 660 2610 2,
700 2562 746 2610 2,
781 2561 845 2600 99.
885 2564 928 2601 et
962 2561 1065 2612 Epi—

189 2635 387 2675 gramma
434 2625 476 2663 in
517 2623 675 2663 Rufum
715 2623 771 2663 ad
812 2625 899 2663 Sat.
933 2624 979 2672 Q,
1013 2625 1060 2673 2,

190 2687 256 2726 50.
292 2687 496 2726 Huschke
540 2687 855 2738 Vei-fassunq
890 2697 932 2737 p.
966 2686 1060 2726 737.

192 2750 267 2789 Est
296 2750 450 2799 igitur:
494 2750 682 2788 «Omnes
722 2759 824 2787 eum
859 2747 1064 2788 laudibus

190 2810 457 2850 celebrant.»
512 2833 556 2839 ——
608 2810 725 2861 utile]
792 2812 841 2851 Ut
904 2811 1065 2850 nostris

190 2872 489 2924 temporibus,
542 2874 605 2913 sic
655 2874 920 2923 antiquitus,
967 2883 1066 2912 ma-

189 2946 272 2986 gna
318 2937 413 2973 erat
458 2936 788 2980 controversia,
846 2936 1065 2985 quatenus

189 2997 335 3049 poesis
367 3007 452 3035 non
485 2995 627 3036 solum
659 2998 888 3048 proprium
919 2999 962 3036 et
989 3008 1066 3037 su-

191 3069 264 3098 um
296 3069 457 3098 munus
480 3058 722 3105 conficere,
755 3069 908 3098 verum
932 3059 1065 3097 etiam

189 3132 325 3161 sensu
368 3116 522 3174 ἠθικῷ
566 3120 681 3160 utilis
723 3131 822 3161 esse
863 3121 1062 3160 deberet.

191 3183 419 3224 Manifesto
458 3185 542 3224 hoc
583 3182 796 3234 colligitur
836 3194 887 3222 ex
918 3182 1065 3222 lacero

190 3245 432 3285 Philodemi
465 3244 678 3297 opusculo
717 3245 821 3301 περὶ
851 3241 1065 3297 ποιημά-

191 3319 297 3347 των.
345 3309 422 3348 Hic
443 3318 621 3359 quoque
650 3307 890 3359 Epicureus
910 3307 965 3346 ab
988 3308 1068 3346 uti-

191 3370 309 3409 litate
350 3369 417 3410 illa
456 3381 541 3410 non
575 3370 832 3410 recedebat.
881 3369 943 3409 Cf.
983 3370 1065 3409 im-

193 3432 345 3482 primis
375 3443 417 3484 p.
446 3432 508 3472 43.
542 3432 620 3472 Ed.
646 3432 775 3472 Diibn
819 3455 861 3460 —
894 3442 1066 3472 monen-

1125 1379 1189 1428 do]
1231 1376 1451 1417 Plutarch.
1484 1376 1539 1417 de
1571 1376 1671 1417 aud.
1702 1379 1820 1429 po'et.
1855 1389 1899 1430 p.
1934 1377 2001 1419 54.

1124 1441 1195 1480 W.
1215 1452 1223 1478 :
1257 1437 1331 1479 δεῖ
1346 1435 1465 1489 τούς
1494 1439 1633 1491 νέους
1653 1438 1824 1491 ἐθίζειν
1844 1433 2006 1498 ὥσπερ

1128 1497 1242 1556 ὄψῳ
1271 1502 1553 1560 χρεομένους
1581 1503 1785 1557 μετρίως
1813 1500 1877 1557 τῷ
1899 1503 2006 1561 τέρ-

1127 1576 1264 1604 ποντι
1292 1560 1348 1604 τὸ
1379 1561 1623 1622 χρήσιμον
1649 1559 1729 1604 ἀπ’
1752 1559 1903 1605 αὐτοῦ
1925 1565 2006 1604 καὶ

1126 1623 1181 1667 τὸ
1213 1626 1452 1684 σωτήριον
1489 1624 1690 1668 διώκειν.
1718 1648 1762 1655 -
1786 1632 1916 1668 meret
1933 1638 2009 1668 ae-

1124 1690 1199 1742 ra]
1245 1690 1423 1742 proprie
1463 1690 1518 1729 de
1560 1688 1749 1730 militum
1787 1689 2007 1741 stipendio

1125 1755 1258 1803 atque
1280 1752 1589 1804 operariorum
1610 1752 1838 1792 mercede.
1867 1775 1911 1780 —-
1935 1752 2010 1792 So-

1125 1815 1208 1866 siis]
1243 1814 1305 1855 Cf.
1331 1815 1439 1866 Epp.
1466 1815 1509 1864 i,
1533 1815 1610 1861 20,
1634 1816 1673 1854 2.
1724 1813 2008 1866 «Bibliopolis

1127 1876 1345 1925 insignem
1392 1878 1627 1925 quaestum
1678 1876 1805 1917 affert
1847 1881 2006 1928 poema

1127 1936 1342 1976 bonum.»
1378 1961 1423 1968 -κ
1456 1948 1575 1976 mare
1607 1938 1771 1988 transit]
1805 1939 1868 1978 Cf.
1896 1940 2006 1990 Epp..

1130 2000 1168 2046 sl,
1190 1999 1257 2046 ΞΟ,
1281 1998 1345 2038 43.
1371 2022 1414 2027 —-
1439 2000 1607 2050 lonywm
1621 2005 1831 2052 prorogat
1845 2001 2007 2053 aevum]

1130 2063 1385 2112 «prorogat,
1446 2063 1494 2101 ut
1535 2060 1715 2113 longum
1759 2062 1891 2111 fiat»;
1946 2064 2010 2104 uti

1129 2123 1262 2174 Soph.
1295 2122 1451 2163 Trach.
1486 2123 1586 2163 679:
1627 2124 1804 2175 μείζον’
1835 2122 2007 2165 ἐκτενῶ

1129 2182 1288 2239 λόγον.
1330 2186 1471 2236 Antig.
1503 2186 1610 2225 71¹5:
1657 2182 1775 2238 ναὸς
1803 2186 2008 2245 ἐγκρατῆ

1130 2244 1255 2287 πόδα
1281 2248 1453 2298 τείνας.
1491 2249 1539 2287 In
1566 2258 1699 2300 prosa
1721 2251 1917 2290 oratione
1941 2251 2009 2290 «in

1129 2322 1289 2351 aevum
1320 2322 1451 2350 omne
1479 2311 1706 2362 scriptoris
1726 2322 1891 2353 nomen
1910 2324 2004 2365 pro-

1127 2375 1314 2424 rogat3»
1361 2375 1408 2412 ut
1449 2375 1516 2413 est
1556 2373 1674 2425 apud
1704 2375 1922 2415 Senecam
1952 2375 2008 2416 de

1129 2433 1305 2475 Consol.
1338 2435 1393 2474 ad
1421 2435 1554 2475 Marc.
1589 2436 1639 2484 5,
1679 2436 1726 2475 2:
1775 2446 1880 2485 quas
1917 2435 2012 2489 (filii

1128 2498 1293 2549 laudes)
1336 2509 1417 2537 non
1447 2498 1609 2548 dubito,
1656 2499 1757 2548 quin
1785 2500 1829 2538 in
1860 2509 2011 2539 aevum

1128 2571 1246 2600 omne
1274 2561 1328 2599 sis
1352 2564 1657 2612 proroqatura.

1183 2622 1397 2663 347-352.
1447 2623 1552 2662 Sunt
1581 2622 1730 2662 delicta
1760 2623 1862 2674 cet.]
1899 2625 2009 2663 Pro—

1127 2685 1265 2736 posita
1291 2683 1648 2724 excellentissimi
1669 2685 1887 2735 poematis
1903 2684 2010 2724 ima-

1128 2747 1249 2798 gine,
1275 2748 1395 2796 quod
1416 2746 1681 2796 scriptorem
1713 2743 2008 2786 immortalem

1128 2808 1307 2857 reddat,
1345 2818 1563 2860 perquam
1594 2808 1793 2858 apposite
1823 2808 1880 2847 ita
1909 2818 2010 2860 per-

1127 2873 1208 2922 git:
1241 2873 1501 2921 «Nunquam
1522 2872 1672 2909 tamen
1695 2869 1931 2911 obliviscar
1951 2870 2009 2910 ad

1127 2934 1245 2974 illam
1294 2932 1580 2984 perfectionis
1625 2931 1855 2972 absolutae
1904 2943 2009 2984 spe-

1129 2997 1242 3036 ciem
1261 3028 1269 3044 ,
1294 3005 1427 3046 quam
1450 2995 1598 3034 mente
1618 2995 1789 3034 tantum
1806 2993 2010 3034 videmus

1129 3054 1233 3110 (τὴν
1266 3056 1393 3098 ἰδέαν
1423 3054 1508 3097 τοῦ
1541 3054 1738 3108 καλοῦ),
1770 3056 2008 3108 pervenire

1130 3131 1320 3171 eamque
1359 3120 1542 3170 exsequi
1582 3116 1842 3159 mortalibus
1872 3127 2008 3168 nega-

1130 3184 1223 3222 tum
1262 3193 1388 3229 esse,
1437 3181 1646 3233 quocirca
1677 3190 1817 3230 aequa
1849 3180 1894 3219 et
1922 3178 2007 3218 hu-

1130 3256 1261 3284 mana
1299 3246 1385 3285 sint
1420 3246 1570 3284 nostra
1608 3242 1764 3283 iudicia
1795 3241 1851 3282 de
1881 3249 2008 3281 sum-

1130 3318 1304 3348 morum
1336 3308 1569 3359 poetarum
1601 3303 1827 3345 erroribus
1858 3303 1903 3342 et
1932 3301 2008 3342 de-

1130 3370 1282 3410 lictis.»
1336 3369 1454 3418 (Quis
1499 3369 1649 3408 autem
1694 3365 1846 3406 credat
1889 3364 2006 3403 hunc

1131 3442 1308 3483 quoque
1339 3430 1487 3472 locum
1515 3441 1569 3471 ex
1589 3427 1775 3470 naturali
1796 3437 1874 3467 sua
1896 3425 2004 3466 sede
