2231 3787
296 257 394 309 74-ss

1092 259 1302 300 HORATII

364 392 464 442 Pes
506 389 669 453 citus3
714 388 854 442 unde
897 389 1054 442 otiam
1096 390 1346 443 trimetris
1386 405 1699 442 accrescere
1741 389 1891 443 iussit

361 493 564 544 Nomen
606 490 855 553 iambeiS,
897 508 1019 544 cum
1058 507 1219 543 senos
1258 489 1513 543 redderet
1552 490 1687 544 ictus

361 592 568 645 Primus
609 591 675 644 ad
715 601 1011 645 extremum
1052 590 1239 643 similis
1279 590 1395 644 sibi.

360 693 581 748 Tardior
620 702 676 745 ut
715 692 873 763 paulo
913 692 1235 763 graviorque
1273 692 1481 746 veniret
1519 692 1587 746 ad
1626 711 1811 754 aureS‚

1472 593 1585 644 Non
1626 591 1695 644 ita
1735 590 1967 662 pridem,

2005 693 2108 746 255

362 794 643 865 Spondcos
684 786 903 847 stabiles
944 793 994 845 in
1035 793 1151 846 iura
1190 801 1412 864 paterna
1450 793 1655 864 recepit

401 937 490 975 252.
524 935 782 986 accrescere]
817 936 884 974 Sic
916 935 1049 974 etiam
1081 935 1240 975 nostri:
1276 936 1468 975 accedere
1499 934 1637 975 Codd.
1670 937 1799 986 pauci
1830 948 1883 976 ex
1917 934 2048 986 gloss.

346 1021 387 1025 -κ
422 997 501 1037 0253
533 1009 630 1049 sqq.
664 997 855 1045 mmbeis,
888 1008 982 1036 cum
1010 1008 1125 1036 senos
1152 999 1340 1037 redderet
1360 998 1476 1037 ictus.
1501 999 1663 1037 Primus
1682 1019 1700 1025 —
1717 1020 1735 1026 -

1750 998 1848 1048 sibi,
1891 1010 1974 1038 non
1994 999 2056 1039 ita

336 1060 522 1110 pridem,
559 1060 733 1099 Tardior
763 1061 846 1099 cet.
880 1059 987 1098 lalin
1019 1060 1060 1098 in
1084 1059 1281 1100 Editione
1304 1061 1455 1107 tertia;
1489 1060 1673 1100 tambeis.
1707 1061 1810 1101 Cum
1828 1071 1945 1100 senos
1962 1062 2057 1101 red-

343 1123 455 1161 deret
474 1122 576 1161 ictus
594 1123 757 1162 Primus
776 1143 798 1149 -
819 1146 842 1152 -
861 1121 959 1160 sibi:
990 1133 1070 1160 non
1094 1122 1153 1161 ita
1165 1122 1352 1171 pridem,
1380 1122 1557 1161 Tardior
1577 1124 1660 1161 cet.
1685 1121 1810 1162 Idem
1830 1123 1884 1163 N.
1902 1123 2049 1163 Jahrb.

291 1261 333 1265 —
366 1239 438 1277 Pes
467 1237 583 1289 citus]
616 1237 693 1276 Od.
720 1239 764 1286 4,
801 1238 873 1286 46,
902 1236 977 1277 ⁶24:
1021 1238 1170 1277 celeres

288 1300 456 1339 iambos
489 1301 693 1340 Arctinus
715 1299 831 1351 apud
850 1299 1050 1339 Diomed.
1070 1298 1097 1339 l.
1119 1299 1166 1339 l.:

288 1359 314 1400 ὁ
346 1360 525 1414 ἴαιιβος
551 1357 628 1413 Εξ
659 1358 823 1415 ὀλίγου
853 1357 1027 1412 διαβὰς
1057 1373 1169 1419 προ-

286 1424 424 1482 ([όοῳ
456 1422 587 1474 ποδί,
623 1419 755 1482 ὄφρα
786 1425 835 1464 οἱ
862 1429 974 1478 γυῖα
1004 1425 1063 1464 Te
1065 1421 1167 1464 ινό-

291 1500 408 1527 aava
453 1483 628 1544 {mione
664 1489 745 1528 καὶ
785 1483 1009 1538 εὐσθενὲς
1043 1484 1168 1538 εἶδος

286 1545 446 1607 ἔχῃσι.
467 1551 716 1590 Terentian.
732 1552 860 1592 2482:
885 1552 1046 1600 Adesto,
1064 1551 1170 1589 iam—

286 1613 331 1652 be
356 1625 555 1664 praepes,
588 1618 625 1653 et
646 1615 705 1653 bui
727 1619 856 1653 tenax
881 1615 1043 1665 Viyoris
1063 1615 1169 1654 adde

288 1677 493 1715 concitum
522 1676 629 1715 celer
660 1677 832 1726 pedem:
864 1699 887 1704 -
905 1699 928 1704 -
946 1699 968 1704 -
989 1699 1012 1704 —
1036 1676 1166 1724 Vides,

284 1742 330 1777 ut
360 1739 445 1777 ieta
471 1738 601 1777 verba
626 1743 763 1788 raptet
782 1739 969 1788 impetus.
1005 1738 1067 1779 Cf.
1092 1749 1169 1778 su-

285 1811 365 1850 pra
396 1812 437 1839 v.
462 1801 513 1839 79
536 1811 636 1850 sqq.
666 1823 709 1828 —
742 1802 850 1840 unde
881 1800 982 1852 cet]
1019 1801 1166 1848 «Quae

287 1861 491 1902 celeritas
513 1862 680 1909 effecit,
702 1864 771 1910 ut,
797 1874 899 1902 cum
919 1862 1011 1902 bini
1034 1862 1168 1901 iambi

287 1925 330 1963 in
361 1923 585 1974 dipodiam
617 1925 1015 1974 coniungerentur,
1063 1923 1169 1963 soli—

288 1988 358 2025 tus
390 1985 602 2025 dramatis
623 1996 780 2025 versus
803 1987 981 2026 trimetri
1002 1986 1170 2025 iambici

287 2048 404 2099 apud
424 2050 617 2087 Graecos
640 2058 805 2087 nomen
823 2050 1060 2099 acciperet,
1086 2049 1168 2088 etsi

286 2122 363 2150 sex
396 2112 507 2150 ictus
530 2102 727 2166 (ἄρσεις)
759 2111 915 2159 habet,
950 2111 1068 2150 unde
1090 2112 1168 2150 La-

285 2173 385 2212 tinis
417 2175 485 2213 est
504 2173 734 2212 senarius.»
765 2197 808 2201 —
834 2184 1066 2213 accrescere
1085 2174 1169 2213 iuss

284 2234 348 2285 sit]
374 2234 523 2282 «fecit,
557 2236 604 2274 ut
625 2235 960 2286 adiungeretur3
994 2236 1164 2286 indidit,

283 2297 478 2337 verlieh.»
505 2317 548 2324 --
583 2298 766 2348 tambeis]
803 2301 992 2338 «Graeca
1025 2299 1166 2339 forma

286 2370 365 2410 pro
409 2361 558 2400 Latina
603 2361 790 2400 iambicis
830 2363 980 2402 versui
1020 2362 1165 2401 minus

285 2423 567 2462 commoda.»
586 2424 785 2463 DILLENB.
811 2425 936 2463 Nunc
953 2425 1021 2464 est
1036 2416 1166 2474 ἅπαξ

285 2482 560 2538 λεγόμενον,
610 2485 674 2525 Cf.
708 2486 784 2525 Od.
812 2487 851 2533 Ξ,
879 2486 919 2536 6,
942 2488 981 2526 5.
1013 2486 1162 2538 Argeo.

290 2569 332 2575 —-
367 2549 530 2587 Primus
560 2549 615 2587 ad
643 2548 889 2599 extremum]
924 2549 1167 2588 «Trimeter

285 2622 305 2647 a
339 2610 482 2662 primo
521 2621 662 2661 usque
703 2610 757 2650 ad
796 2613 969 2651 sextum
1000 2611 1164 2662 pedem

292 2671 449 2711 iambis
480 2675 726 2722 constansst
718 2688 736 2707 υ
776 2675 822 2712 ut
851 2674 998 2748 Eurip.
1035 2674 1162 2713 Herc.

292 2734 374 2774 fur.
406 2735 506 2774 533;
559 2735 613 2774 Τι’
649 2731 773 2791 φής
817 2736 901 2775 τίν’
941 2734 990 2786 ἐς
1019 2747 1166 2792 ταρα-

290 2794 415 2849 γμὸν
436 2791 587 2849 ἢκοιιε
569 2809 633 2846 ε,ν
653 2810 770 2837 πατε
750 2809 822 2855 effi
845 2798 900 2838 de
918 2799 1167 2839 cuiusmodi

293 2870 422 2899 xcrsu
462 2862 751 2900 Terentianus
790 2861 919 2900 2¹85:
968 2862 1047 2900 Sed
1083 2862 1167 2911 ipse

284 2933 405 2961 verus
434 2924 672 2973 integerque
701 2924 874 2963 sexiens.

343 2984 462 3023 254-
480 2985 574 3023 258.
621 2986 715 3024 Non
745 2986 803 3024 ita
827 2987 1006 3036 pridem]
1048 2988 1165 3026 llaec

286 3049 528 3097 praeeunte
560 3048 643 3085 iam
676 3047 812 3086 Mario
836 3046 970 3087 Plotio
992 3047 1017 3087 l.
1042 3048 1066 3087 Ι.
1092 3060 1167 3087 ne-

285 3108 477 3147 cessario
509 3108 727 3158 iungenda
767 3112 867 3148 sunt
899 3121 1002 3149 culn
1032 3122 1072 3149 v,
1095 3122 1165 3150 re—

283 3172 389 3221 cepit
410 3181 554 3221 neque
578 3169 633 3209 ab
666 3171 928 3211 Hocl‘iedero
949 3171 1165 3212 violenter

283 3233 338 3271 ah
386 3233 469 3273 hoc
513 3231 658 3272 divelli
700 3232 937 3272 dehebant.
999 3235 1162 3274 Verum

284 3295 509 3345 quomodo
541 3294 862 3345 explicabimus
893 3307 962 3334 vv.
992 3308 1074 3335 uon
1104 3297 1163 3336 ita

279 3358 472 3406 pridem?
518 3359 626 3397 Nam
672 3359 714 3397 et
758 3358 798 3396 in
845 3359 1161 3408 antiquissimis

286 3420 493 3459 trimetris
526 3420 701 3459 Graecis
733 3419 787 3469 (V.
814 3419 1061 3460 Archilocli.
1094 3423 1157 3460 Fr.

286 3482 402 3520 Lieb.
430 3493 469 3533 p.
498 3484 569 3522 57:
612 3478 801 3521 Πολλὸν
833 3481 879 3522 δὲ
905 3484 1050 3523 ,τίνων
1081 3485 1161 3524 καὶ

1232 1235 1525 1294 χαλίκρητον
1552 1237 1678 1290 μέθυ
1711 1238 1811 1288 cet.)
1859 1239 1947 1278 iam
1976 1250 2110 1291 repe-

1231 1300 1404 1339 riuntur
1425 1300 1639 1351 spondei3
1673 1300 1791 1340 unde
1814 1300 2008 1351 fuerunt,
2035 1302 2111 1353 qui

1232 1362 1317 1402 hoc
1356 1362 1410 1402 de
1449 1363 1602 1414 primis
1643 1363 1819 1414 tragicis
1849 1363 2012 1404 Latinis
2042 1363 2110 1403 di-

1232 1428 1353 1466 ctum
1375 1425 1686 1476 opinarentur,
1710 1436 1798 1465 non
1819 1426 2029 1477 inspectis
2046 1427 2112 1467 Li-

1230 1489 1288 1528 vii
1308 1487 1546 1528 Andronici
1578 1490 1621 1528 et
1640 1488 1791 1528 Naevii
1815 1486 2010 1539 reliquiis
2029 1499 2112 1529 ne-

1231 1563 1319 1604 que
1341 1551 1622 1592 attendentes
1643 1551 1700 1590 ad
1719 1562 1760 1591 v.
1779 1550 1892 1600 259„
1916 1550 1993 1590 ubi
2013 1561 2113 1602 pro--

1230 1617 1331 1667 pter
1361 1613 1547 1666 spondei
1578 1613 1763 1653 nimium
1792 1623 1925 1653 usum
1953 1623 2112 1664 repre-

1232 1677 1441 1718 henditur
1471 1687 1573 1716 cum
1595 1676 1728 1716 Accio
1758 1676 1853 1726 ipse
1883 1677 2011 1726 pater
2029 1676 2114 1716 En-

1232 1741 1344 1780 nius.
1379 1737 1458 1779 Alii
1481 1740 1655 1787 contra,
1684 1739 1732 1777 ut
1752 1735 2012 1778 Welckerus
2033 1737 2108 1778 Gr.

1235 1804 1357 1853 Tray.
1378 1803 1447 1841 III.
1471 1812 1514 1852 p.
1536 1800 1675 1850 4447„
1696 1799 1751 1839 de
1769 1799 2108 1850 recentioribus,

1230 1877 1271 1904 V.
1292 1875 1331 1903 c.
1356 1864 1411 1903 (le
1433 1863 1581 1903 Asinio
1599 1861 1790 1902 Pollione
1812 1873 1864 1902 ac
1879 1863 2026 1911 Vario,
2049 1863 2113 1902 in-

1231 1926 1462 1977 terpretati
1483 1927 1599 1965 sunt.
1628 1924 1756 1975 (Alias
1778 1924 2108 1976 explicationes,

1232 1999 1341 2038 quas
1374 1987 1566 2038 probare
1604 1998 1691 2027 non
1720 1997 1927 2038 possum,
1967 1988 2112 2027 tenta-

1231 2053 1334 2089 runt
1363 2049 1494 2089 Iacob
1526 2050 1570 2088 in
1600 2049 1737 2088 Iahnii
1766 2050 1818 2089 N.
1847 2050 1990 2089 Jahrb.
2013 2048 2107 2089 Vol.

1229 2113 1374 2151 XXVI.
1399 2123 1440 2163 p.
1461 2111 1555 2151 473.
1581 2111 1820 2151 etWittich
1840 2112 1884 2150 in
1900 2112 2113 2152 Zimmer-

1232 2174 1381 2213 manni
1410 2174 1603 2213 Zeitsehr.
1635 2173 1755 2213 4844.
1787 2185 1830 2225 p.
1865 2174 1975 2224 795.)
2021 2174 2110 2213 Ve-

1231 2248 1331 2277 rum
1362 2237 1590 2276 enimvero
1621 2237 1664 2275 in
1684 2237 1942 2277 universum
1972 2236 2107 2276 iambi

1231 2310 1282 2339 ac
1305 2299 1458 2339 Graeci
1480 2299 1762 2350 potissimum
1785 2299 2014 2339 historiam
2034 2310 2111 2338 no-

1229 2362 1298 2402 bis
1329 2362 1461 2402 tradit
1489 2363 1693 2402 Horatius
1716 2374 1802 2402 non
1823 2364 1872 2402 ut
1890 2373 2110 2414 gramma-

1230 2426 1356 2475 ticus,
1381 2425 1461 2466 sed
1477 2426 1525 2464 ut
1541 2426 1697 2476 poeta:
1732 2425 1885 2473 «Quod
1908 2425 1966 2465 ad
1985 2424 2109 2465 θεω-

1230 2489 1336 2544 ρίαν
1356 2489 1399 2527 et
1423 2485 1568 2538 legem
1589 2487 1719 2527 huius
1738 2498 1895 2527 versus
1911 2488 2078 2538 attinet,
2088 2504 2108 2525 »

1230 2551 1311 2599 ait,
1346 2560 1471 2589 «esse
1503 2548 1699 2588 debebat
1722 2551 1855 2600 atque
1876 2549 1997 2589 initio
2019 2549 2109 2590 for-

1230 2615 1346 2653 tasse
1378 2612 1457 2651 suit
1486 2612 1687 2652 senarius
1717 2623 1881 2662 purus,
1927 2613 1976 2651 ut
2002 2608 2109 2652 Πά-

1229 2687 1306 2731 τερ
1336 2671 1604 2726 Λυκάμβα,
1637 2677 1779 2714 ποῖον
1805 2671 2003 2730 ἑφράσω
2025 2671 2108 2714 τό-

1229 2736 1307 2785 ὂε;
1339 2737 1419 2777 sed
1439 2736 1671 2788 paulatim,
1696 2747 1784 2787 quo
1806 2737 1981 2787 gravior
2001 2748 2108 2777 eva—

1230 2801 1380 2847 deret,
1413 2798 1594 2839 invaluIt
1612 2810 1724 2848 mos,
1757 2800 1805 2838 ut
1824 2798 2006 2839 sedibus
2022 2799 2107 2839 im-

1231 2861 1410 2914 paribus
1464 2862 1740 2912 reciperetur
1788 2861 1921 2900 etiam
1969 2871 2106 2912 spon—

1229 2925 1383 2964 deus.»
1429 2924 1508 2962 Vv.
1543 2925 1692 2962 autem
1728 2934 1811 2962 non
1839 2924 1901 2962 ita
1923 2924 2102 2973 pridem,

1229 2990 1276 3027 ut
1306 2998 1439 3038 saepe
1462 2997 1614 3036 nuper,
1647 2987 1903 3037 accipienda
1927 2987 2029 3026 sunt
2049 2986 2105 3027 de

1229 3052 1429 3100 tempore
1462 3048 1653 3099 infinito,
1688 3048 1808 3099 quod
1839 3049 1901 3096 ei,
1935 3049 2010 3100 qui
2040 3047 2106 3088 lo-

1229 3112 1396 3162 quitur,
1445 3122 1548 3151 cum
1579 3111 1697 3150 omni
1728 3122 1838 3150 aevo
1870 3121 2105 3162 compara-

1229 3177 1321 3213 tum
1361 3175 1544 3225 propter
1578 3172 1937 3224 qualemcunque
1968 3173 2105 3212 ratio-

1228 3247 1330 3276 nem
1361 3236 1539 3275 brevius
1571 3246 1705 3286 quam
1736 3234 1922 3275 fortasse
1954 3226 2022 3274 a'lii
2043 3234 2105 3273 vi-

1229 3299 1370 3338 detur.
1418 3303 1572 3349 Aequo
1604 3299 1724 3337 certe
1761 3298 1854 3337 iure
1885 3297 1956 3336 hic
1986 3295 2104 3337 locu-

1229 3363 1297 3400 tus
1344 3362 1411 3400 est
1456 3360 1660 3399 lloratius
1703 3361 1835 3410 atque
1884 3359 2102 3400 Lucianus

1228 3424 1309 3462 Pro
1341 3423 1496 3473 imagg.
1524 3433 1561 3461 c.
1582 3422 1660 3461 23:
1691 3419 1836 3461 τοῦτο
1860 3416 1930 3471 (τὸ
1959 3418 2101 3473 δημι-

1229 3483 1466 3542 ούργημα)
1506 3481 1592 3536 τὴν
1634 3478 1861 3541 οὐρανίαν
1886 3477 2101 3540 Ἀφροδί-
