2231 3787
876 285 972 324 Lm.
1008 287 1036 325 1.
1100 286 1264 327 Erisr.
1297 288 1365 327 111.
1941 287 2043 341 4⁴5

286 417 437 480 Quae
479 415 876 469 circumvolitas
916 415 1068 487 agilis
1110 416 1333 490 thyma?
1371 419 1486 472 Non
1525 419 1618 473 tibi
1658 437 1883 491 parvum

285 519 589 589 Ingenium,
633 536 738 572 non
780 518 1037 573 incultum
1077 527 1159 573 est
1197 528 1250 573 et
1289 521 1514 592 turpiter
1553 522 1764 576 hirtum.

282 621 390 674 Seu
433 619 670 691 linguam
711 620 889 674 causis
930 621 1078 675 acuis
1117 639 1215 677 seu
1255 623 1424 677 civica
1465 623 1581 678 iura

280 721 632 794 Respondere
672 740 833 794 paras
872 741 969 778 seu
1010 723 1199 779 condis
1239 725 1469 780 amabile
1510 745 1753 792 carmen,

317 881 386 921 ⁶22.
418 881 476 934 et]
508 892 581 921 nec
612 881 711 921 LCt.
747 880 811 932 (et
838 885 1017 934 praeter
1047 885 1221 925 nostros
1252 885 1440 926 Codices
1469 884 1557 937 βζκ
1589 903 1608 923 «
1622 899 1723 929 cum
1754 888 1848 931 aliis
1882 890 1981 943 plu-

264 943 401 984 ribus
412 943 448 994 »)

207 1087 385 1137 plorum
438 1086 683 1126 imitatione
734 1088 892 1126 avocat
940 1089 983 1127 et
1032 1087 1087 1126 ad

206 1148 516 1201 componenda
546 1148 648 1188 talia
681 1150 877 1189 carmina
918 1150 1084 1200 invitat,

205 1223 319 1263 quae
352 1212 507 1263 privati
539 1212 625 1252 sint
655 1213 808 1252 iuris.»
861 1213 1028 1263 OBBAR.)

260 1275 397 1314 117-20.
430 1275 880 1327 Palatinus--Apolloj
904 1276 951 1314 In
974 1277 1088 1316 tem-

202 1336 275 1389 plo
304 1337 513 1389 Apollinis
544 1337 725 1378 Palatini
756 1338 1020 1378 Octavianus
1043 1350 1082 1378 a.

201 1412 244 1440 U.
274 1412 311 1440 c.
345 1401 440 1440 726.
474 1400 735 1440 condiderat
765 1398 1085 1441 bibliothecam

201 1462 442 1504 Palatinam
471 1462 720 1515 publicam,
756 1464 883 1504 cuius
913 1464 1084 1515 primus

201 1528 379 1566 curator
415 1526 494 1566 fuit
532 1527 580 1567 C.
617 1525 751 1566 Iulius
783 1527 997 1577 Hyginus.
1033 1549 1080 1556 —

198 1588 364 1641 recepit]
401 1587 523 1629 velut
554 1588 738 1629 donaria
776 1590 820 1630 in
852 1600 980 1630 suam
1012 1591 1084 1630 tu-

198 1652 352 1701 telam;
386 1664 474 1704 quo
505 1653 653 1693 minus
682 1654 816 1694 etiam
838 1665 887 1693 ea
911 1658 1085 1706 tauyere

200 1716 464 1767 (attrectare)
493 1715 609 1756 licet.
637 1739 681 1743 ——
704 1716 936 1768 cornicula]
969 1718 1081 1756 Nota

198 1777 356 1818 fabella
385 1779 576 1831 Aesopia
608 1778 753 1830 (Babr.
786 1780 853 1819 72.
888 1779 1078 1819 Phaedr.

199 1842 246 1890 l,
279 1841 335 1892 3.)
370 1842 484 1882 hanc
525 1843 795 1882 sententiam
837 1844 1076 1894 expressit:

199 1915 278 1944 «ne
311 1903 435 1944 facile
477 1905 621 1944 omnis
660 1903 802 1944 lector
841 1905 1082 1956 perspiciat

196 1965 377 2008 Celsum
416 1968 457 2007 in
490 1968 742 2017 sententiis,
784 1967 1077 2019 imaginibus,

196 2031 387 2082 totisque
429 2030 542 2071 adeo
572 2029 680 2071 locis
710 2031 929 2071 imitatum
960 2042 1075 2081 esse,

194 2094 419 2133 interdum
449 2096 619 2134 tantum
661 2095 704 2134 in
736 2095 938 2134 Latinum
970 2106 1080 2135 con-

194 2157 404 2206 vertisse,
437 2157 592 2208 poetas
624 2159 859 2198 Graecos.»
894 2181 939 2186 —
972 2159 1081 2198 colo-

195 2218 321 2269 ribus]
354 2217 540 2270 «plumis
575 2220 798 2259 variorum
830 2219 1075 2260 colorum.»

195 2283 346 2322 Scnoi..
385 2305 428 2310 —
453 2283 610 2322 Totum
641 2285 791 2324 autem
822 2283 910 2324 hoc
931 2285 1079 2324 moni-

194 2347 287 2385 tum
320 2347 414 2386 eius
438 2348 526 2394 est,
562 2347 636 2397 qui
665 2346 807 2398 probe
839 2350 991 2387 nosset
1013 2348 1078 2387 fa-

194 2407 434 2456 miliarem;
476 2410 709 2458 iuvenem,
745 2411 815 2449 cui
846 2422 1077 2462 nunquam

193 2472 234 2510 in
273 2474 471 2511 mentem
507 2474 691 2512 venerat
728 2483 828 2513 sese
861 2475 1077 2526 aequipa-

194 2545 291 2573 rare
333 2535 509 2574 Horatio
548 2536 750 2586 magnive
791 2538 950 2588 poetae
992 2548 1075 2577 no-

192 2607 295 2637 men
318 2599 555 2649 appeterez
589 2599 721 2649 atque
755 2599 934 2639 omnino
957 2600 1076 2651 apud

192 2660 396 2711 antiquos
426 2660 736 2701 huiuscemodi
771 2663 988 2702 monitum
1021 2675 1075 2703 ex

192 2723 420 2763 notissima
451 2721 596 2774 aliqua
626 2722 787 2764 fabella
816 2726 1072 2777 repetitum,

193 2786 317 2825 cuius
354 2782 614 2838 ἐπιμύθιον
645 2787 772 2838 quasi
812 2787 856 2827 in
885 2799 1075 2839 prover-

191 2846 314 2888 bium
361 2849 626 2899 transierat,
677 2851 827 2891 minus
875 2850 1075 2892 babebat

192 2909 448 2950 offensionis
480 2922 615 2962 quam
653 2912 841 2953 fortasse
882 2913 1074 2954 haberet

192 2971 311 3023 apud
349 2983 445 3012 nos.
482 2997 527 3002 —
561 2975 661 3024 quid
697 2975 870 3028 audcsPJ
905 2976 1075 3018 «Habet

193 3033 385 3085 aliquam
414 3035 601 3076 fiduciae
630 3037 674 3076 in
695 3039 838 3078 amico
861 3039 918 3079 ob
938 3051 1074 3092 prae-

193 3096 358 3137 claram
390 3098 484 3137 eius
514 3098 709 3139 indolem
738 3101 910 3152 positae
932 3104 1073 3142 notio-

194 3170 313 3200 nem.
366 3158 446 3199 Alii
483 3161 634 3200 nescio
665 3162 771 3212 quid
807 3163 1074 3216 ambiguita-

193 3222 247 3261 tis
277 3221 350 3260 hic
381 3222 617 3262 sentiunt.»
669 3223 820 3262 OBBAR.

246 3284 393 3323 24-25.
440 3284 761 3334 circumvolitas]
794 3286 942 3327 Divise
972 3288 1017 3327 h.
1041 3287 1068 3328 l.

193 3345 367 3397 scripsit
389 3347 581 3397 Doering
596 3347 754 3385 circum
773 3347 945 3398 volitas,
971 3360 1074 3389 con-

194 3408 339 3448 iuncte
361 3409 558 3460 Wagner
587 3409 631 3448 in
651 3409 769 3460 Virg.
793 3411 868 3449 Ge.
895 3411 910 3449 4
932 3442 940 3459 ,
974 3410 1068 3451 377.

196 3471 244 3510 Ut
273 3481 407 3522 saepe
437 3473 595 3523 po'e'tae
627 3470 785 3522 apibus
812 3482 1074 3523 comparan-

196 3533 265 3570 tur
287 3531 378 3581 (Οεί.
403 3532 448 3580 4,
473 3534 519 3581 2,
545 3532 644 3583 ΞΤ),
680 3533 743 3572 sic
774 3533 858 3572 hac
880 3534 1069 3584 imagine

1154 1089 1517 1129 circumvolitancli
1558 1093 1692 1143 atque
1735 1093 1937 1144 agilitatis
1977 1097 2039 1137 si-

1154 1152 1331 1202 gnificat
1364 1153 1498 1193 modo
1520 1154 1654 1205 haec,
1687 1156 1821 1196 modo
1852 1156 1922 1197 illa
1944 1169 2039 1198 car-

1155 1215 1325 1255 minum
1349 1227 1511 1266 genera
1535 1229 1558 1256 a
1580 1216 1706 1257 Floro
1728 1220 1893 1259 tentata
1917 1232 2034 1270 esse,

1153 1287 1260 1317 sane
1283 1280 1331 1317 ut
1361 1289 1472 1330 opus
1492 1280 1831 1331 secundarium,
1867 1284 1936 1323 cui
1955 1295 2038 1336 per

1152 1340 1286 1381 horas
1317 1340 1577 1384 subsecivas
1598 1346 1803 1384 vacaret:
1836 1357 1941 1387 nam
1969 1359 2038 1387 se-

1150 1403 1325 1443 veriora
1356 1404 1502 1444 studia
1533 1405 1589 1445 ad
1627 1405 1929 1459 eloquentiam
1968 1409 2036 1449 fo-

1150 1477 1332 1507 rensem
1377 1469 1420 1507 et
1457 1468 1524 1508 ius
1564 1468 1688 1510 civile
1735 1473 2033 1514 converterat.

1153 1553 1199 1558 —-
1232 1530 1434 1570 incultum
1465 1532 1569 1584 cet.]
1610 1534 1661 1574 Ut
1699 1544 1807 1585 ager
1843 1533 2035 1576 incultus

1148 1593 1282 1632 hirtus
1322 1593 1392 1643 fit,
1440 1594 1484 1634 id
1516 1597 1603 1645 est,
1651 1595 1764 1637 filice
1794 1597 2035 1650 vepribus-

1150 1666 1235 1707 que
1259 1655 1518 1707 obducitur,
1554 1659 1617 1698 sic
1648 1659 1873 1711 ingenium
1904 1659 2033 1700 bonis

1149 1717 1318 1758 artibus
1349 1730 1436 1758 non
1469 1719 1718 1770 excultum,
1761 1722 1809 1762 fit
1846 1722 1957 1762 rude
1990 1724 2034 1762 et

1147 1781 1304 1821 hebes.
1350 1784 1551 1822 Praestat
1581 1786 1733 1824 autem
1763 1784 1893 1824 lectio
1915 1789 1952 1825 et
1974 1784 2034 1825 al-

1147 1846 1230 1885 teri
1259 1856 1356 1893 ncc3
1401 1857 1573 1897 «neque
1606 1848 1726 1887 enim
1756 1848 1959 1888 incultum
1989 1850 2033 1888 et

1145 1907 1301 1947 hirtum
1332 1907 1534 1948 diversas
1565 1920 1639 1949 res
1670 1909 1940 1960 significant,
1983 1912 2033 1950 ut

1146 1972 1233 2011 sint
1276 1970 1614 2021 disiungenda.»
1660 1972 1815 2012 BENTL.
1860 1995 1904 2001 —
1937 1977 2032 2013 tur-

1141 2035 1280 2084 piter·
1293 2033 1462 2085 hirtum]
1481 2035 1530 2074 A.
1546 2036 1592 2073 P.
1610 2035 1649 2074 3:
1675 2036 1855 2085 turpiter
1870 2040 2027 2076 atrum.

1147 2098 1221 2136 «ln
1267 2107 1401 2147 prosa
1451 2097 1650 2136 oratione
1697 2098 1771 2148 qui
1821 2100 2029 2138 accurate

1146 2159 1422 2210 scripserunt
1454 2159 1549 2199 ausi
1581 2170 1668 2199 non
1691 2162 1795 2200 sunt
1816 2161 2028 2202 adverbia

1145 2220 1365 2272 qualitatis
1379 2232 1481 2260 cum
1496 2221 1727 2262 adiectivis
1741 2224 2025 2275 coniungere.

1143 2283 1272 2335 Apud
1316 2284 1546 2324 Horatium
1590 2287 1771 2336 poetam
1816 2297 2027 2339 compara

1144 2346 1223 2386 Od.
1249 2346 1294 2395 3,
1329 2347 1372 2385 Μ
1396 2378 1404 2395 ,
1438 2346 1490 2385 35
1523 2346 1759 2397 (Splendida
1779 2349 2027 2401 mendam.»

1143 2411 1342 2449 DILLENB.
1398 2432 1443 2436 —
1508 2410 1651 2462 acuis]
1709 2411 2027 2461 significantius

1143 2483 1279 2523 quam
1311 2482 1620 2523 «praeparas»
1673 2473 1762 2513 Cic.
1796 2475 1916 2514 Brut.
1947 2475 2022 2525 97,

1143 2535 1214 2574 33⁴
1235 2547 1242 2574 ;
1268 2538 1313 2573 tu
1334 2534 1429 2573 illuc
1453 2533 1509 2584 (in
1531 2534 1689 2585 forum)
1706 2546 1881 2576 veneras
1899 2548 2023 2587 unus,

1141 2598 1213 2648 qui
1241 2609 1325 2637 uon
1354 2597 1543 2648 linquam
1568 2599 1689 2638 modo
1710 2599 1889 2639 acuisses
1907 2610 2027 2640 exer-

1140 2661 1336 2700 citatione
1364 2660 1525 2700 dicendi
1556 2663 1642 2701 cet.
1674 2662 1811 2702 Inscr.
1844 2673 1903 2703 m.
1927 2664 2020 2703 Lat.

1139 2725 1189 2764 N.
1215 2723 1335 2763 4483.
1365 2723 1420 2763 de
1452 2722 1746 2764 Merobaude:
1778 2725 1828 2764 In
1855 2724 2026 2775 Alpibus

1140 2786 1315 2826 acucbat
1345 2786 1566 2835 eloquium.
1620 2787 1928 2838 Significantur
1948 2788 2026 2829 de-

1140 2848 1449 2898 clamationes,
1475 2849 1637 2899 quibus
1654 2850 1841 2890 iuvenes
1858 2851 1915 2890 ad
1932 2850 2022 2891 elo-

1140 2912 1369 2962 quentiam
1399 2910 1653 2953 iudicialem
1679 2922 1951 2965 praeparare
1973 2924 2022 2954 se

1139 2973 1355 3015 solebant.
1379 2996 1423 3002 —
1457 2974 1592 3014 civica
1619 2975 1720 3014 iura
1747 2976 2020 3027 Responderc]

1137 3048 1218 3089 pro
1261 3035 1452 3088 volgari:
1503 3037 1569 3077 ius
1610 3038 1729 3077 civile
1774 3040 2024 3089 respondere

1139 3099 1258 3153 (Plin.
1283 3100 1392 3151 Epp.
1419 3099 1468 3147 6,
1504 3100 1587 3150 45.)
1612 3104 1656 3140 et
1677 3101 1725 3140 dc
1743 3101 1837 3141 iure
1854 3113 2023 3152 respon-

1136 3162 1244 3202 dere.
1309 3162 1376 3202 Ad
1423 3162 1528 3202 iuris
1575 3162 1839 3214 prudentiae
1888 3164 2022 3214 igitur

1137 3224 1333 3265 studium
1376 3224 1462 3264 hoc
1506 3224 1712 3264 refertur.
1768 3226 1833 3265 De
1878 3225 2018 3265 forma

1135 3288 1289 3327 civicus
1307 3286 1395 3327 vid.
1420 3286 1477 3326 ad
1498 3286 1575 3326 Od.
1601 3287 1648 3336 3,
1681 3288 1727 3337 2,
1763 3288 1801 3327 6.
1830 3311 1874 3316 -
1901 3298 2020 3326 ama-

1135 3349 1212 3389 bile
1240 3348 1424 3400 carmen]
1457 3347 1684 3406 ἐρωτικά,
1730 3350 1860 3400 puto,
1893 3360 2018 3400 συμ-

1136 3408 1334 3460 ποτικά,
1383 3411 1700 3463 epigrammata
1739 3411 1823 3449 cet.
1874 3410 2017 3450 Minus

1134 3475 1256 3513 recte
1296 3474 1468 3513 Comm.
1494 3473 1629 3522 Cruq.
1663 3470 1842 3511 amabile
1877 3469 2018 3523 expli-

1136 3538 1206 3574 cat
1227 3535 1455 3574 dumtaxat
1479 3534 1814 3579 «amatorium»
1841 3543 1943 3574 cum
1961 3534 2017 3574 sit
