2231 3787
882 269 977 308 ΜΒ.
1014 270 1060 307 ll.

280 400 476 450 Natura
517 408 624 461 est,
667 398 783 451 aliis
826 399 962 452 malo
1001 398 1252 452 creditur.

1124 270 1234 308 SAT.
1270 269 1336 307 lv.

1921 266 2007 317 281

1330 398 1421 452 llle
1459 398 1702 452 salubres

277 502 516 553 Aestatcs
561 510 803 571 peraget,
847 501 937 571 qui
977 500 1141 570 nigris
1181 500 1404 570 prandia
1444 501 1607 553 moris

277 601 474 662 Finiet‚
519 611 638 655 ante
679 620 896 672 gravem
937 620 1076 673 quae
1115 601 1305 672 legerit
1343 601 1536 655 arbore
1577 602 1760 656 solem.

276 703 517 756 Aufidius
559 703 674 756 sorti
719 704 979 758 miscebat
1016 703 1174 757 mella
1214 703 1462 764 Falern0‚

279 804 566 865 Mendose,
610 806 864 876 quoniam
904 805 1088 859 vacuis
1129 806 1459 859 committere
1499 807 1648 859 venis
1953 807 2018 857 ‘225

275 905 352 957 Nil
393 906 492 959 nisi
536 906 654 960 lene
695 907 879 970 decet3
921 907 1024 960 leni
1066 907 1383 978 praecordia
1422 906 1594 960 mulso

274 1007 547 1061 Prolueris
589 1008 794 1062 melius.

873 1009 925 1062 Si
967 1009 1101 1062 dura
1141 1009 1435 1063 morabitur
1473 1009 1648 1065 alvuS.

257 1149 401 1193 cturii,
437 1150 532 1198 ΡΜ,
564 1150 694 1189 mulso
725 1149 960 1189 Landinus.
1009 1171 1051 1177 —
1104 1151 1167 1190 221.
1201 1150 1384 1190 salubres
1414 1161 1636 1202 superscr.
1672 1152 1683 1190 i
1714 1153 1754 1191 S.
1803 1175 1844 1180 —
1893 1155 1959 1193 22.

249 1213 419 1263 peragit
449 1211 521 1250 bS.

201 1332 256 1361 an
278 1321 466 1361 mendax
488 1324 800 1373 praeceptum,
834 1332 937 1372 ego,
971 1333 1079 1361 nun-

201 1394 334 1434 quam
392 1386 625 1435 expertus,
677 1394 859 1435 prorsus
908 1385 1074 1435 ignoro.

206 1470 247 1474 —
273 1446 465 1498 Falerno]
498 1445 621 1486 Conf.
654 1458 694 1486 v.
719 1445 785 1486 24.

253 1509 320 1548 20.
351 1509 418 1548 21.
464 1509 726 1549 Pratensibus
769 1509 872 1561 cet]
918 1508 1076 1550 Multus

201 1574 269 1612 est
300 1572 518 1623 Cruquius
543 1572 583 1612 in
615 1571 964 1613 demonstrando
992 1573 1076 1612 hoe

200 1644 377 1685 quoque
408 1637 700 1686 praeceptum
720 1645 968 1686 repugnare
987 1635 1078 1686 opi-

199 1697 315 1736 nioni
355 1698 581 1736 communi
626 1697 800 1749 ipsique
840 1697 1074 1748 fungorum

199 1761 395 1799 naturae.
443 1760 603 1800 Contra
626 1759 729 1800 dicit
749 1761 942 1811 Burgos:
974 1760 1077 1799 Esca

198 1821 487 1861 incontestable
504 1823 664 1861 verdad
691 1822 747 1861 ha
778 1822 866 1861 sido
896 1821 1076 1861 cambion

197 1884 417 1923 critieada.
479 1885 542 1924 En
585 1885 756 1936 yeneral
797 1885 860 1924 las
901 1889 1007 1924 setas
1047 1897 1076 1924 u

195 1946 350 1998 honyos
377 1948 425 1986 de
463 1947 521 1986 los
556 1948 670 1986 sitios
706 1948 881 1987 incultos
913 1949 1076 1998 produ-

196 2020 269 2049 cen
296 2009 441 2059 efectos
463 2010 824 2059 perniciosisimos.
884 2015 946 2050 Ac
968 2021 1072 2050 sane

197 2070 438 2111 morchella
470 2070 631 2120 edulis,
664 2073 865 2123 agaricus
892 2072 1074 2113 delicio—

198 2143 293 2178 sus,
326 2132 599 2184 lycoperdon
632 2134 762 2174 tuber
785 2137 900 2185 (nam
923 2135 978 2175 de
1006 2136 1073 2176 his

199 2205 402 2245 quoque,
435 2207 523 2234 non
553 2195 696 2236 solum
727 2197 781 2236 de
812 2196 972 2237 boletis
1002 2198 1072 2237 hic

198 2257 482 2308 cogitandum
535 2261 624 2305 est,
686 2270 788 2299 cum
840 2259 1072 2300 tuberibus

197 2319 413 2370 (Ti-uffeln)
445 2330 587 2370 aeque
619 2320 947 2360 delectarentur
984 2323 1072 2361 Ro-

198 2383 330 2421 mani.
364 2383 512 2421 Iuven.
532 2384 572 2430 5,
599 2383 707 2432 1116.)
731 2384 772 2423 in
793 2385 945 2434 pratis,
971 2395 1074 2424 con-

199 2448 264 2484 tra
288 2445 625 2486 nocmtissimus
658 2444 724 2485 ille
748 2447 947 2496 agaricus
978 2457 1073 2486 mu-

197 2506 367 2546 scarius
398 2506 438 2544 in
469 2505 586 2546 silvis
617 2505 798 2558 aliisque
829 2507 937 2548 locis
967 2520 1073 2560 opa-

197 2569 260 2608 cis
292 2568 525 2619 reperitur.
562 2591 605 2596 -
649 2569 757 2621 aliis]
799 2581 841 2609 in
871 2570 989 2611 silvis
1020 2583 1071 2611 ac

198 2628 433 2681 paludibus
478 2631 603 2671 natis.
648 2655 691 2659 ——
730 2632 840 2672 male
875 2633 1071 2685 creditur]

197 2693 361 2732 Inutiles
401 2695 531 2732 vocat
575 2692 729 2735 Celsus
772 2696 817 2743 5,
864 2696 937 2744 27,
987 2697 1069 2743 47.;

196 2756 344 2795 nomios
389 2757 495 2795 item
540 2757 637 2795 tutis
680 2758 862 2809 opponit
909 2757 1071 2799 Plinius

198 2817 247 2856 H.
280 2819 330 2857 N.
363 2818 439 2867 22,
479 2818 547 2858 23.
609 2819 737 2871 (Virg.
772 2819 860 2860 Ecl.
901 2821 949 2870 3,
993 2821 1067 2862 94:

196 2890 278 2918 non
307 2879 404 2919 bene
431 2881 549 2930 ripae
579 2881 804 2934 Creditur.)

251 2942 318 2980 22.
341 2941 408 2980 23.
441 2944 646 2993 prandia]
678 2946 859 2997 Proprie
891 2947 1068 2998 accipe,

199 3014 285 3043 non
330 3002 385 3042 de
431 3006 677 3054 gustatione
723 3008 842 3048 initio
888 3020 1068 3050 coenae.

199 3065 478 3106 Contrarium
498 3077 652 3108 rursus
673 3068 805 3109 docet
835 3070 996 3112 Plinius
1018 3073 1068 3112 H.

196 3129 246 3167 N.
269 3128 343 3173 23,
378 3128 425 3166 7:
455 3128 550 3177 Ipsa
566 3139 694 3177 poma
716 3131 853 3181 (mori)
876 3134 933 3172 ad
948 3145 1073 3183 prae-

196 3201 285 3229 sens
300 3190 506 3229 stomacho
526 3190 646 3230 utilia
665 3192 938 3244 refriqerant,
960 3196 1072 3235 sitim

198 3252 382 3301 faciunt,·
411 3253 446 3291 si
475 3264 557 3291 non
585 3256 848 3303 superveniat
877 3257 985 3296 alius
1010 3258 1072 3296 ci-

197 3314 292 3363 bus,
323 3315 610 3355 intumescunt.
671 3316 757 3356 Sed
787 3317 859 3357 hic
889 3318 943 3358 de
966 3330 1071 3359 coe-

197 3375 263 3414 nis
283 3374 489 3427 loquitur.
530 3376 684 3418 Celsus
704 3379 753 3426 2,
776 3379 843 3418 29.
866 3380 980 3420 inter
1000 3391 1068 3430 ea,

199 3446 311 3486 quae
359 3437 507 3479 alvum
555 3443 786 3489 moveant,
838 3445 1071 3482 enumerat

197 3508 363 3548 cerasa,
406 3511 552 3551 niara,
592 3513 722 3552 poma
759 3504 897 3543 omnia
934 3504 1066 3544 mitia.

1141 1322 1275 1362 Nimis
1307 1321 1479 1362 subtilis
1511 1322 1685 1362 videtur
1714 1323 1904 1363 Tui-nebi
1940 1335 2017 1363 ex-

1140 1384 1338 1436 plicatio:
1389 1386 1489 1437 «qui
1530 1385 1633 1425 nihil
1675 1388 1854 1437 praeter
1891 1397 2014 1425 mora

1139 1450 1311 1488 matura
1360 1449 1402 1487 in
1445 1448 1629 1500 prandio
1677 1449 1859 1500 (prandii
1905 1448 2014 1501 loco)

1139 1510 1388 1550 comedet.»
1475 1512 1570 1550 Non
1618 1511 1681 1550 sie
1735 1511 2015 1562 prandebant

1140 1574 1320 1612 Catiani.
1359 1595 1403 1600 —
1437 1577 1534 1612 ante
1571 1585 1744 1624 gravem
1775 1595 1797 1601 -
1827 1596 1849 1602 -
1878 1574 2016 1626 solem]

1141 1646 1295 1675 «mane
1330 1637 1470 1687 igitur,
1506 1648 1559 1675 ne
1581 1637 1710 1676 nimis
1732 1648 1754 1675 a
1777 1637 1868 1677 sole
1892 1639 2015 1676 cocta

1139 1700 1313 1738 aestum
1331 1701 1559 1746 moveant,
1584 1698 1662 1738 sed
1679 1700 1824 1750 potius
1843 1702 2014 1739 stoma-

1139 1761 1271 1800 chum
1285 1759 1521 1801 salubriter
1538 1762 1838 1811 refrigerent.»
1873 1764 2015 1810 Quem

1138 1824 1209 1864 hic
1238 1835 1412 1875 yravem
1432 1822 1622 1875 appellat
1642 1823 1798 1871 solem,
1822 1834 1925 1863 eum
1947 1835 2018 1864 su-

1137 1897 1215 1938 pra
1237 1888 1324 1926 Sat.
1350 1887 1387 1935 l,
1412 1886 1450 1934 6,
1473 1887 1565 1925 ⁴25.
1599 1888 1805 1926 aeriorem
1824 1888 2011 1926 vocavit.

1190 1949 1335 1989 24-27.
1367 1949 1567 2001 Aufidius]
1601 1951 1752 1990 Utrum
1773 1950 1827 1989 sit
1851 1950 1905 1988 M.
1930 1951 2015 1989 Au-

1136 2011 1264 2051 fidius
1295 2013 1459 2059 Lurco,
1508 2013 1581 2063 qui
1617 2013 1786 2063 primus
1816 2022 2013 2063 pavones

1136 2074 1336 2124 saginare
1361 2075 1542 2114 instituit
1561 2073 1678 2124 (Plin.
1700 2075 1749 2113 H.
1770 2075 1818 2113 N.
1840 2074 1904 2123 40,
1928 2074 2013 2124 20.)

1136 2147 1293 2185 necne,
1313 2136 1440 2176 nohis
1457 2146 1613 2188 parum
1632 2139 1911 2188 compertum
1930 2138 2010 2176 est.

1139 2222 1183 2227 —
1204 2200 1303 2250 forti
1322 2199 1517 2238 miscebat
1543 2199 1667 2238 mella
1690 2199 1880 2251 Falerno]
1905 2200 2016 2238 Mar-

1135 2260 1222 2300 tial.
1246 2261 1292 2309 4,
1328 2261 1401 2309 43,
1435 2261 1480 2302 li:
1525 2262 1709 2300 Massica
1742 2262 1896 2300 Theseis
1924 2265 2011 2300 lam

1135 2323 1231 2362 bene
1276 2323 1559 2373 (miscentur)
1604 2324 1704 2361 vina
1744 2323 1866 2374 savis.
1928 2325 2014 2362 Lo—

1136 2386 1283 2436 quitur
1303 2385 1357 2424 de
1382 2384 1669 2436 promulside.
1733 2386 1819 2425 Csr.
1845 2386 2014 2425 Becker

1136 2447 1280 2487 Gallus
1308 2448 1377 2486 111.
1412 2458 1455 2498 p.
1492 2448 1583 2487 481¹.
1617 2447 1711 2487 ⁶240.
1768 2446 1928 2487 Plinius
1962 2449 2010 2486 H.

1136 2511 1184 2549 N.
1208 2510 1280 2556 22,
1314 2509 1386 2548 53:
1421 2510 1590 2559 Semper
1609 2510 1787 2548 mulsum
1808 2521 1861 2549 er
1880 2514 2014 2549 vetere

1133 2572 1228 2611 vino
1285 2572 1546 2610 utilissimum
1597 2572 1873 2622 facillimeque
1919 2584 2012 2611 cum

1133 2634 1249 2674 melle
1277 2638 1630 2684 concorporatur,
1676 2636 1784 2684 quod
1822 2636 1865 2674 in
1903 2636 2012 2674 dulci

1135 2707 1350 2745 nunquam
1369 2697 1516 2736 evenit.
1575 2698 1645 2736 Ea:
1665 2701 1829 2736 austero
1852 2698 2013 2748 sactum

1133 2771 1216 2798 non
1245 2759 1385 2809 implet
1413 2760 1682 2799 stomachum.
1705 2782 1728 2789 —
1747 2783 1770 2789 —
1789 2760 2012 2811 Appetendi

1135 2833 1296 2872 quoque
1310 2826 1476 2861 revocat
1497 2822 1740 2862 aviditatem
1758 2823 1850 2862 cibi.
1885 2822 2008 2863 Conf.

1135 2885 1222 2923 Sat.
1246 2885 1291 2933 2,
1323 2885 1372 2931 2,
1406 2885 1470 2923 45.
1523 2883 1780 2932 Falernum,
1815 2885 1934 2936 quod
1964 2886 2007 2925 h.

1133 2946 1159 2986 l.
1182 2947 1289 2998 forte
1305 2949 1512 2996 vocatur,
1545 2959 1731 2987 severum
1751 2947 1910 2987 dicitur
1930 2948 2007 2988 Od.

1136 3010 1181 3058 l,
1214 3010 1286 3056 27,
1320 3009 1378 3058 9.,
1416 3010 1567 3049 ardens
1609 3009 1686 3049 Od.
1724 3010 1772 3058 2,
1821 3011 1894 3059 li,
1942 3010 2007 3050 ⁴9.

1140 3095 1182 3099 —-
1210 3072 1355 3110 vacuis
1383 3071 1509 3123 venis]
1542 3072 1714 3111 «ieiuno
1735 3073 2008 3112 stomacho.»

1139 3156 1182 3162 —
1230 3134 1318 3173 lene
1351 3157 1374 3163 -
1403 3134 1498 3185 leni]
1544 3132 1753 3175 Consulto
1797 3135 2011 3185 repetitur

1133 3206 1230 3235 voc.
1268 3199 1324 3235 ab
1366 3196 1544 3236 homine
1581 3196 1686 3235 artis
1727 3197 2007 3247 coquinariae

1132 3259 1416 3309 peritissimo.
1438 3281 1482 3287 —
1494 3257 1764 3309 praecordia]
1787 3258 2005 3305 intestina,

1134 3321 1176 3360 in
1219 3321 1373 3372 primis
1413 3318 1720 3360 ventriculum.
1782 3318 1920 3370 Epod.
1958 3319 2004 3365 3,

1133 3383 1179 3421 5;
1229 3384 1336 3432 Quid
1371 3383 1445 3422 hoc
1473 3382 1617 3422 veneni
1644 3382 1774 3421 saevit
1809 3382 1852 3420 in
1876 3391 2008 3430 prae-

1132 3444 1315 3484 cordiis?
1370 3467 1414 3472 —
1458 3444 1692 3493 Prolueris]
1737 3443 1824 3482 Sat.
1865 3444 1910 3492 4,
1957 3445 2003 3490 5,

1135 3506 1206 3546 ⁴6:
1238 3507 1371 3546 Multa
1387 3507 1579 3556 prolutus
1592 3516 1746 3555 vappa.
1772 3529 1812 3534 —-
1833 3505 1878 3544 Si
1898 3505 2006 3545 dura
