2231 3787
911 267 1006 305 Llss.
1041 268 1089 306 ll.

301 399 408 450 Nec
449 397 546 450 sibi
591 414 882 451 coenarum
920 398 1096 468 quivis
1136 406 1340 451 temere
1381 397 1604 467 adroget
1642 406 1832 460 artem,

1151 268 1261 306 sAT.
1296 266 1364 304 lv.

1946 264 2048 317 283

1981 399 2047 450 35

298 501 413 552 Non
452 499 601 570 prius
641 508 827 553 exacta
867 500 1010 554 tenui
1052 500 1256 553 ratione
1297 517 1567 571 saporum.

298 602 405 654 Nec
446 601 574 654 satis
614 610 696 654 est
735 619 860 656 cara
899 602 1078 673 pisces
1119 610 1365 656 avertere
1403 620 1622 664 mensa,

300 704 547 773 Ignarum
586 703 783 773 quibus
824 712 905 757 est
945 704 1026 757 ius
1067 704 1242 775 aptius
1284 713 1336 758 et
1375 703 1572 775 quibus
1613 705 1750 758 assis

297 804 606 875 Languidus
647 806 697 857 in
739 806 979 859 cubitum
1019 807 1122 859 iam
1157 824 1216 860 se
1257 807 1483 860 conviva
1521 815 1762 877 reponet.

297 906 497 960 Umber
537 915 589 960 et
628 906 785 978 iligna
827 907 1054 962 nutritus
1094 908 1288 979 glande
1330 908 1588 962 rotundas

1980 910 2046 961 40

336 1088 403 1126 36.
447 1088 501 1126 Ni
536 1090 657 1138 prius
687 1088 827 1128 Codd.
861 1090 981 1129 haud
1011 1091 1142 1141 pauci
1175 1091 1275 1140 (non
1306 1091 1441 1130 nostri
1474 1102 1556 1129 nec
1588 1092 1808 1139 Pottierii‘i.
1847 1115 1890 1120 —
1925 1092 1990 1132 37.

272 1151 399 1200 piscis
442 1152 487 1191 b.
535 1173 579 1180 —
627 1157 815 1192 avertere
857 1152 1106 1204 bScp,CtF:
1156 1164 1350 1193 averrere
1381 1155 1554 1204 septem
1586 1154 1802 1203 Pottierii,
1842 1152 1990 1208 γὸκω,

279 1214 517 1265 Cruquiani
546 1216 725 1266 praeter
755 1216 884 1256 Tons.
920 1226 1100 1264 omnes,
1144 1215 1237 1264 alii,
1286 1217 1315 1255 L
1347 1218 1390 1255 et
1419 1215 1668 1265 Bentleius,
1703 1218 1808 1257 item
1840 1220 1894 1257 M.
1946 1242 1989 1246 ψ

278 1276 343 1316 39.
378 1278 540 1327 reponit
570 1288 684 1318 corr.
719 1289 743 1317 c
774 1280 819 1317 et
848 1280 1058 1329 quattuor
1087 1279 1296 1318 Pottierii.

222 1439 314 1482 τῶν
334 1440 371 1481 ὁ·
395 1436 552 1482 ἄλλων
574 1437 1012 1501 (ὀστρακοδέρμων)
1043 1440 1102 1483 τὰ

221 1506 310 1558 μέν
339 1504 440 1546 ἐστι
469 1503 666 1561 ὄίθυρα,
708 1501 766 1545 τὰ
806 1504 856 1546 δὲ
884 1502 1103 1558 μονόθυ-

221 1580 303 1626 ρα·
337 1591 403 1598 --
434 1563 526 1607 ταῖν
568 1566 619 1608 δὲ
661 1566 869 1627 ὁιθύρων
912 1565 971 1609 τὰ
1012 1570 1102 1622 μέν

221 1630 350 1672 ἐστιν
390 1626 724 1680 ἆνάπτυχα,
769 1627 874 1672 οἷον
913 1632 962 1671 οἱ
996 1633 1103 1673 κτέ-

223 1707 297 1746 νες
326 1694 408 1734 καὶ
438 1695 488 1734 οἱ
513 1692 657 1747 μύες·
703 1688 894 1735 ἅπαντα
923 1691 1013 1754 γὰρ
1042 1692 1102 1736 τὰ

220 1753 421 1799 τοιαῦτα
461 1756 516 1815 τῇ
556 1757 647 1811 μὲν
684 1760 997 1811 συμπέφυκε,
1042 1757 1098 1816 tf}

220 1819 270 1862 δὲ
290 1819 560 1862 διαλέλυται
573 1852 583 1870 ,
616 1815 742 1861 ὥστε
762 1821 1102 1876 συγκλείεσθαι

223 1885 305 1925 καὶ
337 1879 638 1938 ἀνοίγεσθαι.
693 1886 781 1925 Cic.
817 1885 871 1924 de
904 1887 952 1925 N.
977 1887 1027 1925 D.
1052 1887 1097 1935 Ξ,

219 1947 294 1997 48,
347 1947 453 1988 423:
514 1948 619 1987 Pina
667 1948 826 1987 duabus
872 1949 1103 1999 ¹qrandibas

215 2010 367 2060 patula
395 2010 571 2049 conchis,
625 2009 688 2050 Cf.
714 2010 768 2049 de
802 2011 922 2050 Finn.
949 2011 996 2059 3,
1031 2011 1096 2060 49,

220 2072 286 2112 63.
324 2095 368 2100 —
399 2073 519 2112 ¹molle
544 2073 779 2124 Tarentum]
813 2074 898 2113 Cfr.
923 2074 1033 2126 Epp.
1060 2074 1096 2122 4,

220 2135 266 2183 7,
299 2134 372 2174 45:
406 2135 565 2174 imbelle
596 2136 832 2175 Tarentum.

275 2258 420 2298 35-39.
453 2260 550 2311 Nec]
573 2262 620 2299 ut
648 2261 870 2301 interdum
892 2262 1026 2301 etiam
1057 2263 1100 2302 in

219 2332 350 2372 prosa
378 2323 575 2361 oratione
599 2334 678 2374 pro
700 2335 772 2363 nec
791 2335 912 2372 vero,
944 2335 1018 2363 nec
1038 2328 1100 2362 tw

218 2395 332 2431 mem
357 2385 505 2436 itaque
523 2385 763 2425 Heindorfii
781 2389 823 2426 et
841 2387 970 2426 unius
989 2387 1096 2427 Cod.

221 2448 330 2487 Feae
376 2449 438 2487 Ne
481 2448 555 2487 sibi
598 2459 985 2500 supervacaneum
1017 2452 1097 2490 est.

224 2533 266 2536 —
291 2510 456 2561 macta]
493 2509 787 2562 «explorata»
847 2513 964 2563 Virg.
988 2515 1097 2552 Aen.

222 2573 237 2611 4
260 2605 268 2622 ,
302 2573 382 2612 305
405 2585 411 2611 :
444 2573 496 2613 Ac
518 2575 617 2623 pius
645 2574 803 2614 Aeneas
824 2597 845 2603 -
867 2597 890 2603 -
909 2576 1027 2615 exire
1045 2577 1103 2615 lo—

220 2645 368 2685 cosque
404 2636 644 2686 Eoeplorare
678 2649 805 2677 novos
825 2659 842 2666 -
859 2660 878 2666 -
897 2639 1105 2679 constituit

218 2698 418 2747 sociisque
460 2703 614 2738 exacta
658 2700 829 2750 referre.
881 2723 925 2728 -
976 2702 1101 2754 tenui]

222 2762 342 2800 Pers.
369 2761 415 2810 6,
439 2761 512 2802 24:
547 2765 708 2802 tenuem
731 2762 990 2813 («subtiliter
1011 2766 1103 2804 tan-

221 2824 318 2861 tum
359 2833 410 2862 ac
451 2823 685 2864 difficulter
729 2825 1100 2878 dijudicandam»)

220 2884 443 2923 turdarum
472 2897 591 2925 nosse
610 2887 801 2927 salivam.
830 2909 873 2915 —
900 2889 1100 2941 avertere]

221 2945 289 2984 Sic
319 2944 417 2996 lego
449 2958 552 2987 cum
583 2950 694 2989 meis
727 2950 865 2990 Codd.
892 2953 935 2991 et
966 2952 1101 2992 Hein-

221 3006 382 3055 dorfio,
430 3010 478 3046 ut
520 3009 674 3049 dicunt
710 3014 934 3061 pecuniam
975 3026 1101 3055 aver-

221 3073 304 3108 tere
323 3080 404 3120 pro
427 3070 764 3121 «intervertere,
798 3074 1102 3117 fraudulenter

220 3133 546 3184 intercipere.»
592 3134 659 3174 vel
705 3137 837 3177 etiam
884 3140 1007 3188 «vi»,
1053 3142 1101 3180 ut

223 3195 388 3235 Caesar
407 3196 454 3234 B.
481 3196 528 3235 C.
548 3195 587 3244 3,
612 3197 685 3236 59:
711 3201 920 3248 praedam
939 3213 1101 3241 omnem

222 3258 389 3296 domam
425 3257 677 3298 avertebant.
737 3261 813 3300 Est
849 3262 997 3312 igitur:
1047 3275 1098 3304 «a

219 3329 374 3359 mensa
405 3320 640 3371 piscatoria
672 3323 924 3364 carissimos
962 3335 1099 3375 quos-

222 3391 307 3430 que
337 3382 484 3432 pisces
515 3383 674 3435 cupide
698 3385 741 3423 et
771 3386 925 3435 quovis
955 3387 1097 3437 pretio

222 3441 393 3484 auferre
436 3446 569 3496 atque
611 3445 814 3486 celeriter
843 3445 936 3487 aliis
966 3458 1098 3499 prae-

221 3504 365 3556 ripere
389 3507 710 3558 emptoribus.»
769 3508 971 3550 Averrere
990 3511 1096 3551 item

1169 1444 1226 1484 ad
1273 1455 1479 1485 mensam
1526 1446 1808 1497 piscatoriam
1858 1445 2048 1486 relatum

1168 1506 1302 1547 modo
1333 1507 1463 1548 nimis
1494 1509 1732 1549 artificioso
1754 1509 2043 1559 significaret:

1170 1572 1242 1609 «ut
1281 1571 1428 1622 pisces
1461 1570 1707 1611 everriculo
1740 1573 1974 1623 capiuntur
2005 1573 2048 1611 in

1167 1633 1302 1682 mari,
1355 1633 1417 1673 sic
1467 1645 1544 1674 eos
1593 1645 1789 1673 averrere
1837 1634 2048 1685 (wegyfi—

1163 1695 1333 1747 selle-n)
1381 1695 1436 1735 ab
1483 1695 1593 1735 illa.»
1666 1695 1850 1736 Bentleii
1894 1699 2044 1737 autem

1156 1758 1464 1815 explicationi:
1507 1770 1677 1810 «neque
1710 1758 1872 1799 sufficit
1901 1760 2047 1811 pisces

1167 1823 1369 1874 impenso
1399 1822 1541 1873 pretio
1573 1823 1805 1873 coemptos
1827 1822 1870 1861 in
1891 1833 2047 1862 mensa

1166 1896 1245 1926 sua
1268 1883 1496 1934 exhibere,
1521 1885 1594 1935 qui
1616 1895 1695 1936 pro
1718 1884 1912 1936 reliquiis
1929 1896 2050 1924 aver-

1164 1951 1339 1997 rantur,
1386 1948 1538 1998 utpote
1581 1957 1693 1998 quos
1731 1958 1864 1987 nemo
1896 1948 2049 1987 convi—

1164 2021 1324 2050 varum
1382 2010 1564 2060 tangere
1621 2008 1749 2059 velit,
1807 2012 2045 2061 propterea

1165 2072 1286 2123 quod
1322 2073 1474 2123 aptum
1512 2072 1671 2124 cuique
1712 2072 2048 2112 condimentum

1166 2136 1329 2183 desit3»
1362 2134 1467 2174 illud
1498 2136 1690 2175 maxime
1723 2134 1891 2184 obstat,
1926 2134 2047 2186 quod

1165 2200 1455 2250 purgamenta
1471 2199 1617 2250 scopis
1632 2198 1879 2238 everrenda
1903 2199 2044 2245 erant,

1165 2261 1210 2300 id
1241 2262 1330 2311 est,
1373 2271 1496 2310 ossa,
1536 2262 1764 2312 putamina
1798 2272 1849 2300 ac
1880 2259 2047 2300 similes

1165 2333 1237 2362 res
1278 2323 1473 2363 minutae
1515 2335 1539 2362 a
1581 2324 1776 2363 convivis
1821 2323 2043 2371 abiectae,

1166 2397 1253 2425 non
1284 2386 1431 2437 pisces
1459 2385 1632 2436 aliaque
1655 2386 1838 2425 obsonia
1861 2386 2043 2436 integra.

1165 2452 1257 2489 Nec
1288 2447 1467 2488 tandem
1499 2449 1662 2488 Horatii
1691 2448 1827 2487 verba
1861 2459 1914 2487 ex
1948 2449 2046 2487 ioco

1166 2509 1364 2550 Plautino
1389 2509 1678 2559 (Menaechm.
1706 2511 1720 2549 ΛΙ
1742 2542 1750 2559 ,
1776 2510 1791 2548 1
1815 2542 1822 2558 ,
1856 2510 1901 2549 02:
1935 2520 2048 2548 men-

1165 2584 1278 2622 sam,
1312 2574 1478 2622 quando
1506 2574 1600 2623 edo,
1634 2573 1857 2625 detergeo.)
1888 2573 1945 2612 ita
1976 2583 2047 2611 ac-

1167 2635 1370 2688 cipienda
1415 2635 1606 2685 suadeo,
1662 2637 1709 2675 ut
1752 2647 1948 2675 averrere
1991 2635 2047 2674 sit

1168 2697 1321 2738 «avide
1355 2697 1543 2746 edere;»
1588 2700 1637 2738 ut
1679 2697 1748 2738 alii
1792 2697 1958 2738 volunt.
1997 2719 2040 2725 —

1164 2762 1366 2812 Ignarum
1414 2760 1560 2811 quibus
1607 2760 1685 2812 est]
1739 2772 1955 2813 «semper
2002 2762 2044 2801 in

1165 2823 1372 2865 omnibus
1404 2824 1666 2872 conviviis;»
1709 2824 1811 2864 hinc
1844 2824 2046 2864 indicati-

1164 2897 1262 2927 vus.
1299 2910 1343 2915 —
1375 2887 1441 2926 ius
1469 2887 1620 2939 apcius]
1655 2888 1753 2938 «qui
1785 2886 1881 2927 elixi
1912 2898 2047 2938 appo-

1165 2949 1301 2988 nendi
1331 2951 1484 2998 sunt,»
1517 2960 1629 3001 quos
1653 2950 1894 2999 patinarias
1913 2951 2044 2989 vocat

1165 3011 1301 3051 Plaut.
1334 3012 1453 3052 Asin.
1479 3013 1524 3060 4,
1558 3011 1605 3060 3,
1639 3012 1706 3052 28.
1745 3036 1788 3040 ——
1811 3012 1958 3061 quibus
1978 3023 2046 3051 as-

1163 3074 1232 3126 sis]
1265 3074 1461 3124 dativus,
1495 3086 1582 3114 non
1604 3074 1834 3114 ablativus.
1862 3097 1906 3102 —-
1929 3076 2045 3114 Lan-

1162 3138 1327 3189 9aidas]
1375 3137 1603 3189 «fatigatus
1649 3138 1869 3177 edendo.»
1916 3160 1959 3164 ——
2002 3139 2048 3176 in

1163 3200 1345 3240 cubitum
1359 3222 1379 3228 -
1392 3212 1434 3240 se
1448 3223 1465 3229 -
1479 3201 1661 3251 reponet]
1686 3200 1923 3240 «suavitate
1942 3211 2043 3239 con-

1164 3263 1347 3303 dimenti
1379 3263 1434 3303 ad
1466 3263 1691 3304 edendum
1713 3262 2038 3302 revocabitur.»

1165 3327 1303 3366 Comi.
1330 3327 1459 3372 CRUQ.
1514 3326 1672 3367 Cubito
1703 3326 1877 3365 sinistro
1910 3324 2041 3363 innixi

1164 3389 1208 3427 et
1263 3387 1445 3439 paulum
1498 3399 1546 3428 se
1605 3386 1877 3433 attollentes,
1938 3395 2040 3424 cum

1163 3450 1484 3499 comedebant,
1518 3451 1560 3489 in
1582 3452 1678 3489 toro
1709 3460 1756 3489 se
1778 3447 2037 3495 fulciebant;

1163 3513 1302 3553 saturi
1346 3513 1389 3553 in
1433 3511 1620 3553 cervical
1661 3522 1708 3552 se
1747 3509 2036 3551 reclinabant.
