2231 3787
251 262 351 313 708

1052 252 1262 292 HORATll

321 393 599 459 iratusque
641 384 895 439 Chremes
936 381 1136 435 tumido
1178 379 1413 448 delitigat
1451 394 1571 440 ore;

324 493 380 544 Et
422 488 650 559 tragicus
692 485 1010 557 plerumque
1051 480 1194 534 dolet
1233 494 1480 531 sermone
1523 474 1757 547 pedestri

1990 472 2058 523 95

323 590 586 662 Telephus
626 598 674 641 et
716 585 932 640 Peleus,
976 599 1097 635 eum
1137 596 1343 650 pauper
1378 586 1430 631 et
1467 576 1615 630 exsul
1657 584 1883 645 uterque

362 773 427 810 ⁹5.
461 769 526 807 96.
557 764 746 816 pedestri.
794 760 980 809 Telephus
1018 757 1285 808 distinguunt
1316 757 1433 796 LCtF
1472 758 1516 796 et
1544 754 1819 805 Peerlkamp.
1861 776 1904 782 —
1937 753 2004 794 96.

314 835 351 873 T.
377 838 448 872 aut
478 831 612 870 Peleus
633 824 852 867 Bentleius
884 820 1151 862 coniectura.
1178 842 1222 848 —
1259 819 1447 868 Telephus
1475 822 1511 857 et
1539 817 1698 866 Peleus,
1730 827 1823 856 cum
1845 826 2010 867 pauper

258 987 530 1029 Caecilianus
561 982 675 1034 apud
703 981 791 1020 Cic.
817 989 896 1029 pro
917 975 1034 1018 Cael.
1060 976 1124 1023 46,
1159 975 1165 1007 l
1193 976 1323 1014 metr.
1349 971 1467 1013 Phal.
1490 972 1564 1012 28:
1594 967 1789 1012 Ἁπλοῦν
1817 970 1898 1011 καὶ
1922 965 2064 1010 ἀποί-

257 1053 329 1092 37:
363 1050 481 1088 Nunc
509 1046 614 1086 enim
646 1044 809 1082 demunt
837 1040 936 1079 mihi
965 1038 1132 1077 animus
1193 1048 1310 1089 ητον
1352 1033 1578 1084 βούλεται
1621 1031 1740 1075 εἶναι
1787 1029 1844 1074 τὸ
1891 1028 2062 1083 πάθος.

259 1114 391 1153 ardet.
414 1123 437 1148 n
446 1120 522 1147 unc
542 1117 677 1146 mcum
698 1115 770 1143 cor
790 1102 1031 1142 cumulatur
1046 1101 1128 1138 ira.

1195 1100 1354 1138 «Recte
1392 1096 1613 1138 Bentleius
1651 1098 1865 1148 punctum
1893 1096 1994 1148 post
2021 1105 2062 1135 v.

263 1199 304 1203 —
340 1175 556 1218 trahisque
577 1166 780 1215 Chremes]
812 1163 880 1204 ille
911 1162 1133 1202 Terentia-
1190 1161 1368 1211 pedestri
1397 1158 1590 1208 sustulit,
1623 1169 1759 1211 quem
1788 1160 1936 1198 tamen
1956 1156 2068 1198 scri-

259 1247 340 1276 nus
380 1233 613 1274 lleautont.
644 1231 688 1274 5,
723 1227 780 1273 4.,
826 1224 901 1265 ubi
932 1225 1133 1264 irascitur

259 1298 344 1338 filio
385 1293 634 1346 Clitiphonti
672 1291 853 1342 propter
888 1287 1132 1328 meretricis

260 1369 459 1400 amorem
476 1355 605 1395 nimis
622 1352 802 1405 prodigo
818 1360 1009 1400 eumque
1027 1349 1136 1388 acri-

263 1427 328 1462 ter
353 1420 548 1468 castigat.
585 1415 648 1455 Cf.
674 1415 759 1453 Sat.
787 1413 824 1460 4,
848 1410 886 1459 4,
912 1410 978 1450 48.
1007 1432 1051 1438 --
1075 1413 1136 1448 tu-

262 1479 509 1530 mido-ore]
542 1477 720 1528 Proprio
751 1484 885 1514 sensu
916 1472 986 1511 hic
1017 1481 1137 1510 eom-

261 1544 393 1585 mode
436 1538 713 1591 interpretari
751 1544 1004 1587 possumus.
1056 1534 1136 1573 Se-

261 1617 371 1647 neca
403 1605 457 1644 de
488 1605 555 1642 Ira
586 1602 601 1640 4
627 1633 634 1648 ,
661 1600 676 1639 4
700 1631 707 1648 ,
733 1598 776 1638 l:
810 1596 1137 1636 humentium--

260 1670 379 1720 foeda
413 1667 498 1705 risu
530 1668 566 1703 et
596 1661 805 1701 horrenda
826 1659 954 1711 facies
983 1660 1137 1708 depra-

261 1731 448 1770 vantium
479 1737 518 1766 se
548 1729 673 1775 atque
696 1721 1059 1762 intumescentium.
1092 1720 1133 1768 2,

262 1793 335 1833 35:
369 1791 593 1830 tumescunt
613 1797 761 1833 venae,
794 1783 1027 1823 concutitur
1045 1793 1138 1822 cre-

264 1855 336 1893 bro
367 1852 514 1903 spiritu
538 1852 705 1899 pectus,
738 1846 889 1885 rabida
917 1845 1026 1884 vocis
1045 1855 1139 1884 eru-

257 1917 347 1968 ptio
376 1914 481 1953 colla
503 1910 705 1950 distendit.
733 1930 778 1937 —
803 1906 1002 1958 delitiqat]
1025 1904 1136 1945 Alibi

262 1977 461 2018 nondum
492 1972 717 2024 repertum
740 1980 838 2009 esse
859 1968 1033 2007 videtur
1053 1968 1137 2006 hoc

262 2039 466 2079 verbum.
514 2032 660 2073 Simile
693 2034 756 2072 est
789 2029 911 2070 ovid.
943 2031 1043 2069 Met.
1070 2030 1134 2078 44,

264 2103 365 2143 331;
400 2100 718 2139 delamentatur.
770 2092 904 2139 Vide,
951 2103 1005 2131 ne
1037 2090 1135 2130 talia

262 2162 509 2216 (desaevire,
556 2155 828 2207 deproeliari,
876 2152 1138 2204 debacchari)

263 2224 509 2277 significent
547 2219 725 2272 proprie
758 2233 775 2251 «
795 2228 845 2256 ex
876 2214 972 2255 loeo
1003 2226 1140 2267 supe-

262 2290 376 2328 riore
408 2297 461 2326 ac
501 2284 735 2336 propterea
768 2279 933 2319 maiore
965 2288 1067 2318 cum
1097 2277 1139 2316 vi

263 2349 421 2389 saevire
442 2348 546 2395 eet,
579 2354 711 2396 quam
745 2342 777 2382 si
810 2340 853 2380 id
877 2351 1020 2393 aequo
1042 2338 1138 2380 loco

267 2412 437 2452 tieret.»

319 2474 385 2513 95.
410 2471 475 2511 96.
519 2468 721 2519 traqieus]
750 2464 860 2507 Male
892 2462 995 2505 olim
1025 2474 1140 2516 pun-

266 2538 335 2575 cto
367 2535 466 2586 post
495 2543 535 2569 V.
563 2529 743 2580 pedestri
773 2528 915 2580 posito
947 2526 1139 2579 explica-

266 2598 373 2637 bant
402 2594 469 2634 vel
502 2593 718 2643 «tragicus
749 2593 894 2630 actor»
926 2587 993 2628 vel
1031 2591 1141 2628 «tra-

266 2661 389 2711 gicus
411 2657 648 2707 scriptor3»
671 2653 888 2693 artissime
911 2652 1027 2691 enim
1050 2652 1142 2690 iun-

268 2720 462 2773 gendum
492 2720 557 2758 est
589 2727 690 2756 eum
720 2714 870 2754 verbis
894 2714 1084 2764 Telephus
1105 2716 1143 2753 et

267 2783 423 2829 Peleus,
457 2790 570 2831 quae
601 2788 818 2831 personae
841 2786 1021 2827 semper
1041 2776 1142 2816 sunt

269 2845 475 2894 tragicae.
510 2842 577 2880 Sic
609 2841 764 2880 Cicero
794 2839 835 2878 in
862 2838 945 2878 Pis.
969 2837 1042 2885 ΞΟ,
1065 2836 1139 2877 47:

269 2907 305 2946 E
307 2918 358 2957 qo
389 2909 425 2944 te
443 2925 465 2932 -
480 2926 503 2932 -
525 2915 600 2942 non
634 2902 794 2952 tragico
821 2899 890 2939 illo
912 2899 1051 2939 Oreste
1071 2902 1146 2937 aul

271 2969 517 3008 Athamante
546 2965 833 3004 clementiorem
856 2961 1037 3013 putem?
1075 2962 1144 3001 Sic

275 3031 406 3070 etiam
427 3028 600 3067 comicos
618 3026 760 3065 stultos
778 3035 889 3064 senes
912 3024 1019 3064 dixit
1038 3023 1146 3063 Cae-

275 3091 398 3132 cilius
429 3089 588 3129 Statius
618 3087 731 3139 apud
764 3087 851 3126 Cic.
876 3086 931 3125 de
954 3087 1052 3125 Sen.
1078 3085 1143 3133 44,

277 3155 363 3199 36.,
404 3151 603 3192 comicum
631 3149 840 3188 moecham
871 3149 997 3198 Prop.
1029 3147 1074 3195 5,
1104 3147 1143 3194 5,

279 3215 345 3256 44.
372 3236 418 3243 -
437 3210 693 3263 plerumque]
728 3209 1004 3259 “ubicunque
1037 3208 1149 3247 eius-

279 3275 400 3316 modi
438 3275 610 3326 partes,
658 3269 810 3322 quales
840 3271 942 3310 sunt
969 3267 1148 3321 Telephi

281 3340 383 3384 cet.,
416 3335 727 3375 inducuntur.»
755 3355 798 3360 —
823 3341 1007 3371 sermone
1029 3332 1150 3381 pede-

281 3399 375 3450 stri]
408 3394 469 3451 τῷ
492 3393 609 3450 πεζῷ
632 3393 777 3449 λόγῳ,
810 3391 994 3444 simplici
1018 3395 1148 3443 atque

284 3461 463 3500 minime
506 3454 559 3496 τὸ
598 3451 728 3506 ὕψος
763 3455 1011 3494 affectante.
1064 3454 1151 3492 Dc-

1194 1222 1335 1273 psisse
1380 1219 1543 1261 nollem
1580 1221 1770 1270 Telephus
1805 1224 1881 1260 aut
1914 1219 2064 1259 Peleus.

1196 1285 1386 1334 Uterque
1419 1283 1535 1322 enim
1575 1281 1704 1323 simul
1736 1281 1961 1323 Chremeti
1991 1291 2068 1321 eo-

1197 1345 1312 1385 mico
1344 1345 1619 1396 opponitur.»
1651 1345 1767 1384 ΙΑΗΝ.
1802 1345 1976 1395 (PostV.
1996 1352 2069 1393 pe-

1197 1407 1322 1446 destri
1352 1406 1623 1457 distinguens
1653 1417 1796 1458 nuper
1816 1415 1968 1446 rursus
1988 1406 2070 1445 Go-

1198 1468 1286 1508 nod
1303 1480 1343 1507 v.
1363 1469 1549 1520 trayicus
1574 1467 1763 1519 explicat
1791 1466 2068 1518 «tragoediae

1199 1531 1443 1582 scriptor.»)
1462 1552 1505 1558 —
1527 1529 1730 1581 Telephus]
1751 1528 1946 1580 Telephi,
1966 1529 2072 1569 Her-

1201 1591 1308 1632 culis
1340 1590 1412 1631 filii
1443 1603 1495 1631 ex
1526 1593 1646 1642 Auge
1668 1590 1786 1640 Alei,
1817 1590 1984 1642 Mysiae
2005 1601 2071 1630 re-

1201 1655 1286 1706 gis,
1320 1653 1402 1693 silia
1435 1652 1604 1693 fabulas
1626 1652 1720 1704 lege
1743 1652 1862 1705 apud
1881 1652 2007 1693 Diod.
2027 1651 2068 1703 4,

1200 1715 1267 1756 34.
1300 1715 1454 1766 Hygin.
1479 1715 1652 1755 99-40-1.
1684 1716 1842 1764 Vater,
1874 1715 1938 1754 die
1955 1713 2072 1754 Alea·

1200 1779 1276 1818 den
1305 1778 1372 1816 des
1400 1777 1640 1828 Sophoktes,
1683 1777 1839 1817 Berlin.
1874 1776 1993 1817 4835.
2024 1787 2069 1828 p.

1202 1838 1268 1887 44,
1294 1838 1359 1879 48.
1392 1838 1633 1891 Telephus,
1666 1840 1741 1890 qui
1769 1839 1973 1879 miseriae
1994 1837 2074 1878 hu-

1201 1911 1360 1941 manae
1404 1899 1658 1952 exemplum
1695 1902 1763 1940 est
1792 1900 1924 1940 etiam
1955 1899 2073 1952 apud

1200 1961 1488 2014 philosophos
1520 1962 1620 2012 (vid.
1643 1963 1878 2013 Synesium
1901 1963 2070 2003 Narrat.

1201 2026 1306 2074 Aeg.
1330 2035 1372 2076 p.
1397 2023 1463 2064 34.
1487 2023 1782 2075 Krabinger.),
1808 2025 1969 2076 tragice
1990 2025 2076 2064 tra-

1203 2088 1343 2126 ctatus
1375 2087 1443 2126 est
1471 2085 1527 2125 ab
1556 2085 1803 2136 Aeschylo,
1839 2085 2071 2138 Sophocle,

1203 2147 1432 2198 Euripide,
1465 2148 1714 2198 Agathone,
1737 2148 1897 2197 Ennio,
1920 2149 2072 2197 Accio;

1203 2209 1283 2250 sed
1326 2210 1398 2250 hic
1436 2211 1481 2249 et
1513 2221 1555 2249 v.
1589 2209 1681 2250 404.
1713 2220 1928 2261 personas
1957 2211 2074 2263 ipsas

1201 2273 1348 2324 potius
1378 2282 1512 2322 quam
1543 2273 1688 2312 certas
1708 2272 1924 2323 quasdam
1947 2272 2077 2313 fabu-

1203 2333 1268 2374 las
1298 2333 1508 2385 respexit.
1551 2333 1614 2374 Cf.
1643 2333 1782 2385 Epod.
1807 2334 1879 2383 47,
1907 2334 1947 2375 8.
1978 2335 2077 2375 Ari-

1204 2398 1306 2437 stot.
1331 2397 1450 2436 poet.
1478 2396 1550 2443 43,
1575 2397 1623 2436 7:
1663 2393 1748 2436 νῦν
1777 2397 1882 2454 περὶ
1911 2391 2076 2450 ὀλίγας

1206 2458 1362 2508 οἰκίας
1377 2457 1430 2496 αἱ
1443 2454 1692 2498 κάλλισται
1707 2456 1960 2516 τραγῳδίαι
1969 2472 2078 2500 συν-

1203 2520 1436 2568 τίθενται,
1461 2515 1566 2560 οἶον
1585 2521 1691 2576 περὶ
1715 2515 2008 2573 Ἀλκμαίωνα
2022 2544 2077 2553 --

1204 2585 1284 2624 καὶ
1307 2583 1524 2636 Θυέστην
1544 2583 1624 2622 καὶ
1647 2579 1882 2635 Τήλεφον.
1905 2584 1951 2624 Ο.
1969 2585 2079 2625 Jahn

1207 2646 1396 2697 Telephos
1422 2645 1508 2684 und
1538 2645 1707 2684 Troilos.
1737 2645 1841 2685 Kiel.
1875 2646 1996 2687 4844.
2029 2668 2075 2675 -

1203 2707 1355 2760 Peleus]
1389 2706 1593 2754 «Peleus,
1625 2709 1752 2758 pater
1769 2705 1959 2756 Achillis,
1982 2708 2077 2760 ipse

1206 2771 1319 2812 filius
1350 2770 1505 2817 Aeaci,
1552 2767 1664 2808 duos
1707 2767 1862 2808 habuit
1904 2769 2076 2819 fratres,

1206 2833 1491 2874 Telamonem
1518 2842 1570 2870 ex
1592 2830 1752 2870 eodem
1772 2833 1898 2883 patre
1919 2834 1964 2872 et
1981 2843 2080 2873 ma·-

1207 2898 1295 2943 tre,
1328 2894 1525 2934 Phocum
1555 2903 1609 2933 ex
1629 2895 1752 2944 patre
1775 2895 1966 2944 tantum,
1997 2893 2079 2935 sed

1208 2959 1361 2997 natum
1405 2955 1488 2995 dea
1529 2955 1719 3004 marina,
1761 2954 1960 2996 Salmace
1996 2966 2081 2996 no-

1210 3020 1354 3066 mine,
1401 3028 1534 3068 quem
1566 3018 1659 3069 ipse
1689 3017 1930 3065 interfecit,
1975 3017 2080 3057 inde

1210 3081 1331 3121 furiis
1362 3080 1605 3130 exagitatus
1641 3081 1684 3118 et
1717 3077 1868 3119 exsilio
1896 3079 2083 3119 damna-

1211 3146 1280 3183 tus
1311 3143 1391 3182 est.
1431 3141 1628 3181 Tandem
1656 3141 1865 3191 receptus
1893 3139 2082 3192 hospitio

1212 3217 1235 3243 a
1268 3206 1415 3254 Ceyce
1455 3202 1542 3242 filio
1571 3201 1680 3242 Solis
1710 3213 1734 3241 a
1764 3201 1903 3242 caede
1932 3202 2085 3253 expia-

1212 3269 1324 3306 tur.n
1355 3266 1499 3306 Aenon
1514 3266 1677 3305 NANNH.
1711 3263 1775 3305 Cf.
1799 3263 1878 3304 Od.
1896 3262 1936 3312 3,
1954 3262 2080 3312 7,47.

1215 3329 1292 3369 «Ηί
1321 3326 1454 3367 ambo
1474 3337 1604 3377 reges
1624 3325 1824 3376 fuerunt,
1855 3325 1929 3376 qui
1948 3324 2085 3364 amis-

1215 3391 1273 3431 sis
1313 3389 1458 3440 regnis
1487 3387 1542 3428 ad
1583 3388 1749 3428 tantam
1779 3386 1971 3438 inopiam
2001 3383 2084 3426 de-

1216 3452 1454 3498 venerunt,
1500 3451 1548 3489 ut
1577 3448 1750 3489 exsules
1781 3447 1878 3487 sacti
1909 3446 2083 3487 mendi-
