2231 3787
157 160 188 209 8
793 156 1010 197 llORATll
1043 155 1345 197 SATlRARUM

223 290 315 343 llle
355 307 576 361 gravem
615 288 752 342 duro
792 296 992 341 terram
1031 287 1122 357 qui
1164 286 1322 339 vertit
1361 294 1561 342 aratro,

222 391 468 446 Perfidus
505 390 591 445 hic
629 407 828 461 caupo,
869 388 1024 442 miles
1063 396 1397 459 nautaeque,
1440 404 1540 458 per
1578 404 1737 439 omne

220 493 470 548 Audaces
508 510 658 546 mare
697 491 789 563 qui
829 498 1075 551 currunt,
1116 489 1218 543 hac
1256 498 1437 542 mente
1476 488 1722 542 laborem
1917 488 1986 540 30

224 598 357 650 Sese
396 596 562 657 ferre,
606 611 766 648 senes
806 602 864 647 ut
903 593 954 645 in
995 593 1103 646 otia
1141 601 1254 645 tuta
1292 590 1569 653 recedant,

217 698 396 761 Aiunt,
438 715 563 751 cum
599 695 701 750 sibi
742 696 846 749 sint
884 703 1142 765 congesta
1180 693 1409 748 cibaria:
1452 692 1591 746 sicut

260 810 327 849 ⁶29.
387 809 602 861 Praefidus
629 808 695 846 hic
724 818 872 857 campo
902 807 1016 846 miles
1051 805 1282 857 (Praefidus
1311 815 1334 844 e
1368 804 1501 853 coni.,
1534 815 1683 854 campo
1715 816 1738 844 e
1771 805 1927 854 Codd.)

205 874 248 912 F.
297 872 499 924 (Perfidus
527 872 593 910 hic
613 881 761 920 eampo
780 870 897 909 miles
917 869 1046 916 Iahn,
1077 868 1258 918 Pervigil
1287 868 1351 907 hic
1372 878 1520 917 campo
1550 868 1666 907 miles
1686 867 1742 907 de
1763 868 1925 916 Bosch,

202 936 405 975 Fervidus
432 935 476 973 ιή
495 945 644 983 campo
671 933 789 972 miles
817 932 980 980 Bothe,
1012 931 1216 971 Providus
1244 931 1309 970 hic
1339 935 1511 980 cautor,
1543 931 1660 970 miles
1680 930 1926 979 Schrader,

201 999 386 1049 Perfidus
420 997 485 1036 hic
513 1000 664 1036 cautor
701 997 895 1043 Porson,
942 994 1186 1034 Causidicus
1221 994 1342 1045 vafer
1384 994 1472 1042 hic,
1514 994 1633 1033 miles
1675 993 1927 1042 Markland,

201 1062 453 1100 Per-nectens
480 1070 630 1109 campo
659 1058 776 1098 miles
805 1056 1011 1107 Schmid‚
1044 1057 1241 1098 Pei-vicus
1268 1057 1333 1096 hic
1363 1068 1512 1107 campo
1541 1057 1659 1097 miles
1687 1055 1923 1097 Obbarius.

206 1124 257 1164 Ut
285 1134 391 1171 nos,
425 1133 582 1163 omnes
613 1122 754 1163 nostri
784 1123 829 1161 et
858 1119 1084 1171 Pottierii.)
1119 1142 1165 1148 —
1199 1120 1265 1160 32.
1298 1120 1438 1172 Aiunt]
1470 1121 1629 1161 Dicant
1662 1131 1730 1172 pr.
1765 1119 1816 1169 d,
1849 1121 1931 1160 Di-

200 1190 299 1226 cunt
327 1197 441 1225 corr.
476 1185 520 1226 d.

147 1271 282 1312 modo
313 1283 356 1312 v.
380 1273 448 1312 ⁶27.
483 1271 640 1312 haberi
669 1272 824 1324 possit,
857 1274 906 1311 ut
926 1281 1035 1311 non-

148 1346 282 1375 nemo
312 1333 464 1384 voluit,
498 1334 709 1386 equidem
732 1346 820 1374 non
842 1335 948 1375 satis
969 1335 1033 1375 in-

147 1397 320 1448 telligo,
368 1409 472 1438 cum
515 1398 800 1450 parenthesis
843 1396 913 1437 illa
957 1409 1032 1438 re-

148 1460 369 1512 spondeat
396 1460 774 1512 praecedentibus
801 1462 863 1501 Ne
888 1461 946 1500 sic
966 1484 989 1491 -
1011 1483 1033 1489 -

146 1524 288 1563 ridens
310 1535 579 1573 percurram.

201 1586 350 1626 28-30.
379 1587 601 1637 Ille--qui
620 1585 756 1639 vertit]
780 1586 916 1628 Wolf:
941 1589 1030 1637 Er,

149 1651 258 1690 dess
298 1649 467 1702 Pfluy
513 1651 750 1690 mu'hsam
796 1652 1033 1691 umkehrt

150 1713 902 1765 schwerscholl=iyesErdreich.
938 1715 1033 1755 Hoc

146 1787 187 1815 v.
221 1778 381 1828 poetae
420 1779 639 1828 usurpant
674 1789 763 1817 non
798 1777 944 1819 solum
975 1778 1032 1818 de

147 1842 295 1879 aratro
315 1839 620 1890 (Virg.Aen.7,
641 1840 771 1891 539.),
795 1841 876 1882 sed
898 1843 1031 1882 etiam

149 1902 204 1942 de
245 1903 418 1942 rastris.
478 1903 587 1942 Aen.
621 1903 667 1952 7,
717 1904 821 1943 725:
867 1908 1036 1944 vertunt

146 1966 287 2017 felicia
313 1966 477 2005 Baccho
496 1967 682 2006 Massica
704 1968 775 2017 qui
794 1969 960 2008 rastris.
984 1993 1028 1996 —

146 2031 332 2081 Perfidus
360 2029 425 2068 hic
455 2030 604 2081 caupo]
636 2030 716 2079 hie,
749 2031 792 2070 in
816 2043 904 2082 quo
926 2043 1035 2071 non-

147 2091 251 2132 nulli
282 2093 378 2132 sine
410 2103 543 2133 causa
574 2093 843 2144 haeserunt,
891 2105 1034 2146 oppo—

148 2157 266 2195 nitur
304 2167 347 2195 v.
378 2155 446 2194 ille
479 2166 597 2195 vers.
637 2157 847 2207 praeced.
884 2160 927 2197 et
966 2159 1034 2197 est

147 2219 317 2258 dictum
340 2218 465 2269 quasi
481 2214 740 2269 δεικτικῶς,
758 2219 1034 2260 «cuiusmodi

149 2281 346 2332 quotidie
376 2280 547 2328 vides»;
582 2282 669 2321 Sat.
705 2283 742 2330 4,
777 2284 822 2332 5,
857 2283 902 2323 4:
936 2295 1036 2322 cau—

141 2344 322 2395 ponthus
342 2348 466 2393 atque
485 2344 696 2395 malignis.
735 2346 904 2386 Novam
926 2358 1034 2398 per-

147 2417 305 2448 sonam
336 2406 528 2455 inducit,
573 2406 724 2447 dedita
765 2419 899 2461 opera
932 2409 975 2448 h.
1003 2409 1030 2450 l.

148 2470 358 2509 omittens
389 2469 760 2520 iureconsultum,
793 2474 841 2511 ut
873 2473 947 2523 qui
972 2472 1036 2512 di—

148 2531 381 2584 sciplinam
411 2544 540 2572 suam
571 2545 660 2573 non
686 2536 917 2585 quaestus,
951 2536 1033 2575 sed

147 2596 328 2635 honoris
359 2597 495 2647 atque
527 2596 690 2636 civium
712 2596 909 2638 utilitatis
932 2609 1035 2639 cau-

148 2669 197 2698 sa
229 2660 461 2706 exerceam
495 2669 630 2710 supra
652 2661 804 2701 autem
834 2659 904 2701 ille
926 2673 1034 2713 pro—

146 2724 247 2771 pter
275 2721 362 2760 hoc
396 2723 569 2762 tantum
606 2722 866 2772 notabatur,
911 2724 1034 2775 quod

149 2784 242 2835 lpse
275 2794 454 2835 quoque
488 2795 573 2824 non
606 2785 754 2826 minus
785 2788 919 2838 atque
950 2788 1035 2827 ho—

148 2847 320 2887 minum
356 2846 510 2898 volgus
548 2848 774 2889 interdum
818 2850 874 2890 de
917 2851 1033 2891 vitae

149 2920 257 2949 suae
289 2908 477 2950 molesta
501 2910 763 2951 condicione
785 2923 946 2963 parum
968 2924 1037 2953 sa-

149 2974 324 3024 pienter
371 2971 668 3022 lamentetur3
730 2985 877 3026 neque
926 2987 1035 3015 vero

151 3035 253 3074 hinc
293 3035 466 3075 recedit
506 3035 836 3078 iureconsultus
866 3036 1034 3087 solum,

151 3097 231 3138 sed
268 3098 400 3138 etiam
440 3097 630 3149 litigator
668 3101 946 3150 rusticanus,
995 3103 1036 3141 et

151 3159 333 3211 quidem
362 3163 546 3212 propter
575 3161 768 3202 similem
798 3163 1034 3203 rationem.

152 3224 363 3263 Ceterum
409 3224 480 3263 vix
519 3223 634 3264 ullus
677 3226 746 3265 est
789 3225 1036 3266 versiculus

154 3286 434 3328 Horatianus.
460 3287 534 3337 qui
555 3285 681 3338 plura
703 3286 818 3327 mala
840 3299 864 3326 a
887 3289 1038 3328 Gram-

155 3348 325 3388 maticis
355 3360 601 3401 perpessus
632 3350 700 3389 sit.
763 3351 877 3390 Ecce
917 3351 1036 3391 enim

156 3411 363 3459 exoritur,
399 3413 472 3463 qui
505 3423 755 3465 cauponem
775 3412 950 3453 vafrum
975 3413 1038 3454 iu-

1097 1269 1406 1311 reconsultum
1446 1271 1595 1323 ipsum
1639 1272 1983 1323 interpretatur,

1096 1333 1305 1374 videlicet
1326 1335 1392 1373 ius
1412 1339 1736 1385 cauponantem,
1761 1334 1986 1385 Hesychio

1097 1398 1144 1437 T.
1168 1398 1218 1437 11.
1243 1409 1286 1449 p.
1313 1398 1443 1437 4547:
1477 1395 1838 1451 (ροινικελίκτην
1867 1392 1988 1437 ἁλα-

1097 1456 1214 1511 ζόνα
1243 1456 1487 1513 κάπηλον,
1521 1462 1777 1512 quasivero
1798 1461 1862 1501 sic
1884 1462 1989 1502 sim-

1097 1522 1271 1575 pliciter
1293 1534 1545 1575 cauponem
1576 1535 1658 1575 pro
1680 1523 1984 1564 iureconsulto

1099 1586 1251 1627 dicere
1281 1587 1453 1639 possis,
1487 1585 1558 1627 vel
1591 1586 1883 1639 vespillonem
1905 1598 1987 1640 pro

1098 1649 1290 1690 medico.
1353 1651 1444 1690 Nec
1476 1651 1717 1701 quisquam
1759 1649 1884 1690 facile
1917 1651 1985 1690 in-

1097 1711 1317 1754 tellexerit
1355 1711 1597 1753 lectionem
1639 1713 1779 1753 Codd.
1821 1712 1989 1765 aliquot

1099 1776 1213 1816 Feae
1245 1787 1270 1815 a
1300 1777 1453 1816 Iahnio
1483 1779 1713 1828 receptam
1745 1778 1895 1829 itaque
1917 1789 1991 1817 ex-

1099 1837 1328 1890 plicatam:
1365 1838 1533 1888 «miles,
1559 1841 1634 1891 qui
1657 1851 1817 1893 campo
1840 1843 1884 1880 et
1903 1852 1989 1893 pu-

1099 1902 1195 1953 gnis
1227 1913 1315 1942 non
1346 1901 1461 1942 fidus
1494 1905 1605 1942 est.»
1665 1903 1714 1943 Id
1753 1905 1821 1944 est
1859 1904 1989 1955 igitur

1101 1964 1375 2014 «desertor»,
1410 1966 1485 2016 qui
1517 1966 1745 2017 quomodo
1778 1979 1801 2007 e
1830 1968 1988 2008 castris

1098 2029 1313 2080 profugus
1352 2029 1586 2079 acquirere
1632 2041 1772 2082 opes,
1820 2030 1987 2070 cibaria

1099 2091 1183 2132 sibi
1203 2103 1448 2143 congerere
1472 2094 1631 2142 queat,
1663 2092 1877 2144 equidem
1899 2104 1987 2133 non

1098 2153 1306 2206 intelligo.
1368 2155 1432 2194 De
1466 2155 1733 2195 Criticoruni
1756 2157 1988 2197 coniectu-

1099 2218 1182 2265 ris,
1230 2228 1341 2269 quas
1383 2218 1518 2258 animi
1557 2229 1691 2258 causa
1731 2218 1985 2267 attulimus,

1100 2282 1247 2320 tacere
1286 2283 1498 2332 praestat.
1538 2304 1581 2308 ——
1622 2281 1792 2331 nautae]
1832 2293 1989 2323 rursus

1098 2338 1322 2399 ἔμποροι,
1358 2343 1806 2383 Fraclitschisfer
1829 2345 1884 2395 (v,
1910 2345 1985 2394 6.),

1100 2417 1187 2446 non
1232 2405 1501 2446 navicularii.
1565 2407 1653 2447 Cfr.
1697 2407 1776 2447 Od.
1816 2408 1866 2456 ἰ),
1911 2407 1984 2453 43,

1102 2468 1176 2509 lli-z
1230 2470 1377 2508 navita
1410 2491 1433 2497 -
1466 2470 1637 2509 Poenus.
1691 2490 1735 2497 -
1783 2470 1985 2523 currunt]

1102 2531 1563 2571 «durchlcreuzenm
1623 2530 1755 2572 Wolf.
1792 2531 1878 2572 Csr.
1905 2532 1983 2573 Od.

1102 2596 1145 2643 4,
1179 2594 1253 2642 ⁶28,
1295 2594 1371 2634 35:
1418 2594 1637 2634 licebit-—
1658 2606 1834 2645 curras,
1879 2597 1985 2636 item

1100 2657 1156 2696 de
1188 2659 1334 2696 nauta.
1374 2680 1418 2686 —
1451 2658 1496 2696 in
1532 2657 1618 2696 otia
1652 2662 1745 2697 tuta
1774 2659 1985 2712 recedant]

1100 2721 1268 2760 Seneca
1313 2719 1369 2760 de
1414 2721 1543 2760 Brev.
1577 2721 1693 2760 vitae
1738 2720 1786 2762 4:
1838 2722 1990 2762 Audies

1093 2784 1316 2833 plerosque
1334 2783 1512 2823 dicentes
1524 2795 1536 2821 .·
1568 2784 1624 2823 «A
1642 2785 1987 2836 quinquagesimo

1102 2848 1149 2886 ἱη
1194 2847 1355 2886 otium
1396 2847 1581 2885 recocta
1594 2858 1632 2885 m
1646 2858 1660 2894 ,·
1704 2848 1989 2899 sazayesimus

1101 2921 1238 2950 annus
1281 2910 1333 2949 ab
1376 2910 1512 2960 officio
1554 2921 1620 2949 me
1657 2911 1876 2950 dimittet.»
1936 2912 1987 2952 Et

1102 2972 1304 3014 similiter
1324 2973 1511 3024 Epicteti
1529 2971 1654 3012 exsul
1676 2973 1794 3024 apud
1811 2975 1983 3014 Arrian.

1104 3038 1118 3076 4
1143 3068 1150 3083 ,
1201 3037 1273 3085 40,
1321 3036 1374 3074 ⁶2:
1428 3032 1865 3088 ἐπαγγελλόμενος,
1913 3030 1989 3077 ὅτι

1100 3092 1221 3138 ἄλλο
1247 3092 1387 3137 οῦδὲν
1417 3091 1607 3149 ἀναβὰς
1637 3097 1922 3149 σπουδάσει,
1956 3095 1989 3152 ἢ

1101 3161 1152 3202 ἐν
1184 3156 1367 3215 ἡσυχίᾳ
1396 3161 1478 3200 καὶ
1508 3156 1746 3219 ἀταραξίᾳ
1766 3160 1987 3217 διεξαγα-

1101 3226 1201 3278 γεῖν
1230 3220 1288 3262 τὸ
1318 3219 1489 3264 Romen)
1519 3223 1604 3265 τοῦ
1634 3225 1763 3275 βίου.

1159 3286 1305 3326 32-35.
1353 3287 1532 3339 cibaria]
1580 3289 1863 3340 «Zehrun9,
1913 3300 1986 3329 res

1103 3361 1240 3402 quam
1270 3349 1462 3390 maxime
1486 3350 1543 3390 ad
1572 3352 1740 3392 fictum
1774 3361 1986 3391 necessa—

1103 3413 1237 3462 riae»,
1272 3424 1361 3464 quo
1383 3414 1480 3467 ipso
1501 3412 1719 3454 vocabulo
1743 3416 1983 3455 extenuare
