2231 3787
359 250 459 301 624-

430 382 734 434 Mauserunt
775 379 1043 450 hodieque
1085 389 1299 433 manent
1341 380 1560 449 vestigia
1600 379 1756 431 ruris.

964 251 1174 289 llORATll
1207 250 1569 292 EPISTOLARUM

2069 378 2089 430 l
2104 379 2170 430 60

430 484 593 535 Serus
633 481 774 534 euim
816 480 1034 533 Graecis
1075 481 1310 533 admovit
1348 479 1593 532 acumina
1633 478 1850 538 chartis,

431 585 491 636 Et
528 592 648 654 post
686 583 884 635 Punica
922 580 1062 634 bella
1102 580 1316 650 quietus
1357 597 1621 651 quaerere
1662 579 1868 650 coepit,

430 684 569 749 Quid
610 683 902 754 Sophocles
943 691 994 735 et
1032 681 1255 751 Thespis
1296 689 1348 733 et
1386 680 1683 753 Aeschylus
1723 679 1849 733 utile
1888 680 2099 733 ferrent.

430 785 667 837 Tentavit
707 800 926 854 quoque
966 799 1103 842 rem,
1149 782 1192 834 si
1233 781 1392 852 digne
1431 789 1642 835 vertere
1681 788 1889 852 posset,

472 980 559 1020 163.
595 979 701 1020 Cod.
728 992 750 1018 c
782 989 965 1018 mancus
997 981 1064 1019 est
1093 979 1194 1018 inde
1226 978 1280 1017 ab
1311 979 1395 1017 hoc
1425 990 1464 1016 v,
1499 988 1640 1028 usque
1672 977 1726 1016 ad
1758 989 1796 1016 v.
1820 978 1914 1017 258.
1944 1001 1985 1006 —-
2024 977 2113 1017 464..

414 1053 595 1091 quoque,
629 1053 715 1080 reni
743 1042 775 1080 si
806 1041 1077 1091 distinguunt
1106 1042 1201 1089 LtF,
1235 1052 1394 1090 qaoque
1424 1051 1510 1080 rein
1539 1040 1572 1078 si
1603 1042 1729 1079 caute
1762 1040 1862 1080 MJs.

358 1231 439 1280 fast
498 1230 642 1268 intiner
688 1239 830 1267 ausser
877 1229 949 1267 der
995 1228 1238 1278 Erza'hlunq

358 1294 502 1343 findet„
549 1292 764 1330 besonders
802 1292 845 1329 in
885 1292 961 1330 clen
992 1292 1124 1330 Reclen
1153 1291 1237 1329 und

359 1356 402 1393 in
447 1355 523 1394 den
566 1354 827 1405 Reslessionen
871 1354 937 1391 cles
970 1354 1233 1392 Historikers.

361 1416 485 1464 Quod
518 1416 758 1455 discrimen
797 1415 867 1454 hic
898 1426 1075 1465 quoque
1107 1414 1238 1454 statui

360 1480 526 1529 potest:
558 1477 787 1517 vei-{richen
807 1499 829 1504 -
850 1498 873 1504 -
897 1477 988 1515 sind
1016 1476 1236 1527 yeblieben,

359 1543 405 1579 ut
437 1541 554 1591 apud
585 1540 783 1578 Tacitum
813 1541 923 1578 Ann.
952 1537 996 1586 4,
1029 1538 1105 1577 35:
1140 1539 1238 1577 Cre-

358 1603 479 1641 mutii
517 1602 640 1641 Cordi
683 1601 807 1639 libros
846 1612 924 1650 per
960 1601 1110 1640 aediles
1147 1611 1239 1640 cre-

359 1665 535 1703 mandos
565 1674 756 1702 censuere
779 1666 949 1712 patres:
981 1664 1049 1701 sed
1076 1674 1240 1702 manse—

360 1730 458 1765 runt
480 1726 672 1765 occullati
695 1729 731 1764 et
752 1725 861 1764 edili.
894 1723 1004 1764 Alibi
1029 1736 1135 1765 sane
1156 1725 1240 1764 hac

362 1788 608 1827 differentia
633 1799 719 1826 non
740 1788 913 1826 servata
934 1789 1091 1838 poetae
1111 1787 1239 1825 metri

361 1850 677 1890 necessitatem
699 1849 841 1888 secuti
863 1850 976 1887 sunt.
1012 1849 1126 1898 Virg.
1146 1847 1235 1887 Ecl.

364 1912 429 1959 40,
456 1911 530 1950 43:
562 1910 683 1949 Illam
706 1934 728 1938 -
745 1931 767 1937 —
788 1912 913 1948 eliani
939 1911 1088 1961 flevere
1106 1910 1240 1958 myri-

360 1985 435 2012 cae
463 1996 484 2001 -
507 1995 529 2001 -
560 1977 596 2012 et
635 1972 758 2023 9elicli
785 1974 986 2024 fleverunt
1015 1982 1126 2010 saaca
1155 1972 1240 2019 Ly—

362 2035 466 2074 caei.
495 2057 538 2062 —
571 2034 781 2083 hodieque]
815 2034 1052 2084 praecipue
1084 2034 1125 2072 in
1149 2043 1243 2071 car—

362 2097 554 2137 minibus
599 2096 880 2135 Fescenninis
927 2097 970 2134 et
1006 2096 1048 2134 in
1089 2095 1239 2134 mimis

361 2158 659 2209 Atellanisque
682 2170 689 2202 ;
715 2157 794 2197 sed
819 2157 1041 2207 quaedam
1064 2156 1240 2196 Horatio

363 2222 491 2261 nimis
536 2221 699 2259 rustica
744 2219 1010 2259 videbantur
1053 2219 1239 2259 fortasse

361 2284 431 2324 vel
462 2285 504 2322 in
536 2281 729 2328 Catullo,
764 2294 846 2321 nec
878 2284 1044 2332 magni,
1078 2284 1127 2321 ut
1151 2282 1240 2333 opi-

364 2357 467 2393 nor,
501 2344 689 2384 faciebat
719 2345 906 2383 Nox-ium
938 2346 981 2382 et
1001 2344 1241 2396 Pomponi-

364 2419 438 2447 um
476 2407 770 2456 particulatim
812 2406 1035 2457 eleqantes,
1091 2408 1140 2444 ut
1183 2406 1242 2446 ait

365 2471 522 2510 Fronto
552 2479 596 2520 p.
632 2469 698 2507 70.
733 2470 804 2513 R.,
846 2468 890 2506 in
917 2467 1051 2507 verbis
1079 2468 1241 2507 rusti-

363 2532 507 2571 canis
551 2534 587 2569 et
616 2529 870 2569 iocularibus
899 2534 936 2569 et
963 2530 1236 2570 ridiculariis.

369 2618 410 2622 —
445 2593 571 2644 ruris]
606 2607 624 2627 ι(
639 2593 934 2632 rusticitatis.»
982 2591 1135 2632 Catull.
1170 2594 1236 2642 2⁵2,

366 2655 429 2695 14.
456 2655 510 2694 de
532 2653 733 2693 Suffeno:
765 2655 877 2692 Idem
902 2654 1080 2704 infaceto
1102 2659 1159 2694 esl
1178 2656 1240 2694 in-

362 2718 536 2767 facetior
556 2726 674 2764 rnre,
709 2715 842 2754 Simul
863 2718 1065 2764 poemata
1084 2719 1236 2769 altissit.

421 2777 621 2817 464-2163.
642 2777 768 2816 Serus
783 2778 889 2816 enim
906 2778 1008 2829 cet]
1042 2779 1239 2819 «Etenim

366 2839 601 2886 Romanus,
633 2839 754 2889 prius
775 2837 930 2879 litteris
954 2840 1129 2880 Graecis
1151 2852 1238 2880 non

366 2900 578 2947 initiatus,
626 2900 806 2940 demum
844 2903 942 2952 post
970 2903 1166 2952 primum
1197 2904 1240 2942 et

365 2961 611 3001 secundum
650 2963 862 3002 Punicum
904 2962 1088 3013 bellum,
1136 2975 1239 3004 cum

366 3025 511 3063 omnia
555 3024 784 3074 tranquilla
836 3027 1007 3073 essent,
1060 3027 1238 3064 acutum

366 3096 495 3125 suum
526 3086 748 3135 ingenium
785 3086 839 3124 ad
875 3087 1124 3126 accuratius
1145 3088 1240 3126 stu-

367 3147 486 3186 dium
522 3148 767 3198 scitamque
804 3148 1091 3187 imitationem
1127 3152 1238 3199 poe-

367 3212 510 3249 tarum
540 3211 808 3248 Graecorum
840 3210 1096 3248 convertit.»
1131 3211 1236 3248 Por-

367 3272 460 3311 cius
508 3272 677 3311 Licinus
726 3270 843 3321 apud
888 3270 990 3310 Gell.
1038 3272 1110 3318 117,
1157 3272 1232 3320 ΞΙ,

366 3333 417 3373 45
439 3345 445 3370 :
480 3334 648 3372 Poenico
675 3333 773 3372 bello
803 3333 976 3371 secundo
996 3334 1118 3372 Musa
1142 3334 1238 3382 pin-

366 3400 465 3434 nato
505 3397 641 3447 yradu
683 3396 825 3434 Intulit
863 3406 903 3434 se
932 3395 1165 3434 bellicosam
1196 3397 1237 3434 in

367 3458 526 3497 Romuli
555 3462 713 3509 gentem
730 3457 879 3508 feram.
916 3458 1054 3507 Atque
1083 3456 1137 3496 de
1161 3469 1237 3495 ea-

1301 1227 1402 1267 dem
1436 1229 1578 1267 aetate
1613 1225 1868 1278 explicanda
1891 1229 1992 1267 sunt
2014 1227 2176 1267 Horatii

1301 1290 1461 1339 verba,
1509 1301 1597 1329 non
1647 1289 1702 1328 de
1751 1288 2029 1340 temporibus
2077 1292 2178 1341 post

1300 1352 1610 1402 Karthaginem
1657 1350 1872 1400 deletam,
1921 1353 2021 1391 ante
2062 1362 2176 1403 quae

1301 1417 1493 1454 mortem
1524 1414 1695 1454 obierat
1715 1413 1785 1453 vel
1816 1415 1909 1465 ipse
1931 1415 2174 1462 Terentius,

1302 1477 1555 1517 dimidiatus
1595 1475 1662 1516 ille
1694 1476 1948 1516 Menander.
1984 1499 2028 1504 —
2061 1477 2178 1526 quie-

1300 1539 1377 1590 tas]
1410 1535 1603 1596 εἰρήνην
1633 1533 1787 1592 ἄγων,
1823 1539 1950 1589 iunge
1982 1549 2084 1578 cum
2105 1549 2174 1577 vv.

1295 1606 1390 1651 post
1406 1602 1564 1640 Punica
1594 1601 1717 1650 bella,
1751 1612 1838 1640 non
1865 1611 1967 1640 cum
1986 1611 2029 1640 v.
2053 1611 2180 1650 quae-

1300 1675 1408 1703 rere.
1444 1663 1505 1703 Cf.
1529 1674 1571 1702 v.
1597 1663 1662 1702 93.
1691 1686 1734 1690 —-
1773 1662 1944 1714 Thespis]
1971 1662 2033 1702 Cf.
2055 1663 2105 1701 A.
2129 1663 2175 1702 P.

1301 1727 1380 1766 „⁵276
1402 1737 1468 1776 sq.
1517 1726 1566 1765 H.
1590 1724 1618 1764 1.
1652 1725 1832 1765 honoris
1872 1735 2005 1764 causa
2036 1725 2180 1764 nomi-

1303 1790 1452 1836 natur,
1486 1788 1638 1838 utpote
1666 1798 1802 1837 quem
1823 1798 1903 1838 pro
1925 1786 2177 1837 tragoediae

1302 1851 1534 1888 inventore
1568 1847 1752 1899 (Olymp.
1779 1849 1844 1887 64.
1875 1859 1913 1887 a.
1940 1849 2041 1888 Chr.
2066 1846 2177 1897 536.)

1303 1911 1522 1951 haberent
1566 1910 1876 1957 Grammatici;
1929 1921 2016 1949 non
2060 1909 2180 1961 quod

1304 1974 1397 2012 eius
1443 1971 1613 2012 fabulas
1659 1972 1715 2022 (si
1758 1982 1955 2022 unquam
1993 1973 2179 2012 Romam

1304 2035 1625 2087 pervenerunt,
1659 2033 1713 2073 de
1745 2045 1832 2085 quo
1858 2035 1952 2085 ipso
1975 2032 2178 2073 dubitare

1302 2097 1415 2146 licet)
1448 2097 1602 2135 imitati
1633 2097 1719 2135 sint
1739 2096 1882 2136 Livius
1905 2095 2179 2135 Andronicus

1302 2159 1629 2210 posterioresve
1661 2158 1811 2208 tragici
1843 2158 1994 2198 Latini.
2048 2158 2178 2198 Certe

1302 2222 1345 2260 in
1390 2221 1529 2260 Bothii
1574 2221 1718 2260 Poetis
1761 2221 1947 2260 scenicis
1992 2231 2047 2259 ne
2090 2230 2179 2259 una

1303 2283 1484 2334 quidem
1526 2281 1673 2322 fabula
1718 2284 2012 2331 memoratur,
2061 2292 2177 2333 quae

1301 2344 1573 2396 respondeat
1601 2343 1728 2384 alicui
1760 2355 1813 2383 ex
1843 2342 1923 2384 illis
1954 2345 2176 2394 quattuor,

1303 2419 1416 2458 quae
1439 2407 1645 2458 Thespidi
1668 2405 1922 2446 trIbuuntur
1942 2405 2060 2457 apud
2081 2406 2179 2446 Sui-

1303 2469 1431 2508 dam:
1477 2465 1714 2519 Πενθεύς,
1754 2460 1896 2508 {Ama
1931 2465 2107 2508 Πελίου
2147 2462 2180 2520 ἢ

1303 2528 1519 2587 Φόρβας,
1547 2526 1704 2588 Ἰερεΐς
1721 2563 1727 2580 ,
1746 2525 1941 2570 Ἧΐθεοι.
1976 2529 2038 2570 Cf.
2061 2528 2180 2571 Wei-

1303 2595 1407 2633 cker
1437 2594 1510 2633 Gr.
1548 2594 1726 2645 Ira-qod.
1758 2594 1788 2632 1.
1824 2604 1868 2644 p.
1904 2592 1970 2632 ⁴6.
2013 2590 2177 2632 Callide

1302 2658 1454 2695 autem
1478 2655 1684 2706 Thespidi
1716 2654 1966 2705 tragoedias
1997 2652 2180 2694 nonnul-

1300 2718 1363 2758 las
1408 2718 1704 2768 supposuerat
1739 2715 1992 2755 Heraclides
2029 2717 2179 2755 Ponti-

1303 2791 1394 2820 cus.
1441 2779 1551 2818 Vide
1576 2778 1862 2818 Welckerum
1883 2779 1951 2818 ΙΙΙ.
1984 2789 2029 2829 p.
2053 2778 2175 2818 4096.

1308 2864 1349 2869 —
1382 2841 1613 2889 Aeschylus]
1646 2840 1708 2880 Cf.
1743 2841 1789 2879 A.
1822 2842 1866 2879 P.
1902 2840 1981 2880 278
2003 2850 2101 2890 sqq.
2129 2863 2174 2868 —

1301 2902 1412 2953 utile]
1446 2902 1682 2952 «dignum,
1716 2902 1835 2952 quod
1857 2902 2174 2942 imitarentur.»

1359 3025 1437 3066 464
1455 3027 1587 3066 -167,
1647 3027 1852 3079 Tentavit]
1894 3024 2176 3066 «Periculum

1303 3087 1424 3136 fecit,
1475 3089 1667 3130 incertus
1712 3090 1980 3137 etiamtunc,
2027 3089 2176 3128 utrum

1299 3160 1569 3201 prosperum
1626 3161 1887 3191 successum
1944 3149 2176 3190 habiturus

1301 3212 1412 3251 soret
1434 3223 1617 3252 necne.»
1652 3214 1783 3263 Iunge
1805 3214 1972 3252 autem:
2005 3212 2178 3251 tentavit

1299 3285 1406 3322 rem,
1436 3275 1734 3325 «inceptumm
1762 3285 1870 3314 non:
1892 3278 2050 3313 vertere
2068 3284 2172 3323 rem,

1299 3335 1339 3374 id
1374 3337 1463 3384 est,
1496 3337 1543 3375 ut
1572 3335 1742 3385 volunt,
1787 3346 1923 3387 «quas
1958 3328 2062 3375 tunc
2093 3335 2175 3375 ha-

1299 3396 1467 3436 bebant
1497 3398 1744 3448 tragoedias
1770 3399 2001 3437 Graecas.»
2034 3397 2097 3437 Cf.
2121 3400 2171 3438 A.

1300 3461 1343 3498 P.
1370 3458 1447 3498 285
1470 3469 1596 3509 seqq.
1636 3483 1677 3487 —
1711 3458 1886 3509 vertere]
1931 3458 2172 3498 «vertendo
