2231 3787
211 278 313 331 406
809 273 1024 314 HORATII
1055 271 1423 312 EPISTOLARUM

281 407 488 462 Invidia
525 405 688 461 Siculi
727 422 833 458 non
871 404 1127 458 invenere
1168 399 1380 475 tyranni

283 510 453 564 Maius
494 515 830 562 tormentum.
907 505 1010 570 Qui
1050 521 1157 557 non
1194 499 1562 555 moderabitur
1607 498 1739 560 irae,

282 612 540 666 Infeetum
576 608 720 663 volet
759 624 906 669 esse,
947 605 1102 659 dolor
1139 602 1286 675 quod
1325 601 1557 656 suaserit
1593 608 1646 655 et
1683 616 1860 661 mem,
1961 599 2028 651 60

281 717 421 768 Dum
457 729 663 784 poenas
701 709 827 764 odio
865 725 964 779 per
1000 707 1107 760 vim
1146 705 1357 760 festinat
1393 703 1575 757 inulto.

283 821 367 871 Ira
403 818 550 870 furor
588 813 768 868 brevis
812 819 915 866 est:
957 810 1195 863 animum
1232 823 1385 879 rege,
1427 805 1520 877 qui
1558 805 1659 858 nisi
1697 812 1874 875 paret,

325 960 390 1000 60.
424 958 602 997 suaserit
625 966 766 995 amens
787 953 895 995 Cod.
922 952 1061 992 Vatia.
1087 952 1131 990 in
1155 949 1312 990 Mureti
1339 949 1389 988 V.
1414 949 1460 988 L.
1487 948 1552 997 48,
1587 947 1643 997 3.,
1677 958 1846 987 emmens
1864 957 1978 986 unus

267 1022 439 1069 Iaeekii,
472 1021 535 1059 uti
564 1018 741 1058 volebat
776 1018 826 1056 H.
852 1016 1116 1067 Stephanus.
1152 1036 1196 1041 -—
1236 1011 1301 1051 63.
1333 1012 1514 1061 Impera,
1546 1014 1583 1049 et
1611 1010 1718 1049 hune
1748 1009 1900 1049 Codex
1932 1008 1977 1058 (Ὗ)

268 1086 318 1125 Η.
338 1083 563 1134 Stephani.
587 1103 630 1109 ——
654 1081 720 1120 65.
740 1090 870 1128 quam
894 1073 1093 1117 monstret
1111 1074 1252 1123 deE,
1272 1071 1383 1124 βζκ,
1410 1075 1480 1113 «et
1500 1072 1613 1123 alii»,
1637 1083 1765 1122 quam
1778 1075 1983 1111 monstrat

212 1210 474 1242 mensuram
503 1201 578 1238 tuo
608 1194 888 1246 desiderio»)
918 1217 961 1222 —
984 1193 1093 1233 Inri-
1121 1193 1124 1211 '
1157 1191 1354 1243 facinus?
1387 1214 1431 1219 —
1465 1191 1558 1230 odio
1579 1212 1602 1218 —
1622 1213 1645 1219 —
1664 1189 1810 1241 inulto]
1842 1189 1917 1229 Est
1956 1187 2037 1228 da-

213 1264 284 1303 ἀία
306 1262 408 1313 cet]
441 1259 585 1301 Orellii
615 1261 726 1311 Opp.
751 1260 863 1298 sent.
889 1258 919 1296 Ι.
943 1267 986 1307 p.
1010 1256 1088 1295 22:
1156 1255 1271 1294 tivus
1305 1253 1510 1306 pendens
1541 1264 1565 1292 a
1594 1251 1745 1292 verbis
1779 1261 1938 1301 poenas
1974 1250 2039 1302 fe-

213 1321 472 1383 Σωκράτης
510 1319 596 1363 τὸν
635 1318 826 1372 φθόνον
864 1313 961 1371 ἔφη
992 1324 1094 1369 ψυ-
1157 1317 1307 1356 ειῒὶηαί.·
1342 1315 1475 1355 «dum
1506 1314 1659 1354 odium
1688 1313 1889 1354 nondum
1911 1313 2041 1353 satia-

214 1385 309 1442 χῆς
352 1383 473 1427 εἶναι
516 1385 706 1442 πρίονα.
757 1381 1001 1423 Menander
1046 1391 1090 1431 p.
1124 1389 1127 1413 r
1158 1382 1254 1419 tum
1284 1378 1501 1419 violenter
1531 1388 1583 1417 ao
1612 1377 1958 1429 praecipitanter
1976 1373 2041 1415 ul-

216 1452 309 1492 498.
333 1451 482 1492 Mein:
502 1444 556 1488 Ὃ
586 1446 636 1488 δὲ
667 1443 722 1487 τὸ
747 1442 980 1485 κάκιστον
1001 1439 1094 1482 τῶν
1160 1442 1265 1482 cisei
1296 1441 1486 1482 studet.»
1545 1439 1625 1480 Alii
1662 1441 1808 1480 minus
1839 1438 2040 1491 apposite

215 1511 379 1554 κακῶν
401 1508 614 1560 πάντων,
647 1506 850 1560 φθόνος.
896 1506 1017 1547 Plato
1039 1504 1094 1544 de
1159 1504 1327 1545 habent
1373 1515 1455 1556 pro
1501 1502 1692 1543 ablativo
1737 1501 2038 1550 instrument„

217 1579 351 1628 Legg.
383 1576 420 1615 9.
454 1586 497 1627 p.
531 1574 626 1614 870.
662 1574 731 1613 C.:
782 1567 1004 1621 φθόνους
1025 1590 1048 1596 -
1073 1590 1097 1596 -
1160 1568 1248 1607 mit
1276 1567 1642 1618 unqera-chtem
1669 1565 1851 1609 Hasse,
1884 1573 2042 1603 rursus

217 1634 460 1688 χαλεποὺς
482 1633 737 1688 ξυνοίκους
765 1630 978 1686 μάλιστα
1007 1629 1096 1682 μὲν
1162 1629 1230 1670 alii
1272 1640 1351 1681 pro
1396 1627 1586 1668 ablativo
1632 1625 1857 1667 absoluto:
1909 1625 2044 1666 «dum

218 1697 347 1754 αὐτῷ
379 1698 442 1753 τῷ
474 1699 750 1751 κεκτημένῳ
780 1693 865 1736 τὸν
886 1691 1094 1744 φθόνον.
1163 1692 1315 1732 odIum
1345 1692 1499 1731 manet
1528 1688 1757 1729 inultum.»
1784 1712 1829 1717 -
1861 1685 2040 1740 festinat]

217 1767 353 1805 Isoer.
389 1764 525 1813 Euag.
564 1762 603 1814 ἓ.
641 1762 688 1801 6;
738 1755 765 1800 ὁ
805 1755 1013 1810 φθόνος,
1059 1747 1098 1809 ᾧ
1167 1765 1358 1807 «poenas
1380 1753 1641 1793 festinanter
1662 1752 1836 1803 exigit.»
1869 1752 1939 1792 Sic
1960 1750 2040 1791 Od.

219 1824 365 1869 τοῦτο
403 1824 558 1879 μόνον
595 1821 783 1879 ἀγαθὸν
821 1821 1095 1881 πρόσεστιν,
1163 1820 1210 1867 ⁶2,
1253 1818 1302 1867 7,
1344 1816 1421 1856 ⁶24:
1477 1817 1773 1866 Deproperare
1798 1838 1822 1844 -
1848 1825 2042 1854 coronas.

224 1885 300 1931 ὅτι
328 1890 555 1943 μέγιστον
585 1884 738 1927 κακὸν
768 1890 870 1936 τοῖς
899 1879 1100 1932 ἔχουσίν
1166 1880 1244 1921 Od.
1269 1879 1315 1929 3,
1350 1878 1425 1928 ⁵24,
1450 1879 1494 1918 64
1520 1890 1527 1917 :
1553 1878 1779 1928 pecuniam
1797 1880 2043 1928 -properet,

222 1954 367 1995 ἐστιν.
418 1953 596 1992 Hieron.
620 1951 755 2002 Epist.
779 1949 855 1989 45:
890 1946 1102 1986 Oinvtdta
1167 1945 1211 1983 et
1249 1937 1492 1990 σπεύδειν,
1539 1940 1662 1981 Pind.
1701 1940 1829 1991 Pyth.
1868 1939 1916 1989 3,
1963 1939 2044 1979 64:

217 2017 408 2067 primum
436 2015 621 2054 mordaoe
664 2013 748 2052 tui!
796 2034 841 2039 —
887 2009 1103 2049 8ιόιιίὶ--
1165 2001 1262 2058 μή,
1295 2001 1416 2053 φίλα
1444 1999 1613 2055 ψυχά,
1653 2001 1765 2052 βίον
1793 1998 2044 2042 ἀθάνατον

223 2078 408 2130 tyranni]
431 2076 627 2118 Phalaris
646 2108 653 2125 ,
685 2072 974 2125 Agathocles,
997 2072 1104 2112 Dio-
1168 2065 1356 2108 σπεῦδε.

224 2143 353 2193 nysii.
386 2141 490 2181 Erat
519 2138 645 2190 quasi
675 2135 977 2188 proverbium.
1013 2133 1101 2173 Cio.

226 2206 355 2244 Verr.
390 2205 491 2243 Ace.
523 2203 571 2250 5,
605 2201 681 2248 56,
716 2198 818 2239 1145:
866 2198 959 2237 tulit
997 2196 1106 2236 enlm

226 2267 301 2306 illa
335 2266 547 2316 quondam
580 2263 719 2302 insula
751 2259 919 2312 (Sicilia)
957 2259 1108 2299 multos
1172 2251 1486 2314 όργιζώμεθα.
1537 2254 1748 2294 Themist.
1783 2254 1900 2294 Orat.
1932 2255 1971 2294 4.
2001 2264 2047 2305 p.

230 2334 267 2370 et
316 2328 499 2368 crudeles
543 2330 758 2375 tyrannos.
798 2321 1015 2363 Iuvenalis
1058 2322 1104 2370 6,
1172 2321 1211 2359 7.
1242 2320 1314 2359 D.:
1350 2313 1441 2371 ἐγώ
1474 2312 1610 2369 οἶμαι
1649 2312 1738 2369 τὴν
1769 2311 1918 2373 ὀργὴν
1955 2329 2051 2368 μα-

232 2392 334 2433 486:
369 2390 513 2430 Sicula
540 2400 625 2428 non
652 2388 795 2427 mittor
823 2386 938 2425 aula.
977 2409 1019 2413 —
1043 2386 1112 2424 Ιη-
1138 2354 1143 2410 1
1172 2383 1280 2423 νέαν
1342 2375 1675 2437 ὀλιγοχρόνιον
1737 2375 1872 2419 εἶναι.
1943 2380 2050 2420 Cato

230 2452 499 2506 fectumcet.]
523 2449 765 2491 Menander
784 2460 827 2500 p.
847 2448 1107 2489 6,)4-7.Μθίι].;
1173 2446 1316 2486 maior
1355 2455 1425 2495 ap.
1465 2442 1586 2483 Stob.
1616 2443 1694 2483 Tit.
1725 2443 1802 2492 20,
1835 2442 1909 2483 68:
1957 2440 2053 2482 Τὸν

222 2511 416 2557 ’Ἀπανιφ
440 2508 514 2554 ὅσ’
534 2507 841 2571 ὀργιζόμενος
856 2504 1111 2567 ἄνθρωπος
1142 2535 1144 2562 3
1176 2504 1485 2566 ὀργιζόμενον
1515 2502 1678 2559 νόμιζε
1706 2502 1793 2546 τοῦ
1822 2504 2054 2558 μαινομέ-

234 2583 382 2628 noce-Z,
429 2574 574 2618 Ταῦθ’
608 2570 811 2632 ὕστερον
851 2571 1022 2623 λάβοις
1051 2568 1113 2612 ἄν
1142 2563 1144 2585 '
1175 2584 1262 2612 νου
1307 2567 1466 2628 χρόνῳ
1510 2567 1770 2626 διαφέρειν.
1828 2569 2053 2608 Sententia

235 2640 565 2700 ἡμαρτημένα.
603 2663 647 2668 —-
689 2638 819 2690 dolor]
855 2637 1111 2688 «aegritudo
1142 2646 1145 2681 t
1178 2636 1327 2674 autem
1358 2632 1590 2671 manifesto
1623 2634 1689 2671 est
1724 2630 1940 2682 generalis
1972 2642 2054 2671 ne-

236 2707 462 2754 crucians‚
517 2714 604 2754 qua
645 2702 743 2753 quis
784 2701 988 2740 iniuriam
1028 2699 1113 2740 sibi
1178 2708 1264 2748 que
1311 2706 1413 2735 eum
1458 2694 1650 2734 Obbario
1694 2694 1766 2733 hic
1803 2704 1958 2734 rursus
1997 2693 2053 2734 de

235 2768 399 2809 illatam
436 2765 603 2818 perfert
632 2766 764 2814 atque
797 2763 853 2802 ad
892 2761 1115 2802 uleiscen-
1177 2757 1354 2800 Achillis
1374 2758 1437 2795 ira
1459 2756 1757 2807 cogitandum.
1785 2777 1830 2784 -
1850 2755 2053 2805 animum]

238 2831 345 2870 dum
399 2829 547 2876 ardet,
605 2826 897 2877 indignatio.»
961 2826 1111 2865 OBBAR.
1146 2867 1147 2872 Ἰ
1178 2818 1262 2860 τὸν
1305 2815 1491 2870 θυμόν,
1542 2819 1619 2857 den
1661 2818 2056 2869 leidensehaftliehen

237 2892 354 2941 Virg.
391 2892 499 2930 Aen.
538 2891 586 2938 4,
632 2890 708 2929 25:
756 2898 908 2927 causae
949 2888 1116 2926 irarum
1145 2873 1149 2910 ἶ
1179 2884 1295 2923 Sinn.
1348 2880 1485 2921 Plaut.
1510 2881 1625 2920 Trin.
1650 2881 1696 2929 2,
1729 2882 1775 2929 Ξ,
1808 2881 1883 2921 29:
1936 2881 1995 2920 Tu
2022 2881 2056 2920 si

240 2954 432 3002 saevique
453 2952 626 2991 dolores.
673 2951 807 2990 Tacit.
831 2952 942 2989 Ann.
968 2950 983 2988 4
1006 2980 1013 2996 ,
1038 2947 1082 2988 44
1104 2960 1111 2986 :
1181 2946 1370 2985 animam
1396 2944 1530 2983 vicisti
1558 2944 1700 2993 potius
1735 2954 1864 2992 quam
1891 2944 2057 2983 animus

240 3026 381 3056 recens
410 3014 548 3053 dolore
576 3018 612 3053 et
642 3014 726 3052 ira.
778 3012 955 3052 Aristot.
988 3011 1113 3050 Rhet.
1181 3013 1242 3058 te,
1276 3009 1324 3047 ’st
1353 3008 1463 3056 quod
1504 3008 1704 3058 gaudeas
1756 3004 1937 3046 Publius
1972 3006 2057 3056 Sy-

241 3079 290 3123 2,
324 3078 370 3125 Ξ,
406 3077 449 3114 4;
494 3069 650 3115 ”Eone
695 3073 753 3127 δὴ
799 3069 918 3132 ὀργὴ
964 3067 1118 3130 ὄρεξις
1148 3105 1150 3120 ,
1181 3082 1256 3111 rus
1276 3082 1316 3110 v.
1343 3069 1419 3111 43:
1464 3070 1610 3110 Animo
1631 3068 1851 3119 imperabit
1875 3068 2054 3118 sapiens,

243 3134 365 3193 μετὰ
414 3134 566 3190 λύπης
607 3138 838 3194 τιμωρίας
882 3136 1118 3188 φαινομεῖ-
1148 3124 1151 3183 ξ
1180 3134 1327 3173 stultus
1368 3133 1528 3172 serviet.
1581 3154 1624 3159 —-
1673 3131 1744 3181 qui
1784 3130 1864 3170 nisi
1903 3134 2054 3180 paret,

247 3215 346 3254 νης.
383 3222 427 3228 -
461 3200 586 3252 mens]
618 3201 788 3252 μένος,
828 3195 1011 3250 θυμός,
1049 3198 1119 3238 fu—
1148 3187 1151 3249 1
1180 3195 1377 3247 Imperat]
1419 3195 1528 3234 «Aut
1567 3204 1724 3233 servus
1765 3194 1832 3233 est
1867 3193 1942 3231 aut
1975 3191 2057 3232 do·-

245 3276 344 3312 ror;
379 3261 533 3304 Catull.
560 3263 633 3311 45,
667 3262 742 3302 44ῑ
775 3261 890 3300 mata
918 3272 1032 3300 mens
1050 3261 1119 3311 fa-
1149 3250 1152 3280 ¹
1183 3261 1351 3307 minus,
1404 3256 1509 3298 nihil
1553 3257 1672 3296 enim
1716 3258 1784 3296 est
1832 3256 2055 3295 tertium.»

245 3336 398 3375 rorque
416 3335 571 3364 vecors.
625 3324 704 3363 Od.
731 3324 745 3362 4
769 3355 776 3369 ,
800 3323 873 3370 46,
896 3324 970 3362 22:
1005 3323 1121 3363 Com-
1149 3283 1153 3385 ξ
1182 3325 1336 3364 BENTL.
1384 3343 1419 3349 -
1467 3320 1611 3371 frenis]
1653 3321 1700 3358 ut
1736 3328 1900 3369 equum
1941 3318 2059 3357 fero-

239 3399 358 3438 pesce
395 3391 581 3427 mentem.
632 3386 748 3436 Virg.
782 3387 891 3424 Aen.
924 3386 970 3431 ⁶2,
1013 3385 1116 3424 519:
1150 3398 1154 3424 ε
1185 3396 1283 3426 cem
1322 3386 1365 3423 et
1401 3382 1682 3422 indomitum.
1716 3403 1758 3409 —-
1793 3380 1851 3432 ta]
1881 3379 1977 3419 Vid.
2002 3379 2059 3419 ad

245 3450 523 3490 mens-dira.
555 3448 677 3488 Ovid.
701 3448 803 3487 Met.
828 3448 873 3495 5,
909 3447 980 3486 43:
1016 3458 1123 3496 quae
1150 3425 1155 3511 ζ
1185 3448 1263 3488 Od.
1298 3447 1341 3494 4,
1375 3445 1420 3493 9,
1457 3444 1520 3484 46.
1557 3463 1600 3471 -
1645 3442 1864 3494 compesce]
1896 3441 1974 3482 Od.
2011 3441 2055 3490 4,

250 3517 305 3562 le,
337 3523 555 3564 germane,
585 3512 791 3563 furentem
819 3511 934 3550 Mens
963 3511 1050 3562 agit
1079 3511 1122 3549 in
1152 3514 1154 3533 ⁸
1187 3510 1260 3559 46,
1294 3509 1368 3549 22:
1403 3507 1617 3558 Compesce
1644 3508 1831 3545 mentem.
1869 3526 1912 3532 —-
1944 3507 2059 3543 eate-

1215 2131 1354 2171 62-65.
1367 2130 1441 2169 Ira
1450 2129 1572 2180 furor
1583 2128 1686 2180 cet]
1704 2126 1889 2168 Philem.
1900 2127 1994 2179 p.4⁴
2005 2128 2046 2168 7.

1170 2194 1319 2235 Mein:
1347 2187 1635 2244 Μαινόμεθα
1654 2186 1842 2240 πάντες,
1866 2185 2050 2231 ὁπόταν
