2231 3787
196 231 298 281 9013
980 233 1218 274 ,xxoxwiu

435 363 581 403 «llaec
613 374 693 414 ego
725 375 808 403 non
841 363 1021 404 credam
1053 364 1270 404 Venusina
1303 362 1428 411 digna
1461 361 1704 403 lucorum»

200 477 418 546 Fuitquc·
472 485 622 529 natus
674 486 820 547 patre
862 477 1130 533 libertino,
1192 477 1345 530 cuius
1386 477 1460 531 rei
1503 476 1860 530 testimonium
1901 476 2000 530 hoc

197 578 242 628 in
286 576 532 648 Epistolis
573 578 823 631 eximium
862 594 984 630 esse
1024 576 1297 630 videmus:

467 712 564 750 «Me
598 710 797 750 libertino
830 713 980 750 uatum
1013 712 1135 761 patre
1168 713 1210 749 et
1242 710 1281 749 in
1314 711 1432 750 tenui
1464 721 1510 749 re
2039 685 2170 764 ῳ

463 788 645 827 Maiores
676 798 843 838 pennas
874 786 976 827 nido
1008 786 1258 827 extendisse
1291 786 1505 837 loqueris.

466 866 512 906 Ut
544 867 757 915 quantum
790 866 939 916 generi
971 865 1149 913 demas,
1184 863 1415 905 virtutibus
1446 864 1665 913 addas1).»›

191 982 398 1032 Statura
429 979 522 1032 suit
554 979 728 1038 brevi,
766 979 934 1033 obeso
965 995 1192 1049 corpore
1215 987 1268 1032 et
1288 978 1456 1032 oculis
1480 977 1652 1049 lippis.
1701 978 1831 1032 Hinc
1855 978 1994 1049 ipse:

463 1113 697 1164 «Corporis
729 1113 893 1163 exigui.
928 1123 1219 1164 praecanum,
1255 1109 1421 1152 solibus
1451 1112 1623 1162 aptum,

459 1190 591 1230 Irasci
623 1188 838 1236 celerem,
872 1191 1020 1229 tamen
1051 1191 1098 1229 ut
1126 1187 1351 1241 placabilis
1381 1184 1612 1238 essem2).»

189 1307 247 1358 Et
284 1307 426 1376 ipse:

464 1433 603 1471 «Nam
632 1431 808 1483 vigilare
840 1429 1004 1471 malum
1036 1431 1183 1471 crudis
1214 1434 1258 1471 et
1286 1429 1437 1471 ludere
1469 1429 1680 1483 lippis³).»

187 1555 336 1608 Hunc
390 1564 540 1625 pater
591 1555 640 1606 in
679 1563 863 1608 tenera
901 1562 1073 1607 aetate
1113 1555 1334 1607 Romam
1372 1553 1512 1606 misit
1549 1554 1600 1605 in
1638 1552 1824 1606 ludum
1860 1553 1995 1608 litte—

187 1673 381 1708 rarum.
446 1655 679 1716 Deinde,
721 1672 843 1708 cum
882 1655 986 1708 iam
1017 1654 1204 1709 litteris
1229 1653 1539 1708 liberalibus
1566 1654 1809 1708 eruditus
1834 1662 1992 1716 esset,

184 1755 416 1809 Athenas
468 1755 838 1827 philosophiae
890 1773 1053 1810 causa
1104 1773 1163 1809 se
1202 1755 1444 1820 contulit;
1498 1764 1708 1810 etcum
1748 1755 1995 1809 doctissi-

184 1875 301 1909 mus
341 1858 623 1918 evasisset,
675 1856 1079 1910 familiaritatem
1126 1857 1189 1908 M.
1228 1856 1373 1908 Bruti
1434 1856 1691 1910 occisoris
1747 1856 1993 1910 Caesaris

184 1958 410 2028 adeptus
471 1967 554 2011 est
620 1957 897 2027 factusque
964 1957 1030 2010 ab
1082 1956 1169 2009 illo
1229 1956 1471 2010 tribunus
1528 1957 1749 2010 militum
1809 1965 1993 2011 contra

183 2060 418 2112 Marcum
445 2059 725 2112 Antonium
765 2067 817 2111 et
849 2060 1158 2128 Augustum.
1223 2057 1327 2112 Sed
1366 2058 1505 2112 victo
1543 2059 1705 2112 Bruto
1744 2075 1811 2112 ex
1847 2057 1990 2113 bello

183 2160 405 2230 aufugit,
450 2160 564 2230 ipso
604 2159 814 2213 dicente
854 2159 905 2211 in
943 2157 1109 2212 Odis:

455 2287 648 2325 «Tecum
682 2284 899 2336 Philippos
931 2287 975 2324 et
1005 2283 1198 2325 celerem
1228 2284 1375 2336 fugam

455 2364 597 2408 Sensi,
632 2362 780 2403 relicta
813 2373 899 2403 non
929 2362 1044 2404 bene
1075 2361 1275 2414 parmula
1288 2359 1366 2413 4).»

183 2479 231 2522 et
274 2469 499 2524 ibidem:

455 2595 571 2636 «Sed
604 2607 674 2636 me
704 2607 786 2648 per
815 2596 990 2636 hostem
1021 2596 1112 2647 (sic)
1144 2598 1387 2638 Mercurius
1419 2597 1537 2639 celer

455 2675 598 2714 Denso
629 2675 864 2725 paventem
896 2672 1069 2714 sustulit
1098 2674 1282 2724 aere.=›⁵)

183 2789 276 2840 Cui
318 2787 513 2841 deinde
552 2790 820 2858 Augustus
859 2789 1180 2842 Maecenatis
1218 2790 1383 2860 gratia
1425 2789 1652 2842 indulsit.
1716 2789 1838 2842 ldeo
1877 2790 1984 2843 Ho-

181 2887 342 2940 ratius
398 2888 446 2939 in
487 2888 732 2942 omnibus
771 2889 1026 2959 operibus
1065 2891 1352 2944 Maecenati
1392 2889 1766 2944 venerabiliter
1803 2907 1984 2944 assur—

179 2989 262 3056 git.
324 2989 373 3040 ln
416 2989 785 3042 Carminibus:

452 3132 469 3149 υ
486 3116 739 3162 Maecenas,
777 3118 914 3157 atavis
946 3101 1061 3157 edite
1094 3118 1295 3169 regibus,

449 3193 479 3231 s)
512 3195 553 3232 et
585 3192 852 3243 praesidium
885 3196 927 3233 et
957 3193 1082 3234 dulce
1114 3195 1250 3236 decus
1281 3206 1428 3236 meum
1442 3192 1515 3244 ⁶).»

288 3378 306 3421 ¹!
343 3378 448 3429 Epp.
487 3379 522 3426 t,
558 3378 621 3423 20,
656 3378 705 3417 ΞΟ
736 3389 833 3429 sqq.
870 3401 912 3406 —
946 3379 971 3427 ²}
1007 3379 1110 3431 Epp.
1146 3381 1181 3427 4,
1215 3381 1282 3426 ΞΟ,
1317 3380 1366 3421 24
1398 3392 1463 3431 sq.
1509 3404 1550 3408 —
1592 3383 1618 3429 3)
1652 3382 1736 3421 Sat.
1771 3382 1809 3428 4,
1840 3382 1880 3430 5,
1909 3380 1970 3421 49.

180 3469 220 3473 —-
260 3453 278 3490 ⁶)
315 3448 350 3485 Ξ.
385 3447 423 3492 7,
457 3447 480 3485 9
511 3457 576 3497 sq.
617 3469 659 3475 —-
692 3443 718 3495 5)
753 3448 788 3494 2,
823 3448 862 3494 7,
898 3447 945 3487 43
977 3459 1042 3499 sq.
1081 3471 1125 3477 ——
1157 3450 1184 3498 6)
1216 3449 1293 3490 Od.
1328 3452 1366 3497 4,
1403 3451 1438 3497 l,
1476 3451 1488 3488 l
1526 3460 1591 3500 sq.
