2231 3787
832 302 1042 342 HORATll
1073 303 1439 347 EPISTOLARUM

794 681 1236 731 EPISTOLA
1272 681 1461 730 xv:-

306 795 379 847 Ne
420 793 770 863 pe1·conte1·iS‚
813 791 1009 844 fundus
1048 808 1225 853 meu5‚
1268 791 1466 862 optime
1506 792 1708 856 Quinti,

304 898 441 947 Arvo
482 901 666 964 pascat
703 892 893 946 herum
933 910 1000 946 an
1039 893 1187 947 bacis
1228 891 1503 963 opulentet
1541 892 1738 950 olivae.

342 1044 422 1082 ΕΡ.
456 1042 562 1081 XVI.
625 1043 662 1081 l.
698 1043 837 1092 Quinti
866 1042 1064 1095 bSEcdp,
1090 1043 1190 1083 MO:
1225 1043 1388 1093 Quincti
1420 1043 1536 1093 (cum
1565 1044 1759 1084 nummis
1791 1044 1874 1084 sub
1906 1046 1996 1084 Au—

287 1110 413 1158 gusto
443 1107 635 1156 signatis)
669 1107 734 1146 FJ.
772 1128 816 1133 —
848 1107 887 1145 2.
911 1106 1023 1145 bacis
1051 1106 1174 1145 bSEo
1206 1106 1249 1144 et
1278 1117 1343 1157 pr.
1373 1105 1424 1144 d:
1468 1106 1603 1145 baccis
1633 1117 1735 1146 cum
1771 1105 1994 1158 plerisque

290 1170 436 1219 (etiam
467 1179 580 1207 corr.
613 1168 654 1219 d)
687 1169 797 1208 FMJ.
832 1167 893 1208 Cf.
919 1169 1113 1218 Wagner
1144 1167 1337 1219 Orthoqr.
1376 1168 1525 1219 Veryil.
1558 1179 1601 1219 p.
1635 1167 1730 1208 448.
1768 1191 1812 1196 —
1846 1168 1885 1208 3.
1917 1169 1998 1208 Po-

288 1232 414 1271 misne
442 1229 628 1282 bSEcdp
659 1233 703 1270 et
733 1231 926 1270 Pottierii
966 1241 1123 1271 omnes
1161 1231 1341 1282 praeter
1380 1229 1515 1280 duos,
1557 1231 1626 1279 Lt,
1658 1229 1902 1279 Bentleius,
1935 1231 1992 1271 0:

274 1356 379 1395 XVI.
404 1355 939 1407 Ambiguntlnterpretes‚
960 1357 1110 1395 utrum
1171 1355 1408 1404 horarum,
1441 1355 1491 1393 ut
1518 1355 1749 1394 Horatium
1775 1366 1878 1395 cum
1907 1355 2054 1406 pessi-—

232 1420 316 1457 hoc
334 1417 583 1469 epistolium
606 1419 820 1469 scriptum
838 1418 890 1458 sit
908 1417 963 1457 ad
982 1418 1113 1466 Quin-

234 1482 341 1519 tium
373 1481 602 1532 Hirpinum
635 1480 726 1530 (Od.
751 1480 790 1529 2,
816 1480 923 1530 Μ.),
970 1490 1023 1519 3η
1055 1479 1111 1518 ad

233 1544 277 1581 T.
293 1543 515 1590 Quintium
530 1543 780 1594 Crispinum
794 1541 1109 1593 Sulpicianum,

233 1605 512 1644 triumvirum
542 1607 590 1643 A.
615 1607 663 1644 A.
688 1606 738 1643 A.
763 1605 804 1643 F.
834 1605 896 1652 F.,
929 1603 1112 1653 Augusti

232 1665 465 1717 aequalem
499 1665 675 1717 (Eckhel
697 1668 747 1706 D.
772 1667 823 1705 N.
849 1667 887 1705 5.
912 1677 955 1718 p.
980 1666 1052 1704 294
1069 1664 1109 1714 .),

232 1729 305 1779 qui
342 1729 463 1768 idem
501 1729 677 1769 videtur
717 1739 818 1768 cum
858 1730 903 1768 T.
939 1728 1111 1776 Quintio

233 1791 461 1842 Crispino,
510 1802 600 1832 cos.
637 1802 674 1830 a.
705 1803 748 1830 u.
785 1802 822 1830 c.
862 1790 983 1838 7453
1031 1790 1112 1830 sed

233 1864 334 1893 cum
366 1854 596 1893 hominum
619 1853 779 1893 horum
801 1852 1019 1902 indolem,
1051 1854 1113 1892 vi-

233 1919 345 1963 tam,
396 1916 750 1971 necessitudines
781 1927 882 1955 cum
915 1916 1108 1963 Horatio,

232 1989 415 2029 prorsus
438 1979 715 2029 ignoremus,
749 1979 832 2018 hac
855 1978 909 2018 de
938 1990 986 2018 re
1009 1977 1111 2017 nihil

233 2041 339 2079 certi
360 2043 552 2079 statuere
572 2051 826 2092 possumus.
853 2040 975 2080 Conf.
997 2050 1110 2090 quae

233 2102 542 2141 adnotavimus
574 2102 628 2141 ad
659 2113 700 2141 v,
737 2103 801 2141 47.
859 2105 1111 2153 Argumen-

234 2167 325 2203 tum
379 2166 528 2203 autem
585 2165 714 2203 totius
770 2162 1111 2215 scriptiunculae

233 2227 384 2277 paucis
415 2226 477 2265 sic
508 2225 820 2273 exponendum
849 2227 942 2265 est:
979 2227 1108 2276 «Ego,

233 2299 358 2337 care,
401 2287 560 2327 beatus
592 2298 715 2335 sum,
757 2287 812 2326 ad
845 2298 978 2338 quem
1011 2289 1113 2338 qui-

232 2350 335 2389 dem
365 2351 479 2388 vitae
513 2351 675 2388 statum
708 2350 844 2389 cuivis
866 2349 1110 2401 optandum

234 2413 347 2451 inter
378 2423 450 2451 res
483 2413 688 2451 externas
708 2410 980 2463 permultum
1004 2422 1109 2451 sane

232 2473 404 2514 confert
441 2473 651 2513 Sabinum
690 2484 866 2512 meum:
914 2475 959 2512 tu
1003 2474 1110 2512 item

232 2547 359 2583 cura,
391 2537 464 2577 ut,
500 2535 883 2586 quemadmodum
906 2535 1108 2581 mereris,

231 2598 389 2637 beatus
428 2597 531 2644 fias,
580 2596 683 2636 illud
725 2594 874 2650 γνῶθι
905 2593 1110 2637 σεαυτὸν

233 2660 447 2711 imprimis
478 2659 619 2711 probe
653 2671 867 2699 exercens
890 2663 1022 2710 atque
1054 2659 1109 2699 ab

232 2722 364 2760 animi
408 2721 816 2772 perturbationibus
847 2721 1036 2761 liberum
1068 2724 1109 2761 te

232 2794 457 2823 servans.»
505 2786 587 2823 Pro
618 2795 833 2835 responso
865 2785 920 2824 ad
952 2785 1110 2832 Quintii

232 2844 424 2895 aliquam
446 2845 678 2897 epistolam
701 2846 894 2886 nonnulli
916 2846 1106 2893 habent;

232 2907 310 2946 sed
341 2906 442 2945 nihil
466 2908 664 2958 profecto
688 2909 820 2956 inest,
856 2908 972 2959 quod
995 2909 1110 2947 hanc

232 2969 483 3020 opinionem
516 2969 675 3008 firmet.
726 2972 905 3009 Praeter
935 2972 1109 3010 ceteros

231 3033 378 3070 autem
403 3030 581 3070 consule
605 3031 759 3071 lacobs
784 3033 919 3071 Lectt.
943 3032 1106 3071 Venus.

232 3104 273 3144 p.
300 3092 384 3140 47„
419 3094 492 3142 qui
524 3095 697 3144 egregie
726 3094 921 3133 defendit
942 3093 1110 3132 bonum

233 3154 350 3195 illum
375 3155 598 3202 Quintium
630 3166 651 3193 a
682 3157 913 3202 conviciis,
950 3154 1109 3205 quibus

232 3216 425 3256 eundem
470 3218 636 3255 temere
684 3216 929 3256 lacerarunt
969 3218 1110 3255 Inter-

1173 1417 1256 1457 mis
1273 1415 1525 1468 quibusque
1542 1415 1797 1458 hominibus
1813 1418 2052 1458 amicitiam

1174 1480 1365 1519 iunxisse
1398 1477 1717 1518 insimularent.
1769 1480 1832 1520 De
1864 1490 2052 1532 compo-

1174 1541 1343 1581 sitionis
1374 1542 1576 1592 tempore
1600 1553 1687 1581 non
1709 1541 1868 1592 liquet;
1902 1544 2054 1582 Grote—

1174 1603 1277 1643 fend
1309 1613 1407 1642 eam
1438 1603 1632 1653 assignat
1661 1614 1777 1643 anno
1808 1603 1905 1644 737.

1231 1665 1320 1705 4-4·.
1345 1666 1406 1705 Ne
1418 1665 1677 1714 perconteris
1694 1665 1795 1717 cet.]
1816 1666 1940 1705 «Scio
1957 1676 2054 1717 gra-

1174 1730 1268 1767 tum
1298 1727 1377 1767 tibi
1399 1728 1514 1777 fore,
1549 1728 1584 1768 si
1612 1727 1801 1768 formam
1823 1727 1944 1767 fundi
1964 1727 2053 1767 mei

1173 1790 1288 1830 ultro
1319 1789 1397 1829 tibi
1428 1789 1739 1841 descripser03
1786 1790 1935 1840 itaque
1966 1787 2054 1828 noli

1174 1863 1246 1891 me
1287 1863 1339 1891 ea
1380 1851 1435 1890 de
1466 1862 1514 1890 re
1545 1852 1844 1902 percontari.»
1895 1849 2054 1891 Similis

1175 1912 1362 1953 formula
1381 1915 1448 1952 est
1468 1913 1577 1964 Epp.
1594 1914 1633 1961 11,
1654 1914 1691 1962 4,
1713 1914 1785 1952 43:
1807 1914 1865 1953 Ac
1879 1924 1930 1953 ne
1947 1913 2056 1964 forte

1173 1987 1292 2026 roges
1323 1977 1406 2014 cet.
1435 1995 1479 2002 —
1512 1975 1666 2025 fundus
1694 1975 1821 2027 meus]
1854 1975 1918 2015 Cf.
1944 1976 2055 2028 Cap-

1175 2038 1335 2078 martin
1367 2037 1421 2076 de
1445 2037 1634 2088 Chaupy
1661 2039 1917 2077 Decouverte
1941 2038 1988 2077 de
2012 2039 2055 2078 la

1173 2101 1333 2139 maison
1350 2101 1398 2139 cle
1412 2111 1643 2150 campaqne
1657 2101 1874 2140 d'Horace.
1895 2101 2050 2150 Rome,

1175 2162 1346 2212 Ughetti
1382 2162 1653 2201 4767-4769.
1695 2162 1718 2201 3
1746 2161 1841 2202 Vol.
1883 2161 1923 2202 8.
1959 2161 2053 2213 (qui

1175 2225 1313 2264 mirus
1357 2223 1470 2263 liber
1513 2224 1581 2263 est
1618 2224 1660 2263 in
1690 2223 1959 2264 bibliotheca
1991 2225 2054 2264 ci-

1174 2287 1294 2324 vium
1327 2285 1672 2335 Turicensium)‚
1714 2287 1758 2325 et
1785 2286 1953 2338 inspice
1983 2288 2054 2326 to-

1174 2348 1259 2387 tius
1289 2346 1400 2388 illius
1422 2349 1588 2388 tractus
1610 2350 1860 2387 accuratam
1883 2348 2054 2389 descri-

1174 2412 1395 2461 ptionem,
1431 2421 1566 2460 quam
1585 2409 1880 2451 &Valckenaer
1906 2409 2052 2463 lapide

1175 2472 1512 2524 exprimendam
1543 2475 1727 2512 curavit.
1762 2496 1807 2501 ——
1836 2473 1947 2513 Arvo
1970 2484 2055 2524 pa·

1172 2540 1259 2575 scat
1278 2536 1422 2574 herum
1444 2535 1546 2584 cet]
1583 2535 1768 2575 Omnem
1798 2546 1895 2575 rem
1925 2536 2053 2576 rusti—

1173 2608 1270 2637 cam
1305 2599 1459 2637 Cicero
1493 2598 1615 2648 (Cato
1646 2598 1748 2637 mai.
1774 2598 1839 2646 45,
1868 2597 1951 2649 54.)
1983 2598 2051 2638 his

1172 2659 1321 2699 verbis
1353 2659 1684 2711 complectitur:
1718 2661 1802 2699 Nec
1819 2671 1917 2700 vero
1936 2671 2051 2712 seye-

1172 2721 1278 2761 tibus
1307 2722 1439 2771 (arvo)
1471 2722 1602 2760 solum
1631 2725 1668 2760 et
1691 2722 1830 2770 pratis
1858 2725 1895 2760 et
1922 2722 2052 2762 vineis

1172 2787 1209 2822 et
1253 2783 1435 2821 arbustis
1472 2793 1538 2821 res
1566 2782 1747 2821 rusticae
1775 2782 1912 2822 laetae
1938 2787 2048 2834 sumt,

1171 2845 1239 2883 sed
1281 2844 1410 2883 hortis
1451 2845 1576 2883 etiam
1612 2849 1648 2883 et
1686 2845 1918 2893 pomariis,
1963 2849 2052 2885 twm

1164 2907 1369 2955 pecudum
1406 2910 1555 2955 pastu,
1599 2907 1743 2955 apium
1773 2907 2048 2956 eoeamim'bus,

1170 2970 1323 3019 florum
1366 2969 1549 3007 omnium
1585 2969 1801 3008 varietate.
1838 2992 1883 2997 —
1916 2968 2051 3008 bacis-

1172 3029 1317 3080 olivae]
1365 3029 1510 3070 Olivas
1551 3031 1591 3069 in
1634 3030 1820 3070 modicis
1850 3031 1940 3080 agri
1971 3031 2051 3070 Sa-

1171 3091 1261 3131 bini
1299 3091 1420 3132 clivis
1460 3093 1718 3144 provenisse
1749 3094 1934 3132 testatur
1964 3093 2051 3132 Co-

1175 3153 1351 3193 lumella
1373 3156 1411 3202 5,
1436 3155 1494 3203 8.,
1519 3156 1562 3194 et
1581 3154 1740 3194 oliveta
1763 3155 1895 3194 etiam
1915 3154 2046 3194 hodie

1175 3215 1230 3255 ibi
1256 3217 1441 3255 inveniri
1466 3215 1587 3255 multi
1609 3217 1839 3256 testantur.
1866 3235 1911 3242 —
1945 3226 2051 3265 opu-

232 3281 405 3329 pretes,
458 3281 683 3329 tamquam
733 3280 931 3329 captator
981 3278 1109 3318 fuerit
1140 3252 1145 3333 ἱ
1175 3278 1309 3329 lentet]
1341 3278 1540 3318 Verbum
1570 3279 1810 3328 opu-lentare
1837 3287 1920 3329 pro
1952 3276 2051 3316 «lo-

232 3351 366 3379 aurae
398 3339 622 3392 popularis
654 3342 785 3390 atque
808 3343 986 3380 externa
1011 3352 1109 3392 spe-

232 3403 296 3441 cie
339 3401 448 3452 frugi
490 3403 717 3442 hominem
748 3401 1029 3454 probumque
1061 3414 1108 3443 se

234 3474 333 3504 esse
366 3463 594 3504 simularit.
655 3462 773 3504 Multi
805 3465 923 3503 enim
954 3465 1115 3515 ingenii

236 3526 304 3566 sui
336 3526 522 3565 iactandi
556 3537 686 3566 causa
718 3526 759 3566 in
793 3537 845 3566 eo
869 3525 1000 3565 veluti
1035 3525 1119 3566 ela-
1146 3506 1151 3564 l

1177 3339 1424 3391 cupletare‚
1471 3340 1641 3380 ditare»
1696 3340 1890 3391 primum
1933 3350 2051 3379 nunc

1178 3401 1296 3453 apud
1326 3403 1554 3442 Horatium
1585 3401 1818 3453 reperitur.
1860 3400 1921 3440 Eo
1943 3411 2050 3441 usus

1180 3466 1247 3504 est
1268 3465 1399 3503 etiam
1422 3462 1660 3504 Columella
1679 3463 1719 3512 8,
1738 3463 1776 3502 ⁴.
1798 3482 1843 3490 —
1865 3463 2052 3504 Pomisno

1180 3531 1217 3566 et
1242 3525 1389 3576 pratis]
1423 3526 1532 3565 Cum
1550 3524 1730 3565 minime
1747 3524 2050 3566 necessarium
