2231 3787
270 199 279 251 Ι
299 201 360 252 70

885 206 1095 246 llORATll
1134 208 1429 250 SATIRARUM

329 331 405 384 Nil
447 344 661 403 praetor
701 335 920 389 Calvum
960 345 1011 389 ct
1050 336 1239 390 doctus
1279 346 1494 390 cantare
1534 336 1814 390 Catullum.

329 435 389 485 At
427 451 678 506 magnum
718 437 861 494 fecit.
905 437 1052 508 quod
1090 437 1270 491 verbis
1310 438 1516 490 Graeca
1553 437 1752 490 Latinis
2002 437 2069 489 20

329 535 551 589 Miscuit.
628 537 674 590 O
714 538 820 590 seri
861 537 1185 590 studiorum!
1228 537 1390 607 quine
1430 538 1626 608 putetis

330 636 552 690 Difficile
594 647 646 691 et
683 639 902 700 mirum,
943 638 1148 691 Rhodio
1189 637 1337 708 quod
1374 637 1690 692 Pitholeonti

330 738 589 809 Contigit?
635 741 696 791 At
734 756 911 792 sermo
950 738 1131 809 lingua
1168 739 1463 793 concinnus
1500 747 1728 811 utraque

375 880 432 918 19.
467 884 504 918 et
533 891 619 919 om.
654 879 695 919 d.
747 903 789 907 —
836 881 902 919 ⁶24.
945 880 1252 931 «Manuscripti
1282 880 1485 931 quidam,
1519 883 1611 921 tam
1641 880 1849 930 aliorum,
1883 892 2017 933 quam

313 942 448 981 nostri
472 943 649 991 putatis:
685 941 766 981 sed
795 941 942 993 plures
974 944 1018 982 et
1048 941 1256 983 meliores
1283 944 1476 993 putetis.»
1508 945 1660 983 BENTL.

258 1070 545 1105 contemnetur.
605 1067 724 1105 Inest
752 1065 862 1106 lenis
885 1067 1018 1106 ctiam
1042 1067 1136 1106 irri-

259 1130 321 1167 sio
363 1126 596 1166 amborum
638 1129 893 1178 poetarum,
941 1128 996 1168 ab
1042 1127 1134 1168 aliis

258 1189 438 1240 quidem
468 1191 637 1239 magnis
661 1190 723 1239 (ut
752 1191 844 1241 ipse
866 1192 1046 1241 putasse
1068 1191 1127 1230 vi-

258 1252 405 1297 detur,
441 1252 573 1290 etiam
603 1252 787 1302 nimiis,)
820 1251 1025 1292 laudibus
1057 1264 1134 1293 ce—

257 1313 531 1352 lebratorum
565 1313 699 1362 (Ox-id.
724 1316 873 1353 Amor.
898 1314 943 1363 3,
977 1314 1024 1363 9,
1058 1316 1132 1356 611:

259 1376 408 1414 Obvius
444 1375 537 1413 huic
575 1374 769 1425 (Tibullo)
800 1377 943 1415 venias
983 1377 1136 1416 hedera

260 1438 457 1477 iuvenilia
479 1438 634 1476 cinctus
656 1438 857 1486 Tempora
877 1449 970 1477 cum
992 1439 1132 1488 Calvo,

258 1502 371 1539 docte
393 1500 563 1549 Catulle,
597 1500 717 1550 tua),
743 1501 822 1540 sed
846 1503 994 1541 tamen
1016 1511 1136 1541 sum-

259 1562 342 1601 mis
376 1564 645 1601 Graecorum
675 1563 817 1613 poetis
849 1574 1134 1614 nequaquam

257 1624 703 1674 aequiparandorum.
742 1644 785 1651 —
822 1624 948 1671 Quod
985 1627 1135 1664 autem

259 1686 477 1736 Spohnius
515 1685 751 1736 significari
791 1686 1028 1726 arbitratus
1069 1688 1137 1726 est

259 1748 535 1787 Demetrium
571 1750 726 1798 Megan
763 1759 786 1787 a
825 1749 1038 1788 Cicerone
1079 1748 1136 1787 ad

260 1810 376 1848 Fam.
399 1809 471 1857 13,
496 1810 563 1848 36.
600 1809 736 1849 Acilio
753 1811 1132 1860 commendatum,

261 1881 383 1910 mera
417 1873 483 1910 est
514 1871 737 1911 divinatio.

313 1932 480 1972 6ΖΟ--Ξζι,
540 1933 592 1971 At
633 1944 833 1985 massnum
875 1933 990 1985 fecit]
1039 1934 1136 1972 «ein

258 2005 416 2045 {posses
455 1995 751 2034 Kunststiick.»
806 1995 979 2035 Iacobs.
1043 1996 1132 2035 Cio.

259 2057 375 2095 Orat.
399 2056 472 2104 30,
508 2057 608 2096 >1051
644 2068 716 2096 nos
744 2068 947 2108 massnum
973 2058 1138 2109 fecisse-

258 2129 369 2166 mus,
414 2119 448 2157 si
486 2120 570 2157 cet.
607 2141 651 2147 —
684 2118 817 2158 verbis
849 2120 1013 2159 Graeca
1049 2121 1137 2159 La—

258 2180 354 2218 tinis
380 2179 559 2230 Miscuit]
604 2179 812 2219 Placebat
855 2182 983 2231 igitur
1025 2193 1137 2222 non-

259 2240 385 2281 nullis
417 2242 580 2280 Horatii
610 2241 868 2292 aequalibus
891 2245 1045 2284 vitiosa
1070 2243 1137 2284 illa

260 2304 535 2344 consuetudo
552 2304 690 2344 verba
708 2307 889 2354 Graeca,
914 2306 1136 2346 interdum

260 2367 394 2405 etiam
432 2367 626 2416 integros
666 2367 932 2417 versiculos,
974 2369 1136 2408 Latinis

259 2428 615 2476 intermiscendi,
662 2430 737 2479 qui
767 2441 864 2470 mos
895 2431 938 2470 in
969 2432 1137 2482 episto-

259 2488 311 2529 lis
348 2489 576 2529 dumtaxat
613 2489 898 2532 familiaribus
929 2490 987 2531 illi
1025 2491 1137 2532 tole-

259 2550 425 2591 randus
446 2551 701 2601 videbatur,
735 2554 817 2593 etsi
839 2554 1034 2594 eundem
1054 2565 1134 2594 suo

261 2612 354 2651 iure
377 2615 556 2653 secutus
578 2616 645 2653 est
675 2615 717 2653 in
748 2613 844 2653 loco
867 2615 1134 2656 facetissimo

263 2674 394 2713 etiam
424 2675 652 2714 Lucretius
682 2675 730 2724 4,
767 2677 871 2716 4456
902 2688 999 2728 sqq.
1042 2678 1130 2718 Cic.

261 2734 316 2774 de
349 2735 470 2775 Osfie.
508 2737 551 2784 «1,
594 2736 670 2785 31,
715 2738 816 2776 4411:
862 2750 1048 2779 sermone
1089 2751 1134 2779 eo

261 2797 447 2835 debemus
465 2799 546 2847 uti,
580 2800 649 2848 qui
679 2803 804 2838 natus
824 2805 880 2840 est
899 2801 1034 2850 nobis,
1066 2813 1131 2850 ne,

260 2863 305 2897 ut
329 2860 523 2907 quidam,
557 2861 721 2900 Graeca
739 2862 867 2901 verba
887 2863 1136 2903 inculcantes

261 2921 352 2959 iure
381 2922 533 2969 optimo
563 2923 790 2963 rideamur.
838 2926 956 2964 Inter
986 2925 1134 2965 Lucilii

261 2981 468 3031 reliquias
509 2983 592 3023 hae
634 2996 812 3035 quoque
853 2989 978 3026 sunt:
1025 2989 1077 3036 5,
1112 2989 1127 3027 sl

264 3043 392 3093 (Gerl.
417 3056 459 3096 p.
488 3046 586 3095 tw:
618 3048 702 3086 Hoc
724 3047 801 3087 Nol
821 3071 839 3076 -
858 3053 895 3088 et
920 3049 1135 3090 Debueris

262 3111 299 3146 te
327 3109 373 3147 Si
400 3109 528 3147 ‘minu'
560 3111 750 3159 delectat,
793 3113 901 3160 quod
929 3105 1132 3160 ἄτεχνον

261 3169 506 3210 Isocratium
533 3176 610 3220 est,
639 3167 684 3211 Ὀ
710 3172 758 3212 X
761 3170 1046 3230 ληρῶδεςᾳαε
1074 3176 1131 3214 si-

262 3233 349 3271 mul
368 3237 497 3272 totum
516 3244 566 3272 ac
587 3234 1017 3292 σι’,ιιιιειρακιῶὁες-
1044 3238 1137 3277 Non

265 3305 436 3343 operam
461 3297 603 3344 perdo.
639 3296 708 3344 114,
742 3299 766 3337 5
800 3297 925 3346 (Gerl.
957 3310 998 3349 p.
1024 3299 1129 3349 38.):

266 3357 375 3396 Nam
406 3359 556 3407 paucis
587 3358 704 3407 (dicit
733 3370 793 3409 se)
825 3361 948 3400 malle
977 3372 1027 3400 ac
1063 3373 1134 3400 sa-

259 3419 463 3467 pientibus
507 3431 589 3460 esse
629 3421 852 3471 probatum
888 3417 949 3461 ’'JI
988 3420 1132 3464 πᾶσιν

1198 1065 1419 1107 νεκύεσσι
1455 1067 1891 1119 καταφθιμένοισιν
1921 1063 2075 1108 ἀνάσ-

1198 1142 1315 1169 σειν.
1362 1130 1454 1181 (Od.
1487 1128 1533 1179 λ,
1576 1129 1688 1181 494.)
1728 1130 1844 1170 Libr.
1878 1133 1960 1170 inc.
1997 1129 2074 1170 4452

1200 1190 1326 1242 (Gerl.
1350 1202 1394 1243 p.
1429 1191 1534 1242 96.):
1581 1187 1708 1242 Χῖός
1750 1203 1800 1231 τε
1836 1188 2076 1244 δυνάστης

1198 1250 1380 1305 (οἶνος).
1456 1255 1555 1304 Ipsa
1597 1253 1735 1293 verba
1779 1254 1830 1294 At
1875 1264 2077 1305 magnum

1196 1315 1434 1355 --Mtscutt
1470 1326 1709 1366 perperam
1740 1314 1971 1356 Lucilianis
2003 1326 2076 1356 re-

1197 1376 1340 1428 liquiis
1378 1378 1542 1417 inserta
1580 1380 1697 1418 sunt.
1757 1378 1853 1418 Vid.
1888 1377 2075 1418 Gerlach

1198 1450 1240 1490 p.
1275 1438 1367 1479 1¹04.
1406 1461 1450 1467 —
1484 1439 1516 1478 O
1552 1440 1633 1478 seri
1667 1441 1900 1480 studiorum
1913 1439 1941 1491 J]
1983 1441 2076 1480 Hoc

1197 1501 1292 1551 ipso
1323 1503 1414 1540 tam
1443 1511 1656 1552 perverso
1687 1501 1848 1542 iudicio
1875 1503 1980 1542 satis
2002 1503 2072 1542 isti

1198 1562 1564 1603 demonstrabant
1607 1573 1708 1603 sero
1756 1574 1804 1604 se
1853 1564 2073 1615 incepisse

1197 1623 1350 1664 litteris
1395 1635 1579 1675 operam
1623 1625 1746 1665 dare.
1806 1620 2077 1678 Ὀψιμαθία

1199 1688 1348 1726 autem
1393 1687 1558 1737 optimo
1602 1687 1696 1726 iure
1743 1687 1933 1738 antiquis
1971 1699 2077 1739 per-

1200 1759 1334 1799 quam
1384 1747 1566 1788 ridicula
1622 1748 1870 1789 videbatur.
1949 1749 2072 1790 Conf.

1199 1811 1419 1861 Theophr.
1454 1812 1583 1851 Char.
1618 1812 1685 1851 27.
1744 1813 1832 1852 Cic.
1868 1812 1925 1851 ad
1953 1813 2072 1852 Fam.

1200 1873 1244 1921 9,
1277 1873 1351 1921 ⁶20,
1385 1874 1431 1912 2:
1480 1868 1749 1925 ὀψιμαθεῖς
1786 1874 1969 1914 homines
1998 1875 2077 1914 scis

1200 1947 1327 1985 quam
1365 1936 1579 1976 insolentes
1617 1937 1711 1976 sint.
1764 1935 1869 1976 Gell.
1905 1937 1948 1976 ’14
1972 1968 1981 1986 ,
2023 1937 2072 1976 7:

1199 1998 1273 2037 Est
1301 1998 1402 2037 adeo
1431 1998 1474 2036 id
1501 1999 1648 2037 vitium
1675 2009 1792 2038 serae
1816 1999 2074 2048 eruditionis,

1201 2070 1327 2109 quam
1357 2060 1509 2099 Graeci
1539 2055 1818 2112 ὀψιμαθίαν
1847 2060 2074 2110 appellant,

1199 2126 1265 2171 ut,
1321 2122 1429 2171 quod
1475 2133 1693 2172 nunquam
1740 2123 1955 2172 didiceris,
2005 2123 2078 2162 diu

1199 2184 1481 2235 iqnoraveris,
1522 2196 1615 2224 cum
1644 2185 1688 2224 id
1715 2185 1820 2225 scire
1849 2185 2076 2235 aliquando

1200 2246 1400 2295 coeperis,
1444 2247 1590 2297 mayni
1631 2247 1767 2297 facias
1796 2247 1951 2295 quoin
1989 2247 2076 2286 loco

1199 2319 1358 2357 cunque
1397 2312 1434 2348 et
1473 2320 1718 2359 quacunque
1758 2309 1802 2349 in
1838 2320 1886 2349 re
1924 2309 2072 2349 dicere.

1199 2370 1265 2410 Ad
1286 2372 1664 2411 constructionem
1682 2383 1725 2411 v.
1749 2382 1865 2411 serus
1886 2370 1962 2411 cfr.
2000 2369 2071 2410 Sil.

1200 2431 1289 2472 Ital.
1327 2432 1375 2482 3,
1423 2433 1526 2473 255:
1575 2433 1752 2474 Consilio
1792 2434 1962 2482 viridis,
2007 2434 2077 2472 secl

1201 2494 1292 2534 belli
1323 2506 1438 2534 serus
1471 2496 1624 2535 IlerteS.
1670 2518 1714 2524 —-
1753 2497 1876 2546 quine
1905 2496 2073 2546 putetis]

1201 2557 1480 2596 Constructio
1511 2559 1736 2598 contracta
1767 2569 1821 2597 ex
1848 2558 1940 2598 his:
1976 2569 2077 2608 «pue

1198 2619 1346 2657 talisne
1359 2617 1403 2657 P»
1437 2620 1504 2658 et:
1555 2620 1658 2668 «qui
1680 2620 1889 2669 putetis»,·
1928 2620 2076 2660 «class

1197 2680 1278 2718 ihr
1309 2680 1428 2719 doch
1456 2680 1669 2731 glauben
1696 2681 1937 2721 konnen»
1985 2681 2072 2722 Cfr.

1198 2741 1334 2782 Plaut.
1381 2742 1553 2783 Trucul.
1599 2744 1653 2793 2,
1702 2744 1753 2793 6,
1801 2743 1881 2783 53:
1943 2744 2074 2794 Quinc

1196 2804 1427 2843 etiamnum
1469 2816 1592 2855 super
1636 2807 1834 2845 adducas.
1895 2807 2070 2846 Terent.

1197 2865 1382 2918 Adelph.
1416 2868 1463 2915 2,
1497 2868 1546 2916 3,
1579 2868 1618 2907 9.
1653 2867 1809 2907 collato
1840 2867 1900 2907 ibi
1939 2869 2074 2908 Bent-

1197 2928 1296 2968 leio.
1373 2929 1514 2969 Haase
1566 2930 1608 2969 in
1647 2931 1820 2981 Reisigii
1847 2931 1939 2970 Lat.
1972 2930 2069 2980 Spr.

1198 3002 1240 3042 p.
1275 2990 1369 3031 473.
1427 2992 1672 3042 (Diversam
1702 2993 1919 3033 rationem
1948 3003 2075 3034 secu-

1199 3055 1269 3092 tus
1300 3055 1367 3093 est
1396 3054 1522 3093 Hand
1551 3056 1674 3096 Turs.
1707 3056 1777 3096 IV.
1811 3066 1854 3107 p.
1887 3055 1970 3106 77.)
2023 3076 2067 3084 —-

1198 3115 1351 3155 Rhodio
1380 3138 1402 3144 -
1427 3117 1681 3169 Pitholeonti]
1718 3116 1915 3158 Bentleio
1943 3117 2072 3157 vide-

1199 3179 1270 3216 tur
1298 3177 1438 3227 idem,
1472 3180 1547 3229 qui
1575 3178 1731 3219 Iulium
1753 3180 1993 3220 Caesarem
2013 3179 2073 3219 fa-

1198 3240 1333 3279 mosis
1350 3240 1618 3282 carminibus
1638 3241 1866 3291 laceravit,
1890 3243 2070 3282 auctore

1198 3301 1404 3342 Suetonio
1435 3304 1560 3344 Caes.
1595 3315 1633 3344 c.
1666 3305 1742 3343 75:
1773 3304 1948 3343 Pitholai
1976 3314 2072 3343 car-

1196 3364 1373 3404 minibus
1409 3366 1802 3406 maledicentissimis
1838 3365 2070 3405 laceratam

1196 3427 1544 3468 existimationem
1570 3438 1692 3468 suam
1710 3427 1820 3468 civili
1840 3428 1980 3468 animo
1999 3431 2069 3468 tu·-
