2231 3787
968 116 1066 155 LlB.
1102 115 1132 153 1.

1196 114 1307 154 SAT.
1343 115 1372 152 1.
2060 114 2091 162 9

320 246 551 301 Parvula
577 279 647 285 —
675 264 799 300 nam
842 245 1092 317 exemplo
1133 254 1216 299 est
1241 277 1311 284 —
1341 244 1520 316 magni
1561 244 1783 298 formica
1821 244 2021 298 laboris

319 351 430 405 Ore
474 349 633 403 trahit
673 348 1047 420 quodcunque
1086 356 1265 420 potest
1304 356 1468 419 atque
1509 346 1658 401 addit
1694 364 1916 409 acerVO,

319 453 496 517 Quem
538 451 715 513 struit,
757 450 905 504 haud
944 450 1132 521 ignara
1170 468 1235 504 ac
1273 467 1382 503 non
1422 450 1636 504 incauta
1674 449 1852 503 futuri.

2025 450 2094 501 35

320 556 500 620 Quae,
544 553 704 608 simul
743 553 1022 608 inversum
1062 552 1343 607 contristat
1379 553 1650 624 Aquarius
1689 570 1914 606 annum.

322 659 438 712 Non
480 675 715 729 usquam
752 655 999 728 prorepit
1037 664 1090 710 et
1127 655 1231 709 illis
1270 656 1437 709 utitur
1476 664 1598 710 ante

322 759 597 826 Quaesitis
638 759 884 831 sapienS‚
929 777 1054 814 cum
1094 768 1145 813 te
1187 776 1369 831 neque
1408 758 1650 813 fervidus
1689 767 1874 813 aestus

357 944 424 985 35.
458 945 561 984 haut
591 944 635 984 d.
673 968 717 972 —
753 943 822 984 38.
849 944 1018 994 patiens
1047 942 1279 992 BbSc,tFJ.
1323 943 1500 993 (sapiens
1531 943 1558 983 d
1593 943 1832 994 (superscr.
1860 943 2039 993 patiens}

302 1020 356 1059 p,
404 1006 607 1047 Lambini
645 1006 812 1058 aliquot
853 1009 896 1046 et
940 1007 1188 1053 Torrentii,
1234 1006 1477 1056 Cruquiani
1523 1016 1704 1055 omnes,
1758 1004 1853 1059 βγκ
1899 1021 1917 1042 «
1935 1016 2039 1044 cum

303 1070 576 1122 quibusdam
607 1069 745 1121 aliis»,
780 1071 978 1122 quinque
1014 1069 1233 1118 Pottierii‚
1267 1070 1405 1109 ceteri
1431 1069 1631 1120 patiens.)
1667 1089 1711 1097 —

247 1236 393 1277 solent
422 1236 491 1284 id,
527 1236 649 1288 quod
678 1247 727 1276 re
758 1247 866 1276 vera
898 1238 1136 1287 quaerunt,

247 1299 292 1340 id
324 1302 417 1348 est,
466 1299 656 1340 divitias.
719 1300 891 1339 Seneca
922 1300 1135 1339 Controv.

246 1364 295 1412 ἱ),
332 1362 403 1403 44-;
437 1364 629 1415 Naviya,
663 1363 823 1412 milita,
844 1363 1137 1414 pereyrinare,

248 1437 404 1476 quaere
444 1427 704 1476 adolescens,
746 1430 863 1467 utere
902 1437 1044 1466 senem.
1091 1449 1135 1454 —

246 1502 348 1530 nam
385 1491 573 1540 exemplo
611 1490 682 1542 est]
717 1500 964 1541 «perquam
996 1488 1141 1529 liben-

249 1556 317 1594 ter
361 1554 482 1594 enim
526 1554 614 1593 hoc
664 1554 878 1605 sapientis
922 1551 1139 1593 bestiolae

249 1616 457 1669 exemplo
490 1618 719 1656 utuntur.»
770 1615 986 1656 Proverb.
1011 1616 1056 1665 6,
1089 1615 1136 1655 6:

252 1681 363 1720 Vade
393 1681 449 1720 acl
476 1681 718 1731 formicam,
752 1692 774 1719 o
801 1680 944 1731 piger,
977 1683 1015 1718 ct
1044 1690 1142 1718 con-

250 1745 393 1784 sidera
420 1745 514 1783 vias
543 1744 632 1783 eius
663 1747 700 1783 et
730 1743 840 1782 disce
868 1742 1141 1792 sapientiam,

248 1819 358 1857 quae
405 1819 500 1847 cum
548 1819 633 1847 non
685 1806 835 1846 habeat
880 1807 1026 1845 dacem
1067 1815 1142 1844 nec

244 1874 561 1922 praeceptorem
589 1881 663 1910 nec
702 1870 965 1919 principem,
1005 1871 1143 1918 parat

248 1937 292 1974 in
323 1939 481 1975 aestate
510 1934 647 1973 cibam
676 1934 752 1973 sibi
783 1937 820 1973 et
850 1935 1079 1984 conqreyal
1098 1931 1141 1969 in

247 2009 395 2047 messe,
429 1998 539 2048 quod
559 1998 764 2036 comeda-t.
816 1996 999 2036 Titinius
1021 1994 1140 2046 apud

251 2062 444 2102 Nonium
480 2072 525 2112 p.
559 2058 655 2100 224.
689 2060 770 2100 M.:
817 2059 1039 2098 Formicae
1070 2057 1144 2107 pol

246 2125 458 2175 persimile
500 2128 559 2164 est
601 2123 783 2162 rusticas
822 2123 958 2162 homo.
1019 2121 1139 2172 Virg.

252 2190 328 2228 Ge.
351 2189 390 2236 4,
416 2187 514 2227 486:
544 2187 806 2237 populatque
826 2186 1034 2237 inqentem
1052 2185 1145 2235 far-

252 2251 312 2289 ris
331 2261 531 2289 acervum
546 2271 569 2277 -
582 2272 605 2278 -
622 2249 737 2298 inopi
758 2252 942 2288 metuens
960 2248 1144 2299 formica

251 2317 452 2353 senectae.
493 2314 647 2351 Iuven.
672 2312 711 2359 6,
736 2311 839 2350 360:
880 2311 1144 2359 Prospiciant

253 2376 484 2426 aliquando
512 2375 616 2424 viri,
661 2374 881 2425 frigusque
907 2373 1145 2424 famemque

252 2440 450 2480 Formica
494 2439 662 2478 tandem
712 2437 885 2486 quidam
934 2446 1144 2486 eoepavere

252 2504 476 2555 magistra.
514 2524 558 2530 —-
590 2501 738 2552 maani
765 2500 949 2551 formica
973 2498 1143 2550 laboris]

254 2569 296 2606 in
326 2577 459 2619 prosa
491 2576 556 2604 or.
591 2564 819 2612 «formica,
853 2561 1016 2603 animal
1046 2574 1146 2603 ma-

254 2630 327 2681 gni
358 2628 538 2676 laboris,
572 2626 1022 2667 laboriosissimum.»

310 2692 459 2733 36-40.
496 2690 626 2743 Quae]
658 2690 703 2730 id
725 2692 808 2739 est,
844 2692 914 2729 «at
945 2701 1044 2730 ea.»
1078 2689 1142 2730 Cf.

257 2757 376 2807 Quod
396 2766 438 2794 v.
463 2754 531 2795 43.
567 2754 694 2794 «Scin
714 2755 881 2802 tamen,
918 2751 1040 2804 quod
1060 2752 1150 2792 dis-

256 2819 428 2858 crimen
465 2818 520 2858 sit
563 2818 679 2857 inter
714 2819 758 2856 te
800 2817 845 2856 et
889 2814 1147 2867 exemplum

257 2883 364 2923 illud
383 2883 566 2922 tuum‘b)
589 2905 634 2909 —
654 2882 867 2921 inversam
886 2903 909 2909 —
925 2903 948 2909 -
972 2879 1145 2931 annum]

258 2947 353 2986 des
399 2945 586 2985 Jalires
637 2944 992 2995 Umschwunq.
1056 2942 1144 2983 Cfr.

257 3009 447 3049 Theocr.
469 3007 535 3056 43,
559 3008 633 3048 26:
657 3007 969 3064 τετραμμένω
986 3003 1150 3062 εἴαρος

258 3065 368 3124 ἤδη,
383 3072 427 3110 et
438 3070 620 3110 Homeri
635 3069 1013 3127 περιπλομένων,
1027 3081 1152 3126 περι-

260 3132 558 3185 τελλο,ιιένων
589 3130 835 3173 ἐνιαυτῶν.
889 3134 953 3173 De
985 3132 1150 3172 bruma

257 3198 468 3249 loquitur,
488 3207 542 3235 ex
555 3206 643 3247 qua
662 3195 784 3235 velut
801 3206 943 3236 novus
957 3194 1150 3235 circulus

261 3263 354 3302 sive
386 3269 545 3299 cursus
578 3259 681 3298 anni
712 3269 895 3310 semper
933 3258 1150 3298 vertentis

264 3321 473 3372 (Macrob.
495 3322 583 3361 Sat.
603 3322 642 3369 4,
663 3319 745 3371 44.)
765 3319 1000 3360 exordium
1016 3321 1148 3372 capit.

262 3385 491 3426 Formio-ac
524 3383 707 3436 quidem
738 3393 839 3424 sese
871 3382 1043 3423 abdunt
1062 3383 1152 3423 iam

1205 1237 1308 1275 ante
1340 1234 1570 1287 pluviosae
1601 1235 1764 1275 hiemis
1785 1235 1982 1283 init-ium,
2015 1246 2098 1287 pro

1205 1298 1507 1350 qualicunque
1566 1309 1675 1338 vero
1734 1297 1916 1338 hiemali
1973 1299 2097 1349 signo

1205 1364 1451 1414 Aquarium
1483 1363 1626 1414 ponit,
1678 1372 1957 1413 quamquain
1991 1373 2098 1414 pro-

1204 1427 1315 1478 prie,
1335 1429 1384 1466 ut
1405 1427 1464 1466 ait
1481 1426 1744 1477 Porphyrio‚
1766 1426 1985 1465 «maxime
2004 1424 2098 1465 sole

1205 1491 1249 1531 in
1286 1490 1483 1542 Aquario
1523 1489 1763 1529 constituto
1803 1489 2098 1539 tempestates

1205 1553 1461 1595 horrendae
1484 1555 1528 1593 et
1549 1553 1710 1603 frigora
1737 1552 1931 1602 ingentia
1953 1550 2099 1591 solent

1207 1621 1324 1659 esse'.
1386 1615 1457 1657 Sol
1489 1618 1642 1656 autem
1683 1615 1841 1655 transit
1871 1616 1915 1654 in
1945 1616 2097 1666 Aqua-

1203 1682 1322 1721 rium
1370 1680 1498 1720 XVII.
1542 1677 1634 1718 Kal.
1678 1677 1960 1717 Februarias.
2005 1677 2095 1727 (216.

1206 1744 1278 1785 die
1312 1743 1530 1794 Ianuar.)»
1573 1743 1745 1781 Seneca
1774 1742 1870 1780 Nat.
1897 1741 2095 1788 Quaestt.

1206 1810 1252 1857 7,
1285 1808 1364 1848 27:
1400 1807 1507 1857 Quid
1538 1809 1596 1845 est
1617 1816 1751 1855 quare
1778 1804 1823 1842 in
1842 1805 1976 1843 Leone
1995 1814 2100 1843 sem-

1200 1883 1280 1922 per
1327 1871 1388 1910 sol
1435 1870 1590 1909 ardeat
1639 1872 1677 1908 et
1725 1871 1863 1907 terras
1920 1865 2101 1906 aestibus

1206 1938 1394 1981 torreat,
1456 1934 1513 1972 in
1560 1931 1824 1981 Aquario
1874 1934 2004 1970 astr
2021 1931 2034 1969 i
2050 1942 2101 1969 n-

1206 2002 1306 2050 gat
1346 1998 1616 2045 hiemem,
1663 1995 1923 2046 flamina
1960 1994 2101 2045 qela

1206 2059 1499 2101 claudat?
1563 2060 1699 2099 Totus
1755 2059 1907 2097 autem
1954 2056 2100 2096 versi—

1208 2124 1336 2165 culus
1372 2123 1553 2163 videtur
1590 2118 1808 2179 παρῳὸία
1838 2130 1999 2160 versus
2020 2117 2101 2158 ali—

1207 2188 1333 2227 cuius
1364 2186 1548 2226 heroici.
1577 2208 1621 2213 —-
1645 2183 1881 2234 contristat]
1909 2185 1958 2222 ut
1978 2182 2096 2232 Virg.

1207 2253 1284 2290 Ge.
1318 2250 1366 2299 3,
1400 2249 1501 2289 278:
1535 2248 1645 2287 unde
1672 2247 1932 2298 ‘nigerrimus
1950 2244 2101 2284 Auster

1205 2313 1408 2352 Nascitur
1437 2315 1475 2350 et
1507 2310 1654 2360 pluvio
1691 2309 1911 2349 contristat
1938 2307 2102 2358 friyore

1206 2376 1383 2415 caelam.
1421 2395 1466 2400 -
1499 2372 1680 2422 sapiens]
1713 2370 1954 2422 «prudens,
1979 2369 2097 2417 ideo,

1208 2437 1330 2490 quod
1367 2447 1452 2476 nec
1489 2434 1683 2487 prodigit
1714 2434 1918 2485 quaesita
1948 2443 2098 2483 neque

1209 2499 1468 2540 necessario
1478 2499 1598 2538 victu
1612 2508 1660 2537 se
1675 2495 1923 2536 defraudat.
1935 2488 2099 2551 »Ἴὸρις

1212 2567 1281 2605 est
1309 2562 1495 2603 formica
1525 2561 1720 2601 Hesiodo
1751 2560 1798 2599 O.
1833 2560 1878 2598 et
1907 2559 1958 2598 D.
1993 2558 2098 2598 778:

1212 2619 1294 2666 ὅτε
1323 2626 1362 2665 τ’
1394 2622 1515 2682 ’ἴδρις
1545 2619 1707 2681 σωρὸν
1746 2617 1947 2675 ἀμᾶται.
2010 2620 2098 2661 Cfr.

1214 2690 1349 2730 etiam
1380 2687 1519 2728 Plaut.
1554 2685 1729 2727 Trucul.
1755 2685 1801 2735 4,
1835 2685 1886 2734 4,
1920 2686 1992 2724 45:
2028 2683 2103 2724 Co-

1211 2754 1364 2804 9itato,
1409 2762 1504 2790 mas
1541 2750 1721 2801 pusillus
1759 2760 1889 2798 quam
1926 2748 1979 2787 sit
2020 2758 2103 2786 sa-

1206 2816 1362 2866 piens
1392 2814 1535 2854 bestia.
1597 2812 1747 2853 Lectio
1768 2811 1934 2861 sapiens
1956 2809 2104 2851 firma-

1212 2880 1284 2918 tur
1323 2890 1347 2917 a
1390 2877 1499 2918 Cod.
1535 2877 1723 2926 Franeq.
1761 2874 1891 2914 Bosii.
1953 2872 2101 2913 Altera

1212 2941 1367 2992 utique
1398 2940 1546 2980 minus
1577 2938 1780 2990 apposita
1814 2937 1983 2987 patiens
2023 2947 2103 2975 ex-

1212 3003 1416 3056 plicanda
1460 3004 1582 3043 esset
1620 3013 1709 3042 non
1741 3003 1854 3042 tam:
1905 3010 2099 3051 «parca,

1213 3068 1367 3119 paucis
1403 3065 1473 3107 vel
1510 3065 1672 3106 vilibus
1704 3064 1816 3105 cibis
1847 3065 2099 3107 contenta»,

1215 3141 1372 3181 quam:
1400 3130 1646 3182 «patienter
1663 3129 1944 3179 exspectans,
1959 3126 2102 3166 donec

1216 3193 1365 3233 denuo
1395 3203 1641 3244 prorepere
1672 3191 1856 3243 possit.»
1892 3212 1938 3218 —
1972 3200 2103 3237 neque

1214 3256 1244 3306 f.
1274 3259 1636 3304 aestus--neque
1665 3254 1806 3305 hiems]
1838 3254 2100 3301 Anonymus

1216 3330 1287 3370 ap.
1310 3319 1429 3358 Sext.
1453 3317 1621 3369 Empir.
1645 3317 1689 3357 ’Μ
1713 3349 1720 3364 ,
1747 3316 1850 3355 422:
1883 3310 2099 3370 Κέρὸαιν“

1215 3380 1373 3438 ἑταῖρε
1403 3380 1486 3422 καὶ
1515 3379 1690 3438 θέρους
1726 3378 1805 3418 καὶ
1841 3373 2097 3430 χειμῶνος.
