2231 3787
279 257 380 309 6602

885 255 1100 294 HORATII
1129 253 1495 294 EPISTOLARUM
1557 302 1560 304 q

353 387 433 439 Fit
472 385 819 439 Mimnermus
859 393 913 438 et
950 384 1131 455 optivo
1172 382 1490 453 cognomine
1531 381 1741 433 crescit.

350 487 510 541 Multa
549 488 688 548 ferO,
731 495 787 539 ut
825 486 1035 557 placem
1075 501 1245 554 genus
1286 480 1542 534 irritabile
1582 488 1790 536 vatum.

352 591 485 644 Cum
523 588 700 643 scribo
744 597 796 641 et
834 586 1063 657 supplex
1100 583 1285 655 populi
1324 582 1576 653 suffragia
1615 589 1795 653 captO,

349 691 527 751 Idem,
568 689 726 741 finitis
774 687 963 741 studiis
1003 694 1056 739 et
1092 693 1271 739 mente
1312 692 1554 755 recepta,

359 793 622 847 Obturem
660 788 870 860 patulas
910 788 1128 858 impune
1166 785 1470 857 legentibus
1509 802 1685 839 aures.
2006 784 2106 836 405

354 893 613 947 Ridentur
651 890 791 943 mala
829 890 922 961 qui
964 897 1293 960 componunt
1331 888 1596 952 carmina3
1636 903 1824 940 verum

345 1043 430 1082 101.
464 1045 621 1081 crescat
641 1051 863 1092 superscr.
889 1039 966 1078 ib.
994 1061 1039 1067 —
1068 1039 1159 1079 1105.
1185 1038 1420 1078 Obtundam
1448 1048 1585 1089 prave
1615 1035 1864 1077 Wakefield
1894 1035 1951 1076 ad
1973 1037 2058 1076 Lu-

286 1173 435 1213 tefend
467 1173 620 1223 (Philol.
646 1172 899 1212 Schneidew.
924 1172 975 1211 ΙΙ.
1001 1171 1041 1211 2.
1064 1181 1166 1222 pag.

284 1236 414 1285 6285.),
459 1237 687 1276 Horatium
728 1236 843 1274 tecte
875 1234 946 1272 hic
975 1234 1169 1273 iocatum

287 1309 387 1339 esse
419 1299 463 1338 in
492 1299 792 1349 Propertium,
831 1297 906 1347 qui
937 1296 992 1335 de
1025 1296 1171 1335 semet

286 1362 382 1411 ipso
414 1361 462 1408 5,
489 1361 504 1399 4
528 1392 536 1407 ,
560 1361 636 1400 64:
673 1359 865 1408 Umbria,
899 1359 1053 1408 inquit,
1086 1359 1171 1396 Ro—

286 1422 405 1460 mani
419 1422 565 1470 patria
582 1421 839 1460 Callimachi.
865 1422 1008 1471 Atque
1031 1420 1171 1458 omni-

291 1495 345 1523 no
398 1483 560 1521 mirum
606 1482 673 1519 est
724 1485 934 1520 neutrum
989 1481 1170 1519 alterius

289 1544 424 1584 ullam
454 1543 731 1582 mentionem
761 1541 947 1589 fecisse,
982 1552 1083 1579 cum
1115 1542 1170 1578 ab

289 1609 479 1656 utroque
527 1606 570 1644 et
611 1606 846 1644 Maecenas
889 1605 932 1642 et
969 1601 1172 1652 Virgilius

291 1678 563 1718 magnopere
595 1666 812 1706 laudetur.
872 1667 1082 1705 Ceterum
1113 1665 1174 1703 si-

292 1730 454 1770 militer
484 1730 660 1769 Domitii
690 1730 821 1769 Marsi
857 1730 1014 1767 neuter
1045 1737 1174 1766 men-

292 1794 459 1832 tionem
489 1792 603 1832 facit.
632 1815 676 1819 —
709 1790 944 1842 adposcere]
985 1791 1059 1829 «Si
1088 1790 1173 1828 hoc

292 1854 350 1895 illi
380 1865 537 1905 parum
567 1854 699 1893 fuerit
730 1856 773 1893 et
801 1853 899 1905 plus
927 1866 950 1892 a
973 1864 1045 1891 me
1070 1863 1177 1891 exe-

294 1919 406 1968 gerit
425 1916 612 1956 laudis.»
635 1919 790 1956 Ponpn.
819 1939 862 1943 —
886 1914 1173 1965 Ellimnermus]

296 1979 596 2030 Colophonius
627 1977 800 2029 Olymp.
826 1978 896 2026 37,
927 1977 965 2017 4.
1000 1989 1038 2016 a.
1068 1977 1171 2017 Chr.

296 2043 389 2081 627.
440 2041 762 2081 «Mimnermus
793 2040 904 2079 duos
941 2038 1079 2079 libros
1108 2038 1178 2078 lu-

297 2102 499 2142 culentos
531 2103 750 2153 scripsit.»
784 2104 937 2141 Ponpn.
989 2103 1030 2140 Is
1062 2099 1178 2139 mul—

296 2168 445 2205 torum
475 2164 636 2203 iudicio
671 2164 797 2215 longe
834 2163 1077 2215 superabat
1110 2164 1179 2202 ii]-

298 2229 425 2279 genio
448 2229 490 2266 et
510 2228 655 2266 nativa
676 2226 955 2278 simplicitate
978 2225 1180 2266 Callima-

298 2292 432 2330 chum
463 2290 592 2330 nimis
622 2289 887 2341 plerumque
923 2291 1004 2328 arti
1035 2288 1181 2329 indul-

299 2354 492 2404 gentem.
540 2354 739 2403 Propert.
766 2353 781 2391 ‘l
803 2384 810 2401 ,
836 2353 884 2400 9,
910 2353 953 2391 ‘ll
976 2365 982 2390 ;
1015 2353 1109 2391 Plus
1136 2354 1180 2392 in

303 2426 447 2454 amore
459 2415 569 2454 valet
580 2416 818 2455 Mimnermi
832 2427 974 2455 versus
984 2416 1177 2456 Homero.

298 2480 519 2529 Receptus
537 2480 632 2517 erat
653 2479 694 2518 in
717 2489 936 2518 canonem
956 2490 1182 2529 gramma-

300 2540 489 2580 ticorum
519 2539 918 2580 Alexandrinorum
949 2552 1054 2581 cum
1081 2541 1181 2582 Cal-

298 2601 385 2641 lino
417 2603 726 2653 Mimnermus,
762 2603 1056 2644 Callimachus
1079 2616 1181 2644 cum

300 2663 493 2705 Phileta:
542 2666 622 2706 hos
667 2666 779 2706 duos
823 2669 974 2707 autem
1004 2669 1183 2718 potissi-

301 2737 425 2766 mum
445 2727 529 2767 sibi
549 2731 802 2780 sumpserat
821 2730 1058 2770 imitandos
1079 2733 1185 2770 Pro-

303 2791 486 2841 pertius.
514 2791 576 2840 (3,
601 2792 616 2830 4
638 2824 646 2840 ‚
672 2793 727 2842 4.)
761 2792 824 2832 Cf.
848 2794 956 2844 Epp.
984 2795 1022 2842 4,
1047 2794 1086 2843 6,
1111 2794 1178 2833 65.

307 2875 349 2880 —-
376 2854 526 2902 optivo]
547 2855 638 2893 Hoc
655 2867 695 2894 ν.
714 2857 946 2906 praeterea
962 2857 1184 2908 reperitur

304 2914 422 2965 apud
463 2916 617 2954 Gaium
655 2917 706 2963 4,
747 2916 847 2957 454:
895 2919 1106 2957 Vocantur
1143 2919 1183 2956 hi

306 2976 527 3026 (tutores),
574 2978 644 3026 qui
673 2989 727 3017 ea:
757 2981 918 3028 optione
945 2985 1180 3029 sumuntur,

303 3039 482 3087 opiivi.
546 3039 621 3079 Est
664 3040 815 3090 igitur:
865 3057 884 3077 «
905 3044 1082 3083 nomine
1129 3055 1182 3083 ex

303 3099 443 3140 libera
474 3101 652 3151 optione
684 3105 968 3154 assumpto3»
1006 3106 1184 3156 «quod-

304 3173 480 3213 cunque
525 3173 690 3202 nomen
731 3165 770 3203 ei
810 3165 980 3215 placet,
1028 3168 1112 3206 hoc
1145 3168 1183 3206 ei

303 3224 410 3263 dare
433 3222 599 3263 soleo.»
627 3247 669 3253 —-
690 3227 848 3277 crescit]
869 3228 1035 3267 «maior
1051 3230 1183 3269 etiam

304 3288 434 3336 poeta
466 3286 655 3326 evadit.»

360 3348 560 3387 loe-⁴05.
598 3351 731 3389 Multa
750 3350 852 3401 fero]
884 3350 1063 3393 «Multas
1086 3364 1183 3393 mo-

303 3408 454 3449 lestias
484 3412 704 3461 patienter
734 3413 955 3462 sustineo,
989 3415 1111 3462 dum,
1136 3418 1183 3455 ut

304 3471 610 3512 inurbanitatis
657 3485 708 3514 ac
751 3474 988 3526 superbiae
1025 3487 1182 3528 repre-

1233 1170 1496 1210 hensionem
1528 1168 1736 1219 effugiam
1764 1179 1910 1219 neque
1941 1169 2116 1208 iracun—

1235 1232 1315 1272 dos
1345 1233 1499 1283 po'etas
1530 1230 1777 1280 offendam,
1810 1231 1936 1271 vanis
1957 1241 2114 1270 eorum

1234 1293 1517 1333 sermonibus
1535 1304 1690 1333 aurem
1706 1293 1926 1344 praebe0‚
1951 1293 2115 1334 fastum

1234 1356 1398 1404 tolero,
1431 1355 1766 1395 recitationibus
1788 1355 1967 1402 adsum.;
2001 1365 2115 1406 quae

1235 1418 1350 1458 mala
1381 1418 1495 1457 ferre
1528 1429 1714 1458 necesse
1747 1418 1856 1466 erit,
1904 1417 2116 1468 quamdiu

1235 1482 1329 1531 ipse
1375 1482 1571 1520 carmina
1617 1491 1886 1531 componere
1931 1491 2114 1531 pergam

1236 1553 1288 1579 ac
1307 1546 1545 1592 propterea
1564 1541 1713 1593 populi
1734 1541 1998 1593 applausum
2019 1552 2119 1580 ma-

1237 1603 1308 1652 gni
1332 1602 1476 1641 facere
1495 1603 1719 1642 debebo.»
1741 1625 1785 1631 -
1806 1604 1993 1654 supplex]
2014 1605 2116 1643 κατ’

1238 1665 1494 1720 εἰρωνείαν.
1532 1688 1576 1692 —
1608 1665 1721 1704 Idem
1747 1666 1888 1716 finitis]
1923 1666 2115 1705 «Verum

1239 1737 1341 1766 cum
1372 1726 1547 1765 desiero
1591 1726 1731 1767 semel
1772 1727 1914 1767 studia
1947 1729 2118 1778 poetica

1240 1791 1284 1828 et
1314 1787 1370 1826 ad
1403 1798 1557 1828 sanam
1587 1791 1783 1828 mentem
1816 1790 2012 1837 rediero,
2055 1790 2122 1829 fa—

1240 1849 1309 1890 cili
1348 1861 1483 1901 opera
1523 1861 1594 1889 me
1626 1851 1682 1890 ab
1714 1853 1781 1892 his
1812 1844 2038 1892 aerumnis
2068 1851 2121 1891 li-

1240 1910 1455 1950 berabo.»
1481 1934 1525 1939 —
1557 1912 1751 1952 Obturem
1765 1915 1936 1963 patulas
1955 1915 2122 1964 impune

1240 1973 1463 2030 legentibus
1482 1973 1618 2024 aures]
1643 1975 1743 2024 Ipsa
1758 1986 1917 2016 versus
1934 1987 2120 2015 caesura

1242 2035 1364 2074 iubet
1394 2046 1475 2075 nos
1507 2046 1610 2075 cum
1640 2035 1840 2077 Iacobsio
1872 2039 2009 2078 Lectt.
2040 2039 2123 2078 Ve-

1242 2108 1339 2137 nus.
1363 2108 1406 2148 p.
1431 2097 1525 2136 G206.
1560 2098 1768 2148 iungere:
1800 2099 1966 2148 impune
1985 2101 2123 2152 leyen-

1242 2160 1371 2207 tib2133
1407 2161 1450 2199 et
1478 2172 1519 2199 v.
1550 2161 1773 2211 leyentibus
1803 2161 1896 2200 sine
1928 2164 2122 2212 epitheto

1242 2221 1561 2262 incredibiliter
1582 2222 1774 2274 languet.
1823 2224 1914 2262 Hoc
1937 2234 2040 2274 ergo
2062 2225 2125 2265 di-

1244 2287 1330 2326 cit:
1379 2286 1453 2325 «Si
1498 2284 1626 2325 nullis
1666 2287 1755 2325 iam
1790 2286 2124 2326 recitationibus

1244 2348 1402 2397 adero,
1449 2347 1550 2387 mali
1586 2347 1643 2387 illi
1687 2351 1843 2400 poetae
1875 2348 2127 2390 recitabunt

1245 2411 1443 2451 carmina
1483 2422 1562 2450 sua
1600 2422 1782 2461 prorsus
1813 2413 1958 2451 securi
1989 2424 2013 2451 a
2043 2423 2126 2464 pe-

1243 2472 1406 2521 riculo,
1440 2485 1495 2512 ne
1528 2485 1609 2524 ego
1632 2474 1826 2514 vicissim
1846 2485 1923 2514 eos
1943 2476 2125 2525 puniam

1246 2539 1290 2577 et
1320 2547 1505 2576 enecem
1529 2548 1628 2576 mea
1650 2537 1812 2588 scripta
1834 2538 2122 2586 recitando;»

1246 2611 1381 2651 quam
1418 2599 1633 2639 ultionem
1672 2611 1706 2640 s.
1749 2611 1943 2652 poenam
1974 2602 2123 2642 iocose

1246 2664 1386 2713 magis
1432 2674 1565 2714 quam
1605 2665 1722 2703 serio
1760 2664 1810 2703 iis
1845 2665 2010 2704 instare
2041 2665 2126 2704 mi—

1246 2727 1430 2773 nitatur,
1456 2726 1669 2776 quamdiu
1689 2737 1778 2765 non
1800 2725 1963 2765 finierit
1982 2726 2124 2766 studia

1247 2790 1535 2838 mentemque
1566 2789 1811 2839 receperit3
1851 2789 2024 2839 iocose,
2057 2790 2127 2829 in-

1247 2860 1405 2900 quam;
1439 2849 1662 2900 siquidem
1692 2851 1787 2901 ipse
1819 2850 2020 2902 publicas
2051 2864 2126 2892 re-

1246 2912 1475 2951 citationes
1505 2923 1734 2963 nunquam
1760 2914 1967 2962 instituit;
1999 2915 2057 2953 ita
2079 2916 2127 2954 ut

1246 2987 1293 3014 re
1324 2986 1431 3014 vera
1471 2973 1551 3015 illis
1593 2975 1708 3016 nulla
1745 2977 1964 3017 eiusmodi
1986 2988 2127 3027 poena

1247 3038 1443 3076 instaret.
1489 3037 1684 3088 (Accedit
1704 3038 1923 3079 Iuvenalis
1943 3040 2125 3080 imitatio

1247 3101 1333 3139 Sat.
1360 3101 1403 3148 sl,
1439 3101 1453 3139 l
1479 3112 1487 3138 :
1521 3100 1690 3151 Semper
1725 3112 1798 3153 690
1828 3103 1998 3142 auditor
2026 3106 2125 3142 tau-

1247 3168 1333 3203 tum
1349 3163 1369 3203 ‚⁹
1398 3175 1666 3214 nunquamne
1693 3165 1928 3215 reponam?
1951 3187 1969 3194 -
1991 3187 2009 3194 -
2036 3167 2125 3205 im-

1243 3237 1381 3276 pune
1410 3238 1508 3278 erqo
1537 3228 1638 3266 mihi
1659 3228 1895 3268 recitaverit
1922 3228 1989 3267 ille
2007 3232 2126 3278 toga-

1247 3293 1334 3337 tas,
1366 3290 1441 3328 Hic
1470 3289 1635 3342 eleyos?
1665 3291 1875 3341 impune
1903 3291 2010 3329 diem
2029 3301 2125 3330 con--

1245 3353 1464 3401 sumpserit
1483 3353 1626 3404 inqens
1647 3353 1838 3403 Telephus
1849 3352 1887 3403 P)
1919 3351 2122 3403 Plerique

1247 3417 1398 3455 contra
1442 3416 1648 3466 iungunt:
1697 3416 1891 3455 Obcurem
1932 3415 2121 3465 impune,

1247 3479 1378 3528 atque
1410 3479 1768 3530 interpretantur.
1829 3478 2004 3518 «Nemo
2035 3478 2122 3517 iam
