2231 3787
212 227 313 278 360

850 228 862 267 1
872 229 919 268 10
927 229 1063 268 RATll
1095 230 1154 268 SA
1162 230 1392 271 TIRARUM

282 360 449 412 Tene.
493 368 547 410 ut
587 376 686 428 ego
728 359 961 430 accipiar
997 359 1164 417 laute,
1212 359 1513 430 torquerier
1555 360 1694 410 omni

280 458 645 513 Sollicitudine
686 460 1004 521 districtum,
1047 478 1113 514 ne
1152 460 1305 530 panis
1344 459 1588 521 adustUS,

275 562 350 613 Ne
391 560 528 613 male
570 561 843 615 conditum
882 562 964 614 ius
1005 568 1331 632 apponatur,
1382 569 1439 613 ut
1476 578 1664 614 omnes

278 661 574 715 Praecincti
618 672 760 715 recte
800 663 953 732 pueri
994 662 1302 733 comptique
1337 663 1661 716 ministrent!

276 761 426 815 Adde
468 762 564 815 hos
603 771 884 833 praeterea
923 779 1103 823 casm,

1951 664 2017 715 70

1149 763 1337 817 aulaea
1376 772 1531 817 ruant
1569 764 1612 816 si
1631 808 1639 822 ,

277 864 340 918 [t
378 863 567 927 modo;
611 864 653 916 si
693 863 928 934 patinam
965 863 1106 934 pede
1145 863 1328 935 lapsus
1368 864 1572 934 frangat
1610 882 1789 936 agaso

277 964 384 1017 Sed
425 965 781 1018 convivatoris
820 966 893 1018 uti
934 965 1085 1019 ducis
1124 966 1394 1036 ingenium
1432 984 1520 1020 res

273 1065 547 1119 Adversae
592 1066 798 1120 nudare
840 1066 1035 1129 solent,
1078 1067 1255 1121 celare
1295 1068 1584 1121 secundae.

272 1166 593 1220 Nasidienus
633 1167 701 1221 ad
739 1167 895 1222 haec:
939 1168 1051 1221 Tibi
1091 1168 1167 1231 di,
1210 1186 1570 1241 quaecunque
1610 1171 1880 1240 preceris,
1946 1170 2015 1223 75

274 1269 567 1323 Commoda
609 1269 759 1323 dent!
801 1271 877 1323 Ita
915 1269 995 1322 vir
1032 1270 1206 1324 bonus
1247 1288 1305 1324 es
1346 1272 1680 1343 convivaque
1721 1272 1904 1326 comis.

312 1412 378 1450 67.
416 1412 488 1451 Ten
520 1423 594 1463 eqo
626 1417 668 1451 ut
699 1413 738 1451 S.
777 1433 820 1440 —
857 1413 921 1452 68.
956 1414 1193 1453 destrictum
1214 1414 1254 1452 S.
1282 1435 1325 1441 ——
1352 1415 1417 1453 75.
1441 1416 1630 1463 precaris
1651 1426 1673 1454 c
1696 1417 1738 1454 et
1760 1426 1812 1454 ex
1833 1416 1962 1455 Bent—

255 1472 406 1514 leianis
438 1475 656 1525 quinque,
693 1475 798 1514 «sed
829 1475 1144 1515 recentiores.»

202 1591 410 1630 incerta.»
461 1592 639 1631 BAXTER.
692 1592 939 1632 «Putabam
978 1603 1076 1632 ser-

200 1664 379 1693 monem
410 1653 630 1693 directum
660 1653 716 1693 ad
745 1655 1073 1695 Nasidienum.»

200 1716 324 1754 Gsssx.
373 1716 484 1754 Sane
515 1716 602 1755 hoc
622 1715 865 1767 simplicius
885 1715 954 1756 vel
975 1727 1077 1767 pro-

199 1779 298 1828 pter
317 1789 386 1816 vv.
412 1789 537 1829 seqq.
561 1800 605 1805 —
633 1779 734 1818 Tene
752 1801 770 1807 -
788 1800 806 1807 -
826 1778 1072 1830 torquerier]

200 1839 442 1880 Infinitivus
472 1840 799 1890 indignationis,
833 1843 881 1880 ut
911 1842 997 1879 Sat.
1026 1841 1071 1888 sl,

1141 1593 1245 1645 cet]
1288 1605 1341 1633 ex
1382 1593 1701 1634 consuetudine
1742 1593 2012 1646 quotidiana.

1140 1654 1265 1695 Plaut
1291 1657 1410 1696 Asin.
1450 1658 1488 1706 4,
1521 1657 1559 1703 4,
1603 1656 1669 1696 32.
1704 1657 1748 1696 et
1784 1656 1870 1698 Mil.
1903 1655 2012 1708 glor.

1140 1716 1186 1766 4,
1220 1719 1268 1767 2,
1302 1718 1376 1758 47:
1408 1719 1465 1758 Di
1493 1719 1566 1758 tibi
1586 1720 1701 1769 dent,
1734 1730 2016 1770 quaecumque

1138 1783 1263 1829 optes.
1325 1780 1458 1821 Stich.
1482 1780 1529 1830 3,
1562 1781 1606 1828 2,
1644 1782 1713 1821 ⁴5:
1754 1782 1863 1822 Bene
1892 1786 2018 1832 atque

1139 1843 1270 1882 amice
1299 1843 1412 1882 dicis.
1472 1844 1530 1883 Di
1559 1844 1652 1883 dent
1681 1855 1788 1893 quae
1813 1845 1927 1884 velis.
1965 1865 2010 1872 —

203 1902 247 1949 9,
282 1902 355 1940 72:
402 1903 587 1941 Huncine
616 1902 740 1942 solem
774 1903 872 1941 Tam
904 1904 1074 1953 nigrum
1132 1905 1330 1954 preceris]
1362 1904 1580 1945 Balatroni
1611 1908 1755 1958 optat,
1789 1918 1878 1947 non
1899 1918 2015 1958 quae

198 1975 374 2003 surrexe
406 1964 536 2003 mihi!
578 1987 621 1992 —
665 1964 916 2016 districtam]
961 1963 1069 2005 Plin.

199 2027 248 2065 H.
274 2027 322 2065 N.
349 2026 420 2075 118,
451 2027 523 2075 ⁶26,
558 2027 628 2066 65:
664 2028 885 2067 innumera
905 2027 1078 2066 rusticos

199 2100 304 2127 cura
347 2089 583 2140 distringat.
633 2113 675 2117 —
717 2100 768 2128 we
805 2091 930 2139 panis
969 2088 1071 2139 cet.]

200 2150 442 2190 Particulae
482 2162 530 2190 ne
570 2154 613 2191 et
652 2156 697 2190 ut
735 2152 934 2203 pendent
973 2163 995 2191 a
1027 2163 1070 2191 V.

197 2213 479 2252 sollicitudine.
506 2235 552 2241 —
574 2214 703 2263 pariis
731 2213 914 2265 adustus]
945 2213 1074 2253 Vide-

197 2274 299 2315 licet
330 2276 372 2315 in
403 2276 469 2316 his
501 2275 708 2316 omnibus
737 2278 946 2328 peccarat
985 2278 1074 2315 Na-

200 2338 414 2387 sidienus,
462 2349 577 2389 pane
619 2339 776 2379 adusto
820 2334 1074 2396 (ἦνθρακι-

199 2401 391 2454 σμένῳ),
425 2401 518 2440 iure
548 2412 683 2452 prave
706 2401 882 2441 condito
904 2403 1070 2451 erucis,

199 2463 348 2512 inulis,
386 2462 515 2503 illutis
547 2464 739 2513 echinis,
772 2465 982 2506 ministris
1012 2467 1074 2505 ri-

199 2524 342 2566 dicule
380 2526 533 2566 cinctis
564 2529 607 2565 et
651 2527 861 2578 comptis,
909 2526 1074 2568 aulaeis

198 2600 356 2640 parum
396 2587 511 2628 fultis
543 2590 626 2628 cet.
687 2591 750 2628 Ita
781 2591 817 2629 si
854 2592 1069 2642 accipias,

197 2650 323 2702 longe
376 2649 530 2691 salsior
578 2653 808 2703 magisque
857 2652 1073 2694 malitiosa

198 2713 271 2752 fiet
302 2712 544 2753 Balatronis
575 2713 837 2763 consolatio,
871 2726 1006 2766 quam
1037 2718 1073 2757 si

200 2776 240 2813 in
280 2777 539 2816 universum
579 2787 680 2816 eum
719 2777 774 2817 de
812 2777 1072 2818 calamitati-

197 2837 301 2877 bus,
365 2838 526 2888 quibus
584 2841 834 2879 convivium
884 2841 1071 2891 quodvis

198 2901 307 2939 forte
349 2900 460 2939 affici
505 2902 665 2951 possit,
714 2902 784 2942 bic
823 2903 943 2953 loqui
980 2906 1071 2942 sta-

198 2965 308 3002 tuas.
348 2985 390 2989 —
429 2962 578 3013 agaso]
623 2974 834 3013 «servus,
882 2966 954 3015 qui
1003 2966 1071 3004 iu-

200 3027 347 3064 menta
390 3027 566 3064 curat.»
617 3029 715 3064 Aen.
784 3027 1066 3076 Nasidienus,

198 3089 242 3125 ut
293 3097 522 3125 servorum
574 3098 811 3127 numerum
861 3091 1065 3138 augeret,

198 3150 342 3199 ipsum
389 3159 566 3199 quoque
612 3159 873 3199 agasonem,
923 3151 1069 3190 bomi-

195 3221 298 3250 nem
336 3210 447 3249 adeo
487 3221 720 3258 scaevum,
767 3215 811 3251 ut
855 3223 1068 3253 amovens

195 3336 436 3384 frangeret,
479 3333 556 3374 illis
601 3338 877 3386 aggregarat,
935 3337 1066 3388 idque

196 3395 403 3437 Servilius
434 3397 644 3438 odoratus
675 3399 780 3437 erat.
816 3422 858 3425 —
894 3401 1065 3452 nudare]

197 3459 492 3510 «patefacere,
541 3459 793 3511 detegere.»
830 3484 871 3488 —
911 3462 993 3500 Tibi
1028 3464 1068 3501 cli
1098 3457 1102 3486 ³

1139 1977 1255 2005 nunc
1301 1967 1446 2018 ipsum
1491 1967 1599 2007 deos
1636 1973 1840 2017 precatur
1884 1968 2013 2020 (nihil

1140 2029 1257 2068 enim
1289 2030 1422 2069 certis
1460 2028 1611 2069 verbis
1652 2030 1896 2082 precatur),
1933 2031 2013 2072 sed

1139 2102 1432 2142 quaecunque
1478 2090 1561 2130 alio
1606 2102 1762 2142 quOVlS
1810 2094 2015 2145 tempore

1138 2153 1321 2193 forsitan
1344 2154 1518 2203 precari
1541 2155 1684 2203 possit.
1746 2155 1856 2195 Hinc
1886 2155 1930 2195 h.
1963 2154 2012 2203 1.,

1137 2218 1185 2255 ut
1221 2217 1470 2256 monstrant
1510 2216 1643 2255 etiam
1680 2215 1764 2257 loci
1803 2216 2010 2266 Plautini,

1139 2279 1443 2318 coniunctivus
1463 2278 1786 2330 praeferendus
1809 2281 1877 2320 est
1895 2279 2014 2320 haud

1137 2352 1383 2392 paucorum
1415 2340 1552 2381 Codd.
1578 2341 1827 2381 indicativo.

1194 2404 1259 2442 77.
1294 2404 1360 2443 78.
1411 2403 1541 2442 soleas
1572 2402 1721 2454 poscit]
1759 2403 1880 2444 Foris
1920 2402 2014 2444 cal-

1139 2467 1256 2515 ceis,
1303 2465 1423 2506 domi
1467 2465 1596 2507 soleis
1636 2465 1876 2506 utebantur
1903 2467 2010 2515 viri;

1139 2529 1324 2569 easdem
1363 2530 1406 2568 in
1447 2528 1774 2569 discumbendo
1811 2529 2012 2581 depone-

1136 2592 1265 2639 bant3
1298 2592 1522 2643 depositas
1553 2602 1734 2636 seryum
1763 2592 1907 2643 poscit
1924 2593 2013 2632 Na-

1137 2654 1360 2702 sidienus,
1394 2656 1442 2693 ut
1472 2653 1527 2693 de
1550 2664 1687 2694 coena
1711 2655 1861 2704 surgat
1889 2653 2013 2694 iube-

1137 2719 1269 2767 atque
1287 2727 1393 2767 prae
1398 2716 1542 2767 parari
1559 2726 1886 2765 mazonomum‚
1906 2726 2008 2766 quo,

1137 2778 1367 2830 deperdita
1406 2777 1589 2829 pulvere
1621 2778 1855 2826 muraena,
1903 2789 2012 2817 con-

1134 2842 1255 2881 vivas
1285 2839 1465 2880 soletur.
1527 2841 1596 2880 Sic
1616 2840 1734 2891 apud
1764 2841 2012 2881 Pherecra-

1137 2905 1226 2943 tem
1255 2903 1455 2943 Meinekii
1493 2904 1558 2942 Fr.
1593 2903 1716 2943 Com.
1749 2904 1799 2942 ΙΙ.
1832 2914 1876 2954 p.
1912 2903 2006 2943 335.

1134 2965 1268 3005 homo
1299 2966 1497 3005 convivio
1528 2964 1727 3005 abiturus
1748 2959 2024 3015 ὑποδεῖται,.

1135 3027 1307 3068 calceos
1339 3028 1492 3067 induit.
1544 3027 1682 3068 Plaut.
1706 3027 1879 3068 Trucul.
1902 3029 1943 3077 2,
1966 3028 2007 3077 4,

1136 3091 1208 3129 42:
1243 3091 1338 3129 cedo
1359 3091 1490 3130 soleas
1508 3091 1631 3139 mihi,·
1661 3092 1908 3140 Properate,
1932 3101 2009 3130 aue-

1131 3152 1232 3202 ferce
1260 3163 1458 3200 mensam.
1482 3164 1522 3191 v.
1548 3153 1624 3191 46:
1658 3153 1747 3192 Iam
1775 3153 1898 3192 rediit
1918 3153 2010 3191 ani-

1099 3221 1102 3251 l
1132 3226 1246 3263 711113,-

196 3271 370 3321 aulaea,
414 3283 526 3323 quae
561 3274 833 3320 ceciderant,
873 3275 1065 3325 patinam
1098 3253 1102 3344 i

1279 3216 1392 3255 deme
1419 3216 1570 3264 soleas,
1603 3216 1699 3254 cedo
1720 3215 1870 3254 bibam.
1895 3238 1939 3243 —
1963 3216 2007 3254 in

1132 3278 1231 3317 lecto
1262 3277 1434 3329 quoque]
1475 3279 1660 3317 Remoto
1691 3277 1870 3316 domino
1901 3287 2007 3317 coe—

1133 3350 1214 3378 nae
1246 3351 1332 3379 non
1354 3339 1496 3380 solum
1518 3340 1781 3381 Maecenatis
1803 3339 2004 3387 comites,

1132 3412 1287 3440 verum
1320 3402 1452 3441 etiam
1482 3402 1556 3441 imi
1586 3400 1685 3441 lecti
1723 3401 1902 3452 parasiti
1941 3401 2007 3440 io-

1133 3474 1207 3503 cos
1231 3464 1283 3504 de
1316 3463 1498 3504 ridiculo
1521 3474 1625 3504 casu
1655 3464 1696 3503 in
1728 3474 1882 3506 aurem
1908 3473 2007 3515 pro-
