2231 3787
275 277 375 329 562

880 273 1092 313 HORATH
1125 271 1492 311 EPISTOLARUM

347 408 577 461 Partitur
614 406 798 458 lintres
839 403 1134 465 exercitus3
1176 401 1324 454 Actia
1361 416 1540 469 pugna

349 513 418 563 Te
459 509 597 562 duce
636 525 734 579 per
772 523 971 577 pueros
1011 502 1187 557 hostili
1227 518 1378 553 more
1416 500 1666 564 refertum

346 610 701 665 Adversarius
747 617 827 661 est
868 607 1050 666 frater,
1094 604 1244 657 lacus
1282 602 1505 665 Hadria,
1548 601 1760 658 donee.

345 713 669 767 Alterutrum
708 709 863 763 velox
900 707 1132 760 Victoria
1170 705 1358 759 fronde
1399 713 1634 758 coronet.

348 814 662 869 Consentire
703 811 814 865 suis
856 808 1047 863 studiis
1087 808 1180 880 qui
1221 806 1513 861 crediderit
1549 815 1628 869 te,

2036 805 2104 858 65

347 919 543 969 Fautor
577 924 811 985 utroque
850 921 1002 965 tuum
1044 909 1285 964 laudabit
1321 908 1514 980 pollice
1552 908 1755 961 ludum.

345 1018 594 1071 Protinus
634 1024 692 1068 ut
728 1032 981 1068 moneam
1005 1046 1076 1052 -—
1103 1013 1146 1066 si
1174 1011 1306 1084 quid
1336 1011 1615 1065 monitoris
1643 1027 1772 1082 eges
1799 1017 1854 1062 tu
1883 1041 1976 1069 —,

345 1119 486 1183 Quid
528 1119 595 1171 de
637 1134 857 1188 quoque
896 1117 1011 1167 viro
1053 1123 1105 1167 et
1143 1114 1229 1167 cui
1270 1113 1440 1174 dicaS,
1484 1130 1648 1183 saepe
1687 1111 1885 1166 videto,

328 1269 392 1308 63.
426 1268 559 1307 Adria
580 1268 632 1315 E,
659 1278 679 1306 s
703 1267 803 1317 (non
826 1265 868 1313 d,
895 1266 969 1315 qui
996 1263 1099 1303 alibi
1126 1263 1219 1313 sic).
1245 1287 1287 1294 ω
1309 1264 1375 1303 67.
1394 1265 1594 1303 Protenus
1614 1274 1648 1302 s.
1678 1286 1721 1290 —
1749 1263 1813 1303 68.
1838 1267 1874 1302 et
1895 1273 1985 1302 om.
2005 1263 2046 1302 S.

275 1393 360 1432 bus
392 1394 478 1432 Sat.
510 1393 550 1439 Ξ,
588 1392 626 1439 i,
661 1390 727 1429 73.
767 1411 810 1417 —
849 1389 969 1428 Actia
994 1388 1155 1439 pusflia]
1188 1392 1191 1420 1
1222 1387 1363 1427 fornia
1402 1389 1627 1428 rarissima
1673 1389 1762 1435 est,
1810 1388 2033 1439 reperitur
2063 1389 2105 1427 in

271 1456 388 1505 Virg.
412 1456 521 1494 Aen.
547 1453 586 1502 8,
620 1453 724 1492 675:
757 1452 878 1491 Actia
907 1451 1023 1489 bella.
1057 1451 1154 1490 Vid.

272 1517 329 1556 ad
349 1517 458 1568 Epp.
485 1517 522 1563 4,
549 1516 614 1562 ia,
639 1516 707 1554 ΞΟ.
736 1537 780 1542 -—
804 1513 1000 1564 refertur]
1025 1513 1160 1552 «ima-

272 1581 418 1630 ginem
450 1589 623 1630 pugnae
644 1578 850 1617 Actiacae
874 1575 1073 1623 exhibes,
1098 1576 1157 1614 ita

270 1644 319 1681 ut
363 1644 409 1681 tu
452 1641 665 1691 Augusti,
714 1640 849 1679 frater
879 1640 983 1678 natu
1012 1639 1159 1677 minor

270 1704 471 1751 Antonii,
520 1703 637 1742 servi
682 1703 916 1752 utriusque
968 1700 1155 1740 militum

270 1770 420 1818 partes
442 1766 623 1816 agatis.»
671 1766 739 1804 Sic
767 1764 921 1804 dicunt
942 1764 1074 1803 etiam
1094 1763 1160 1814 fa-

271 1829 414 1868 bulam
429 1829 601 1878 referre,
623 1827 770 1866 denuo
790 1826 941 1866 edere.
976 1826 1153 1865 Terent.

270 1893 434 1941 Hecyr.
459 1888 572 1929 Prol.
597 1890 636 1938 Ξ,
668 1890 735 1928 ⁶24.
762 1890 805 1928 et
827 1889 902 1928 30:
949 1889 1158 1937 Hecyram

270 1954 325 1992 acl
344 1964 415 1992 vos
434 1952 569 2003 refero
586 1974 608 1979 —
625 1974 648 1979 -
667 1953 815 1990 denuo.
842 1951 1053 1990 Ceterum
1071 1950 1156 1988 hoc

270 2027 322 2055 ac
353 2014 453 2054 talia
484 2013 653 2054 ludicra
694 2014 1006 2064 praecesserat
1040 2012 1156 2052 seria

270 2078 385 2118 inter
413 2088 578 2129 pueros
609 2078 832 2116 Romanos
862 2075 1155 2114 Caesarianos

270 2143 313 2180 et
343 2139 615 2179 Antonianos
657 2139 699 2177 in
743 2137 857 2179 Urbe
890 2148 1063 2188 pugna,
1112 2137 1153 2175 in

273 2214 362 2254 qua
392 2203 436 2241 hi
467 2200 799 2242 succubuerant
837 2212 874 2239 a.
908 2211 951 2238 u.
987 2210 1024 2239 c.
1059 2200 1152 2239 722.

270 2267 349 2305 Dio
388 2266 510 2305 Cass.
547 2265 613 2311 50,
649 2264 688 2303 8.
736 2261 973 2302 Lolliorum
1005 2265 1156 2302 autem

268 2329 350 2367 iste
372 2326 503 2366 ludus
530 2329 625 2366 erat
662 2326 788 2376 quasi
815 2325 979 2365 rustica
1009 2326 1156 2364 imita—

270 2390 329 2429 tio
360 2387 525 2427 navalis
556 2387 712 2440 proelii
745 2387 800 2427 al)
833 2389 1027 2438 Augusto
1051 2387 1155 2427 editi

273 2453 466 2501 (Sueton.
507 2450 654 2488 octav.
693 2449 760 2489 43.
804 2451 903 2489 Tac.
939 2452 1049 2489 Ann.
1087 2451 1152 2498 i'z‘,

271 2514 376 2563 56.),
418 2511 537 2562 quod
570 2510 657 2550 noli
689 2521 792 2550 cum
823 2510 938 2550 ludis
966 2513 1155 2551 Actiacis

272 2575 366 2626 (Dio
386 2575 507 2614 Cass.
527 2573 597 2621 53,
623 2572 677 2622 i.)
703 2571 992 2611 confundere.
1019 2574 1064 2612 In
1088 2574 1155 2613 his

273 2637 413 2684 enim,
448 2647 486 2675 a.
522 2647 564 2674 u.
590 2646 627 2674 c.
653 2634 747 2673 726.
782 2635 977 2685 primum
1010 2634 1153 2683 editis,

272 2696 361 2751 τήν
393 2695 718 2754 ἱπποδρομίαν
749 2694 826 2736 διά
857 2708 907 2735 τε
932 2694 1025 2735 τῶν
1047 2697 1157 2736 παί-

274 2760 366 2801 δων
396 2762 478 2801 καὶ
508 2757 587 2800 διὰ
617 2757 711 2799 τῶν
742 2756 926 2816 ἀνδρῶν
960 2756 1054 2798 τῶν
1085 2753 1158 2798 εὖ·

274 2820 423 2877 γενῶν
467 2822 683 2875 ἐποίησε.
741 2845 786 2850 -
844 2822 980 2861 hostili
1026 2820 1155 2871 more]

278 2886 438 2936 «quasi
482 2897 529 2924 re
575 2896 681 2923 vera
727 2884 879 2924 hostes
922 2884 1038 2923 inter
1077 2894 1157 2923 vos

279 2947 480 2987 essetis.»
508 2969 550 2974 -
583 2946 705 2985 veloae
738 2946 934 2998 Victoria]
974 2943 1080 2985 Gell.
1115 2945 1154 2992 6,

279 3010 319 3057 6,
350 3010 398 3048 5:
434 3008 508 3048 Cn.
542 3009 717 3047 Mattius
745 3009 789 3047 in
818 3009 988 3058 septimo
1015 3007 1160 3046 Iliadis

279 3071 503 3110 Victoriam
548 3071 756 3109 volucrem
785 3072 1049 3121 praepetem
1079 3080 1159 3118 ap—

270 3133 445 3182 pellavit
472 3132 546 3171 hoc
575 3142 720 3171 versu:
761 3133 875 3170 Dum
895 3132 960 3170 det
977 3130 1159 3170 vincenti

277 3204 469 3245 praepes
505 3194 687 3233 Victoria
712 3193 916 3242 palmam.
965 3194 1156 3233 Victoria

277 3255 389 3295 alata
421 3265 632 3295 coronam
664 3253 862 3294 lauream
893 3255 1048 3295 victori
1077 3256 1158 3295 im-

278 3318 400 3368 ponit
437 3318 568 3357 etiam
609 3317 651 3356 in
687 3317 901 3366 nummis,
950 3328 1061 3368 quos
1090 3318 1157 3357 vi-

277 3379 474 3418 ctoriatos
517 3378 753 3418 vocabant.
820 3379 1022 3426 (Victoria
1067 3390 1155 3419 non

279 3439 413 3488 alata,
471 3441 615 3491 imago
656 3440 866 3481 victoriae
912 3442 1060 3481 certae
1105 3452 1157 3481 ac

278 3503 608 3552 permanentis,
665 3512 778 3552 quae
833 3501 1012 3553 quidem
1061 3503 1155 3542 eius

1221 1450 1327 1489 Anu.
1353 1451 1442 1490 dell’
1463 1452 1561 1490 [nst.
1590 1451 1768 1490 archeol.
1790 1451 1840 1490 V.
1861 1451 1929 1490 XI.
1954 1462 1998 1502 p.
2019 1451 2103 1502 73.)

1226 1534 1270 1540 -
1295 1516 1474 1562 utroque
1491 1535 1509 1541 -
1526 1535 1545 1541 -
1557 1513 1720 1563 pollice]
1757 1514 1804 1552 In
1831 1511 1989 1564 pollice
2012 1515 2107 1553 erat

1223 1576 1265 1614 et
1297 1574 1459 1614 favoris
1491 1576 1535 1614 et
1565 1575 1855 1615 aversationis
1890 1575 2107 1626 significa-

1222 1639 1304 1676 tio:
1339 1648 1444 1676 nam
1476 1637 1676 1677 faventes
1695 1648 1800 1677 eum
1819 1636 2103 1688 premebant,

1220 1700 1528 1752 improbantes
1560 1702 1604 1740 et
1624 1699 1916 1751 gladiatorem
1937 1701 2105 1741 victum

1221 1762 1549 1802 conficiendum
1570 1774 1670 1803 esse
1694 1762 1992 1813 significantes
2008 1774 2108 1802 ver-

1221 1825 1376 1865 tebant
1405 1827 1524 1864 retro
1548 1827 1592 1864 et
1622 1824 1927 1875 subrigebant.
1967 1826 2107 1877 (Hunc

1221 1889 1395 1938 gestum
1442 1887 1733 1926 nominabant
1762 1887 1955 1937 infestum
1977 1888 2107 1938 polli-

1219 1961 1320 1989 cem.
1371 1949 1457 1989 Cfr.
1483 1950 1721 1988 Buttmann
1753 1949 1809 1988 ad
1837 1948 2010 1997 Quintil.
2036 1951 2102 1999 tt,

1220 2011 1259 2060 3,
1282 2011 1391 2060 449.)
1423 2010 1529 2050 Plin.
1551 2012 1601 2050 H.
1624 2012 1672 2050 N.
1694 2011 1761 2059 28,
1782 2012 1821 2060 2,
1843 2012 1889 2051 5:
1920 2012 2104 2062 Pollices,

1219 2085 1313 2113 cum
1340 2074 1584 2124 faveamus,
1626 2084 1820 2122 premere
1849 2074 1975 2114 etiam
1997 2086 2106 2125 pro-

1219 2135 1358 2175 verbio
1388 2135 1593 2175 iubemur.
1641 2134 1881 2186 Alciphron
1901 2137 1949 2184 2,
1981 2135 2021 2177 4.
2057 2148 2103 2189 p.

1221 2199 1314 2239 3²25.
1334 2199 1404 2238 W.
1433 2197 1622 2248 Glycera
1639 2197 1907 2238 Menandro:
1931 2197 1983 2239 ἐν
2002 2203 2105 2249 τοῖς

1221 2261 1536 2317 προσκηνίοις
1568 2253 1772 2313 ἕστηκα,
1804 2257 1919 2312 τοὺς
1939 2258 2107 2303 δακτύ-

1222 2321 1335 2373 λους
1384 2318 1598 2376 ἐμαυτῆς
1646 2323 1905 2374 πιέζουσα,
1963 2314 1996 2381 ᾗ
2044 2319 2106 2364 ἂν

1222 2385 1485 2443 nomano-77
1510 2382 1566 2426 τὸ
1586 2385 1808 2443 θέατρον.
1857 2387 2018 2427 Contra
2038 2388 2108 2427 Iu-

1221 2461 1322 2489 ven.
1361 2449 1406 2498 3,
1447 2449 1520 2489 36:
1567 2450 1748 2488 Munera
1776 2460 1887 2488 nunc
1916 2450 2041 2489 edunt
2070 2455 2108 2490 et

1219 2524 1337 2552 verso
1362 2512 1516 2562 pollice
1543 2512 1689 2562 volyus
1711 2512 1840 2560 Quem
1867 2511 1976 2551 iubet
1996 2512 2106 2551 ocei-

1221 2577 1323 2614 dunt
1342 2575 1620 2625 populariter.
1655 2575 1706 2614 H.
1727 2573 1753 2613 l.
1774 2574 1926 2624 igitur:
1962 2585 2107 2615 «sum-

1221 2647 1295 2675 mo
1326 2636 1543 2687 applausu
1574 2635 1860 2675 dilaudabit.»

1277 2699 1424 2737 67-74.
1457 2699 1651 2738 Protinus
1681 2699 1782 2749 cet]
1816 2708 1975 2749 «porro
1996 2708 2106 2738 con-

1221 2759 1400 2798 tinuatis
1430 2759 1824 2811 praeceptionibus
1855 2760 1903 2798 ut
1937 2761 1980 2799 te
2012 2770 2107 2799 mo-

1221 2833 1328 2861 nere
1359 2831 1588 2872 pergam.»
1632 2821 1695 2861 Cf.
1727 2821 1853 2861 Hand
1884 2822 2008 2862 Turs.
2031 2822 2101 2861 1V.

1220 2894 1263 2934 p.
1291 2883 1385 2922 6211.
1434 2883 1707 2933 Scripturam
1730 2884 1928 2933 protinus
1956 2885 2106 2924 aucto-

1220 2945 1348 2984 ritate
1380 2944 1520 2983 Codd.
1552 2944 1667 2985 Med.
1705 2946 1748 2984 et
1776 2945 1901 2985 Rom.
1933 2945 1976 2984 iu
2006 2946 2105 2985 Vir-

1221 3006 1320 3058 gilio
1366 3006 1532 3058 ubique
1571 3006 1781 3059 praetulit
1809 3008 2018 3057 Wagner.
2056 3031 2101 3036 -—

1219 3071 1253 3108 si
1275 3068 1390 3120 quid]
1423 3066 1552 3119 εἴτι,
1584 3082 1732 3109 wenn
1759 3070 1939 3121 iryend
1957 3069 2100 3109 noch.

1219 3133 1338 3182 Virg.
1362 3134 1471 3172 Aen.
1495 3133 1535 3181 5,
1560 3132 1662 3172 688:
1696 3133 1731 3172 si
1761 3132 1860 3183 quid
1873 3132 2012 3182 pietas
2029 3142 2105 3171 an-

1220 3195 1339 3244 tiqua
1383 3194 1545 3234 labores
1585 3195 1764 3244 Respicit
1799 3194 2016 3233 humanos.
2055 3215 2099 3220 -

1221 3258 1330 3307 Quid
1360 3257 1408 3296 de·
1439 3267 1599 3306 quoque
1630 3255 1732 3308 cet.]
1765 3253 1898 3306 «quid
1918 3253 1974 3293 de
1996 3264 2105 3305 quo-

1221 3329 1398 3370 cunque
1430 3319 1610 3359 homine
1643 3318 1808 3358 dicas.»
1856 3316 2102 3368 Porphyrio

1220 3380 1400 3432 quidem
1445 3380 1529 3429 (cui
1567 3380 1807 3420 assentitur
1834 3377 2099 3429 Bentleius):

1221 3441 1344 3480 «Tria
1375 3441 1500 3481 dicit:
1545 3442 1644 3491 quid
1672 3441 1807 3488 dicas,
1847 3439 1897 3479 de
1924 3449 2006 3488 quo
2036 3439 2103 3478 di-

1218 3513 1309 3551 cas,
1355 3503 1423 3542 cui
1467 3503 1636 3543 dicam»
1683 3503 1731 3541 ut
1767 3503 1815 3541 de
1844 3511 2007 3552 quoque
2047 3501 2102 3540 sit
