2231 3787
302 264 402 316 538

900 267 1113 307 llORATll
1144 267 1515 309 EPISTOLARUM

371 398 563 449 Rector
601 396 925 457 Thebarum,
969 397 1099 468 quid
1140 415 1224 450 me
1265 396 1502 468 perferre
1543 396 1759 467 patique

371 497 652 569 Indignum
689 499 890 570 coges?
929 498 1172 551 Adimam
1209 498 1366 551 bona.
1407 499 1610 569 Nempe
1639 514 1830 568 peCUS,
1876 515 2005 561 rem,
2048 500 2113 551 75

368 602 582 662 LectOS,
626 609 929 672 argentum:
970 599 1122 653 tollas
1160 598 1296 653 licet.

408 751 474 789 76.
508 750 567 801 ln]
601 755 637 790 et
667 752 713 790 C.
750 752 812 800 (ut
841 761 942 799 nos,
974 749 1158 801 bSEcp.)

1374 601 1431 651 In
1471 599 1693 653 manicis
1733 607 1786 652 et

300 877 380 915 θεν
426 874 510 922 aij,-
560 875 643 928 ἐμὲ
689 871 714 915 ὁ
760 872 876 926 Ζεὺς
920 872 1173 932 ἐλεύθερον
1204 894 1206 901 ι
1238 876 1365 915 Tusc.
1386 876 1431 924 5,
1456 873 1529 923 40,
1557 875 1649 914 447.
1687 898 1730 903 —
1757 874 1895 926 solvet]
1918 874 2116 916 molestis

296 933 362 986 ἆᾳ
374 936 503 990 ἧκεν,
537 933 571 990 ἢ
599 936 778 988 δοκεῖς,
812 933 886 978 ὅτι
906 933 1071 991 ἔμελλε
1090 934 1174 977 τὸν

1239 938 1437 989 corporis
1461 935 1661 977 vinculis.
1685 935 1904 977 Plutarch.
1939 937 2113 978 Consol.

297 998 416 1039 ἴδιον
455 996 559 1040 υἱὸν
599 998 683 1054 ἑᾷν
722 997 1172 1048 καταδουλοῦσθαι;
1202 1017 1206 1050 1
1239 999 1309 1039 43:
1358 996 1442 1041 ἐὰν
1472 997 1819 1057 καθαρεύωμεν
1854 994 1934 1040 ἀπ’
1966 996 2115 1042 αὐτοῦ

297 1059 379 1102 τοῦ
408 1060 577 1119 νεκροῦ
600 1060 650 1103 δέ
669 1075 765 1115 μου
788 1059 952 1119 κύριος
974 1059 1029 1112 εἰ,
1054 1058 1173 1110 λάβε
1202 1055 1205 1107 ξ
1237 1060 1338 1114 (τοῦ
1384 1061 1645 1116 σώματος),
1692 1057 1781 1114 ἕως
1825 1057 1886 1102 ἂν
1931 1059 1958 1103 ὁ
2003 1059 2118 1114 θεὸς

296 1120 458 1165 αὐτόν.
503 1125 672 1166 Crebro
690 1127 840 1165 autem
862 1125 1173 1165 huiuscemodi

296 1187 497 1239 exempla
544 1188 751 1229 omnibus
795 1191 922 1237 nota,
969 1190 1016 1227 ut
1062 1189 1102 1227 h.
1142 1187 1169 1227 l.

296 1250 504 1299 Penthei,
565 1261 618 1289 ex
675 1251 866 1302 Tragicis
926 1250 1174 1290 afferebant

294 1311 544 1364 philosophi
589 1323 640 1352 ac
692 1313 933 1364 sophistae.
1005 1313 1075 1352 Sic
1119 1324 1172 1352 ex

295 1374 512 1426 Euripidis
570 1374 754 1415 Hecuba
808 1375 1016 1415 Libanius
1068 1375 1173 1432 περὶ

294 1435 525 1488 δουλείας.
563 1439 609 1478 T.
632 1439 682 1477 II.
709 1437 778 1477 ed.
798 1438 940 1477 Reisk.
964 1448 1008 1488 p.
1034 1437 1099 1477 63.
1124 1461 1169 1466 —

289 1502 477 1552 perferre
500 1500 687 1552 patique]
719 1500 888 1540 Eadem
917 1499 1056 1539 verba
1075 1511 1174 1540 ver-

295 1575 370 1604 sus
403 1561 646 1603 clausulam
677 1562 875 1602 efficiunt
905 1562 1038 1602 etiam
1058 1563 1168 1613 Epp.

302 1627 339 1674 Ι,
374 1627 445 1674 15,
481 1626 545 1664 117.
579 1648 621 1653 —-
655 1625 808 1676 Lectos]
840 1635 921 1675 pro
953 1625 1172 1664 omnisu-

294 1686 518 1739 pellectili‚
552 1688 677 1727 culus
708 1686 765 1726 illi
795 1688 897 1727 sunt
921 1696 1024 1738 pars
1045 1697 1172 1738 prae-

294 1750 434 1801 cipua.
483 1750 545 1790 Cf.
571 1751 680 1802 Epp.
703 1751 718 1789 4
741 1782 747 1799 ,
784 1750 799 1788 4
822 1783 829 1800 ,
860 1749 928 1788 91.
979 1750 1068 1789 Cic.
1093 1751 1172 1791 Pa-

293 1811 389 1851 rad.
415 1814 458 1861 4,
491 1813 536 1852 8:
574 1814 715 1862 Neque
743 1824 816 1864 eqo
845 1823 1033 1863 unquam
1063 1812 1172 1852 bona

289 1875 516 1925 perdidisse
545 1876 704 1923 dicam,
750 1876 784 1914 si
824 1876 896 1924 qui
931 1886 1059 1925 pecus
1098 1879 1172 1914 aut

293 1938 578 1988 supellectilem
616 1938 815 1978 amiserit.
853 1960 897 1966 -
932 1939 1170 1989 argentum]

297 2001 508 2048 «factum,
547 2010 653 2040 vasa
684 2001 936 2051 argentea.»
973 2022 1018 2028 —
1052 2000 1172 2039 tollas

294 2064 397 2115 licet]
430 2062 587 2103 Salust.
631 2062 753 2102 Catil.
798 2063 870 2102 35:
916 2063 1171 2114 satisfactio-

294 2137 407 2175 nem,
455 2137 582 2175 quam
618 2137 765 2165 veram
803 2126 895 2166 licet
932 2136 1166 2177 cognoscas.

294 2188 419 2228 Hand
450 2189 575 2228 Turs.
598 2189 667 2227 III.
691 2200 734 2239 p.
759 2187 853 2228 543.
883 2211 927 2216 ——
960 2189 1083 2228 simul
1102 2192 1171 2227 at—

294 2262 372 2300 que
416 2250 569 2299 volam]
622 2261 675 2289 ex
723 2250 944 2290 constanti
987 2250 1170 2301 quidem

293 2314 541 2353 Stoicorum
586 2312 802 2353 doctrina.
863 2314 986 2364 Diog.
1023 2315 1166 2354 Laert.

293 2375 340 2418 7,
377 2375 468 2414 1¹30.
510 2376 553 2414 in
597 2376 795 2415 Zenone:
849 2370 1076 2430 Εὕλόγως
1119 2377 1170 2416 τέ

292 2450 444 2486 φασιν
483 2433 667 2488 ἐξάξειν
707 2432 882 2478 ἑαυτὸν
924 2436 1010 2479 τοῦ
1055 2437 1167 2488 βίου

293 2497 375 2539 τὸν
397 2497 558 2550 σοφὸν
588 2501 670 2540 καὶ
701 2496 818 2557 ὑπὲρ
840 2499 1066 2558 πατρίδος
1087 2503 1168 2541 καὶ

294 2558 410 2620 ὑπὲρ
445 2562 622 2612 φίλων,
667 2558 761 2602 κᾶν
791 2563 840 2603 ἑν
871 2562 1169 2622 σκληροτέρᾳ

292 2628 484 2679 γενηται
513 2622 743 2681 ἀλγηδόνι
773 2622 805 2680 ἢ
840 2625 1115 2685 πηρώσεσιν
1137 2624 1174 2685 ⁷³7⁸,

291 2688 457 2740 νόσοις·
473 2687 703 2740 α’νιάτοις.
729 2690 856 2738 Quod
874 2693 1167 2743 praeceptum

293 2755 472 2792 secutus
505 2755 571 2792 est
599 2754 715 2792 Zeno
747 2753 855 2804 ipse.
888 2752 999 2793 lhid.
1024 2754 1076 2793 28
1098 2764 1164 2804 sq.

291 2813 488 2853 Verbum
507 2817 656 2854 autem
667 2816 805 2854 volam
822 2815 1038 2866 significat
1053 2826 1170 2855 mor-

293 2879 383 2914 tem
403 2875 716 2926 voluntariam,
742 2889 795 2917 ex
816 2878 1064 2917 Stoicorum
1086 2877 1170 2917 do-

294 2939 446 2977 ctrina.
506 2940 674 2978 Seneca
713 2939 768 2979 de
809 2940 982 2980 Provid.
1022 2940 1071 2989 6,
1117 2941 1164 2979 2:

295 3001 547 3039 Occiduntur
568 3000 686 3050 {boni
707 3002 818 3052 viri).
871 3001 1056 3052 Quidni?
1075 3013 1169 3041 cum

293 3063 518 3112 aliquando
554 3063 631 3112 ipsi
670 3063 744 3102 sibi
784 3075 932 3104 manus
970 3065 1165 3114 afferant.

293 3124 430 3175 Epist.
464 3124 540 3172 70,
575 3125 651 3164 42:
697 3126 882 3165 Invenies
910 3127 1038 3165 etiam
1060 3137 1168 3175 pro-

290 3188 413 3236 fessos
447 3186 718 3236 sapientiam,
763 3188 834 3235 qui
871 3188 956 3227 cim
985 3189 1169 3238 afferen-

293 3251 390 3289 dam
417 3249 528 3289 vitae
548 3259 649 3288 suae
676 3254 823 3300 negent
853 3254 889 3290 et
918 3251 1035 3301 nefas
1063 3252 1169 3290 iudi-

293 3316 382 3352 cent
410 3313 546 3361 ipsum
580 3311 915 3360 interemptorem
951 3313 1015 3352 sui
1054 3314 1167 3364 fieri;

294 3375 614 3424 exspectandam
633 3384 715 3414 esse
736 3374 919 3423 exitum,
953 3385 1072 3423 quem
1092 3386 1169 3414 na-

294 3441 391 3475 tura
411 3436 600 3476 decrevit.
652 3437 737 3476 Hoc
758 3437 828 3486 qui
858 3437 975 3485 dicit,
1008 3449 1091 3476 non
1108 3438 1169 3476 vi-

295 3499 357 3538 det
377 3509 416 3538 se
436 3498 636 3547 libertatis
650 3499 764 3539 viam
779 3499 953 3539 cludere.
990 3497 1051 3539 Cf.
1074 3499 1162 3539 Cic.

1236 1120 1385 1175 αὐτὸς
1406 1120 1628 1183 ἀπολύσῃ
1651 1120 1797 1178 ἡμᾶς.
1849 1125 2117 1166 Themistius

1236 1187 1290 1227 de
1321 1189 1402 1228 An.
1437 1189 1481 1228 9:
1529 1183 1834 1228 ἀπολύεσθαι
1869 1185 1955 1227 τὸν
1992 1183 2118 1227 ἀπο-

1235 1246 1516 1303 θνήσκοντα
1544 1251 1626 1291 καὶ
1648 1246 1872 1303 τελευτὴν
1892 1247 1981 1303 τὴν
2000 1245 2119 1290 ἀπό-

1236 1311 1372 1353 λυσιν
1393 1308 1640 1354 καλοῦσιν.
1693 1315 1863 1354 Seneca
1885 1314 2020 1366 Epist.
2046 1315 2113 1363 74,

1237 1376 1310 1415 ⁴2:
1342 1376 1469 1415 Nobis
1498 1377 1599 1415 solvi
1623 1377 1765 1426 perire
1793 1379 1863 1415 est.
1894 1398 1938 1404 -
1962 1376 2113 1416 ultima

1235 1438 1358 1490 linea]
1409 1440 1635 1490 Frequens
1684 1439 1954 1478 miserorum
1999 1437 2118 1478 sola-

1235 1501 1360 1540 tium.
1413 1501 1643 1541 Demosth.
1681 1500 1736 1540 de
1768 1511 1932 1540 corona
1964 1500 2002 1551 S.
2037 1501 2115 1540 97:

1235 1562 1393 1620 Πέρας
1434 1561 1524 1615 μὲν
1566 1559 1657 1620 γὰρ
1701 1555 1882 1602 ἅπασιν
1925 1557 2116 1621 ἀνθρώ-

1236 1636 1344 1675 ποις
1373 1623 1476 1665 ἐστὶ
1506 1622 1591 1666 τοῦ
1621 1623 1732 1674 βίου
1762 1621 1989 1675 θάνατος.
2042 1626 2118 1665 Est

1235 1688 1380 1738 imago
1421 1698 1445 1726 a
1488 1689 1607 1728 circo
1646 1688 1813 1739 petita,
1865 1686 1963 1727 alba
2002 1686 2117 1727 linea

1236 1749 1291 1788 ad
1332 1750 1525 1798 metam,
1573 1748 1696 1790 sulco
1737 1749 1857 1790 calce
1895 1748 1967 1789 vel
1997 1750 2118 1789 creta

1234 1810 1431 1863 repleto,
1491 1812 1560 1852 cui
1619 1813 1904 1864 opponuntur
1962 1821 2119 1851 carce-

1233 1884 1321 1914 res.
1385 1874 1474 1913 Cic.
1514 1873 1569 1913 de
1606 1875 1779 1913 Senect.
1817 1873 1894 1923 23,
1941 1873 2024 1914 83:
2071 1872 2118 1912 Si

1234 1937 1325 1986 quis
1361 1938 1459 1976 deus
1486 1937 1586 1975 mihi
1614 1938 1850 1988 largyiatur2
1882 1941 1929 1976 ut
1957 1947 2012 1976 ex
2039 1937 2118 1976 hac

1234 2002 1371 2038 aetate
1402 2009 1699 2048 repuerascam
1731 2003 1769 2038 et
1798 2000 1842 2038 in
1881 1999 1999 2038 cunis
2035 2009 2116 2038 va-

1232 2063 1374 2113 =qiam,
1405 2062 1527 2100 valde
1546 2072 1731 2101 recusem
1758 2073 1832 2102 nec
1851 2072 1950 2101 vero
1967 2061 2114 2110 velim,

1235 2125 1354 2174 quasi
1409 2125 1580 2163 decurso
1623 2124 1780 2174 spatio,
1835 2135 1864 2163 a
1907 2123 2018 2164 calce
2062 2125 2118 2164 ad

1233 2197 1422 2226 carceres
1453 2186 1660 2225 revocari.
1705 2185 1769 2226 Cf.
1807 2187 1935 2226 Tusc.
1974 2186 2022 2236 4,
2064 2186 2114 2235 8,

1236 2249 1300 2288 45.
1348 2249 1517 2288 Seneca
1554 2248 1690 2299 Epist.
1723 2248 1789 2287 42.
1821 2249 1866 2288 et
1905 2247 1998 2288 408.
2045 2247 2114 2287 Si-

1233 2309 1393 2350 militer
1441 2311 1612 2350 Graeci.
1659 2309 1808 2361 Eurip.
1854 2311 1995 2361 Antig.
2044 2311 2123 2357 Fr..

1234 2372 1313 2412 43:
1360 2367 1456 2412 Ἐπ’
1485 2367 1640 2429 ἄκραν
1670 2366 1855 2425 ἥκομεν
1884 2367 2116 2430 γραμμὴν

1233 2432 1409 2474 κακῶν.
1489 2434 1648 2475 Electr.
1701 2434 1808 2475 945:
1870 2431 1950 2487 Μή
1997 2447 2112 2487 μοι,

1233 2494 1289 2537 τὸ
1329 2494 1516 2555 πρῶτον
1552 2495 1671 2549 βῆμ’
1713 2493 1799 2537 ἐὰν
1836 2494 1996 2555 δράμῃ
2026 2511 2115 2538 κα-

1233 2558 1351 2610 λῶς,
1396 2557 1551 2614 Νικᾷν
1588 2557 1787 2600 δοκείτω
1825 2556 1913 2612 τὴν
1951 2558 2112 2613 δίκην,

1234 2624 1342 2680 πρὶν
1372 2618 1432 2662 ἄν
1471 2621 1616 2672 πέλας
1654 2620 1889 2678 Γραμμῆς
1927 2622 2111 2675 ἵκηται,

1232 2686 1313 2725 καὶ
1342 2683 1478 2734 τέλος
1516 2682 1696 2741 κάμψῃ
1737 2682 1865 2731 βίου.
1919 2683 2109 2735 (Tertull.

1234 2748 1331 2788 adv.
1356 2749 1570 2786 Praxeam
1602 2747 1667 2786 46.
1702 2746 1839 2786 deum
1859 2747 2113 2786 universita-

1233 2811 1284 2849 tis
1303 2814 1536 2850 eoetremam
1555 2809 1710 2849 lineam
1730 2808 1889 2858 vocat.)
1924 2810 2110 2859 «Mors‚»

1234 2873 1391 2923 inquit,
1416 2882 1760 2912 «aerumnarum
1781 2873 1914 2922 atque
1932 2872 2112 2912 omnino

1234 2945 1387 2974 rerum
1417 2935 1714 2974 humanarum
1745 2936 1814 2973 est
1843 2934 1985 2974 finis.»
2032 2934 2112 2973 Se-

1235 3008 1345 3037 neca
1376 2996 1431 3035 ad
1466 2997 1600 3037 Marc.
1637 2996 1691 3036 de
1723 2994 1899 3036 Consol.
1937 2995 2013 3044 49,
2061 2994 2108 3035 4:

1233 3062 1348 3100 Mors
1377 3060 1568 3099 dolorum
1597 3059 1782 3099 omnium
1811 3063 1847 3098 et
1879 3057 2026 3098 solutio
2056 3060 2112 3097 est

1234 3126 1270 3162 et
1297 3123 1415 3174 finis,
1448 3123 1565 3162 ultra
1585 3132 1712 3170 quam
1731 3121 1847 3160 mala
1865 3124 2011 3160 nostra
2028 3130 2111 3158 non-

1233 3189 1399 3225 e-neunt.
1449 3185 1582 3224 Recte
1613 3184 1806 3224 Diintzer
1840 3182 2112 3223 commenta-

1234 3249 1347 3287 rium
1378 3248 1420 3287 in
1451 3248 1565 3287 hanc
1596 3244 1837 3297 Epistolam
1866 3245 1934 3284 his
1959 3241 2109 3283 verbis

1234 3309 1476 3350 concludit:
1509 3311 1597 3350 Der
1615 3309 1783 3349 vollsten
1802 3306 2000 3354 Freiheit‚
2031 3305 2111 3345 wie

1232 3374 1288 3412 sie
1316 3373 1402 3412 sein
1439 3371 1610 3412 Streben
1646 3371 1755 3410 nach
1789 3370 1957 3408 innerer
1999 3367 2110 3407 Ruhe

1231 3436 1411 3486 fordert,
1445 3435 1600 3485 erfreat
1626 3433 1711 3473 sich
1739 3433 1812 3471 der
1840 3430 2009 3470 Dichter
2034 3429 2115 3478 auf

1230 3500 1381 3540 seinem
1401 3499 1609 3539 einsamen
1630 3496 1754 3542 Gute;
1787 3494 1891 3533 auch
1913 3492 2104 3544 Quintius
