2231 3787
228 282 329 334 678

831 282 1047 322 HORATII
1076 281 1445 323 EPiSTOLARUM

299 416 413 467 Non
453 432 513 467 es
552 431 772 467 avarus:
816 413 931 478 abi3
973 413 1128 485 quid,
1171 421 1353 467 cetera
1391 412 1496 464 iam
1536 410 1690 463 simul
1731 411 1832 463 isto
1954 411 2056 462 0205

298 517 431 570 Cum
467 517 596 570 vitio
635 516 861 588 fugere?
937 516 1097 569 Caret
1134 513 1225 566 tibi
1266 521 1456 584 pectus
1496 513 1637 565 inani

296 619 639 673 Ambitione?
695 619 855 672 Caret
896 616 1082 669 mortis
1123 615 1410 669 formidine
1449 624 1503 668 et
1540 615 1656 667 ira?

298 722 541 783 Somnia,
585 729 822 774 terrores
862 718 1123 789 magiCOS,
1165 717 1451 780 miracula,
1494 734 1675 788 sagaS‚

296 826 597 878 Nocturnos
635 822 873 876 lemures
913 828 1272 892 portentaque
1311 819 1563 874 Thessala
1604 819 1793 874 rides?

336 968 431 1007 205.
468 967 575 1016 Quid
617 964 786 1006 cetera?
829 976 933 1003 oium
975 965 1098 1003 simul
1142 964 1229 1004 duo
1273 963 1522 1003 Pulmanni.
1561 987 1605 992 —<
1638 964 1733 1003 206.
1766 963 1876 1015 ficqe.
1920 964 2008 1004 Rite

280 1033 395 1069 earet
423 1029 510 1068 bSc
541 1030 584 1068 et
614 1039 681 1079 pr.
707 1028 757 1077 d,
794 1027 903 1067 Cod.
928 1028 1135 1077 Franeq.,
1169 1029 1260 1067 tres
1292 1026 1525 1076 Schmidii,
1562 1028 1617 1074 C,
1651 1026 1755 1066 Cum
1782 1027 1883 1066 vicio
1911 1027 2010 1079 fuqe

280 1093 372 1132 rite.
406 1092 530 1132 Caret
558 1089 783 1131 Bentleius
814 1091 856 1130 in
889 1091 1016 1130 Curis
1046 1090 1315 1129 novissimis.

281 1218 500 1259 &05-209.
546 1218 641 1256 Non
671 1228 711 1256 es
741 1216 845 1268 cet.]
888 1215 977 1255 «At
1006 1226 1114 1254 num

226 1293 332 1322 vere
354 1281 531 1332 sapiens
554 1278 766 1332 appellari
784 1279 912 1331 potes
932 1280 1117 1330 propter

228 1345 272 1384 id
312 1343 479 1392 solum,
528 1342 647 1394 quod
687 1353 773 1381 non
807 1352 855 1381 es
887 1341 1112 1381 εγω-1157»

229 1409 315 1447 Sat.
340 1408 379 1455 ⁶2,
405 1407 445 1455 3,
472 1406 572 1445 1159:
609 1405 737 1455 Quid,
770 1405 804 1443 si
835 1404 926 1454 quis
954 1415 1038 1443 non
1065 1403 1117 1441 sit

229 1481 407 1517 avarus⁷
458 1468 661 1509 Continuo
702 1466 864 1506 sanus?
907 1465 1117 1506 XValcke-

230 1543 339 1572 naer
366 1533 416 1571 ΙΙ.
451 1541 492 1582 p.
517 1529 619 1570 443:
661 1529 794 1569 «C‘est
821 1529 1118 1567 eertoiizement

230 1595 257 1634 ὰ
287 1595 523 1634 lui-meme
567 1593 802 1642 qu'Horaee
846 1593 1011 1631 adresse
1055 1601 1119 1630 ees

226 1659 352 1698 rudes
395 1657 675 1706 apostrophes.
726 1656 836 1696 Elles
865 1667 916 1694 ne
938 1658 1119 1705 pezcvent

227 1720 487 1770 s'appiiquer
516 1719 544 1759 ci
571 1720 707 1759 Julius
726 1720 875 1758 Florus
893 1719 1023 1767 y'eune
1043 1729 1117 1757 en—

229 1796 368 1823 core.»
414 1785 555 1822 Immo
587 1793 694 1821 vero
716 1793 799 1821 nec
823 1780 946 1820 Floro
969 1792 1116 1830 neque

231 1846 315 1887 sibi
345 1844 427 1885 soli
457 1845 628 1896 asperis
663 1845 731 1884 his
761 1843 1119 1894 interrogationi-

231 1909 338 1958 bus,
373 1907 454 1948 sed
475 1906 717 1947 lectoribus
739 1905 947 1945 omnibus
969 1906 1116 1945 instat.

235 1995 279 1999 —
328 1969 416 2021 abi]
470 1970 547 2009 Est
590 1969 811 2008 sermonis
857 1967 1115 2019 quotidiani.

231 2032 371 2073 Plauti
391 2032 511 2072 Asin.
537 2031 576 2079 3,
598 2032 637 2079 3,
661 2031 760 2071 444:
794 2032 910 2079 Hem,
929 2031 1010 2069 sie:
1033 2029 1116 2079 abii,

233 2096 373 2135 laudo.
408 2095 605 2134 Trinum.
626 2094 665 2143 4,
693 2095 730 2141 l,
752 2095 795 2133 ’Μ
820 2106 828 2132 :
850 2093 948 2143 Abi,
973 2093 1118 2132 laudo:

232 2159 310 2198 scis
341 2158 486 2198 ordine
515 2161 561 2196 ut
584 2161 799 2207 aequomst
829 2161 1016 2196 tractare
1043 2156 1119 2195 ho—

230 2222 374 2261 mines.
406 2221 503 2260 Ter.
523 2218 710 2271 Adelph.
731 2219 770 2268 4,
795 2221 836 2266 ⁶2,
856 2221 931 2260 25:
955 2220 1118 2268 Laudo,

232 2284 417 2333 Ctesipho
430 2294 443 2331 ‚·
485 2283 725 2332 patrissas:
772 2282 868 2331 abi,
914 2283 1055 2321 virum
1084 2286 1121 2321 te

230 2348 384 2386 iudico.
425 2347 501 2386 Est
530 2346 660 2396 igitur
679 2345 800 2385 idem
820 2356 962 2396 prope
985 2348 1118 2396 atque

234 2421 397 2460 «euge,
422 2410 568 2448 macte
590 2409 777 2456 virtute,
811 2409 966 2448 sehon
985 2413 1119 2460 qut.»

237 2495 283 2501 —
309 2473 411 2512 Cum
435 2472 535 2510 vitio
553 2470 735 2522 suffere?
766 2470 902 2522 Caret]
934 2473 1121 2511 Nostro—

232 2546 333 2575 rum
381 2535 522 2575 Codd.
563 2533 693 2573 lectio
733 2534 844 2585 fuae.
878 2534 968 2574 Rite
1006 2540 1123 2574 caret

233 2600 301 2638 est
338 2596 617 2648 interpolatio
659 2598 751 2636 orta
786 2608 840 2636 ex
871 2609 959 2636 non
990 2597 1123 2638 intel-

231 2662 345 2701 lecta
377 2661 518 2700 forma
549 2660 751 2711 perfecti.
793 2682 837 2688 -
871 2662 991 2700 inam·
1019 2662 1122 2702 Am-

231 2724 405 2775 bitione]
439 2734 581 2772 «quae
623 2733 852 2773 nunquam
893 2723 948 2762 ad
984 2724 1119 2763 finem

233 2797 364 2826 suum
396 2786 644 2837 pervenit.»
687 2786 750 2825 Cf.
783 2786 870 2824 Sat.
905 2787 952 2834 2,
978 2787 1024 2834 6,
1053 2788 1117 2827 48.

236 2872 280 2877 —-
302 2849 450 2888 mortis
467 2848 705 2899 formidine]
732 2849 856 2898 Diog.
882 2849 1024 2887 Laert.
1052 2850 1116 2896 1¹0,

234 2911 326 2951 1124.
361 2912 416 2951 de
448 2912 637 2962 Epicuro
665 2924 672 2949 :
719 2911 943 2962 Συνέθιζε-
973 2910 1023 2951 ἐν
1054 2908 1117 2964 τῷ

233 2974 442 3024 νομίζειν
485 2971 637 3025 μηδὲν
676 2971 796 3031 πρὸς
839 2968 969 3026 ἡμᾶς
999 2971 1121 3012 εἶναι

232 3033 316 3077 τὸν
346 3034 575 3076 θάνατον.
625 3037 734 3077 Ibid.
771 3040 874 3078 11025:
911 3035 976 3078 Τὸ
1007 3051 1120 3095 (Γρι-

232 3097 536 3139 κωόέστατον
566 3099 660 3138 τῶν
690 3098 881 3146 κακῶν,
915 3096 943 3139 ὁ
973 3098 1122 3139 θάνα-

232 3176 338 3214 τος,
372 3157 513 3203 οὐδὲν
544 3159 666 3218 πρὸς
699 3161 844 3215 ἡμᾶς.
874 3186 918 3191 »-
942 3167 1123 3203 terrores

230 3227 428 3278 ¹inclyieos]
477 3226 670 3265 maxime
703 3227 743 3265 in
778 3229 1117 3282 νεκρομαντειά

231 3303 327 3339 αις,
368 3289 530 3340 quihus
562 3286 822 3339 indulgebat
852 3287 918 3327 vel
952 3290 1119 3340 Appius

232 3352 440 3392 Claudius
471 3350 685 3398 Pulcher,
720 3351 950 3390 Ciceronis
982 3352 1022 3391 in
1045 3364 1119 3391 au-

229 3416 386 3464 guratu
419 3414 603 3465 collega.
642 3414 738 3453 Vid.
764 3415 989 3454 onomast.
1017 3414 1119 3454 'l'ul-

229 3475 395 3516 lianum
429 3489 463 3516 s.
501 3477 542 3516 ll.
580 3489 618 3515 v.
649 3497 690 3503 —
727 3477 964 3515 Nocturnos
993 3477 1120 3516 lemu-

229 3539 306 3588 res]
331 3537 450 3578 Plato
474 3539 650 3578 Pliaedo
673 3550 714 3590 p.
747 3538 813 3578 81.
850 3539 905 3577 D:
945 3537 1118 3589 ψυχῶν

1179 1211 1396 1267 σκιοειδῆ
1419 1211 1765 1267 φαντάσματα.
1797 1215 1906 1255 Miro
1927 1226 2064 1255 voca-

1177 1277 1284 1317 bulo
1314 1275 1591 1326 βιοθάνατα
1613 1289 1691 1318 eos
1720 1276 1914 1330 appellat
1935 1278 2064 1318 Com-

1178 1341 1610 1392 mentatorCruquii.
1630 1342 1740 1380 Sunt
1754 1341 1930 1381 animae
1946 1353 2066 1381 mor-

1179 1405 1358 1443 tuorum
1379 1406 1566 1455 propter
1587 1404 1861 1444 desiderium
1885 1403 2063 1456 aliquod

1179 1467 1222 1505 in
1267 1467 1396 1506 terris
1444 1466 1564 1505 haud
1601 1465 1826 1517 expletum
1856 1466 1912 1506 ad
1941 1467 2065 1508 vivos

1178 1527 1422 1569 redeuntes
1454 1539 1623 1580 eosque
1662 1531 1794 1568 noctu
1825 1531 2061 1569 terrentes.

1179 1593 1373 1632 Lemures
1389 1593 1594 1632 Horatius
1614 1592 1805 1639 vocavit,
1829 1603 1944 1643 quae
1967 1604 2066 1644 pro-

1179 1656 1274 1706 prie
1311 1656 1480 1694 Laris-ae
1515 1654 1806 1707 appellandae
1846 1659 1974 1696 erant
2012 1668 2066 1696 ex

1179 1717 1349 1769 Apuleii
1367 1717 1524 1758 saltem
1547 1718 1746 1758 doctrina
1765 1718 1820 1758 de
1836 1720 1930 1759 Deo
1941 1720 2062 1760 Socr.

1181 1792 1218 1820 e.
1252 1782 1317 1821 45.
1350 1792 1391 1832 p.
1422 1782 1516 1821 452.
1551 1781 1687 1821 Oud.:
1720 1782 1794 1821 Est
1822 1787 1860 1821 et
1888 1784 2066 1823 secundo

1179 1844 1419 1895 siqnificatu
1456 1845 1609 1894 speeies
1648 1845 1920 1894 daemonum,
1968 1847 2067 1886 ani-

1179 1918 1272 1946 mus
1298 1907 1510 1946 humanus
1549 1907 1732 1946 emeritis
1760 1908 1973 1957 stipendiis
2000 1910 2066 1948 ‘oi-

1180 1974 1249 2009 tae
1278 1981 1453 2019 corpore
1482 1981 1555 2008 suo
1588 1969 1805 2009 abiaram.
1850 1971 1970 2010 Hunc
1995 1983 2067 2011 ve-

1180 2037 1263 2073 tere
1284 2034 1439 2072 Latina
1468 2033 1615 2084 linqua
1640 2033 1804 2082 reperio
1825 2034 2064 2074 Lemurem

1182 2096 1431 2136 dictitatum.
1481 2096 1552 2134 Ea:
1580 2095 1725 2134 iisdem
1753 2105 1852 2146 erqo
1879 2097 2068 2136 Lemuri-

1183 2157 1256 2197 bus
1266 2143 1382 2208 foui
1406 2158 1689 2208 posteriorum
1716 2168 1890 2197 suorum
1917 2169 2068 2198 euram

1182 2221 1352 2260 sortitus
1374 2221 1551 2271 placato
1582 2224 1619 2259 et
1645 2220 1781 2270 quieto
1809 2221 1979 2261 numine
1997 2222 2068 2261 do-

1181 2295 1298 2323 mum
1310 2285 1517 2335 possidet,
1546 2284 1629 2323 Lar
1649 2283 1803 2322 dicitur
1821 2282 2062 2325 familiaris.

1185 2349 1264 2398 Qui
1306 2359 1404 2386 vero
1449 2346 1498 2386 ob
1543 2347 1723 2386 adversa
1758 2346 1870 2386 vitae
1896 2348 2064 2397 merita,

1181 2411 1307 2450 nullis
1326 2411 1443 2450 bonis
1462 2408 1642 2458 sedibus,
1665 2410 1826 2449 incerta
1842 2411 2068 2462 vaqatione

1181 2485 1253 2513 seu
1297 2475 1479 2523 quodam
1514 2473 1661 2512 eoesilio
1691 2473 1895 2523 punitur,
1940 2474 2067 2513 inane

1185 2537 1673 2577 terriculamentum
1688 2536 1804 2576 bom‘s
1817 2537 2064 2587 hominibus,

1182 2605 1364 2639 celerum
1391 2600 1518 2639 malis
1535 2600 1737 2648 noxi-um,
1769 2600 1813 2638 id
1830 2610 1960 2650 yenus
1976 2600 2067 2650 ple—

1183 2665 1303 2712 rique
1332 2665 1496 2702 Larvas
1512 2663 1740 2712 perhibent.
1773 2661 1976 2702 Notabile
1999 2665 2067 2703 est

1187 2726 1500 2776 Porphyrionis
1549 2724 1781 2764 Scholion:
1841 2726 2064 2778 Lemures]

1185 2788 1398 2830 «Umbras
1442 2790 1656 2839 vagantes
1700 2788 1934 2828 hominum
1964 2793 2065 2830 ante

1184 2852 1303 2891 diem
1334 2852 1490 2891 mortis
1522 2851 1607 2900 (sic
1637 2850 1716 2889 Ed.
1746 2851 1887 2902 princ.
1923 2851 2063 2901 448⁴„

1182 2918 1447 2953 mortuorum
1464 2913 1716 2952 Hocheder.
1749 2916 1814 2953 An
1831 2925 1860 2953 a
1875 2915 1941 2954 die
1954 2927 2067 2956 mor-

1182 2978 1277 3023 tis‘?)
1309 2978 1354 3015 et
1382 2975 1483 3015 ideo
1506 2975 1786 3016 metuendas.
1830 2977 1883 3016 Et
1910 2981 2063 3029 putant

1182 3041 1358 3078 lemures
1397 3050 1496 3079 esse
1535 3039 1676 3079 dictos
1714 3040 1841 3091 quasi
1879 3042 2066 3083 Remules

1182 3101 1388 3153 (Remulos
1410 3101 1676 3152 Hocheder.)
1699 3113 1722 3140 a
1745 3104 1904 3153 Reme,
1938 3105 2064 3145 cuius

1183 3165 1315 3203 occ-isi
1348 3164 1533 3204 umbras
1565 3164 1699 3203 frater
1719 3164 1930 3206 Romulus
1961 3178 2063 3207 cum

1182 3226 1359 3278 placare
1381 3225 1538 3274 vellet,
1571 3227 1769 3266 Lemuria
1790 3228 1987 3277 instituit,
2021 3229 2061 3268 id

1183 3293 1271 3339 est,
1304 3289 1573 3341 parentalia,
1617 3301 1732 3341 quae
1764 3301 1920 3331 mense
1950 3293 2062 3332 Maio

1182 3365 1262 3404 per
1282 3353 1475 3392 triduum
1500 3351 1718 3392 celebrari
1737 3351 1943 3393 solebant
1961 3358 2062 3396 ante

1182 3416 1382 3456 additum
1400 3427 1516 3455 anno
1534 3426 1738 3455 mensem
1755 3414 2058 3458 Februarium.

1182 3478 1246 3517 Ol)
1277 3489 1412 3529 quam
1451 3489 1546 3518 reni
1579 3478 1689 3518 Maio
1726 3487 1881 3517 mense
1912 3477 2061 3530 religio

1182 3542 1250 3579 est
1280 3540 1450 3580 nubere
1484 3542 1527 3579 et
1559 3541 1664 3579 item
1696 3539 1873 3588 Martio,
1907 3540 1948 3580 in
1972 3551 2060 3592 quo
