2231 3787
237 240 267 287 4
864 223 1082 265 HORATII
1113 220 1417 262 SATIRARUM

306 365 455 419 Miles
494 363 565 415 ait
601 357 764 412 multo
805 356 909 409 iam
950 354 1148 408 fractus
1186 349 1432 405 membra
1469 347 1670 402 labore.
2033 346 2062 395 ὅ

308 470 502 522 Contra
540 468 808 516 mercator
847 473 1042 511 navem
1080 452 1401 508 iactantibus
1439 450 1674 505 Austris:

305 568 485 623 Militia
523 573 605 620 est
642 562 833 635 potior.

912 556 1056 624 Quid
1095 556 1279 611 enim?
1321 553 1697 609 Concurritur:
1741 551 1905 604 horae

304 673 570 725 Momento
611 666 715 720 cita
751 680 898 716 mors
937 660 1084 714 venit
1122 666 1213 712 aut
1251 656 1478 710 victoria
1516 655 1672 708 laeta.

303 769 604 844 Agricolam
640 766 823 821 laudat
859 764 990 817 iuris
1031 762 1326 832 legumque
1365 758 1600 829 peritus,

341 878 380 917 6.
421 885 571 915 navem
599 872 689 912 bSc
720 872 763 911 et
798 867 958 916 Bentl.‚
991 868 1041 906 ut
1071 864 1328 905 constanter
1359 864 1427 902 est
1455 861 1574 913 apud
1606 862 1895 901 Ciceronem:
1929 871 2011 900 iza-

284 941 369 981 ·vim
410 936 702 989 de,LCtFM.
741 956 786 961 —
817 932 856 971 7.
892 930 991 980 quid
1034 929 1161 975 enim,
1210 936 1435 977 superscr.
1471 923 1566 963 «vel
1614 925 1715 973 quid
1753 925 1840 971 ni»,

1884 923 2007 962 d.—

286 1004 325 1043 8.
359 1003 568 1043 Memento
598 999 683 1038 cita
711 994 924 1044 BbScdp‚
971 989 1155 1032 Bentleii
1201 990 1390 1031 Codices
1422 1000 1604 1038 omnes,
1654 990 1756 1030 CtF:
1805 990 2013 1029 Memento

284 1070 361 1105 aut
389 1065 474 1104 cita
505 1074 559 1103 ex
589 1061 799 1112 quattuor
830 1055 970 1097 Codd.
1004 1056 1058 1103 L,
1091 1052 1341 1101 Bentleius,
1377 1053 1431 1092 xl.

230 1154 343 1192 kann
379 1161 478 1189 man
516 1159 598 1187 von
636 1146 777 1186 beiden
812 1142 957 1194 granis
987 1141 1113 1180 annis
1175 1142 1312 1178 mento
1350 1138 1476 1177 unius
1517 1138 1646 1178 horae
1688 1149 1834 1177 caesus
1877 1135 2065 1177 Samnis.

230 1225 371 1266 sayen
378 1212 394 1264 )
425 1234 473 1240 —
504 1209 679 1262 fractus]
711 1209 760 1247 ut
787 1207 905 1256 Virg.
936 1206 1046 1244 Aen.
1070 1205 1110 1252 2,

233 1278 304 1318 13:
350 1276 478 1327 fracti
507 1273 621 1313 bello.
681 1268 1003 1311 Nonnullorum
1035 1278 1115 1306 ex-

233 1338 480 1393 plicationi,
524 1335 756 1375 Horatium
785 1331 907 1383 loqui
938 1330 993 1370 de
1033 1329 1118 1369 las-

232 1400 423 1443 situdine
474 1399 545 1438 die
594 1396 740 1448 aliquo
783 1406 836 1434 ex
884 1392 1114 1433 laboribus

231 1462 401 1503 bellicis
446 1462 556 1509 orta,
603 1459 684 1500 sed
726 1457 853 1497 brevi
898 1455 1114 1506 tempoiis

233 1525 375 1577 spatio
421 1525 521 1575 post
567 1522 765 1572 quietem
805 1531 858 1559 ac
903 1528 1115 1558 somnum

232 1587 497 1634 decedente,
521 1594 722 1636 prorsus,
742 1585 788 1622 ut
811 1582 1018 1629 diximus,
1040 1579 1116 1619 ad-

230 1651 434 1690 versatur
453 1660 494 1687 v.
513 1649 613 1695 iam3
641 1645 831 1686 deberet
852 1645 969 1684 enin]
993 1654 1110 1684 esse:

231 1723 352 1751 «cum
381 1711 610 1760 aliquando
640 1713 697 1749 est
725 1708 889 1759 fractus
917 1706 1112 1756 labore‚»

230 1777 279 1815 ut
308 1776 485 1814 taceam
516 1773 571 1812 de
601 1784 672 1812 vv.
705 1771 850 1822 gravis
881 1771 1018 1810 annis.

286 1837 378 1876 6-8.
410 1834 634 1886 mercator]
656 1828 887 1892 ἔμπορος,
923 1833 996 1884 qui
1019 1832 1114 1883 ipse

230 1909 406 1940 merces
445 1899 551 1938 emit
589 1899 633 1937 in
662 1898 763 1937 Asia
804 1898 909 1948 puta
943 1897 987 1936 et
1026 1899 1114 1935 Ae—

231 1964 365 2015 gypto
400 1963 677 2012 Romamque
709 1961 929 2012 apportat,
965 1959 1117 1998 diver-

231 2037 306 2067 sus
347 2026 390 2065 61
420 2036 444 2064 3
472 2025 732 2075 neqotiatore
771 2025 815 2063 et
852 2035 876 2062 a
911 2022 1113 2072 propola.

233 2110 279 2118 -—
312 2087 489 2138 Austris]
521 2088 690 2126 Seneca
713 2086 792 2136 Ep.
819 2084 890 2124 44:
927 2085 1030 2124 Cum
1047 2095 1118 2133 pe-

230 2155 335 2192 teres
355 2150 560 2199 Siciliam,
595 2147 797 2188 traiecisti
825 2147 994 2198 fretum.
1051 2146 1120 2184 Te-

230 2213 440 2253 merarius
455 2212 713 2264 yubernator
723 2210 967 2259 contempsit
976 2208 1119 2247 Austri

230 2277 393 2316 minas:
422 2275 488 2314 ille
508 2279 567 2314 est
586 2275 710 2323 enim,
744 2273 816 2323 qui
836 2272 1024 2312 Siculum
1039 2282 1119 2320 pe-

231 2340 353 2390 lagus
382 2341 601 2387 exasperet
630 2341 666 2377 et
699 2337 744 2376 in
772 2336 946 2375 vertices
976 2338 1115 2385 coyat.

236 2424 278 2431 —-
324 2401 432 2450 Quid
474 2398 630 2449 euimP]
678 2399 805 2449 quasi
850 2397 1121 2448 sequeretur

234 2464 414 2503 «contra
459 2462 606 2510 dloes‚
654 2460 902 2500 obiicies‘2»
954 2459 1030 2499 Est
1066 2469 1121 2497 ex

233 2535 443 2567 sermone
489 2523 775 2574 quotidiano,
822 2524 871 2561 ut
913 2522 958 2561 τί
1000 2517 1119 2577 γάρ,-

235 2585 336 2638 πῶς
355 2583 447 2643 γὰρ
468 2580 554 2633 οῧ,·
575 2585 704 2636 Apud
722 2584 987 2624 Ciceronem
1004 2593 1123 2622 sem-

234 2661 318 2703 per
337 2649 541 2699 sequitur
561 2646 699 2686 altera
720 2646 1024 2696 interrogatio.
1055 2645 1120 2684 De

235 2714 357 2753 Finn.
391 2712 438 2760 2,
472 2711 546 2759 22,
580 2711 653 2749 72:
705 2709 812 2759 Quid
847 2707 988 2748 enim?
1029 2707 1123 2759 for-

238 2779 369 2815 temne
393 2783 614 2823 possumus
643 2772 779 2812 dicere
809 2772 984 2810 eundem
1003 2770 1123 2809 illum

242 2834 531 2887 Torquatum?
560 2835 672 2875 Ibid.
708 2846 746 2875 c.
779 2835 857 2883 28,
893 2834 965 2873 93;
1016 2833 1124 2884 Quid

242 2898 379 2940 enim?
409 2909 594 2938 summus
615 2898 734 2937 dolor
756 2897 902 2947 plures
923 2897 1008 2936 dies
1027 2907 1124 2936 ma-

240 2972 338 3002 nere
365 2973 448 3001 uon
471 2959 636 3011 potest?
686 2960 756 2999 Sic
785 2959 828 2998 h.
852 2958 879 2999 l.
905 2958 1054 2998 dicere
1079 2957 1127 2997 li-

244 3024 394 3065 cebat:
431 3023 539 3074 Quid
568 3021 708 3063 enim?
739 3020 949 3073 (quidniP)
979 3022 1127 3061 Nonne

243 3087 511 3126 concurritur
551 3086 668 3125 cet?
707 3084 795 3125 Cfr.
833 3083 960 3124 Hand
999 3085 1124 3123 Turs.

245 3151 296 3188 ΙΙ.
321 3160 364 3199 p.
388 3148 481 3187 386.
543 3147 666 3198 (Was
685 3147 772 3186 ist’s
793 3145 954 3197 dennP)
990 3168 1035 3173 -
1059 3145 1130 3184 ho-

246 3221 322 3250 rae
363 3209 590 3261 Memento]
625 3210 821 3260 «puncto
866 3207 1125 3259 temporis.»

250 3275 401 3312 ScuoL.
436 3273 544 3324 Epp.
569 3273 618 3319 2,
642 3273 691 3320 2,
726 3273 828 3311 172ε
855 3275 1131 3321 puncto-mo-

252 3336 340 3374 bilis
380 3337 521 3375 horae.
583 3335 674 3374 Liv.
699 3335 745 3383 5,
778 3335 825 3373 7:
870 3335 1000 3374 horae
1037 3344 1131 3373 mo-

251 3401 386 3437 mento
423 3397 546 3437 simul
581 3407 777 3448 ayqerem
807 3407 858 3436 ac
885 3397 1029 3437 vineas
1056 3418 1079 3424 -
1108 3417 1132 3423 -

256 3460 484 3499 incendi-um
522 3459 672 3498 hausit.
734 3457 796 3497 Id.
831 3458 876 3506 9,
922 3458 991 3496 46:
1038 3469 1132 3497 mo·-

1176 1201 1285 1242 Plut
1310 1200 1466 1240 Aemil.
1486 1199 1606 1241 Paul
1627 1212 1665 1240 6.
1683 1201 1763 1240 27;
1796 1192 1926 1258 (ὅσας
1945 1196 2068 1251 ιιιᾶς

1176 1265 1347 1322 ιιορίῳ.
1384 1287 1429 1292 -
1465 1264 1571 1315 cita]
1603 1264 1654 1303 V.
1689 1268 1787 1313 aut,
1830 1262 1952 1315 quod
1993 1273 2070 1302 re-

1178 1328 1399 1367 centiores
1430 1325 1633 1378 plerique
1656 1328 1758 1366 ante
1781 1327 1866 1366 hoc
1888 1325 1975 1365 adi.
2000 1326 2069 1364 in-

1178 1392 1356 1439 serunt,
1403 1388 1473 1429 vel
1516 1401 1570 1429 ex
1608 1390 1879 1441 optimorum
1923 1387 2063 1428 Codd.

1177 1453 1440 1493 auct-oritate
1471 1452 1782 1500 reiiciendum,
1817 1454 1886 1492 est
1917 1463 1971 1491 ex
1993 1463 2069 1492 so-

1177 1515 1263 1556 litis
1285 1515 1366 1556 illis
1388 1515 1564 1556 mediae
1587 1516 1742 1555 aetatis
1765 1513 1924 1565 glossis
1941 1515 2072 1554 scho-

1177 1579 1359 1628 lasticis,
1390 1580 1506 1618 inter
1526 1577 1666 1618 lineas
1685 1580 1882 1629 primum
1905 1577 2072 1617 adscri-

1177 1642 1279 1693 ptis.
1357 1643 1687 1691 «Nequaquam
1731 1639 1814 1690 leg.
1862 1641 2072 1680 Memento

1178 1709 1254 1744 aut
1283 1704 1391 1751 cila3
1426 1704 1600 1743 animus
1624 1703 1743 1743 enim
1765 1704 1928 1742 nautae
1951 1701 2072 1742 abie-

1180 1768 1279 1807 ctus
1310 1767 1353 1805 in
1383 1766 1451 1805 his
1484 1767 1551 1805 est
1582 1764 1958 1813 considerandus,
2001 1765 2070 1803 cui

1179 1829 1268 1868 iam
1316 1840 1459 1881 paene
1508 1828 1746 1879 desperata
1795 1826 1936 1867 salute
1989 1828 2070 1867 ista

1180 1890 1472 1943 tranquillitas
1503 1890 1759 1941 ambigendi
1791 1901 1878 1930 non
1903 1900 2071 1929 conve-

1180 1957 1286 1995 nit.»
1334 1956 1478 1995 Rnlsm
1501 1955 1799 1994 Commentat.
1840 1951 1946 1992 Oed.
1974 1951 2066 1991 Col.

1180 2029 1223 2069 p.
1256 2017 1353 2057 246.
1426 2015 1513 2056 Cfr.
1558 2016 1686 2056 Hand
1727 2014 1910 2056 Turseli.
1952 2016 1982 2054 Ι.
2025 2026 2068 2066 p.

1181 2080 1296 2129 536„
1331 2081 1407 2130 qui
1437 2084 1511 2119 aut
1541 2078 1682 2120 semel
1713 2079 1909 2130 positum
1939 2079 2071 2117 vertit

1182 2143 1300 2181 oder
1330 2142 1476 2189 auch3
1511 2142 1666 2193 sicque
1698 2144 1765 2182 est
1795 2141 1906 2181 infra
1933 2152 1974 2180 v.
2002 2142 2069 2181 702.

1183 2206 1227 2244 et
1256 2216 1298 2244 v.
1325 2205 1418 2244 101.
1482 2204 1609 2252 Quod
1640 2206 1792 2243 autem
1814 2204 2070 2244 ominosum

1183 2269 1227 2307 et
1257 2267 1499 2307 infaustum
1523 2277 1624 2307 esse
1647 2267 1741 2306 sine
1765 2264 1931 2316 duplici
1955 2268 2068 2317 part,

1183 2330 1448 2370 disiunctiva
1471 2329 1575 2369 dicit
1596 2328 1837 2377 Bentleius,
1863 2327 1921 2377 id,
1946 2331 2071 2380 puto,

1183 2393 1290 2433 satis
1321 2392 1535 2432 avertitur
1566 2392 1715 2432 statim
1753 2390 1966 2431 subiectis
1996 2402 2067 2431 vv.

1182 2459 1257 2495 aut
1283 2455 1468 2494 victoria
1497 2455 1623 2493 laeta.
1684 2455 1776 2493 Nec
1806 2464 1915 2492 vero
1948 2464 2074 2494 com-

1182 2518 1330 2569 parari
1353 2516 1550 2556 debebat
1572 2514 1728 2555 Catull.
1753 2514 1804 2555 64
1821 2547 1830 2564 ,
1857 2516 1957 2555 402:
1991 2517 2077 2556 Aut

1183 2584 1361 2620 mortem
1397 2582 1605 2628 oppeteret
1637 2578 1806 2617 Theseus
1836 2582 1911 2617 aut
1943 2589 2075 2628 prae-

1184 2643 1272 2682 mia
1302 2641 1453 2681 laudis.
1516 2639 1644 2680 Hand
1674 2639 1701 2679 l.
1725 2639 1752 2679 l.
1778 2640 1950 2680 confert
1977 2642 2070 2681 Liv.

1185 2706 1230 2745 221
1253 2737 1260 2753 ,
1294 2703 1371 2744 43:
1413 2704 1477 2742 hic
1505 2704 1755 2743 vincendum
1785 2707 1859 2742 aut
1887 2704 2076 2744 morien-

1187 2768 1301 2816 dum
1333 2766 1507 2815 milites,
1542 2770 1622 2815 est,
1655 2766 1726 2805 ubi
1750 2766 1942 2815 primum
1970 2766 2077 2806 hosti

1187 2830 1441 2870 occurristis.
1503 2830 1735 2870 Demosth.
1766 2831 1890 2881 Lept.
1925 2829 1963 2881 ἓ.
1998 2829 2073 2870 83:

1187 2888 1307 2951 ὑπὲο
1345 2883 1413 2932 ὦν
1450 2890 1631 2942 ἐκεῖνος
1664 2890 1923 2964 (Χαβρίας)
1954 2886 2076 2947 ᾤετο

1188 2954 1287 2996 δεῖν
1316 2949 1600 3007 ἁποθνησκε
1588 2967 1650 2995 ιν
1681 2949 1715 3007 ἦ
1750 2951 1904 3009 νικᾶν.
1959 2955 2080 2995 Anti-

1188 3019 1327 3060 thesis
1368 3019 1543 3067 autem,
1591 3028 1728 3069 quam
1765 3018 1955 3069 quisque
1996 3028 2079 3069 per

1190 3093 1239 3123 se
1280 3079 1485 3120 facillime
1529 3080 1663 3120 sentit
1700 3090 1847 3130 neque
1886 3079 2077 3120 fortasse

1192 3142 1482 3196 explicatione
1514 3144 1629 3193 eget,
1667 3142 1780 3182 haec
1811 3143 1901 3182 est:
1948 3151 2079 3180 «cum

1193 3217 1274 3257 ego
1304 3207 1530 3245 mercator
1551 3216 1687 3256 saepe
1718 3202 1880 3245 multas
1901 3214 1984 3254 per
2001 3203 2081 3242 ho-

1192 3280 1288 3318 ras,
1338 3268 1564 3308 interdum
1601 3279 1683 3320 per
1724 3267 1920 3316 integros
1964 3264 2076 3313 dies,

1195 3331 1322 3371 anxie
1355 3330 1598 3371 conflictari
1628 3329 1820 3370 debeam
1843 3338 1948 3367 cum
1977 3337 2081 3378 pro-

1196 3392 1333 3442 cellis,
1367 3392 1576 3433 diuturno
1608 3392 1762 3433 mortis
1784 3389 1984 3442 periculo
2007 3400 2081 3428 ex-

1196 3457 1411 3509 positus.»
