2231 3787
799 240 896 279 LlB.
930 241 978 279 ΙΙ.
1013 240 1175 280 EPIST.
1210 242 1240 279 l.

1856 238 1960 290 599

213 372 290 422 An
329 387 466 440 quos
507 379 558 424 et
597 386 855 441 praesens
895 378 948 423 et
986 377 1203 440 postera
1244 378 1462 441 respuat
1500 372 1683 424 aetas?

211 472 315 524 Iste
354 471 575 541 quidem
614 479 827 526 veteres
867 472 1003 525 inter
1040 480 1271 542 ponetur
1308 471 1561 534 honeste,

211 572 315 636 Qui
353 572 434 626 vel
476 590 662 626 mense
701 573 851 626 brevi
891 573 976 627 vel
1015 581 1122 626 toto
1163 581 1244 627 est
1283 574 1459 626 iunior
1498 591 1652 626 anno.

210 674 338 728 Utor
375 674 639 744 permisso
679 674 997 745 caudaeque
1037 674 1175 746 pilos
1213 684 1271 727 ut
1308 675 1539 746 equinae

1896 675 1961 725 45

211 773 472 827 Paulatim
508 774 647 828 vello
688 785 740 828 et
778 775 937 829 demo
977 794 1170 837 unum,
1213 776 1373 830 demo
1414 784 1466 829 et
1504 776 1629 829 item
1668 793 1849 837 unum,

208 876 348 927 Dum
388 874 544 929 cadat
582 875 767 929 elusus
806 877 1012 930 ratione
1052 878 1255 930 ruentis
1296 877 1500 937 acervi,

1171 950 1204 968 ..

209 977 312 1041 Qui
349 976 488 1030 redit
525 976 578 1028 in
619 977 782 1030 fastos
823 985 875 1031 et
911 978 1162 1031 virtutem
1200 979 1445 1032 aestimat
1482 978 1634 1031 annis

207 1078 536 1149 Miraturque
575 1077 725 1141 nihil,
767 1078 868 1131 nisi
907 1078 1055 1149 quod
1093 1079 1322 1133 Libitina
1360 1081 1604 1134 sacravit.

188 1226 313 1281 γζκλ,
346 1228 540 1268 Pottierii
560 1229 601 1268 2.
626 1227 664 1267 3.
692 1228 730 1267 6.
755 1227 821 1268 23.
848 1230 892 1267 et
913 1228 1091 1278 quintus
1113 1229 1345 1277 Schmidii,
1370 1226 1608 1268 Bentleius:
1641 1228 1782 1268 itidem
1801 1229 1904 1277 S,M,

187 1294 313 1333 eciam
341 1293 370 1332 b
403 1295 446 1333 et
476 1305 500 1333 c
532 1293 628 1344 (sed
667 1293 738 1334 hic
770 1294 813 1332 in
843 1292 1036 1342 rasura),
1070 1292 1177 1331 item
1209 1288 1481 1340 Guelferbyt.
1507 1289 1737 1339 Schmidii,
1772 1290 1903 1337 LCts,

186 1356 339 1395 iterum
369 1355 476 1395 Cod.
502 1355 806 1396 Lovaniensis.
838 1356 945 1394 Tres
968 1357 1072 1394 sunt
1092 1351 1455 1404 interpolationes
1487 1352 1714 1401 diversae,
1748 1362 1905 1391 omnes

189 1428 331 1468 aeque
363 1419 660 1469 importunae.
698 1440 742 1446 —
776 1417 842 1458 47.
875 1419 995 1457 cadet
1023 1416 1052 1456 b
1084 1417 1127 1455 et
1157 1426 1224 1466 pr.
1258 1416 1300 1455 S.
1337 1438 1381 1443 —
1428 1414 1496 1454 48.
1531 1414 1630 1464 Qui]
1675 1415 1788 1453 Dum
1818 1413 1907 1452 duo

187 1480 412 1520 Schmidii.
441 1503 484 1508 —
509 1479 566 1531 in]
599 1480 655 1519 ad
685 1490 798 1519 corr.
833 1490 880 1528 c,
914 1479 1002 1519 duo
1033 1477 1248 1518 Schmidii
1281 1479 1324 1517 et
1352 1477 1477 1517 LCts.
1527 1476 1597 1526 (Ut
1627 1487 1727 1525 nos,
1762 1475 1904 1526 bSEp,

185 1552 251 1593 pr.
275 1553 314 1592 c,
348 1543 524 1593 septem
553 1542 748 1581 Pottierii
779 1542 822 1580 et
851 1541 1006 1581 tertius
1038 1539 1281 1589 Schmidii.)
1313 1562 1356 1567 —
1389 1539 1523 1589 fastus
1553 1537 1695 1577 «Libri
1716 1538 1906 1577 veterri-

185 1604 270 1643 mi»
302 1605 352 1643 N.
376 1604 542 1643 Heinsii
573 1604 630 1643 ad
660 1603 799 1643 Ovidii
829 1605 943 1644 Fast.
979 1604 1016 1652 4,
1051 1604 1117 1643 Μ.

130 1726 264 1768 leius:

130 1789 335 1829 odiosum
365 1788 471 1829 illud
503 1784 896 1841 ὁμοιοτέλευτον,
937 1800 1012 1828 ve-

129 1856 285 1892 teresne
314 1851 540 1900 POETAS,
584 1855 757 1902 respuat
783 1850 1008 1890 AETAsa»

128 1915 183 1954 At
209 1912 310 1952 vide
332 1914 382 1952 A.
407 1915 453 1952 P.
478 1913 545 1952 99.
582 1913 674 1953 400.
703 1936 748 1941 —
779 1912 871 1964 Iste]
903 1913 1010 1952 «iste

132 1977 254 2024 tuus,
295 1985 430 2026 quem
468 1976 515 2014 tu
545 1974 680 2014 modo
712 1974 1010 2025 significasti.»

134 2060 177 2064 —
210 2038 387 2086 honeste]
411 2037 510 2076 «mit
537 2037 699 2086 Ehren,
732 2038 791 2076 ita
813 2038 860 2075 ut
881 2036 1010 2077 huius

130 2098 274 2138 iudicii
306 2099 534 2138 neminem
563 2098 734 2149 pudere
767 2098 974 2139 debeat.»

184 2160 331 2201 45-49.
377 2161 537 2199 caudae
567 2183 590 2188 -
610 2182 633 2188 -
663 2159 858 2212 equinae]
902 2161 1012 2199 For-

131 2224 247 2262 tasse
286 2221 608 2262 recordabatur
648 2223 777 2260 notae
819 2221 875 2261 de
907 2221 1012 2260 Ser-

129 2285 242 2324 torio
301 2282 656 2323 narratiunculae
715 2283 836 2335 apud
897 2281 1007 2322 Plut.

130 2347 243 2386 Sert.
267 2346 332 2385 46.
365 2344 458 2385 Val.
484 2346 598 2386 Max.
621 2346 667 2393 7,
702 2345 748 2394 3,
783 2345 821 2384 6.
875 2346 1010 2384 Fron-

129 2409 205 2448 tin.
232 2409 276 2458 4,
311 2408 387 2457 40,
421 2408 459 2447 4.
508 2407 619 2456 et4,
653 2408 699 2456 7,
724 2407 762 2446 6.
795 2407 917 2447 Conf.
943 2417 1011 2446 so-

129 2471 303 2522 phisma
324 2466 611 2526 (Φαλακρόν)
633 2467 861 2509 Eubulidis
891 2467 1010 2509 Mile-

318 1728 461 1776 «Quas
506 1738 638 1767 aures
682 1738 771 1767 non
816 1727 1035 1773 offendet,

130 2534 181 2574 sii
221 2534 355 2584 (Diog.
395 2534 536 2572 Laert.
578 2533 625 2581 2,
669 2532 797 2582 1108.),
845 2531 1008 2571 soritae

130 2594 291 2645 simile,
352 2605 440 2645 quo
498 2594 752 2645 quaesitum
805 2593 1005 2642 videtur,

131 2659 238 2709 quot
257 2658 355 2708 quis
374 2655 472 2708 pilis
495 2656 708 2707 deinceps
731 2656 905 2696 amissis
924 2654 1010 2694 cal-

131 2731 211 2759 vus
231 2718 521 2771 appellandus
543 2720 678 2759 esset.
701 2718 798 2758 Vid.
821 2719 866 2758 L.
891 2716 1011 2757 Prel-

130 2781 194 2821 ler
221 2783 325 2822 Hist.
355 2782 503 2822 Philos.
529 2782 602 2822 Gr.
625 2783 742 2821 Rom.
766 2792 808 2832 p.
837 2781 930 2820 478.
959 2801 1003 2809 -

130 2848 167 2883 et
195 2844 304 2896 item]
338 2844 401 2884 Cf.
427 2844 555 2884 Hand
584 2845 708 2884 Turs.
742 2845 812 2883 111.
842 2854 885 2894 p.
910 2842 1004 2882 549.

132 2908 176 2946 et
194 2905 288 2945 534.
307 2937 315 2954 ,
347 2905 423 2944 ubi
449 2907 645 2946 nostram
667 2905 931 2957 comprobat
950 2904 1011 2944 le-

133 2968 339 3007 ctionem.
392 2967 577 3006 Videtur
607 2968 829 3007 sermonis
861 2967 1009 3018 quoti-

134 3029 251 3069 diani
272 3029 427 3076 fuisse,
451 3028 641 3079 ideoque
666 3030 808 3081 aptius
831 3031 899 3069 est
919 3030 1010 3081 epi-

135 3089 272 3132 stolae
295 3101 430 3139 quam
448 3090 603 3138 itidem3
624 3092 752 3131 etiam
772 3103 825 3131 ex
846 3091 1011 3142 glosse-

134 3154 252 3193 mate
281 3151 352 3191 vel
388 3151 638 3203 corruptela
669 3155 750 3192 est.
803 3154 1008 3194 Horatius

133 3226 186 3256 ex
222 3216 311 3254 tota
343 3213 482 3253 cauda
514 3214 675 3263 equina
705 3214 881 3255 duobus
911 3215 1008 3267 pilis

134 3275 294 3316 evolsis
348 3285 604 3314 sermonem
663 3273 904 3325 abscindit,
966 3276 1008 3316 id

134 3338 255 3389 quod
286 3348 393 3377 sane
426 3335 508 3375 alio
539 3335 678 3375 verbo
710 3347 845 3386 quam
885 3338 1012 3377 etiam

136 3399 404 3440 indicaretur
440 3408 628 3437 necesse
670 3396 763 3436 suit.
803 3420 847 3425 —-
889 3399 1014 3438 cadat

136 3463 282 3512 elusus]
323 3463 368 3500 ut
408 3460 622 3512 gladiator
660 3458 714 3498 ab
757 3461 1013 3501 adversario

1078 1728 1222 1766 artem
1252 1725 1392 1776 magis
1426 1723 1611 1765 callente
1643 1723 1778 1764 elusus
1799 1724 1843 1764 et
1862 1724 1960 1763 tan-

1078 1789 1182 1828 dem
1199 1789 1342 1827 victus
1360 1787 1566 1827 concidit.
1618 1787 1876 1826 Lectionem
1891 1797 1962 1826 ea-

1077 1850 1158 1898 dit,
1207 1860 1342 1900 quam
1379 1847 1598 1899 praebent
1633 1848 1761 1899 pauci
1801 1847 1960 1889 nullius

1076 1911 1350 1952 auctoritatis
1383 1911 1594 1959 Codices,
1642 1912 1791 1950 tuetur
1832 1911 1960 1951 Hand

1076 1975 1202 2014 Turs.
1226 1974 1277 2012 II.
1296 1984 1339 2024 p.
1361 1972 1432 2012 32⁴
1448 2004 1474 2021 .,
1500 1974 1547 2012 ut
1568 1973 1665 2012 dum
1686 1973 1827 2025 defluit
1846 1973 1955 2025 Epp.

1077 2037 1125 2084 i,
1161 2036 1208 2083 2,
1241 2034 1309 2075 42.
1347 2057 1390 2063 —
1425 2035 1589 2074 ratione
1615 2036 1775 2075 ruentis
1803 2035 1958 2084 acervi]

1078 2097 1265 2137 «eodem
1287 2096 1446 2145 modo,
1478 2107 1566 2147 quo
1587 2097 1842 2136 necessario
1865 2107 1961 2136 cor-

1074 2159 1163 2198 ruit
1192 2159 1376 2199 tandem
1397 2169 1611 2208 acervus,
1646 2159 1715 2198 cui
1747 2159 1956 2199 continuo

1075 2231 1214 2260 unum
1255 2231 1443 2271 granum
1482 2222 1583 2272 post
1621 2219 1809 2259 alterum
1847 2218 1958 2260 suh-

1076 2283 1314 2330 traxeris3»
1357 2293 1460 2322 cum
1491 2282 1598 2321 scita
1629 2283 1790 2321 soritae
1822 2292 1856 2321 s.
1881 2293 1959 2321 ar-

1073 2344 1395 2396 gumentationis
1426 2344 1632 2384 acervatis
1663 2344 1768 2394 (Cic.
1794 2343 1849 2382 de
1878 2343 1955 2383 Di-

1074 2407 1207 2446 vinat.
1239 2407 1290 2456 ⁶2,
1324 2405 1371 2455 4,
1424 2407 1490 2445 Μ.
1557 2405 1767 2445 Academ.
1800 2406 1845 2454 ⁶2,
1879 2405 1953 2454 46,

1074 2467 1158 2519 49.)
1192 2468 1524 2519 significatione.
1562 2491 1606 2495 —
1643 2468 1722 2517 Qui
1762 2467 1870 2506 redit
1911 2467 1956 2506 in

1071 2529 1213 2581 fastos]
1255 2530 1363 2578 «Qui
1403 2530 1532 2570 unice
1571 2528 1842 2580 antiquitatis
1879 2539 1955 2568 ra-

1074 2593 1240 2632 tionem
1280 2592 1400 2631 init.»
1465 2593 1584 2631 Haec
1623 2590 1752 2631 lectio
1793 2589 1953 2630 melius

1075 2665 1210 2705 quam
1241 2653 1376 2692 altera
1408 2654 1463 2692 ad
1490 2654 1620 2703 fastos
1640 2651 1856 2703 significat
1880 2662 1955 2691 an-

1072 2716 1284 2767 tiquarios
1315 2716 1423 2756 istos
1453 2725 1643 2766 operose
1666 2724 1884 2765 quaerere
1911 2713 1953 2752 in

1075 2778 1195 2819 fastis
1217 2778 1372 2818 aetatis
1389 2776 1663 2828 singulorum
1684 2776 1952 2827 scriptorum

1074 2841 1340 2880 testimonia.
1403 2841 1642 2879 Praeterea
1685 2839 1823 2878 redire
1860 2837 1953 2876 ad-

1072 2901 1287 2952 volgatius
1311 2903 1380 2941 est
1401 2912 1548 2952 neque
1569 2899 1694 2941 facile
1713 2900 1951 2951 quisquam

1072 2965 1116 3003 in
1146 2965 1455 3015 excogitasset.
1501 2964 1647 3003 Fasces
1676 2964 1826 3002 autem
1848 2960 1952 3001 dicit

1073 3037 1255 3066 omnem
1279 3027 1534 3077 temporum
1556 3025 1948 3076 computationem

1072 3089 1136 3129 sic
1172 3089 1216 3127 in
1254 3089 1392 3128 Fastis
1423 3086 1732 3127 consularibus
1772 3086 1951 3137 proprie

1074 3150 1216 3199 dictis,
1249 3150 1285 3190 si
1316 3148 1491 3189 aliunde
1514 3150 1753 3197 noverant,
1788 3147 1949 3197 quibus

1074 3211 1332 3253 consulibus
1377 3211 1566 3262 scriptor
1613 3209 1770 3260 aliquis
1812 3209 1951 3247 ssoru—

1075 3276 1189 3322 erat,
1243 3271 1417 3312 illorum
1468 3272 1645 3311 nomina
1690 3268 1949 3320 quaerendo

1076 3335 1302 3387 scriptoris
1333 3335 1526 3374 aetatem
1566 3332 1827 3381 investigare
1868 3341 1950 3382 po-

1078 3399 1236 3438 terant.
1274 3419 1316 3424 -
1347 3395 1556 3443 virtutem]
1589 3394 1845 3445 «poetarum
1883 3393 1951 3431 in-

1079 3461 1257 3512 genium
1311 3461 1354 3497 et
1404 3460 1587 3497 artem.»
1651 3477 1694 3482 —-
1753 3454 1949 3506 Libitina]
