2231 3787
806 277 902 316 [AB.
938 277 966 315 l.

183 412 360 465 Comis
400 417 452 463 et
489 407 750 466 urbanus,
794 406 948 460 suerit
987 405 1214 459 limatior
1254 404 1395 458 idem

1029 276 1138 314 SAT.
1174 275 1220 314 X.

182 514 354 577 Quam
395 510 542 563 rudis
583 518 634 564 ct
672 509 893 563 Graecis
937 508 1112 561 intacti
1153 506 1404 560 carminis
1443 515 1655 562 auctor.

180 615 464 683 Quamque
503 617 782 683 poetarum
823 609 1097 663 seniorum
1135 608 1312 672 turba,
1357 608 1455 661 scd
1496 607 1604 668 ille,

184 715 238 767 Si
278 714 412 768 soret
449 713 550 767 hoc
588 722 829 766 nostrum
868 711 971 763 fato
1015 709 1210 763 dilatus
1252 711 1301 761 in
1341 726 1556 765 aevum.

224 889 291 928 66.
339 889 474 938 Quam
513 888 668 926 lindius
710 887 882 926 Graecis
926 885 1231 926 casaubonus.
1270 907 1312 912 -
1347 884 1413 923 68.
1460 883 1615 923 dilatus
1652 884 1787 932 S,LCt
1830 887 1871 922 et

168 948 412 990 Bentlcius:
447 950 605 988 delatus
635 950 728 997 FM,
762 949 946 998 dilapsus
966 947 1067 998 cdp‚
1102 948 1207 987 item
1232 945 1281 993 l),
1317 945 1395 986 scd
1428 947 1468 985 in
1501 956 1675 994 rasura,
1708 957 1759 985 ac
1780 944 1872 997 plu—

171 1024 243 1053 res
275 1013 491 1055 Pottierii,
525 1013 716 1062 delapsus
745 1010 833 1053 duo
864 1009 1080 1050 ciusdem.

117 1147 250 1186 ctiam
279 1143 349 1184 vel
387 1145 568 1183 minima
600 1141 834 1183 difficultas
866 1140 994 1182 tolle-

117 1210 211 1254 tur,
264 1206 398 1246 modo
439 1217 538 1246 eam
583 1205 993 1256 interpretationem

118 1268 462 1321 amplectamur,
506 1268 577 1307 cui
607 1266 993 1306 commendandae

117 1332 232 1371 hanc
293 1331 636 1382 disputationem
697 1329 992 1373 instituimus;

117 1404 205 1445 qua
234 1395 405 1433 tantum
436 1391 586 1439 abest,
626 1392 672 1429 ut
702 1401 756 1430 ex
787 1389 995 1429 carminis

116 1466 281 1506 genere
324 1456 481 1506 poetae
527 1451 696 1492 indoles
742 1451 993 1502 colligatur,

117 1520 166 1557 ut
200 1517 285 1556 hoc
320 1517 468 1567 ipsum
507 1513 670 1554 Lucilio
707 1515 997 1565 praecipuum

117 1578 359 1626 tribuatur,
422 1576 544 1628 quod
598 1577 786 1616 limatior
842 1576 994 1625 suerit,

118 1651 253 1692 quam
296 1641 338 1679 in
377 1639 499 1679 rudis
537 1639 804 1690 Graecisque
848 1637 998 1678 intacti

119 1702 325 1743 carminis
374 1703 556 1741 auctore
614 1700 862 1752 exspectari
915 1710 999 1751 po-

119 1765 292 1805 tuerit.»
344 1762 573 1814 (Videlicet
602 1764 718 1802 rudis
746 1763 888 1814 prima
918 1772 998 1801 sua

119 1826 436 1878 significatione
468 1826 537 1865 hic
559 1825 757 1876 ponitur;
791 1823 869 1864 cfr.
897 1824 1000 1863 Cin-

119 1890 239 1930 cium
269 1888 386 1940 apud
417 1889 593 1928 Festum
615 1898 657 1938 p.
686 1887 779 1927 265.
806 1885 995 1926 Miilleri:

122 1952 474 2002 Quemadmodum
523 1951 655 1990 ovinis
695 1949 877 1989 wiaceria
917 1959 1001 1988 non

119 2014 357 2065 deformata
405 2012 527 2052 rudis
576 2012 838 2062 appellatur,
897 2011 1001 2050 sicut

122 2076 438 2116 vestimentum
470 2074 579 2114 rude
610 2086 694 2113 non
731 2074 998 2124 perpolitum,

121 2139 178 2177 sic
218 2148 288 2177 aes
327 2137 521 2188 infectu-m
559 2135 864 2176 rudusculum.
926 2136 1002 2174 Est

124 2210 229 2250 ergo
261 2210 444 2249 «genus,
479 2199 521 2238 in
542 2210 630 2250 quo
651 2198 893 2238 nemodum
915 2196 1002 2237 ela-

125 2262 319 2309 boravit,
355 2262 570 2311 cuiusque
600 2259 670 2300 vel
702 2260 801 2300 ideo
833 2259 1001 2300 nullum

125 2323 243 2375 apud
282 2325 474 2363 Graecos
512 2321 714 2362 exstabat
750 2321 999 2373 exemplar,

125 2385 244 2436 quod
276 2385 432 2424 imitari
464 2386 615 2435 posset
645 2383 857 2431 Lucilius,
891 2383 1002 2423 illius

126 2451 275 2487 auctor
303 2447 395 2486 sive
417 2447 607 2485 inventor
625 2457 665 2484 v.
691 2445 802 2494 48.»)
854 2448 898 2485 P.
923 2445 998 2485 35:

128 2509 364 2558 «Quamvis
396 2506 583 2548 Lucilius
604 2518 750 2558 neque
774 2510 1002 2547 externam

127 2571 334 2612 carminis
374 2570 561 2610 sormam
598 2570 690 2609 sive
725 2571 918 2609 metrum
950 2581 1002 2609 ex

128 2633 344 2674 didactica
395 2634 665 2672 Graecorum
716 2633 840 2684 poesi
889 2633 1004 2672 asci-

128 2706 254 2736 scere
285 2694 516 2743 dubstarit,
550 2705 632 2733 nec
663 2695 831 2745 primus
863 2692 1004 2734 male-

128 2758 345 2798 dicentiae
363 2759 495 2808 atque
518 2757 729 2796 irrisionis
749 2755 1003 2808 exemplum

129 2821 244 2859 inter
262 2821 416 2871 poetas
439 2819 612 2858 Latinos
634 2818 846 2867 ediderit,
881 2819 1000 2858 certe

130 2884 174 2921 et
203 2880 272 2920 illa
303 2881 571 2926 coniunctio,
611 2891 697 2930 qua
727 2881 897 2932 primus
927 2891 1005 2920 ae-

131 2941 326 2994 qualium
345 2943 447 2981 vitia
467 2943 658 2982 heroicis
678 2942 882 2983 versibus
905 2952 1006 2981 car-

133 3015 239 3055 pere
270 3014 403 3044 ausus
433 3007 522 3051 est,
569 3006 612 3044 et
643 3005 786 3045 omnis
824 3005 1005 3045 instituti

72 3090 77 3094 -
132 3066 264 3113 ratio,
297 3065 416 3104 unde
437 3066 671 3106 satirarum
702 3078 864 3106 nomen
886 3066 1004 3118 apud

133 3138 237 3168 eum
266 3127 496 3178 pependit,
530 3127 640 3167 adeo
671 3129 808 3180 ipsius
826 3130 1004 3180 propria

133 3189 336 3229 habenda
369 3191 491 3236 sunt,
538 3192 586 3228 ut
622 3190 716 3229 iure
756 3192 1004 3242 meritoque

133 3251 336 3290 intactum
366 3251 537 3291 Graec-is
564 3262 733 3291 carmen
753 3252 1004 3294 condidisse

135 3312 221 3352 dici
261 3313 441 3364 possit.»
492 3315 536 3352 P.
569 3313 641 3352 51:
689 3314 867 3364 «Neque
911 3316 1007 3354 cui-

87 3384 91 3387 *
136 3385 293 3425 quam,
340 3376 414 3426 qui
453 3375 617 3414 Horatii
651 3373 706 3413 de
746 3375 908 3415 Lucilio
939 3377 1008 3416 in-

137 3434 249 3475 dicia
279 3437 419 3485 novit,
462 3435 647 3476 dubium
678 3436 771 3475 sore
801 3436 1004 3486 arbitror,

1057 1141 1152 1188 (lat,
1185 1139 1490 1180 excusandum
1520 1142 1664 1192 potius
1695 1151 1829 1191 quam
1858 1141 1933 1180 dc-

1058 1202 1341 1254 primendum
1373 1205 1574 1247 censeat;
1610 1204 1693 1242 hoc
1725 1215 1829 1242 vero
1852 1214 1932 1254 po-

1057 1266 1140 1304 sito
1171 1276 1224 1303 nc
1257 1276 1309 1303 ea
1341 1264 1522 1315 quidem
1551 1264 1711 1313 verba,
1757 1266 1799 1304 in
1835 1266 1935 1315 qui-

1058 1326 1142 1367 bus
1186 1337 1361 1366 summa
1404 1327 1711 1378 disputationis
1756 1330 1932 1367 nostrae

1059 1389 1200 1441 posita
1231 1390 1315 1436 est,
1353 1399 1480 1437 cum,
1520 1390 1692 1429 etiamsi
1723 1400 1808 1428 non
1839 1389 1935 1428 lau-

1059 1450 1185 1499 dem,
1231 1453 1382 1490 tamen
1426 1450 1705 1490 manifestam
1745 1462 1935 1492 excusa—

1060 1515 1226 1552 tionem
1248 1513 1520 1560 contineant,
1553 1512 1609 1551 ad
1640 1512 1773 1553 alium
1803 1525 1937 1565 prae-

1060 1578 1127 1615 ter
1157 1573 1370 1614 Lucilium
1401 1574 1554 1614 referri
1584 1577 1813 1627 poterunt,
1847 1578 1939 1616 tan·

1061 1640 1245 1688 tumque
1268 1636 1416 1686 abest,
1449 1639 1497 1676 ut
1526 1637 1596 1677 hic
1617 1636 1708 1677 sola
1729 1639 1939 1678 seniorum

1055 1702 1282 1750 poetarum
1313 1700 1642 1750 comparatione
1683 1698 1935 1749 illustretur,

1061 1764 1110 1802 ut
1150 1763 1283 1801 etiam
1324 1772 1479 1801 secum
1519 1762 1616 1813 ipso
1657 1765 1942 1814 comparetur

1062 1826 1195 1875 atque
1227 1835 1302 1872 ea,
1337 1835 1450 1874 quae
1479 1823 1534 1862 ab
1556 1825 1673 1863 rudis
1692 1825 1942 1875 Graecisque

1061 1888 1208 1926 intacti
1236 1886 1438 1926 carminis
1466 1888 1647 1925 auctore
1679 1889 1940 1938 exspectare

1064 1950 1288 2001 poterant,
1322 1949 1377 1987 ita
1410 1958 1648 1999 superasse
1670 1948 1861 1997 dicatur,
1894 1953 1942 1989 ut

1064 2012 1099 2052 si
1155 2011 1196 2051 in
1252 2010 1462 2061 aequiora
1520 2012 1721 2061 tempora
1770 2010 1942 2052 delatus

1065 2073 1214 2121 fuerit,
1262 2071 1366 2112 nihil
1405 2071 1461 2111 ab
1501 2071 1585 2111 ulla
1625 2074 1751 2124 parte
1785 2085 1941 2125 repre-

1064 2135 1354 2176 hendendum
1375 2133 1609 2174 relicturus
1640 2135 1773 2175 fuisse
1794 2136 1944 2175 videa-

1064 2201 1177 2238 tur.»
1236 2196 1329 2237 Noli
1351 2196 1547 2236 oblivisci
1569 2197 1816 2245 Quintiliani
1839 2197 1942 2238 illud

1066 2261 1136 2307 40,
1174 2261 1217 2308 fl,
1251 2259 1324 2299 93:
1371 2260 1518 2298 Satira
1547 2260 1712 2309 quidem
1747 2265 1835 2299 tota
1865 2272 1942 2300 no-

1063 2327 1152 2361 stra
1195 2326 1275 2370 est,
1322 2322 1365 2360 in
1409 2332 1497 2369 qua
1532 2322 1700 2370 primus
1741 2322 1944 2373 insiqnem

1064 2384 1229 2422 laudem
1258 2383 1432 2432 adeptus
1459 2383 1642 2421 Lucilius
1661 2384 1863 2432 quosdam
1882 2385 1945 2423 ila

1065 2446 1217 2484 debitos
1248 2444 1323 2484 sibi
1366 2445 1501 2483 adhuc
1543 2445 1663 2484 habet
1707 2450 1940 2494 amatores,

1064 2512 1109 2547 uc
1138 2518 1231 2547 eum
1258 2518 1342 2546 non
1372 2507 1551 2546 eiusdem
1573 2508 1694 2546 modo
1714 2509 1850 2557 operis
1868 2520 1944 2548 au-

1065 2570 1246 2609 ctoribus
1264 2570 1332 2608 sed
1352 2568 1540 2608 omnibus
1563 2570 1699 2619 poclis
1722 2571 1944 2621 praeferre

1064 2643 1147 2671 ηοη
1177 2630 1370 2670 dubitent.
1431 2631 1540 2670 Vide
1579 2632 1666 2671 iam
1697 2632 1943 2673 Excursum

1066 2695 1135 2733 111.
1172 2717 1216 2721 —
1256 2695 1482 2743 poetarum
1524 2693 1758 2744 seniorum]
1804 2695 1944 2734 «anti-

1067 2757 1322 2806 quiorum»,
1355 2758 1403 2794 ut
1432 2755 1538 2794 Livii
1567 2755 1825 2803 Andronici,
1861 2757 1939 2795 Cn.

1069 2819 1245 2866 Naevii,
1296 2818 1499 2866 Pacux‘ii,
1550 2816 1715 2867 Plauti,
1768 2817 1943 2858 Caecilii

1067 2881 1210 2927 Statii,
1245 2882 1328 2919 cet.

1122 2943 1267 2982 67-7t.
1313 2942 1392 2990 ille]
1438 2944 1485 2980 ut
1528 2940 1625 2981 luce
1660 2940 1819 2982 clarius
1851 2944 1940 2990 est,

1067 3003 1280 3051 Lucilius3
1322 3004 1579 3054 neutiquam
1613 3015 1720 3043 vero
1751 3005 1941 3053 Ennius,

1067 3068 1115 3106 ut
1150 3065 1286 3106 voluit
1322 3067 1512 3115 Doering
1548 3068 1593 3106 et
1628 3066 1855 3106 Weicliert
1894 3068 1938 3106 P.

1068 3130 1113 3168 L.
1155 3139 1198 3180 p.
1238 3128 1333 3168 284.
1370 3151 1414 3156 —
1447 3127 1612 3178 dilatus]
1651 3127 1939 3179 «prolatatus‚

1067 3192 1373 3238 reservatus,»
1420 3189 1462 3228 id
1493 3192 1580 3238 est,
1628 3190 1664 3229 si
1695 3189 1831 3229 satum
1862 3201 1942 3228 vo-

1067 3253 1239 3301 luisset,
1272 3254 1322 3291 ut
1350 3252 1391 3291 in
1422 3253 1597 3302 tempus
1627 3250 1764 3290 multo
1790 3252 1943 3302 poste-

1069 3316 1180 3364 rius,
1213 3313 1417 3364 adeoque
1449 3315 1647 3353 nostram
1678 3314 1719 3352 in
1750 3314 1942 3351 aetatem

1067 3377 1157 3416 vita
1186 3376 1282 3416 eius
1302 3375 1570 3415 incidisset.»
1615 3373 1737 3414 Ovid.
1762 3374 1938 3412 Metam.

1072 3438 1143 3487 43,
1190 3438 1290 3477 548:
1345 3438 1474 3488 Quid,
1527 3436 1568 3475 di
1610 3434 1815 3482 crudeles,
1861 3434 1941 3472 nisi

138 3498 258 3547 quin,
290 3499 457 3539 etiamsi
488 3498 592 3549 quid
624 3499 666 3538 iu
688 3508 741 3538 eo
762 3499 1009 3550 reprehen-
1070 3510 1150 3550 quo
1180 3510 1287 3538 nova
1325 3499 1477 3549 siemera
1512 3507 1701 3544 cernam,
1753 3497 1941 3535 t'irocem
