2231 3787
150 283 250 335 294
786 281 999 322 uonATu
1030 281 1330 322 SATIRARUM

220 414 432 468 Artibus
473 423 632 485 atquc
674 412 861 466 modis.
939 411 1079 475 Quid
1121 410 1304 463 rides?
1357 410 1535 461 Iamne
1576 407 1764 461 doloso

220 517 334 568 Non
375 515 501 567 satis
541 523 621 567 est
665 512 892 565 Ithacam
935 510 1114 564 revehi
1156 510 1468 580 patriosque
1507 517 1731 580 penates

220 616 550 688 Adspicerc'?
609 616 654 667 Ο
695 613 818 666 nulli
860 611 1157 684 quidquam
1195 611 1438 673 mentite,
1481 610 1657 673 vides,
1699 619 1757 663 ut
1927 613 1958 662 5

219 717 404 771 Nudus
444 718 707 787 inopsque
747 715 963 768 domum
1005 713 1246 770 redeam,
1288 720 1339 765 te
1376 721 1518 775 vate,
1559 728 1738 782 neque
1780 711 1882 766 illic

218 822 315 871 Aut
355 818 615 889 apotheca
655 816 832 887 procis
873 816 1064 868 intacta
1104 824 1185 869 est
1224 823 1314 868 aut
1350 831 1548 885 pecus;
1589 814 1735 884 atqui

219 921 279 972 Et
317 937 485 990 genus
524 927 573 971 et
612 919 779 970 virtus
818 917 918 968 nisi
956 933 1080 970 cum
1117 934 1176 970 re
1214 915 1369 969 vilior
1406 915 1525 987 alga
1562 923 1657 968 est.

219 1020 445 1085 Quando
486 1018 823 1089 pauperiem,
865 1018 1042 1071 missis
1082 1017 1421 1089 ambagibus,
1462 1016 1676 1079 horreS‚

256 1187 366 1227 SAT.
400 1187 449 1225 V.
512 1185 549 1225 3.

200 1253 379 1290 auctore
410 1247 648 1289 Bentleius.

201 1313 247 1352 E.
284 1335 327 1340 —
362 1312 400 1351 8.
435 1315 491 1351 cst
521 1322 609 1351 om.
644 1311 690 1350 E.

145 1455 232 1494 ICti
290 1453 483 1492 Romani.
562 1450 815 1501 Elegantius
871 1453 1019 1490 autem

146 1516 337 1556 eandem
368 1525 550 1555 scenam
583 1513 761 1553 exhibet
783 1512 889 1552 Tab.
915 1513 1017 1552 LIV.

148 1602 193 1607 —
230 1582 402 1628 praeter
440 1576 643 1627 παι-Γαῖα]
688 1577 900 1627 «praeter
941 1585 1018 1624 ea,

146 1653 258 1693 quae
290 1641 396 1681 mihi
442 1640 556 1679 dieta
589 1640 690 1679 sunt
727 1649 752 1677 a
782 1640 869 1677 te.»
916 1639 1018 1677 Aen.

150 1728 192 1732 —
227 1702 414 1753 amissas]
447 1701 697 1751 «naufragio
730 1702 773 1740 et
804 1711 885 1751 per
914 1711 1023 1751 pro-

147 1777 265 1807 cos.»
299 1765 592 1809 C03131.Cnro.
635 1763 792 1814 Odyss.
831 1761 877 1812 λ,
911 1763 1018 1802 442:
1049 1761 1053 1860 Ι

148 1824 253 1867 τότε
284 1839 359 1867 τοι
387 1827 663 1883 τεκμαίρομ’
698 1821 899 1882 ὄλεθρον
927 1822 1026 1876 Νηϊ

147 1903 196 1931 τε
249 1891 330 1930 καὶ
384 1887 586 1945 ἑτάροις.
609 1912 633 1918 -
664 1912 687 1918 -
717 1885 846 1940 δήεις
898 1885 934 1926 δ’
973 1862 1053 1926 {vi

148 1950 347 2006 πήματα
377 1949 519 2005 0229»,
553 1946 748 2008 Ἄνόρας
788 1946 1023 2007 ὑπερφιά-

150 2014 287 2065 λοις,
328 2014 381 2054 οἵ
406 2027 480 2053 τοι,
523 2013 691 2062 βίοτον
722 2010 1019 2052 κατέδουσιν.

152 2103 195 2108 -
222 2080 327 2129 Quid
357 2078 505 2129 rides'?]
539 2076 801 2117 Incredibile
824 2078 890 2116 est
911 2076 1022 2114 haec

146 2153 216 2181 w.
270 2153 292 2180 a
342 2139 561 2180 nonnullis
609 2141 800 2179 Tiresiae
859 2137 1022 2177 tributa

148 2215 262 2244 esse.
326 2203 553 2243 Manifesto
585 2204 687 2241 sunt
718 2200 844 2242 [lixis
875 2200 931 2239 ad
951 2211 1026 2238 va-

148 2270 238 2306 tem
279 2266 333 2305 de
374 2267 486 2304 miro
528 2265 674 2304 herois
715 2262 933 2315 postulato
963 2263 1025 2302 ri-

149 2329 345 2370 dentem.
425 2327 630 2367 Similiter
673 2327 891 2366 Lucianus
937 2327 1025 2365 Ne-

149 2403 295 2443 cyom.
315 2392 359 2431 ⁵24
379 2403 387 2429 ε
420 2388 483 2442 τῷ
506 2390 723 2446 Τειρεσίᾳ
745 2384 1024 2445 προσελθών

150 2455 361 2495 ἱκέτευον
399 2448 547 2492 αὐτὸν
587 2453 734 2491 εἰπεῖν
775 2447 894 2508 πρός
936 2462 1022 2503 με,

150 2514 293 2556 ,τοῖόν
335 2528 441 2555 τινα
470 2510 655 2569 ἡγεῖται]
696 2510 782 2553 τὸν
826 2509 1025 2570 ἄριστον

148 2578 272 2628 βίον.
327 2574 374 2618 O
405 2577 454 2618 δὲ
484 2593 533 2631 γε
515 2575 691 2627 ελάσας
721 2571 761 2628 (ἑ
765 2589 841 2616 στι
869 2574 919 2615 δὲ·
950 2588 1026 2615 τυ-

148 2638 273 2691 (adv
304 2653 347 2681 τι
376 2656 444 2697 γε
408 2638 620 2680 εοῦντιον
650 2640 731 2679 καὶ
762 2633 921 2695 ὠχρὸν
943 2638 1024 2678 καὶ

150 2704 197 2744 λε
203 2702 482 2754 πτόᾳωνοι)
521 2696 579 2742 Ὦ
626 2714 671 2741 τε
678 2713 821 2749 κνον,
868 2702 1022 2753 φησί,

150 2765 246 2806 κτλ.
297 2789 342 2795 -
387 2767 529 2804 Iamne
575 2764 686 2814 emet]
738 2765 856 2803 Haec
903 2764 1026 2803 Tire-

152 2830 240 2869 siae
265 2830 379 2867 sunt.
433 2828 626 2866 «lierine
650 2827 795 2878 potest
813 2827 883 2873 ut,
908 2826 1027 2876 post—

151 2901 284 2941 quam
336 2890 446 2928 ultra
498 2899 678 2928 omnem
726 2898 854 2939 spem
901 2889 1025 2926 tuam

150 2952 227 2992 tibi
259 2951 450 2990 reditum
481 2952 523 2989 in
546 2951 741 2989 Ithacam
762 2949 1025 2988 vaticinatus

151 3025 270 3062 sum,
304 3016 349 3052 tu
381 3014 530 3052 nuntio
562 3016 651 3051 tam
681 3011 796 3051 laeto
828 3010 1025 3050 nondum

153 3078 385 3115 contentus
415 3074 538 3126 plura
561 3075 647 3113 iam
668 3075 851 3124 appetas
863 3075 907 3111 9»
951 3073 1028 3111 Et-

153 3139 269 3179 enim
300 3140 425 3177 antea
458 3136 583 3187 longe
607 3135 848 3175 modestior
869 3134 1024 3184 suerat,

152 3203 195 3240 ut
229 3203 295 3240 est
325 3200 481 3239 Odvss.
506 3212 559 3237 α.
594 3199 669 3237 57:
703 3192 1028 3253 αὐτὰρὈόυσ-

153 3274 204 3301 σε
186 3258 288 3311 dig,
329 3256 386 3301 Ιέ
387 3273 533 3312 ιιενος
573 3260 652 3299 καὶ
691 3257 876 3298 καπνὸν
905 3254 1027 3297 ἁπο-

151 3321 435 3380 θρῴσκοντα
465 3320 638 3374 νοῆσαι
653 3313 737 3371 ΙΙς
766 3322 920 3374 γαίης
943 3320 1028 3360 θα-

154 3387 222 3426 ze'c
211 3399 271 3425 ιν
304 3386 378 3437 ἱιιε
384 3387 451 3442 [95
458 3397 547 3425 ται.
577 3409 620 3413 -
650 3384 854 3435 doloso]«
835 3384 1059 3463 «homini'

152 3452 242 3488 tam
259 3451 355 3488 cato
372 3451 503 3500 atque
521 3448 790 3498 ingenioso.»
773 3445 1029 3497 »(Schlau-
1055 3470 1060 3548 Ι

152 3511 310 3561 kopf.)
359 3511 516 3561 Odyss.
541 3522 579 3555 ν,
612 3509 706 3549 29⁴.
755 3509 948 3549 Minerva
972 3507 1028 3548 ad

597 1185 731 1224 dolose
776 1184 949 1235 (vocat.)
995 1195 1017 1222 e
1065 1182 1173 1223 Cod.
1220 1182 1418 1222 Petrensi
1466 1182 1526 1234 (μ)
1574 1183 1619 1221 et
1647 1183 1696 1221 N.
1731 1182 1907 1222 Heinsio

710 1248 774 1297 (Ut
803 1258 903 1295 nos,
937 1246 1059 1286 bScE
1091 1247 1134 1285 et
1164 1256 1321 1285 omnes
1350 1244 1576 1294 Pottierii.)
1618 1267 1663 1272 —
1696 1244 1734 1283 6.
1767 1245 1909 1283 redcat

1085 1447 1272 1490 Ulixem.
1306 1445 1572 1519 K696a7te'0g
1602 1461 1630 1486 7
1662 1444 1734 1499 εἴη
1765 1446 1847 1486 καὶ
1867 1445 1964 1488 ἑπι-

1084 1509 1280 1560 κλοτος,
1314 1504 1366 1560 ὃς
1398 1523 1452 1550 σε
1484 1508 1630 1566 παρέ)
1637 1510 1714 1549 θοι
1741 1505 1818 1549 Ev
1849 1507 1963 1550 πάν-

1084 1585 1132 1612 τε
1137 1586 1220 1613 oon
1248 1569 1449 1613 δόλοισι.
1510 1572 1722 1613 Allocutio
1753 1573 1865 1612 haec
1887 1573 1964 1613 ob-

1081 1635 1201 1688 liqua
1233 1648 1339 1677 sane
1369 1635 1584 1675 urbanior
1625 1637 1715 1683 est,
1763 1646 1897 1686 quam
1928 1637 1964 1676 si

1085 1700 1267 1739 dixisset
1310 1699 1382 1738 tibi
1425 1699 1563 1737 doloso
1606 1696 1674 1737 vel
1720 1698 1868 1738 dolose.
1915 1720 1958 1728 —

1083 1763 1187 1802 nulli
1217 1762 1445 1811 quidquam
1464 1759 1643 1812 mentite]
1667 1760 1799 1812 Soph.
1817 1761 1960 1812 Antig.

1083 1836 1125 1863 v.
1160 1824 1280 1863 4092.
1333 1824 1505 1864 Chorus
1537 1823 1591 1862 de
1623 1823 1813 1862 Tiresia:
1843 1817 1966 1863 ”Em-

1086 1882 1342 1938 στάμεσθα
1371 1883 1422 1925 δὲ
1443 1906 1466 1912 -
1486 1878 1612 1936 -Μή
1654 1881 1834 1924 πώποτ’
1873 1879 1963 1926 αὗ-

1084 1945 1169 1988 τὸν
1198 1944 1384 1999 ψεῦδος
1414 1946 1463 1997 ἐς
1493 1944 1631 1986 πόλιν
1661 1945 1838 1987 λακεῖν.

1141 2011 1259 2050 7-44.
1285 2010 1497 2062 apotheca]
1520 2009 1638 2048 unde
1660 2009 1843 2060 bottha,
1867 2008 1966 2048 bou-

1085 2075 1216 2122 mque,
1247 2073 1384 2122 Budc,
1418 2071 1526 2112 cella
1555 2072 1723 2111 vinaria
1752 2072 1795 2110 in
1825 2081 1963 2122 supe-

1085 2137 1201 2175 riore
1232 2135 1411 2174 aedium
1447 2136 1598 2186 parte,
1645 2145 1778 2185 supra
1819 2134 1965 2173 fuma-

1086 2199 1224 2247 rium,
1259 2197 1542 2237 asservandis
1571 2197 1684 2236 vinis
1706 2196 1965 2247 generosio-

1086 2261 1210 2301 ribus
1248 2260 1466 2300 destinata
1505 2270 1556 2298 ac
1597 2259 1767 2299 diversa
1800 2270 1825 2298 a
1856 2257 1964 2298 cella

1087 2324 1252 2363 vinaria
1291 2323 1469 2374 proprie
1511 2322 1648 2371 dicta,
1694 2321 1772 2361 ubi
1813 2320 1964 2361 viliora

1089 2397 1251 2437 genera
1287 2385 1607 2425 condebantur.
1671 2384 1768 2424 Vid.
1792 2384 1849 2423 ad
1883 2383 1962 2424 Od.

1089 2449 1135 2497 3,
1169 2449 1217 2497 8,
1253 2449 1318 2487 ll.
1361 2471 1406 2476 —-
1450 2448 1575 2486 vilior
1617 2447 1732 2498 alga]
1777 2448 1966 2486 Prover-

1088 2511 1226 2550 bium.
1289 2510 1375 2550 Cfr.
1401 2509 1479 2549 Od.
1503 2510 1551 2558 3,
1587 2510 1662 2558 47,
1697 2510 1776 2548 40:
1824 2508 1968 2560 alya-

1088 2573 1238 2612 inutili.
1299 2573 1416 2623 Virg.
1447 2571 1534 2612 Ecl.
1569 2572 1615 2621 7,
1657 2571 1736 2611 4⁶2:
1775 2571 1967 2621 proiecta

1086 2637 1210 2675 vilior
1239 2635 1353 2686 alga.
1415 2633 1620 2673 Similiter
1659 2634 1816 2673 Graeci
1860 2633 1965 2690 περὶ

1089 2691 1237 2751 ἄγνου
1277 2697 1345 2748 (de
1388 2697 1542 2745 vitice,
1588 2695 1892 2747 Kcuschlamm)
1932 2691 1967 2748 ἢ

1088 2757 1251 2813 λύγου.
1317 2758 1556 2798 Chionides
1597 2758 1638 2797 in
1677 2758 1861 2798 Meinek.
1896 2758 1962 2797 Fr

1090 2821 1381 2863 Com.11.4.
1428 2821 1564 2871 p.6:
1616 2820 1710 2860 Καὶ
1751 2816 1852 2872 μὴν
1894 2817 1966 2871 μὰ

1088 2881 1172 2924 τὸν
1214 2882 1282 2924 Δί’
1328 2878 1467 2923 οὐδὲν
1513 2875 1583 2922 3έτι
1621 2883 1674 2935 γε’
1710 2894 1797 2934 μοι
1834 2879 1963 2922 δοκῶ

1075 2942 1243 3000 ’Ἄγνου
1274 2943 1417 2994 ὁιαφέ
1395 2958 1466 3002 009
1449 2957 1516 2984 ειν
1546 2944 1596 2984 ἐν
1632 2941 1851 3002 χαράδρα
1885 2956 1967 2984 πε-

1088 3007 1317 3059 φυκότος.
1347 3030 1390 3036 -
1416 3008 1592 3057 Quando
1613 3007 1715 3059 cet.]
1748 3007 1968 3047 Heindor-

1090 3072 1171 3112 fius
1203 3072 1542 3122 interpretatur:
1592 3070 1841 3118 «Quoniam
1871 3069 1966 3110 sine

1089 3134 1216 3185 longa
1250 3133 1493 3173 verborum
1531 3132 1810 3180 circuitione,
1857 3132 1967 3172 sim-

1090 3196 1261 3248 pliciter
1291 3197 1333 3235 et
1363 3197 1537 3247 aperte,
1585 3193 1702 3234 nullo
1746 3192 1853 3234 salso
1882 3204 1967 3244 pu-

1091 3258 1197 3298 dore
1230 3258 1512 3306 absterritus,
1554 3256 1862 3308 paupertatem
1892 3265 1968 3294 re-

1091 3320 1328 3360 formidare
1360 3322 1402 3359 te
1434 3318 1616 3358 fateris.»
1607 3333 1625 3353 »
1680 3316 1765 3357 Sed
1797 3315 1968 3357 confes-

1092 3383 1225 3423 sionis
1267 3383 1410 3431 notio,
1457 3380 1512 3420 ad
1552 3390 1686 3432 quam
1725 3390 1796 3418 vv.
1832 3378 1969 3418 missis

1091 3445 1334 3496 ambagibus
1384 3444 1439 3483 ab
1493 3454 1547 3483 eo
1599 3441 1876 3490 referuntur,
1922 3440 1966 3480 in

1091 3507 1230 3549 verbo
1259 3508 1402 3548 horres
1423 3505 1603 3546 minime
1628 3504 1753 3544 inest.
1814 3504 1965 3554 Itaque
