2231 3787
856 263 952 302 LlB.
989 264 1018 302 1.
1081 262 1244 302 EPIST.
1278 263 1326 300 V.

268 400 388 463 Quo
428 397 554 449 mihi
596 397 877 455 fortunam,
923 395 967 448 si
1007 411 1114 447 non
1153 392 1471 447 conceditur
1508 393 1623 445 uti?

263 503 464 554 Parcus
505 499 574 552 ob
615 498 832 552 heredis
872 515 1058 552 curam
1098 496 1432 567 nimiumque
1472 512 1697 549 severus

262 602 474 656 Assidet
513 602 729 656 insano:
772 609 959 674 potare
999 608 1053 655 et
1090 615 1349 672 spargere
1388 597 1551 652 flores

304 785 368 824 42.
404 786 492 834 Quo
521 785 621 823 mihi
648 784 822 835 fortuna
851 783 1034 835 chp‚t,
1071 782 1178 833 Quid
1206 783 1306 822 ‘inihi
1332 783 1509 834 fortuna
1528 781 1588 821 bs
1611 782 1667 831 (in
1688 781 1714 820 S
1735 791 1960 832 superscr.

245 847 368 899 Quo),
402 849 489 897 Quo
519 847 619 886 mihi
646 847 840 898 fortunas
871 848 959 896 LC,
1004 847 1093 896 Quo
1128 846 1230 885 mihi
1257 845 1456 896 fortunae
1485 846 1527 885 F.
1579 845 1643 895 (Ut
1673 853 1777 893 nOS‚
1811 858 1861 897 γ,
1895 855 1961 896 pr.

242 908 303 959 βκ
336 912 379 950 et
409 910 600 950 Pottierii
630 910 669 949 a.
705 909 743 949 3.
779 910 817 949 6.
853 909 935 959 44..)

189 1088 292 1128 ergo
331 1077 463 1116 etiam
504 1075 581 1115 tibi
623 1075 664 1115 in
707 1073 891 1114 multam
921 1073 1069 1114 lucem
1132 1074 1331 1125 fortunae
1363 1074 1496 1125 (nom.
1523 1072 1670 1125 plur.);
1704 1072 1741 1123 4)
1777 1074 1865 1123 Quo
1895 1073 2016 1119 mihi,

188 1141 428 1180 dormire.»
479 1140 576 1178 Non
613 1136 809 1188 loquitur
846 1138 901 1178 de
933 1137 1070 1177 meri—

188 1203 396 1242 diatione.
425 1224 469 1229 —
504 1201 683 1250 impune]
718 1201 839 1240 «sine
872 1201 936 1240 rei
968 1202 1068 1239 tuae

189 1267 452 1316 cuiusquam
484 1264 797 1303 detrimento.»

245 1328 390 1367 44-45.
424 1338 610 1366 sermone
626 1326 800 1377 beniqno
817 1327 980 1366 tendere
998 1337 1072 1365 no-

187 1391 306 1442 ctem]
341 1388 504 1429 «multo
548 1391 590 1429 et
630 1388 801 1429 liberali
840 1391 883 1429 et
926 1382 1070 1429 faceto

188 1464 395 1495 sermone
437 1454 617 1492 noctem
657 1453 878 1492 eoetendere
911 1452 981 1502 (ut
1018 1463 1071 1492 ex

189 1516 321 1568 gloss.
349 1515 518 1555 habent
549 1514 690 1555 Codd.
715 1514 878 1565 multi),
911 1514 957 1554 id
987 1515 1070 1562 est,

189 1580 484 1630 «transigere,
527 1589 670 1630 usque
708 1578 766 1618 ad
803 1579 897 1618 eius
936 1578 1074 1617 finem

189 1645 411 1695 exigere.»
460 1642 620 1682 Aesch.
656 1643 805 1682 Prom.
840 1641 940 1681 537:
987 1636 1073 1681 τὸν

187 1702 377 1764 μακρὸν
407 1705 577 1746 τείνειν
597 1703 709 1753 βίον
730 1702 931 1745 ἐλπίσιν.
978 1705 1074 1744 «Sic

192 1771 238 1809 et
272 1769 418 1808 Livius
455 1768 678 1807 extrahere
720 1771 903 1816 noctem,
950 1767 1071 1807 diem.

190 1833 240 1872 V.
274 1830 498 1872 Drakenh.
523 1830 580 1870 ad
610 1832 656 1870 L.
681 1831 756 1879 22,
791 1831 864 1879 48,
898 1831 966 1870 9.»
999 1830 1076 1870 ΟΒ-

189 1905 281 1935 BAR.
318 1917 363 1922 —
389 1895 478 1944 Quo
508 1894 609 1933 mihi
636 1894 873 1945 fortunam,
905 1893 940 1932 si
971 1893 1073 1945 cet]

190 1956 323 1997 Solita
356 1959 424 1997 est
452 1958 565 1996 haec
596 1957 762 1997 Latinis
793 1956 1072 2006 exclamatio,

190 2019 313 2061 velut
351 2021 536 2071 propter
576 2018 796 2071 loquentis
838 2020 1076 2071 impatien-

188 2084 298 2123 tiam
323 2093 374 2122 ac
396 2082 723 2123 festinationem
745 2082 911 2123 omisso
932 2080 1073 2121 verbo

190 2150 344 2196 optem,
391 2156 616 2195 quaeram,
663 2143 806 2185 simili.
873 2146 962 2195 Quo
1007 2146 1075 2185 est

191 2208 279 2248 dat.
304 2208 440 2258 antiq.
460 2207 571 2256 quoi,
599 2218 883 2257 «quorsum.»
908 2207 999 2247 Cic.
1019 2206 1075 2246 ad

192 2271 311 2310 Fam.
337 2270 382 2317 7,
416 2268 490 2318 ⁶23,
527 2269 573 2308 ⁶2:
612 2269 765 2309 Martis
793 2280 891 2309 vero
911 2270 1077 2320 sianum

192 2344 273 2383 quo
301 2333 402 2371 mihi
425 2332 547 2382 pacis
577 2326 772 2371 auctori?
820 2332 943 2371 ovid.
975 2333 1073 2372 Am.

191 2396 242 2444 2,
277 2395 354 2443 49,
387 2394 432 2433 7:
469 2396 558 2444 Quo
578 2395 679 2433 mihi
697 2395 937 2445 fortunam,
972 2406 1078 2445 quae

192 2468 412 2506 nimquam
458 2457 606 2507 fallere
648 2456 796 2496 curet?
843 2457 907 2497 lb.
942 2457 988 2507 3,
1027 2456 1074 2504 4,

194 2520 239 2560 44
263 2532 270 2558 ;
320 2520 408 2570 Quo
439 2519 510 2558 tibi
538 2520 788 2570 formosam,
821 2521 856 2559 si
885 2532 968 2560 nou
997 2520 1079 2559 nisi

193 2586 312 2622 casta
343 2581 568 2632 placebat?
609 2582 673 2622 lb.
705 2583 755 2630 3,
789 2584 837 2633 7,
870 2582 946 2624 49:
989 2584 1078 2634 Quo

194 2647 295 2687 mihi
333 2647 530 2698 fortunae
569 2646 765 2686 tantum?
817 2648 905 2696 Quo
944 2658 1079 2699 regna

194 2710 280 2749 sine
306 2708 417 2749 usu?
464 2709 653 2749 Phaedr.
693 2709 736 2758 3,
779 2710 850 2759 48,
893 2710 940 2750 9;
989 2712 1077 2760 Quo

193 2772 272 2821 mi,
304 2772 464 2822 inquit,
495 2776 660 2812 mutam
688 2773 886 2822 speeiem,
919 2773 954 2812 si
981 2773 1079 2813 vin-

194 2845 267 2873 cor
306 2833 439 2874 sono?
480 2835 624 2885 Atque
667 2834 826 2874 eadem
871 2837 1079 2875 constru-

197 2896 342 2935 ctione
371 2907 504 2936 usum
526 2907 624 2936 esse
644 2897 780 2936 etiam
800 2896 980 2948 volgum
1003 2897 1080 2937 de-

197 2959 415 2997 monstrat
426 2956 601 3007 volgata
616 2959 921 3010 interpretatio
938 2960 1077 2999 Isaiae

199 3020 215 3058 4
239 3050 247 3068 ,
282 3019 325 3058 44
351 3031 357 3057 z
393 3020 480 3069 Quo
508 3020 609 3058 mihi
637 3022 943 3062 multitudinem
961 3022 1080 3061 victi-

197 3091 367 3119 marum
393 3081 660 3121 vestrarum?
689 3084 832 3134 Atque
863 3084 921 3123 ita
944 3084 1078 3124 etiam

199 3143 380 3191 Graeci,
403 3142 561 3183 saltem
582 3145 867 3194 posteriores.
920 3145 1081 3198 Philip-

199 3217 282 3258 pus
313 3204 487 3245 Anthol.
521 3203 655 3245 Palat.
690 3208 740 3245 ΙΙ.
774 3218 817 3258 p.
847 3207 950 3248 4⁴6:
983 3208 1081 3248 Ποῖ

198 3264 288 3325 γὰρ
332 3267 442 3321 ἐμοὶ
486 3269 663 3320 ζητεῖν,
710 3269 840 3318 τίνας
873 3263 1078 3325 ἔδραμεν

199 3323 335 3382 ἥλιος
357 3328 560 3383 οἴμους,·
580 3330 642 3369 Ex
663 3330 907 3380 ignorantia
929 3333 1078 3373 autem

199 3393 329 3433 huius
374 3391 591 3433 formulae
630 3394 759 3431 natae
799 3394 901 3433 sunt
945 3393 1078 3434 falsae

200 3453 438 3496 lectiones:
488 3454 523 3504 4)
558 3455 684 3505 Quid;
729 3453 767 3503 Ξ)
798 3454 994 3504 fortuna,
1034 3458 1083 3495 ut

200 3517 243 3556 in
274 3527 457 3558 caesura
495 3515 664 3568 syllaba
702 3515 995 3568 producatur3
1043 3517 1079 3567 3)

1132 1137 1306 1188 fortuna
1358 1138 1393 1175 si
1437 1138 1522 1176 cet.
1590 1137 1801 1176 Ceterum
1848 1136 2022 1186 fortuna

1135 1200 1314 1251 ponitur
1356 1211 1437 1250 pro
1482 1197 1613 1250 plur.,
1659 1199 2016 1250 Glz‘icltsqiiter,

1135 1275 1284 1315 neque
1328 1261 1569 1313 legendum
1614 1272 1717 1301 cum
1762 1262 1932 1301 Mureto
1978 1264 2022 1301 et

1135 1326 1350 1366 Lambino
1379 1325 1588 1376 fortunas.
1640 1324 1709 1363 Sic
1739 1322 1858 1374 apud
1890 1323 2015 1364 ovid.

1135 1389 1233 1429 Am.
1258 1388 1308 1438 3,
1338 1389 1384 1437 7,
1418 1386 1507 1427 49„
1539 1386 1670 1426 Corn.
1695 1387 1804 1437 Nep.
1830 1388 1914 1425 Att.
1939 1387 1984 1425 24
2010 1419 2017 1433 ,

1138 1452 1153 1491 4
1177 1463 1183 1489 ;
1228 1462 1323 1491 eum
1343 1473 1366 1478 —
1385 1472 1409 1477 —
1429 1450 1483 1488 ad
1512 1453 1747 1488 extremam
1777 1452 2023 1488 senectutem

1134 1526 1218 1554 uon
1246 1514 1385 1553 minus
1404 1512 1607 1564 diqnitate
1628 1523 1756 1562 quam
1774 1512 1920 1563 qratia
1937 1512 2023 1563 for-

1136 1583 1321 1627 tunaque
1349 1575 1541 1616 crevisset
1571 1573 1742 1626 (mullas
1771 1575 1881 1614 enim
1910 1575 2024 1614 here-

1137 1642 1285 1680 ditates
1311 1662 1334 1668 -
1353 1661 1376 1668 -
1402 1641 1642 1678 consecutus
1691 1636 1771 1688 est)
1821 1641 2022 1687 tantaque

1131 1704 1416 1755 prosperitate
1453 1712 1552 1741 usus
1587 1704 1688 1740 esset
1725 1702 1810 1740 cet.
1862 1701 1926 1740 De
1955 1701 2022 1739 di—

1137 1768 1254 1808 vitiis
1277 1767 1397 1806 certe
1430 1764 1595 1805 Horatii
1625 1762 1837 1814 aequales
1869 1762 2024 1803 intelli-

1139 1830 1325 1882 gebant,
1373 1839 1463 1867 non
1492 1829 1541 1866 ut
1576 1827 1878 1867 recentiorum
1910 1838 2023 1866 non-

1139 1892 1266 1941 nulli,
1301 1891 1357 1931 de
1388 1891 1639 1942 opportuna
1669 1888 1861 1929 laetandi
1891 1901 2025 1930 occa-

1140 1958 1279 1998 sione.
1327 1979 1372 1983 —
1414 1953 1597 2005 heredis]
1642 1954 1728 1994 Cfr.
1767 1953 1846 1993 Od.
1885 1953 1930 2003 4,
1975 1955 2021 2003 7,

1142 2020 1208 2060 49.
1255 2041 1300 2047 -
1342 2017 1501 2057 Assidet
1531 2016 1693 2067 insano]
1728 2017 1887 2064 «Quasi
1918 2027 2026 2056 con-

1141 2081 1255 2123 sulto
1285 2079 1436 2120 locum
1468 2081 1659 2131 occupat
1688 2079 1844 2119 insano
1874 2080 2026 2131 proxi-

1139 2155 1288 2192 mum,
1336 2143 1530 2193 ideoque
1577 2143 1617 2182 ei
1660 2139 2019 2199 παραπλήσιος,

1141 2206 1389 2248 simillimus
1421 2207 1531 2246 est.»
1584 2206 1675 2245 Hac
1705 2206 1874 2257 tropica
1897 2206 2027 2256 signi—

1140 2270 1347 2310 ficatione
1376 2269 1553 2309 videtur
1582 2261 1712 2320 ἅπαξ
1742 2265 2023 2322 λεγόμενον,

1141 2332 1384 2372 formatum
1411 2331 1468 2371 ad
1497 2329 1744 2381 analogiam
1764 2343 1806 2370 v.
1832 2332 2028 2370 dissidere

1142 2394 1193 2433 ab
1225 2394 1381 2443 aliquo.
1433 2393 1707 2444 Antiphanes
1744 2393 1863 2445 apud
1900 2393 2022 2433 Stob.

1142 2457 1221 2496 Tit.
1247 2456 1321 2505 99,
1356 2456 1429 2495 27:
1463 2454 1604 2507 Av'my
1633 2456 1809 2508 μανίας
1833 2451 2028 2508 ὁμότοι-

1142 2531 1232 2569 χος
1263 2513 1387 2558 εἶναι’
1415 2530 1502 2570 μοι
1523 2515 1669 2558 δοκεῖ.
1722 2519 1810 2558 Cic.
1837 2518 1891 2558 (le
1915 2520 2020 2570 Rep.

1144 2582 1190 2631 4,
1223 2582 1297 2630 28,
1330 2580 1406 2621 44:
1438 2581 1499 2620 illi
1529 2582 1619 2632 reyi
1640 2604 1664 2609 -
1683 2604 1706 2609 —
1727 2581 1917 2628 amabili,
1952 2582 2028 2631 Cy-

1141 2656 1216 2694 ro,
1248 2644 1381 2684 subest
1400 2667 1425 2673 -
1445 2666 1468 2673 —
1488 2644 1794 2683 crudelissimus
1824 2643 1892 2683 ille
1915 2645 2027 2683 Pha—

1142 2707 1260 2747 laris.
1312 2708 1400 2746 Nos
1429 2706 1759 2745 zunaehststelm.
1798 2729 1842 2733 —
1875 2705 2028 2746 Decla—

1142 2768 1413 2811 matiuncula
1443 2770 1593 2808 autem
1624 2769 1732 2818 hac,
1767 2767 1951 2809 crebras
1973 2768 2027 2808 il-

1141 2831 1206 2873 las
1237 2832 1486 2871 Stoicorum
1517 2831 1884 2882 interrogationes
1914 2831 2028 2872 refe-

1143 2895 1291 2943 rente,
1334 2894 1378 2933 in
1415 2893 1620 2934 homines
1651 2894 1837 2933 nimium
1866 2905 2027 2945 parcos

1144 2956 1435 2998 exhilaratum
1491 2957 1543 2996 iri
1601 2956 1785 2996 divitem
1833 2957 2028 2997 amicum

1144 3019 1286 3072 probe
1318 3018 1507 3067 sciebat;
1542 3018 1661 3059 nulla
1691 3020 1808 3059 inest
1838 3020 1933 3060 eius
1954 3030 2028 3060 re—

1143 3082 1407 3136 prehensio,
1448 3083 1497 3121 ut
1534 3082 1785 3133 opinantur.
1824 3103 1868 3109 —
1902 3093 2028 3132 spar-

1143 3157 1241 3197 9ere
1283 3144 1420 3197 flores]
1471 3144 1570 3183 «His
1614 3143 1764 3183 verbis
1808 3155 1896 3183 non
1937 3146 2027 3184 tam

1146 3206 1397 3247 communis
1435 3206 1478 3246 in
1517 3207 1844 3257 compotatione
1891 3206 2026 3245 flores

1145 3269 1431 3321 inspergendi
1461 3280 1559 3309 mos
1588 3269 1807 3309 indicatus
1839 3279 1937 3308 esse
1958 3268 2025 3306 vi-

1146 3331 1297 3381 detur,
1331 3342 1468 3382 quam
1498 3332 1557 3380 is,
1597 3342 1684 3383 quo
1714 3332 1940 3382 potatores
1972 3330 2025 3368 ir-

1145 3395 1258 3445 rigui
1288 3394 1380 3435 fere
1418 3405 1546 3434 mero
1577 3396 1621 3432 et
1658 3392 1820 3432 madidi
1853 3390 1924 3430 vel
1955 3403 2027 3431 co—

1145 3467 1300 3506 ronas,
1345 3455 1508 3507 quibus
1539 3456 1665 3494 erant
1695 3453 1843 3501 cincti,
1887 3453 2025 3492 inter-

1146 3517 1254 3558 dum
1285 3517 1565 3569 deripiebant
1594 3514 1663 3556 vel
1694 3515 1827 3555 flores
1858 3515 2024 3555 mensis
