2231 3787
226 282 324 333 464

291 415 405 466 Non
445 420 621 466 cessat
658 411 895 464 laudare.

821 281 1034 321 HORATII
1066 281 1433 322 EPISTOLARUM

974 411 1125 464 Videt
1164 411 1411 480 ridetque
1450 408 1752 480 Philippus,

294 516 377 574 Et,
420 514 521 567 sibi
561 514 689 566 dum
729 505 1000 584 requiem,
1053 511 1180 564 dum
1219 510 1360 563 risus
1399 509 1639 581 undique
1679 510 1912 581 quaerit,

294 617 430 668 Dum
470 624 675 686 septem
716 614 878 667 donat
918 613 1187 674 sestertia,
1231 620 1415 664 mutua
1453 621 1661 682 septem

1974 613 2041 663 80

294 717 569 779 Promittit,
613 715 906 786 persuadet
942 714 1016 766 uti
1055 721 1325 767 mercetur
1364 712 1611 784 agellum.

293 821 571 872 Mercatur.

647 819 722 869 Ne
762 825 812 869 te
852 815 1023 886 longis
1062 814 1381 885 ambagibus
1418 813 1557 867 ultra

292 923 464 984 Quam
505 919 633 972 satis
673 927 755 971 est
792 934 997 979 morer,
1040 933 1105 970 ex
1144 915 1311 969 nitido
1350 914 1407 969 fit
1445 915 1678 970 rusticus
1717 925 1878 988 atque

294 1020 484 1075 Sulcos
525 1028 577 1074 et
613 1019 792 1073 vineta
830 1026 1016 1090 crepat
1053 1034 1231 1082 mera,
1272 1026 1561 1088 praeparat
1600 1018 1804 1079 ulmOS‚

293 1122 598 1175 Immoritur
638 1120 827 1174 studiis
868 1128 920 1174 et
958 1137 1142 1174 amore
1181 1119 1417 1174 senescit
1453 1118 1704 1174 habendi.

293 1227 488 1278 Verum
525 1223 617 1276 ubi
657 1240 787 1276 oves
828 1222 992 1284 furtO,
1035 1221 1225 1275 morbo
1265 1221 1478 1293 periere
1519 1221 1786 1293 capellae,

330 1414 397 1454 80.
431 1414 545 1453 Dum
574 1423 797 1464 superscr.
836 1412 936 1451 Twm
965 1413 1006 1452 S.
1043 1434 1089 1440 -
1124 1412 1191 1453 85.
1225 1413 1454 1453 Inmoritur
1485 1425 1522 1451 c.

220 1588 351 1628 batur
387 1588 566 1626 tractus.
629 1584 755 1625 Haud
790 1586 937 1636 magni
968 1586 1104 1625 aesti-

221 1651 363 1689 matos
385 1659 484 1689 esse
505 1647 664 1688 fundos
682 1647 867 1688 Sabinos
884 1649 1105 1688 monstrat

221 1711 374 1753 Catull.
409 1711 484 1760 44,
521 1713 536 1751 4
566 1724 573 1749 :
616 1711 647 1750 O
674 1711 801 1762 funde
828 1715 989 1760 noster,
1034 1722 1105 1751 seu

220 1775 372 1814 Sabine
401 1785 471 1814 seu
502 1774 645 1813 Tiburs
660 1784 673 1821 ,·
714 1775 828 1814 Nam
857 1778 893 1814 te
924 1785 1006 1814 esse
1036 1774 1105 1813 Ti-

221 1838 380 1876 burtem
428 1841 678 1885 autumant,
730 1837 876 1886 quibus
916 1849 1000 1876 uon
1048 1840 1106 1876 est

222 1901 346 1940 Cordi
389 1900 597 1939 Catullum
640 1899 827 1947 laedere;
874 1904 919 1938 at
960 1899 1107 1949 quibus

221 1963 337 2001 cordi
380 1966 457 2011 est,
501 1962 653 2011 Quouis
691 1961 895 2001 Sabinum
928 1962 1106 2013 piqnore

222 2036 304 2065 esse
323 2026 585 2064 contendunt.
609 2048 653 2052 —
678 2025 776 2063 dum
796 2025 980 2073 requiem
1001 2024 1103 2076 cet.]

224 2087 356 2127 «dum
388 2086 471 2127 sibi
504 2087 703 2135 undique,
742 2097 921 2138 quoquo
953 2086 1102 2136 modo,

223 2147 567 2188 oblectationem
611 2159 663 2188 ac
714 2150 1039 2188 recreationem
1083 2159 1106 2187 a

223 2210 475 2251 forensibus
519 2212 705 2261 negotiis
746 2212 897 2263 parat,
934 2212 1109 2263 praevi-

223 2275 357 2324 dens,
405 2284 541 2325 quam
569 2273 780 2327 ridiculus
815 2274 1008 2314 rusticus
1038 2273 1108 2313 fu—

224 2339 348 2377 turus
394 2338 514 2377 esset
550 2347 714 2388 praeco
755 2335 824 2376 ille
856 2335 1109 2376 subrostra-

222 2411 348 2440 nus.»
397 2399 479 2447 Qui
509 2397 752 2450 explicant:
803 2397 1108 2437 «deversorio-

222 2461 314 2502 lum
352 2460 529 2512 aliquod
567 2462 682 2500 inter
711 2459 876 2502 Urbem
907 2461 950 2499 et
979 2459 1106 2498 Sabi-

224 2535 332 2564 num
363 2534 518 2573 suum,
562 2522 639 2562 ubi
677 2523 760 2562 iter
791 2522 956 2562 faciens
987 2521 1107 2573 apud

222 2588 400 2627 Menam
444 2585 650 2626 clientem
681 2584 846 2636 aliquot
874 2585 1009 2624 horas
1040 2585 1107 2623 in-

226 2647 403 2688 terdum
446 2648 684 2699 degeret;»
740 2647 826 2686 hoc
870 2647 914 2686 in
956 2645 1106 2686 verbis

225 2711 329 2762 ipsis
359 2711 506 2751 inesse
531 2711 839 2750 demonstrare
862 2708 1103 2748 debebant.

229 2796 273 2801 —
304 2773 427 2825 risus]
475 2773 673 2813 «ridendi
713 2772 989 2811 materiem.»
1039 2770 1102 2810 Cf.

227 2835 314 2874 Sat.
348 2836 392 2883 2,
425 2836 474 2884 2,
500 2836 593 2875 407.
629 2857 674 2863 —-
706 2836 819 2874 Dum
849 2833 951 2884 cet.]
995 2833 1108 2872 Con-

227 2895 341 2936 sulto
386 2896 700 2948 negligentiore
747 2907 954 2937 sermone
997 2906 1106 2935 usus

227 2960 295 2998 est
322 2969 402 3010 pro
434 2960 500 2998 his
532 2959 653 2998 fere:
695 2969 773 2997 «eo
805 2957 924 3008 quod
951 2958 1105 2997 Menae

227 3020 363 3060 donat
393 3020 620 3060 dimidiam
644 3024 819 3072 partem
840 3020 983 3071 pretii,
1017 3029 1105 3069 quo

228 3081 392 3133 agellus
423 3083 509 3122 emi
546 3084 740 3133 poterat,
790 3080 976 3120 alteram
1006 3090 1108 3119 mu-

227 3147 349 3184 tuam
380 3144 472 3193 dat,
509 3145 547 3184 ei
577 3143 848 3195 persuadet»
881 3144 965 3182 cet.
1023 3143 1108 3181 Le-

228 3207 360 3247 ctioni
393 3207 492 3246 Tum
520 3205 643 3246 locus
666 3208 786 3246 certe
817 3216 906 3244 non
937 3207 1004 3244 est
1033 3215 1109 3244 ne-

229 3281 314 3321 que
359 3267 641 3309 Praedicowii
683 3269 787 3307 Iam.
829 3289 872 3295 —
919 3271 1108 3316 septem-

227 3331 425 3383 sestertia]
458 3332 637 3383 Septem
666 3329 782 3369 milia
810 3330 888 3369 HS.
914 3329 1108 3368 efficiunt

230 3394 404 3433 circiter
434 3392 539 3434 4400
570 3394 635 3433 Fr.
666 3391 769 3431 Gall.
797 3412 841 3419 —
874 3391 1103 3443 Mereatur]

231 3457 321 3494 «Re
364 3466 473 3494 vera
510 3455 709 3505 sequitur
737 3452 921 3505 Philippi
957 3454 1106 3494 consi-

228 3516 378 3557 lium.»
425 3518 502 3557 Hic
533 3527 710 3567 quoque
741 3516 855 3556 vitae
886 3515 1106 3566 quotidia-

1167 1596 1251 1625 nae
1296 1595 1504 1626 sermone
1549 1585 1657 1625 scite
1701 1585 1866 1635 utitur,
1913 1595 2049 1636 quem

1169 1647 1389 1688 deformat
1416 1646 1685 1689 Marklandi:
1731 1648 1946 1688 Mercatus
1983 1645 2051 1698 (ne

1168 1715 1204 1751 te
1223 1731 1247 1739 —
1266 1732 1289 1739 —
1310 1732 1333 1739 —
1352 1710 1508 1763 morer)
1541 1722 1595 1751 θα)
1622 1710 1752 1750 nitido
1778 1711 1826 1762 fit
1852 1709 2047 1750 rusticus.

1170 1774 1259 1814 Cic.
1294 1773 1351 1813 ad
1382 1775 1500 1813 Fam.
1535 1773 1611 1822 46,
1639 1774 1716 1822 24,
1749 1774 1803 1812 7:
1835 1774 2052 1822 Deponen-

1168 1835 1246 1874 dae
1288 1835 1361 1874 tibi
1401 1839 1496 1875 sunt
1535 1835 1823 1875 urbanitates:
1870 1834 2052 1874 rusticus

1167 1899 1379 1937 Romanus
1395 1899 1534 1949 factus
1554 1909 1606 1938 es.
1634 1920 1681 1926 —
1703 1896 1848 1949 nitido]
1869 1897 2050 1937 homine

1168 1971 1249 2011 pro
1271 1961 1361 2000 suis
1383 1959 1567 2000 fortunis
1588 1961 1694 2000 satis
1716 1958 1927 2011 eleganti,
1953 1969 2052 1998 ma-

1169 2022 1308 2071 xime,
1341 2023 1469 2073 puto,
1505 2033 1558 2062 ex
1588 2032 1675 2073 quo
1696 2020 1880 2073 Philippi
1911 2021 2053 2072 quoti-

1171 2084 1328 2124 dianus
1350 2085 1533 2124 conviva
1555 2084 1696 2124 factus
1718 2085 1855 2123 erat.»
1882 2107 1927 2112 —
1952 2084 2052 2123 Sul·-

1170 2158 1238 2186 cos
1266 2151 1304 2186 et
1331 2147 1472 2186 vineta
1491 2145 1648 2198 crepat]
1683 2157 1890 2198 «semper
1909 2147 1952 2186 in
1973 2157 2051 2186 ore

1172 2208 1351 2249 habet.»
1397 2209 1476 2249 Od.
1520 2209 1566 2258 4,
1613 2209 1688 2258 48,
1721 2212 1774 2250 5:
1824 2209 1924 2259 Quis
1957 2213 2054 2259 post

1169 2273 1273 2311 vina
1301 2282 1475 2323 qravem
1493 2272 1688 2311 militiam
1707 2275 1782 2311 aut
1803 2271 2052 2322 pauperiem

1170 2339 1313 2385 crepat
1329 2333 1350 2373 P
1393 2335 1461 2373 Sic
1493 2334 1625 2374 etiam
1647 2337 1834 2391 κροτεῖν
1854 2334 1899 2373 et
1921 2333 2048 2383 loqui.

1174 2398 1263 2438 Cic.
1297 2397 1353 2436 ad
1382 2399 1467 2436 Att.
1501 2397 1546 2448 9,
1579 2398 1626 2446 ⁶2,
1660 2397 1711 2436 3:
1750 2397 1916 2437 Curtius
1941 2397 2054 2437 venit

1171 2460 1274 2499 nihil
1301 2459 1381 2498 uisi
1410 2459 1558 2498 classes
1586 2458 1754 2508 loquens
1772 2462 1810 2498 et
1828 2459 2049 2498 eoeercitus.

1174 2521 1251 2573 (Cf.
1286 2523 1373 2560 Sat.
1408 2521 1451 2570 4,
1486 2520 1533 2569 3,
1571 2520 1652 2571 43.)
1698 2544 1743 2548 -
1780 2520 1912 2573 mera]
1959 2520 2048 2560 Cic.

1173 2583 1230 2623 ad
1259 2584 1344 2623 Att.
1378 2583 1424 2633 9,
1459 2583 1531 2632 43,
1567 2584 1582 2622 4
1611 2595 1618 2622 ;
1664 2594 1783 2623 mera
1811 2583 1967 2623 scelera
1994 2583 2053 2623 lo-

1173 2650 1371 2696 quuntur.
1407 2645 1446 2696 g.
1472 2645 1519 2685 8:
1553 2644 1774 2684 Dolabella
1801 2645 1887 2684 suis
1906 2645 2054 2684 litteris

1171 2719 1360 2747 merum
1389 2706 1537 2746 bellum
1566 2706 1764 2756 loquitur.
1815 2728 1859 2734 —
1903 2706 2050 2758 ulmos]

1174 2769 1469 2810 «maritandas
1490 2767 1696 2808 vitibus.»
1731 2767 1793 2808 Cf.
1814 2767 1892 2808 Od.
1916 2769 1957 2817 2,
1982 2769 2049 2818 45,

1171 2833 1210 2872 5.
1238 2855 1282 2860 ——
1305 2829 1561 2881 [inmoritur]
1589 2831 1812 2870 «macerat
1832 2832 1875 2870 et
1896 2833 2054 2871 enecat

1172 2906 1220 2934 se
1255 2905 1391 2946 opere
1423 2894 1586 2933 rustico
1618 2895 1797 2933 strenue
1833 2904 2052 2934 exercen-

1173 2956 1272 2995 do.»
1299 2979 1343 2984 —-
1376 2955 1533 3006 studiis]
1565 2955 1763 3005 dativus,
1795 2957 1844 2994 ut
1874 2954 2048 3004 Quintil.

1173 3019 1222 3067 9,
1256 3018 1301 3067 3,
1336 3018 1415 3058 73;
1458 3019 1625 3057 immori
1663 3018 1874 3069 legationi.
1910 3040 1956 3046 —
1987 3029 2052 3059 se—

1171 3081 1310 3132 nescit]
1345 3077 1588 3133 «τήκεται,
1631 3081 1868 3121 macrescit
1903 3083 1947 3120 et
1975 3091 2052 3120 ca-

1174 3144 1355 3183 nescit.»
1390 3143 1452 3183 Cf.
1484 3144 1595 3195 Epp.
1628 3144 1674 3191 2,
1707 3143 1753 3192 2,
1786 3143 1852 3183 82.

1228 3205 1374 3245 87-93.
1420 3204 1605 3256 mentita]
1639 3204 1702 3244 Cf.
1736 3204 1794 3244 ad
1824 3204 1901 3244 Od.
1935 3204 1975 3253 3,
2009 3205 2047 3252 4,

1173 3267 1238 3307 30.
1287 3266 1359 3307 Sil.
1392 3266 1483 3307 Ital.
1519 3268 1563 3316 7,
1599 3267 1691 3307 460.
1734 3266 1789 3306 de
1829 3277 1933 3317 agro
1969 3267 2051 3306 Fa-

1172 3328 1322 3370 lerno:
1368 3330 1494 3369 Dives
1537 3340 1587 3369 ea
1624 3334 1661 3369 et
1689 3339 1906 3378 uunquam
1935 3329 2053 3368 tellus

1170 3392 1343 3431 mentita
1358 3391 1514 3431 colono.
1549 3390 1755 3442 Calpurn.
1781 3388 1869 3430 Ecl.
1893 3390 1933 3439 4,
1954 3390 2047 3431 443ῑ

1171 3454 1310 3504 Coepit
1352 3458 1389 3493 et
1429 3454 1619 3502 uberior,
1665 3453 1786 3492 sulcis
1816 3453 2051 3504 fallentibus

1170 3516 1287 3566 olim,
1336 3517 1576 3555 Luxuriare
1608 3525 1731 3565 seyes.
1782 3537 1828 3542 —
1873 3515 2047 3567 enectus]
