2231 3787
228 275 329 326 ‘254-

861 273 1071 313 llORATll
1106 271 1405 313 SATIMRUM

299 407 392 458 Te.
435 403 634 459 Tiberi.
677 419 986 456 numerare.
1029 401 1173 454 cavis
1213 399 1549 454 abscondere
1589 399 1823 452 tristem:

300 504 548 562 Extimui,
592 521 657 557 ne
697 521 792 556 vos
832 512 1014 573 ageret
1052 501 1269 555 vesania
1308 500 1537 557 discors,

299 608 370 658 Tu
413 608 824 662 Nomentanum,
868 613 920 656 tu
961 620 1026 655 ne
1067 617 1361 672 sequerere
1401 600 1653 654 Cicutam.

299 709 477 771 Quare
516 724 613 776 per
652 705 804 757 divos
842 712 1023 757 oratus
1065 711 1292 772 uterque
1335 703 1588 761 PenateS‚

299 810 371 860 Tu
415 825 545 861 cave
585 824 651 859 ne
691 806 922 863 minuas,
965 813 1045 863 tu,
1088 819 1154 856 ne
1194 802 1364 854 maius
1404 801 1565 855 facias
1605 801 1682 862 id,

303 908 458 972 Quod
500 907 626 959 satis
667 924 788 959 esse
828 914 975 976 putat
1015 912 1166 974 pater
1204 912 1256 957 et
1294 911 1481 956 natura
1526 908 1755 956 coercet.

303 1011 589 1061 Praeterea
630 1025 694 1059 ne
735 1024 829 1059 vos
870 1003 1039 1058 titillet
1077 1003 1273 1075 gloria,
1316 1003 1430 1056 iure

302 1109 530 1161 Iurando
571 1107 898 1178 obstringam
937 1104 1123 1158 ambo:

227 1321 396 1371 ,gentiae
441 1320 615 1370 signum
660 1320 775 1358 erat.
823 1317 1097 1366 nimiumque

229 1380 363 1421 facilis
400 1382 496 1420 erat
534 1381 576 1419 in
616 1378 823 1419 donando
854 1389 929 1418 eas
961 1376 1100 1418 collu-

227 1442 445 1483 soribus.»
467 1465 510 1470 —-
530 1440 864 1491 donare-ludere]
889 1450 949 1479 se.
975 1441 1094 1487 «iis»,

227 1516 314 1555 quo
343 1503 446 1543 ludo
478 1506 518 1543 et
559 1503 683 1554 perdi
729 1502 946 1553 poterant.
1007 1501 1100 1540 Hoc
1132 1540 1134 1560 ζ

226 1566 353 1617 longe
392 1566 706 1617 significantius
747 1574 880 1615 quam
918 1561 1101 1602 Bentleii
1132 1568 1135 1607 ἵ

219 1629 408 1677 perdere.
446 1650 490 1656 —
523 1627 770 1666 abscondere
799 1625 968 1676 tristem]
1003 1635 1102 1664 «se-

225 1701 331 1728 vero
374 1687 493 1728 voltu
546 1690 588 1728 in
637 1687 743 1728 loeis
787 1688 961 1735 cavis,»
1006 1688 1101 1725 Lo·-

225 1752 395 1790 e-hern,
423 1775 466 1778 —
489 1751 704 1797 Eaetimut',
738 1761 786 1789 ne
808 1750 909 1801 cet]
933 1748 1100 1788 Eadem

228 1813 557 1853 constructione
607 1813 696 1852 Cic.
738 1811 873 1852 Aead.
925 1812 971 1858 2,
1018 1810 1097 1856 38,
1132 1819 1135 1867 ζ

229 1875 298 1913 121
326 1887 333 1912 ;
375 1875 659 1915 extimescere.
691 1885 741 1912 ne
770 1874 811 1912 id
840 1874 930 1912 iure
959 1883 1102 1912 evene-
1132 1886 1135 1904 ι

228 1937 296 1974 rit.
336 1959 378 1963 —
415 1935 734 1985 Nomentanum]
780 1935 1011 1985 prodigum
1050 1945 1101 1973 ac
1133 1970 1135 1976 Α

227 1997 514 2037 luxuriosum.
567 1999 651 2036 Sat.
678 1998 724 2037 4,
760 1998 805 2043 l,
842 1997 933 2035 1102.
971 2018 1014 2023 —
1039 1995 1103 2035 Ci-
1134 2004 1135 2042 ς

226 2060 379 2111 cutam]
412 2059 534 2099 Cons.
558 2071 598 2097 v,
624 2059 691 2098 69.
724 2081 768 2086 —
796 2069 874 2107 per
903 2058 1017 2096 diros
1036 2080 1058 2086 —
1079 2081 1100 2086 -

226 2123 406 2172 Penates]
439 2123 545 2173 Epp.
574 2122 587 2159 l
611 2153 618 2166 ,
644 2122 691 2163 7,
715 2120 787 2160 94:
817 2132 894 2170 per
928 2120 1103 2160 Genium
1133 2137 1135 2142 Α

227 2187 501 2233 dextramque
537 2185 710 2232 deosque
735 2183 917 2221 Penates.
946 2205 989 2209 —
1023 2193 1103 2221 na-

227 2252 325 2286 tura
343 2246 514 2297 coercet]
547 2245 704 2284 «certis
735 2243 895 2283 finibus
917 2243 1103 2283 circum·
1133 2240 1136 2314 j

228 2309 393 2349 scribit:
418 2307 593 2354 iudicat.
614 2305 740 2345 vobis
756 2308 799 2346 et
821 2306 983 2345 iustum
1001 2315 1099 2344 esse
1133 2321 1135 2347 :

227 2374 270 2411 et
300 2371 546 2411 sulficere.»

283 2433 374 2472 481.
406 2430 659 2482 intestabilis]
683 2430 859 2481 proprie
884 2430 978 2468 «eui
1002 2439 1102 2480 pro-

227 2497 325 2545 pter
372 2492 526 2532 delicta
574 2492 766 2542 (carmen
808 2491 967 2530 malum
1010 2492 1096 2529 Sat.

228 2558 269 2602 Ξ,
309 2556 350 2597 l.
383 2555 463 2594 82)
489 2553 556 2593 vel
588 2552 937 2604 prodigalitatem
970 2553 1102 2591 inter·
1132 2558 1134 2587 ἒ

228 2618 393 2656 dictum
410 2618 475 2655 est
498 2617 590 2654 iure
607 2616 907 2655 testimonium
926 2614 1099 2654 dicendi

227 2679 341 2730 apud
401 2677 593 2721 iudices.
660 2676 908 2716 testamenti
967 2676 1098 2715 etiam

228 2739 413 2780 faciendi
457 2742 498 2778 et
546 2740 811 2777 testamento
857 2737 1101 2789 quidquam

227 2802 283 2841 ab
304 2801 386 2840 alio
417 2799 705 2851 aecipiendi.»
764 2801 854 2839 Iam
886 2810 987 2839 cum
1021 2810 1102 2851 pa-

228 2867 296 2903 ter
325 2863 458 2902 filium
490 2864 666 2913 proprio
698 2872 831 2901 sensu
872 2860 1102 2900 intestabi-

228 2925 314 2964 lem
347 2936 444 2963 esse
489 2923 638 2961 iubere
671 2934 757 2961 non
797 2925 950 2973 posset
992 2923 1102 2961 lete-

229 2988 317 3025 nim
359 2987 441 3024 hoc
478 2984 572 3035 lege
616 2985 705 3022 [ieri
746 2983 979 3031 debebat),
1020 2994 1102 3034 ap·-

229 3050 352 3099 paret
396 3047 464 3085 liis:
506 3057 556 3084 ex
599 3046 817 3084 sermonis
860 3044 1100 3095 quotidiani

228 3109 545 3148 consuetudine
569 3108 816 3152 sig-'nificare
850 3107 1099 3145 «hominem
1132 3127 1134 3141 ι

229 3172 408 3221 propter
470 3168 794 3219 inprobitatem
857 3167 1100 3206 detestabi—

227 3233 364 3273 lem.»
406 3231 530 3270 cuins
562 3241 665 3267 usus
697 3229 895 3281 exempla
929 3228 1100 3279 collegit

228 3291 561 3336 L'nterholzner,
594 3290 749 3330 Salust.
784 3292 873 3340 lug.
899 3291 975 3329 67:
1019 3291 1100 3329 im-

221 3356 377 3405 probus
405 3354 722 3403 intestabilisque
759 3353 888 3402 (adde
929 3355 1095 3404 fragm.

228 3419 297 3457 Or.
319 3419 422 3468 Lep.
440 3419 454 3456 l
473 3429 481 3455 :
498 3417 620 3466 peior
636 3420 760 3465 atque
780 3415 1060 3455 intestabilior.
1065 3416 1096 3467 ).

1164 1113 1283 1157 uter
1322 1103 1509 1157 aedilis
1549 1103 1771 1157 fueritve
1936 1101 1955 1155 -1
1971 1104 2038 1155 80

1129 1316 1133 1367 j
1166 1316 1230 1355 ⁴8.
1255 1339 1298 1343 —-
1317 1315 1447 1364 sacer]
1470 1326 1536 1366 pr.
1564 1315 1665 1366 «qui
1685 1314 1806 1366 leges
1827 1317 2036 1363 sacratas,

1132 1376 1326 1428 'quibus
1375 1375 1674 1416 innitebantur
1720 1375 1864 1428 plebis
1918 1377 2038 1425 iura,

1132 1438 1370 1498 3violarat,
1417 1439 1453 1479 is
1497 1437 1730 1490 plebiscito
1774 1439 1815 1478 in
1853 1439 2040 1478 comitiis

1165 1501 1339 1541 tributis
1368 1503 1521 1551 rogato
1544 1511 1673 1540 sacer
1702 1499 1768 1541 dis
1802 1500 1951 1542 inferis
1981 1501 2043 1540 iu-

1165 1562 1438 1603 dicabatur.»
1503 1563 1656 1602 Festus
1697 1574 1739 1614 p.
1772 1563 1866 1603 3⁴8.
1906 1561 2036 1604 Mun:

1132 1624 1135 1646 ·'
1167 1626 1334 1665 «Homo
1365 1635 1493 1663 sacer
1532 1625 1568 1664 is
1599 1626 1686 1672 est,
1731 1635 1865 1675 quem
1896 1635 2040 1676 popu—

1165 1686 1232 1727 lus
1263 1686 1470 1726 iudicavit
1494 1685 1550 1725 oh
1573 1685 1862 1734 maleficium3
1896 1697 2041 1737 neque

1165 1748 1229 1788 fas
1260 1750 1326 1788 est
1357 1758 1459 1787 eum
1492 1746 1731 1797 immolari,
1764 1748 1844 1788 sed
1875 1749 1950 1799 qui
1971 1759 2042 1788 oc-

1166 1811 1292 1859 eidit,
1316 1809 1537 1862 parricidii
1558 1821 1646 1850 non
1667 1811 1916 1858 damnatum
1939 1821 2041 1851 narn

1165 1871 1261 1924 lege
1294 1872 1522 1912 tribunicia
1558 1873 1702 1924 prima
1743 1874 1946 1913 cavetur:
1993 1873 2044 1912 Sl

1167 1937 1289 1986 QUIS
1308 1936 1426 1974 EUM
1436 1966 1450 1983 ,
1487 1935 1580 1984 QUI
1594 1935 1666 1974 EO
1684 1935 1879 1974 PLEBEI
1894 1933 2042 1974 SCITO

1134 1988 1135 1991 ’
1166 1997 1331 2036 SACER
1367 1997 1469 2044 SIT,
1518 1996 1822 2045 OCCIDERIT,
1866 1995 2043 2036 PARRI-

1166 2058 1289 2098 CIDA
1319 2059 1396 2097 NE
1416 2058 1508 2097 SIT.
1561 2058 1620 2097 Ex
1643 2069 1730 2108 quo
1747 2058 1888 2108 quivis
1909 2058 2041 2097 homo

1166 2118 1307 2160 malus
1337 2122 1469 2170 atque
1503 2118 1733 2170 improbus
1751 2131 1869 2158 sacer
1888 2119 2042 2171 appel-

1134 2182 1135 2188 ’
1166 2180 1244 2221 lari
1275 2180 1428 2221 solet.»

1222 2243 1420 2282 482-486.
1467 2243 1586 2282 Haec
1623 2243 1770 2282 omnia
1807 2241 2041 2284 manifesto

1133 2351 1135 2366 Ι
1166 2304 1377 2356 Oppidius
1409 2303 1536 2351 dicit:
1579 2315 1663 2344 nee
1694 2305 1885 2344 Stertinii
1913 2307 2038 2354 sunt,

1132 2371 1135 2423 g
1166 2368 1213 2405 ut
1242 2365 1311 2405 alii
1340 2364 1589 2405 voluerunt.
1653 2367 1831 2416 Utrique
1862 2377 1969 2406 sane
1995 2365 2043 2406 fi-

1164 2427 1219 2467 lio
1250 2439 1392 2478 aeque
1423 2438 1580 2467 severe
1612 2427 1848 2476 interdicit,
1882 2439 1938 2468 ne
1959 2428 2042 2468 ho-

1165 2490 1347 2530 noribus
1378 2490 1548 2529 inhient
1575 2490 1840 2541 patrimonio
1861 2489 2043 2530 damno-

1164 2553 1238 2592 sis.
1298 2553 1428 2594 Nam.
1464 2553 1544 2591 etsi
1582 2552 1721 2602 inagis
1751 2552 2041 2592 metuendum

1132 2619 1135 2650 ι
1166 2616 1283 2656 erat.
1318 2625 1373 2653 ne
1403 2612 1539 2653 Aulus
1561 2624 1696 2664 quam
1716 2613 1916 2654 Tiberius
1934 2624 2041 2665 pro-

1134 2709 1135 2714 ,
1165 2678 1317 2727 pterea
1366 2674 1593 2715 facultates
1646 2686 1751 2715 suas
1803 2674 2040 2726 aliquando

1133 2724 1136 2803 j
1165 2737 1472 2789 profunderet,
1498 2735 1801 2793 nihilominus,
1824 2738 1874 2776 ut
1892 2738 1935 2777 in
1950 2748 2042 2778 ser-

1133 2805 1136 2816 ·
1166 2809 1296 2838 mone
1328 2798 1606 2848 quotidiano,
1641 2799 1764 2848 quasi
1795 2800 2041 2849 generatim

1131 2825 1296 2911 iatque
1333 2860 1539 2900 universe
1579 2859 1860 2911 loqueretur,
1906 2862 2041 2901 utitur

1132 2905 1136 2970 i,
1165 2922 1360 2963 secunda
1387 2933 1575 2973 persona
1597 2923 1769 2961 numeri
1791 2922 2035 2973 singularis,

1132 2989 1228 3040 Ιιιι,
1278 2983 1512 3023 «alteruter
1554 2986 1755 3024 vestrum
1801 2984 2036 3026 ambove.»

1132 3048 1135 3120 j
1169 3069 1211 3075 —-
1245 3047 1291 3084 In
1320 3046 1462 3097 cicere]
1497 3045 1640 3086 Ludos
1662 3046 1900 3097 significat,
1933 3057 2040 3098 quo-

1165 3118 1262 3146 rum
1295 3108 1427 3146 editio
1460 3110 1641 3159 propter
1670 3107 1932 3158 gladiatores
1961 3118 2039 3147 ex-

1131 3148 1134 3225 i
1165 3168 1398 3217 bibendos,
1420 3170 1560 3208 sorum
1574 3169 1743 3217 statuis,
1760 3169 1936 3209 Circum
1947 3170 2041 3208 ten·

1130 3242 1134 3281 ξ
1164 3232 1223 3270 sis
1254 3231 1525 3278 ornandum,
1559 3232 1749 3270 maiores
1777 3230 1927 3281 utique
1955 3231 2039 3270 im-

1130 3287 1133 3338 }
1164 3304 1325 3343 pensas
1341 3291 1555 3332 aedilibus
1573 3303 1623 3332 ae
1646 3291 1923 3343 praetoribus
1936 3302 2039 3332 con-

1130 3350 1133 3374 ῑ
1163 3354 1390 3403 trahebat,
1420 3365 1554 3405 quam
1580 3353 1699 3405 quod
1726 3364 1827 3393 cum
1859 3354 1909 3392 iis
1936 3364 2039 3393 con-

1129 3391 1133 3485 !
1164 3417 1361 3456 iunctum
1391 3417 1509 3464 erat,
1541 3417 1589 3455 ut
1616 3415 1792 3454 infimae
1823 3413 2038 3466 plebecu-

1932 597 2033 651 475
2089 675 2095 677 -

2192 3383 2214 3443 ’ἓ

2195 3436 2218 3474 *⁴*
2188 2596 2231 3406 ²·=<·⁴·*²0·-·‘i·m-÷·-Am-

227 3481 327 3519 Tae.
347 3483 455 3518 Ann.
478 3480 540 3521 ⁴5,
565 3480 631 3518 535.
656 3477 758 3518 Plin.
779 3477 844 3522 30,
870 3478 907 3516 2.
933 3476 1037 3517 Geli.
1057 3478 1094 3524 7,
1130 3505 1133 3510 -
1163 3476 1228 3517 lae
1245 3475 1583 3518 distribueret-ur
1598 3477 1728 3525 cicer,
1748 3475 1862 3525 faba,
1885 3475 2033 3528 lupini.
2167 3474 2231 3787 1
