2231 3787
818 262 913 302 Lm.
950 263 996 301 ll.
1058 263 1167 302 SAT.
1203 264 1270 301 111.

1865 261 1962 313 269

225 392 558 464 Chrysippus
598 392 744 462 ponit
782 391 1006 445 secunda
1045 392 1096 443 in
1136 401 1293 462 gente
1335 393 1556 446 Meneni.

227 493 484 563 luppiter.
529 493 769 562 ingentes
808 492 898 562 qui
939 491 1035 544 das
1077 491 1377 564 adimisque
1418 492 1658 553 doloreS,

225 594 390 646 Mater
428 594 498 646 ait
538 593 687 663 pueri
729 609 941 646 menses
983 593 1084 645 iam
1123 594 1363 664 quinque
1403 593 1674 649 cubantiS.

228 694 436 764 Frigida
476 694 517 745 si
560 711 784 764 puerum
823 701 1083 764 quartana
1122 693 1422 765 reliquerit,
1468 693 1553 747 illo

1856 697 1961 749 290

223 794 373 847 Mane
413 794 526 855 die,
569 812 676 865 quo
717 804 769 847 tu
812 793 998 847 indicis
1039 794 1258 856 ieiunia,
1300 794 1476 848 nudus

225 895 278 945 ln
319 894 491 948 Tiberi
535 895 705 948 stabit.

783 896 952 948 Casus
993 894 1302 949 medicusve
1341 895 1528 949 levarit

206 1057 312 1106 lich,
348 1060 427 1109 Qut
456 1063 542 1098 tam
573 1058 804 1109 inaquam?
850 1059 895 1098 K.
930 1057 1117 1098 Scheibe
1149 1059 1418 1099 Schneidew.
1456 1060 1602 1101 Philol.
1641 1062 1684 1101 V.
1723 1074 1763 1114 p.
1797 1063 1905 1113 473.)

211 1143 252 1148 —
288 1126 418 1160 morte
447 1120 554 1161 Cod.
588 1121 776 1161 Tonsan.
830 1144 871 1148 —
919 1121 1012 1160 ⁶286.
1045 1121 1167 1172 vulqo
1199 1132 1221 1160 c
1253 1124 1293 1160 et
1327 1133 1438 1160 corr.
1473 1124 1514 1161 S.
1566 1146 1603 1153 -
1652 1124 1743 1164 292³..
1776 1127 1906 1165 medi-

204 1193 356 1231 cusque
385 1181 427 1221 b.

151 1306 358 1357 pturienti
405 1306 632 1346 hominem
687 1306 818 1345 istum
875 1309 1022 1345 mente

149 1370 327 1419 captum
359 1378 502 1408 esse.»
549 1368 655 1416 «Qui
684 1367 881 1407 vendunt
902 1378 1023 1406 man—

149 1429 286 1481 cipia,
319 1428 460 1469 solent
492 1429 574 1468 hoc
597 1428 817 1468 adiicere:
851 1429 1024 1468 SANUS

149 1491 386 1532 CORPORE
408 1492 476 1530 ET
491 1491 708 1531 ANIMO.»
741 1493 893 1530 Ponrn.
929 1492 1018 1531 Cic.

148 1553 203 1594 de
234 1553 354 1594 orno.
392 1554 438 1601 3,
487 1554 556 1601 47,
602 1554 676 1592 7¹:
728 1554 810 1592 Nec
848 1564 945 1592 vero
981 1554 1021 1591 in

143 1616 330 1666 praediis
357 1615 488 1654 solum>
519 1615 581 1653 ius
599 1615 716 1654 civile
735 1637 795 1643 —-
817 1615 1020 1654 malitiam

144 1678 417 1728 fraudemque
451 1678 658 1723 vindicat,·
702 1678 770 1716 sed
812 1677 936 1716 etiam
979 1677 1021 1715 in

145 1739 452 1789 mancipiorum
511 1740 740 1778 venditione
799 1738 1023 1778 venditoris

143 1802 265 1852 fraus
305 1803 436 1840 onmis
476 1801 725 1841 excluditur.
789 1801 867 1851 Qui
914 1801 1022 1839 enim

145 1865 251 1904 scire
270 1863 428 1911 debuit,
461 1863 510 1902 de
528 1863 721 1912 sanitate,
745 1863 793 1901 de
820 1862 941 1914 fuya,
974 1862 1022 1901 de

143 1926 284 1977 furtis,
304 1928 493 1975 praestat
513 1925 642 1964 edicto
659 1925 869 1964 aedilium.
894 1924 1016 1965 Conf.

147 1986 252 2028 Gell.
278 1988 326 2026 N.
352 1988 399 2026 Α.
424 1985 473 2034 4,
504 1986 554 2034 ἓ,
590 1987 626 2025 i.
679 1987 842 2038 Digest.
875 1988 920 2027 L.
950 1986 1017 2026 2⁴.

146 2049 192 2088 Τ.
218 2049 263 2088 4;
299 2048 377 2097 Qui
405 2047 616 2096 mancipia
636 2049 837 2096 vendunt,
869 2048 1021 2088 certio-

146 2121 211 2150 res
254 2110 415 2160 saciant
460 2114 684 2160 emptores,
744 2110 843 2160 quid
888 2110 1021 2150 morbi

145 2173 315 2220 vitiique
359 2172 507 2221 cuique
551 2173 624 2221 sit,
685 2173 777 2222 quis
821 2173 1022 2224 fugitivus

146 2244 291 2274 errore
334 2234 383 2272 sit
431 2245 594 2273 noxave
638 2235 793 2274 solutus
829 2246 913 2274 non
950 2236 1016 2282 sit,

146 2297 367 2345 eademque
395 2295 553 2343 omnia,
599 2306 692 2334 cum
722 2306 772 2335 ea
808 2296 1021 2345 mancipia

144 2358 355 2404 venibunt,
390 2357 535 2406 palam
565 2361 671 2395 recte
700 2359 1016 2406 pronuntiante.

147 2419 270 2460 cont.
294 2419 401 2469 Epp.
424 2418 448 2456 ¹2
465 2449 473 2465 ,
498 2418 521 2457 2
542 2449 550 2465 ,
586 2418 659 2457 ⁴6:
704 2419 787 2457 Des
816 2430 1018 2468 nummos,

145 2486 370 2532 excepta
399 2480 500 2519 nihii
527 2484 565 2520 te
592 2481 627 2519 si
653 2481 758 2532 fuya
788 2482 941 2521 laedat.
970 2505 1014 2511 —

145 2545 230 2584 Hoc
277 2555 316 2593 q.
357 2541 523 2593 volgus]
575 2543 1017 2593 «superstitiosorum

146 2604 514 2657 multitudinem.»
536 2624 580 2632 —
606 2604 870 2657 Chrysippus]
893 2605 1016 2645 Cous.

145 2668 232 2708 Sat.
267 2667 311 2714 4,
358 2665 404 2714 3,
454 2665 532 2704 426
575 2677 642 2717 sq.
679 2687 724 2694 —
755 2667 934 2717 fecunda
977 2668 1020 2706 in

144 2728 283 2781 yente]
336 2726 647 2778 fruchtbare
693 2728 1015 2779 Sippschast.

145 2790 272 2830 Voss.
319 2812 362 2817 —
403 2789 579 2840 Meneni]
624 2789 813 2831 hominis
853 2791 1016 2839 insani,

147 2853 251 2891 tunc
284 2849 491 2890 omnibus
528 2849 644 2890 bene
683 2852 787 2891 noti.
849 2854 1022 2892 «Mene-

147 2912 245 2951 nius
284 2911 364 2950 suit
404 2909 484 2951 illis
525 2911 800 2963 temporibus
839 2914 1020 2954 insanus

147 2971 215 3012 vel
245 2974 366 3012 certe
396 2971 620 3023 plebeius,
661 2975 735 3024 qui
765 2974 903 3014 videri
937 2987 1018 3015 vo-

145 3033 224 3075 luit
252 3044 277 3072 a
306 3033 529 3080 MeneniO,
563 3034 638 3084 qui
658 3037 861 3076 senatum
883 3039 926 3077 et
944 3048 1020 3088 po-

147 3093 300 3146 pulum
329 3094 372 3133 in
397 3093 579 3144 gratiam
605 3095 790 3136 reduxit.
813 3119 837 3126 -
855 3119 878 3127 -
899 3099 1019 3140 Unde

145 3155 374 3196 Meneniae
421 3153 616 3203 (Comm.
663 3156 795 3208 Cruq.
836 3159 1018 3200 ridicule

145 3216 306 3267 neniae)
373 3214 578 3256 stultitiae
641 3216 711 3256 vel
775 3219 1018 3271 ineptiae.»

147 3279 302 3318 Pomm.
364 3277 696 3318 «Meneniorum
739 3277 899 3320 familia
943 3281 1022 3321 fuit

148 3339 494 3390 superstitiosa.»
546 3339 676 3378 Aeno.

200 3399 410 3440 288-295.
461 3399 659 3449 Iuppiter]
704 3397 902 3440 Alterum
943 3411 1021 3442 su-

148 3460 414 3511 perstitionis
448 3461 627 3502 insanae
666 3459 918 3513 exemplum
955 3461 1020 3504 af-

1088 1304 1185 1345 fert.
1209 1329 1253 1334 —
1271 1307 1470 1360 cubantis]
1495 1311 1830 1359 «aegrotantis»
1863 1311 1957 1351 Vid.

1087 1368 1142 1407 ad
1174 1369 1260 1408 Sat.
1297 1371 1341 1417 4,
1376 1371 1422 1419 9,
1462 1371 1522 1411 18.
1560 1395 1604 1401 -
1638 1373 1706 1412 illo
1735 1374 1860 1413 Mane
1879 1375 1958 1417 die.

1087 1443 1166 1481 quo
1198 1436 1243 1471 tu
1278 1432 1380 1484 cet.]
1413 1433 1483 1472 die
1525 1435 1653 1485 igitur
1689 1437 1824 1484 Iovis,
1872 1448 1960 1488 quo

1087 1494 1288 1534 homines
1319 1495 1578 1545 orientales,
1614 1498 1781 1546 ludaei,
1814 1500 1961 1549 Aegy-

1085 1557 1159 1607 ptii
1199 1557 1407 1597 ieiunium
1439 1569 1619 1598 servare
1651 1563 1694 1599 et
1733 1561 1772 1600 in
1814 1562 1961 1602 {lumi—

1087 1618 1213 1657 nibus
1232 1619 1433 1669 expiandi
1458 1631 1505 1659 se
1525 1623 1565 1660 et
1589 1622 1802 1672 purgandi
1825 1634 1959 1663 causa

1084 1678 1219 1718 lavari
1264 1679 1479 1720 solebant.
1557 1683 1680 1722 Cons.
1720 1686 1868 1724 iuven.
1911 1685 1956 1732 6.

1084 1742 1197 1789 522„
1242 1741 1318 1780 ubi
1356 1742 1514 1782 semina
1551 1746 1858 1795 superstitiosa
1890 1747 1962 1785 Hi-

1083 1802 1254 1841 ber-num
1298 1804 1438 1853 fracta
1485 1805 1617 1855 glacie
1664 1807 1870 1846 descendet
1917 1808 1960 1847 in

1084 1875 1270 1912 amnem,
1306 1865 1379 1904 Ter
1406 1867 1613 1906 niatu-tino
1645 1868 1775 1907 Tiberi
1804 1880 1962 1920 merae-

1082 1930 1152 1965 ίαν
1171 1930 1207 1965 et
1236 1927 1334 1976 ipsis
1364 1928 1588 1974 Vorticibus
1614 1929 1803 1970 timidum
1833 1935 1959 1981 caput

1083 1989 1230 2028 abluet.
1298 1990 1436 2039 (Hunc
1481 1991 1575 2031 dies
1611 2002 1634 2030 a
1675 1996 1848 2043 septem
1892 1993 1959 2034 dis

1085 2051 1342 2102 designandi
1374 2064 1545 2093 morem
1574 2053 1817 2095 admodum
1839 2066 1960 2095 com-

1084 2124 1266 2153 munem
1307 2113 1470 2153 sactum
1511 2125 1610 2155 esse
1641 2116 1758 2167 apud
1798 2118 1960 2156 Roma-

1084 2185 1163 2214 nos
1200 2175 1506 2214 demonstrant
1545 2177 1678 2216 etiam
1719 2176 1872 2217 Tibull.
1909 2180 1955 2226 t,

1084 2236 1126 2284 3,
1175 2237 1238 2276 48.
1291 2236 1370 2276 Dio
1409 2237 1530 2277 Cass.
1570 2237 1640 2286 37,
1681 2239 1746 2278 48.
1788 2241 1832 2278 et
1867 2239 1955 2278 Vll.

1084 2297 1259 2337 dierum
1290 2298 1459 2348 pictura
1492 2299 1758 2349 Pompeiana
1790 2300 1831 2339 in
1860 2301 1959 2339 Mu-

1081 2369 1147 2397 seo
1175 2358 1404 2397 Borbonico
1432 2358 1502 2397 XI.
1541 2360 1586 2398 T.
1624 2360 1662 2398 3.
1716 2360 1801 2400 Csr.
1839 2361 1868 2400 1.
1906 2361 1954 2400 C.

1084 2420 1197 2459 Hare
1228 2431 1280 2458 on
1321 2420 1384 2458 the
1412 2430 1555 2458 names
1592 2421 1640 2470 os
1674 2422 1737 2460 the
1772 2422 1876 2470 days
1917 2422 1966 2472 of

1083 2481 1146 2519 the
1195 2480 1302 2520 week
1348 2481 1391 2518 in
1436 2481 1705 2532 Pliiloloyical
1751 2483 1953 2522 Museum.

1083 2541 1328 2592 Cambridge
1359 2540 1477 2584 483¹.
1513 2542 1561 2591 1.)
1598 2565 1639 2570 —
1674 2543 1843 2595 ieiunia]
1865 2545 1958 2584 Ma-

1082 2604 1176 2654 gnis
1208 2604 1249 2642 in
1280 2601 1601 2643 calamitatibus
1632 2615 1655 2643 a
1677 2607 1957 2656 superstitio-

1081 2666 1140 2705 sis
1170 2665 1302 2704 etiam
1333 2665 1447 2703 inter
1475 2663 1659 2714 gentiles
1680 2666 1839 2706 ieiunia
1859 2678 1958 2707 ser·-

1081 2728 1180 2765 vata
1220 2736 1319 2765 esse
1357 2727 1543 2765 testatur
1578 2726 1868 2768 Tertullianus
1899 2728 1955 2768 de

1081 2788 1246 2828 Ieiunio
1285 2788 1364 2827 ⁴5:
1416 2787 1517 2827 Cum
1553 2791 1685 2838 stupet.
1722 2790 1882 2829 caelum
1921 2794 1957 2829 et

1081 2853 1174 2889 aret
1200 2860 1357 2897 annus,
1404 2850 1670 2899 nudipedalia
1703 2852 1956 2891 denuntian-

1080 2915 1174 2958 tur,·
1196 2933 1215 2940 -
1231 2932 1250 2939 -
1267 2911 1484 2951 Iudaicum
1513 2916 1621 2951 certe
1650 2912 1849 2952 ieiunium
1868 2913 1957 2953 ubi-

1081 2985 1158 3024 que
1186 2973 1430 3013 celebratur.
1469 2996 1513 3001 —
1547 2974 1676 3014 Casus
1704 2974 1805 3026 cet.]
1839 2975 1955 3016 «Etsi

1081 3035 1266 3075 fortasse
1304 3045 1434 3075 casus
1470 3035 1728 3076 medicusve
1765 3047 1955 3087 puerum

1083 3108 1136 3137 ex
1174 3097 1270 3147 ipso
1309 3097 1425 3136 vitae
1465 3095 1662 3147 periculo
1703 3097 1954 3148 eripuerit.»

1081 3159 1164 3198 ΑΜ,
1193 3157 1418 3197 contendit
1438 3158 1587 3198 Latine
1610 3157 1694 3197 dici
1714 3169 1801 3197 non
1821 3169 1954 3210 posse

1080 3219 1221 3259 levare
1248 3229 1302 3258 ez>
1330 3219 1477 3268 aliqua
1503 3229 1549 3258 re
1584 3228 1668 3258 nec
1706 3218 1845 3257 levare
1872 3219 1955 3257 aii-

1081 3291 1201 3329 quem
1223 3279 1408 3330 (morbo)
1430 3291 1485 3320 ea:
1508 3280 1756 3330 praecipiti,
1789 3279 1953 3319 idcirco

1082 3341 1483 3393 interpungendum
1513 3352 1636 3382 esse:
1670 3341 1798 3381 Casus
1823 3341 1955 3379 medi-

1080 3413 1201 3443 cusve
1229 3404 1403 3453 levarit,
1448 3404 1628 3454 Aegrum
1655 3413 1710 3442 ex
1730 3402 1956 3452 praecipiti

1080 3468 1217 3506 mater
1246 3465 1379 3506 delira
1399 3464 1558 3505 necabit
1575 3485 1594 3492 -
1611 3485 1630 3492 -
1646 3463 1872 3513 febrimque
1892 3474 1955 3504 re-
