2231 3787
232 270 332 320 508

846 272 1057 312 llORATll
1090 272 1455 314 EPISTOLARUM

303 400 397 452 Cui
437 399 611 470 placet
649 399 894 458 alterius,
938 419 1035 454 sua
1074 401 1323 453 nimirum
1363 410 1444 454 est
1482 400 1607 452 odio
1649 418 1782 454 sors.

301 500 501 554 Stultus
541 511 768 572 uterque
807 501 984 556 locum
1023 502 1345 554 immeritum
1384 509 1636 554 causatur
1674 501 1882 572 inique3

299 603 357 653 In
397 601 554 673 culpa
592 612 672 656 est
710 604 939 664 animus,
982 603 1073 672 qui
1112 619 1171 656 se
1208 618 1316 654 non
1355 600 1539 672 effugit
1576 619 1830 672 unquam.

299 704 373 754 Tu
412 703 761 756 mediastinus
803 703 958 756 tacita
997 719 1160 772 prece
1200 720 1326 756 rura
1364 702 1616 773 petebaS,

299 805 449 856 Nunc
488 803 678 856 urbem
718 811 770 856 et
809 802 965 855 ludos
1005 811 1057 856 et
1092 802 1286 856 balnea
1322 803 1513 857 vilicus
1553 812 1733 874 optas3

1983 804 2048 857 45

298 905 379 957 Me
417 912 663 958 constare
702 904 828 956 mihi
868 904 975 957 scis
1015 912 1067 957 et
1105 903 1388 958 discedere
1430 905 1658 967 tristem,

340 1055 403 1092 Μ.
437 1054 541 1106 sors]
571 1065 637 1093 res
668 1053 806 1094 Codd.
841 1052 941 1104 aliq.
975 1051 1174 1092 Lambini
1207 1054 1250 1091 et
1280 1053 1475 1104 Cruquii.
1511 1053 1576 1104 (Ut
1596 1064 1697 1102 nos,
1732 1064 1888 1094 omnes
1911 1066 1993 1094 no-

280 1116 357 1155 stri
386 1118 427 1154 et
459 1115 681 1165 Pottierii.)
718 1139 761 1143 —
800 1115 864 1154 42.
891 1115 1129 1154 inmeritum
1150 1114 1255 1154 Ecd.
1293 1138 1336 1142 —
1373 1114 1437 1154 43.
1470 1124 1649 1163 usquam
1671 1115 1892 1166 Doeringii
1917 1127 1995 1156 su-

281 1178 430 1228 spicio.
469 1200 512 1205 —
549 1179 612 1217 45.
645 1178 791 1217 vilicus
821 1178 882 1217 SE
916 1178 1018 1228 (non
1047 1176 1135 1226 bc).

224 1316 345 1356 boris
378 1318 418 1356 te
442 1319 691 1356 exerceat.»
718 1340 762 1345 —
789 1317 1000 1369 nimirum]
1028 1329 1104 1357 na-

223 1378 385 1417 tiirlich.
413 1402 457 1406 —
481 1379 665 1430 uterque]
690 1380 802 1419 Cum
823 1390 957 1419 versu
976 1391 1103 1431 prae—

224 1441 320 1480 ced.
347 1451 432 1480 una
455 1440 683 1480 dumtaxat
711 1452 904 1492 persona
936 1442 1102 1492 signifi-

224 1504 366 1550 cetur,
400 1503 471 1541 νὴ(
503 1501 627 1542 aliter
648 1502 743 1542 fieri
765 1504 932 1553 potest,
966 1513 1102 1554 quam

222 1566 271 1603 ut
309 1573 412 1602 cum
451 1562 676 1615 plerisque
718 1563 819 1604 inde
851 1576 875 1603 a
906 1564 1101 1604 Landino

220 1636 362 1675 usque
422 1626 478 1665 ad
536 1626 742 1666 vossium
794 1625 1097 1678 explicemus:

223 1698 330 1738 «ego
362 1698 413 1726 ac
444 1690 539 1737 tu,»
583 1690 638 1728 ita
669 1691 718 1728 ut
748 1689 956 1730 dominus
988 1701 1101 1741 quo-

221 1748 461 1789 dammodo
482 1761 612 1790 servo
635 1762 682 1790 se
705 1752 985 1803 aequiparet,
1019 1751 1101 1792 sed
1131 1785 1135 1793 .

221 1812 322 1849 κατ’
370 1812 627 1867 εἰρωνείαν.
693 1815 804 1853 Nam
848 1814 972 1865 ipse,
1025 1815 1100 1865 qui

222 1936 315 1974 cius
352 1935 523 1973 viveret
562 1937 694 1985 atque
735 1938 779 1975 in
817 1937 1098 1976 emendando

221 2007 268 2036 se
300 1995 715 2047 tranquillandoque
747 1996 978 2048 diligenter
1015 1997 1101 2037 ela—

219 2057 422 2105 boraret,
471 2057 651 2097 stultum
695 2059 810 2098 serio
851 2070 898 2099 se
935 2070 1097 2099 vocare

221 2131 506 2170 nequaquam
548 2122 734 2171 poterat.
795 2122 930 2172 Ergo,
979 2121 1098 2172 quod

221 2181 276 2220 ad
298 2192 452 2221 verum
472 2193 653 2221 sensum
672 2184 848 2233 attinet,
883 2186 950 2224 est
972 2185 1098 2235 quasi

219 2243 437 2294 generalis
460 2246 702 2283 sententia:
739 2247 917 2296 «Aeque
940 2245 1096 2286 stultus

220 2308 286 2344 est
318 2307 503 2355 uterque
538 2308 579 2345 et
619 2307 691 2356 qui
723 2306 838 2346 nulla
871 2310 992 2347 certa
1023 2319 1097 2347 ra-

219 2369 335 2406 tione
367 2367 526 2407 ductus
557 2366 718 2407 urbem
752 2369 812 2418 (ut
840 2370 886 2407 tu
908 2368 1029 2418 facis)
1053 2371 1097 2408 et

219 2429 292 2479 qui
323 2439 398 2468 rus
428 2429 663 2480 praefert.»
700 2453 743 2457 —
777 2430 911 2469 locum
949 2431 1096 2470 imme-

217 2493 346 2531 ritum
365 2493 578 2542 causatur]
604 2491 797 2542 «locum,
831 2494 956 2533 cuius
979 2492 1095 2533 nulla
1125 2524 1128 2540 ,

218 2556 286 2593 est
316 2553 467 2605 culpa,
500 2553 731 2603 αἰτιᾶται,
766 2558 990 2595 accusat.»
1024 2557 1093 2596 Sic

218 2615 296 2655 Od.
324 2616 338 2654 l
363 2647 370 2663 ,
397 2617 470 2663 47,
505 2616 580 2656 28:
615 2617 865 2656 immeritam
884 2640 907 2645 -
927 2622 1089 2657 vestem.

217 2677 303 2715 Sat.
336 2677 384 2725 2,
428 2676 472 2725 3,
507 2677 553 2716 7;
600 2678 831 2717 immeritus
851 2701 916 2707 --
932 2680 1088 2728 parics.

221 2761 264 2766 —
283 2749 323 2777 se
341 2739 529 2791 -effuqifl
555 2739 631 2778 Od.
648 2741 690 2787 Ξ,
718 2741 790 2788 vv¹6,
817 2740 890 2779 49:
923 2742 1093 2780 Patriae

217 2801 307 2849 quis
335 2802 453 2839 exsul
482 2802 533 2840 Se
564 2813 724 2851 quoque
750 2802 891 2853 fugit?
925 2826 968 2830 —
1001 2815 1092 2842 me-
1124 2849 1125 2854 ¹

216 2862 430 2913 diastinus]
464 2874 485 2901 a
519 2875 558 2901 v.
591 2865 767 2911 medius,
801 2866 849 2903 ut
877 2865 1093 2904 clandesti-

216 2934 292 2962 nus
323 2934 345 2961 a
377 2935 417 2962 ν.
450 2925 582 2973 clam,
616 2936 772 2966 servus
804 2925 939 2965 infimi
969 2926 1091 2965 ordi<
1122 2925 1124 2969 ἕ

216 2985 301 3032 nis,
344 2986 383 3023 in
416 2986 562 3024 medio
593 2989 793 3037 paratus,
834 2987 939 3027 nulli
969 2990 1090 3027 certo

216 3047 459 3086 ministerio
518 3047 742 3096 addictus,
803 3049 882 3088 sed
940 3048 1090 3088 viliora
1122 3051 1123 3096 j

216 3119 419 3159 quaeque
439 3119 621 3148 munera
639 3109 762 3149 obire
780 3109 948 3159 solitus,
968 3111 1089 3150 iussu

216 3171 349 3209 etiam
393 3180 711 3210 conservorum
755 3173 971 3211 artificum
1020 3171 1123 3230 vel,

215 3233 392 3283 proprio
421 3230 567 3281 aliquo
590 3242 774 3271 munere
796 3233 1083 3283 fungentium,
1119 3231 1123 3254 ¹

213 3295 261 3331 ut
290 3294 391 3332 sunt
420 3292 773 3344 dispensatores,
811 3295 1088 3334 ratiocinato-

214 3364 308 3401 res,
342 3353 613 3393 cuhicularii.
666 3353 836 3394 Colum.
864 3356 907 3403 t,
946 3356 993 3403 9,
1028 3355 1081 3395 3:

213 3415 484 3454 Mediastinus
512 3416 809 3466 qualiscunque
826 3420 957 3455 status
979 3418 1084 3467 (sta-

219 1883 296 1912 rus
316 1872 415 1911 ideo
439 1873 744 1924 praeferebat,
777 1877 826 1914 ut
846 1875 906 1914 ibi
929 1875 1100 1926 simpli-
1129 1795 1134 2101 Ι

215 3476 351 3524 turae)
377 3481 511 3526 potest
540 3488 644 3526 esse,
688 3478 906 3516 dammodo
931 3489 1083 3528 perpe·
1115 3500 1118 3518 ι

1167 1318 1302 1357 tiendo
1346 1317 1483 1357 labori
1524 1318 1575 1356 sit
1617 1318 1800 1358 idoneus,
1854 1319 2049 1369 (Ursinus

1166 1382 1386 1419 memorat
1432 1380 1736 1431 pavimentum
1779 1380 2047 1422 vermicula-

1167 1443 1261 1481 tum
1310 1443 1580 1491 Romanum,
1632 1441 1709 1482 ubi
1756 1442 2046 1485 mediastinus

1166 1514 1322 1544 servus
1363 1504 1518 1543 dextra
1558 1505 1822 1554 canistrum,
1870 1505 2046 1546 sinistra

1167 1576 1351 1617 scopam
1394 1568 1552 1606 tenens
1602 1566 1854 1617 descriptus
1904 1569 2047 1608 exstat

1167 1638 1269 1667 cum
1300 1628 1477 1667 nomine
1511 1628 1810 1668 CORNELIUS
1838 1629 2045 1670 SERVUS

1164 1690 1569 1742 MEDIASTINUS.)
1621 1689 1826 1741 Ulpianus
1856 1691 1950 1742 Dig.
1974 1691 2041 1741 47,

1166 1752 1237 1801 45,
1272 1751 1347 1792 44:
1380 1753 1558 1792 multum
1586 1753 1775 1803 interest,
1809 1753 1945 1802 qualis
1962 1764 2046 1794 ser-

1161 1825 1237 1852 vus
1287 1814 1360 1863 sit,
1412 1814 1542 1854 bonae
1587 1815 1725 1865 frugi,
1776 1815 2042 1866 ordinarius,

1165 1877 1446 1925 dispensator,
1499 1888 1557 1916 an
1604 1888 1702 1916 vero
1749 1877 1935 1928 volyaris
1980 1878 2046 1918 vel

1163 1939 1434 1977 mediastinus
1471 1938 1534 1978 cel
1568 1938 1856 1988 qualisqualis.
1916 1939 2039 1980 Cons.

1163 1999 1333 2038 Becker
1363 2000 1508 2039 Gallus
1549 2000 1633 2049 (ed.
1668 1999 1757 2050 alt.)
1789 2001 1838 2040 ΙΙ.
1867 2011 1912 2052 p.
1945 2000 2040 2042 4⁴4.

1162 2059 1255 2100 Alia
1286 2062 1355 2100 est
1392 2060 1622 2112 explicatio
1661 2062 1870 2102 Prisciani
1906 2074 2042 2115 super

1163 2123 1253 2161 XII.
1289 2124 1398 2162 Aen.
1437 2135 1506 2162 vv.
1545 2124 1590 2163 T.
1631 2125 1683 2163 ΙΙ.
1724 2135 1767 2175 p.
1803 2124 1896 2165 3⁴3.
1940 2125 2037 2166 Kr.:

1165 2184 1462 2223 «Mediastinus
1491 2185 1592 2225 inde
1615 2185 1789 2225 videtur
1808 2188 2037 2238 componi,

1162 2246 1263 2295 quia
1294 2246 1467 2286 medias
1505 2249 1657 2298 partes
1694 2246 1844 2287 balnei
1888 2250 2036 2298 tenet,

1161 2307 1247 2347 hoc
1273 2309 1362 2357 est,
1396 2309 1437 2347 in
1469 2308 1617 2348 medio
1647 2307 1888 2349 lavantium
1908 2312 2037 2359 stat;»

1161 2380 1356 2419 quocum
1397 2370 1548 2410 confer
1589 2371 1942 2422 Porphyrionem
1982 2371 2039 2412 ad

1160 2433 1247 2472 Sat.
1275 2433 1317 2480 4,
1348 2433 1393 2481 5,
1427 2433 1500 2472 36:
1537 2433 1618 2472 «de
1648 2432 1818 2474 balneis
1847 2432 2037 2485 publicis

1158 2505 1324 2545 prunas
1364 2494 1446 2535 sibi
1487 2496 1671 2536 domum
1701 2507 1725 2535 a
1760 2496 2036 2538 mediastinis

1158 2556 1355 2604 asserri3»
1395 2559 1439 2596 et
1469 2557 1525 2597 ad
1556 2558 1598 2597 h.
1628 2557 1679 2597 l.:
1731 2557 1904 2598 «incola
1936 2570 2036 2599 me-

1157 2618 1254 2658 diae
1274 2620 1456 2660 civitatis
1474 2631 1528 2659 an
1545 2621 1586 2659 in
1603 2620 1747 2660 officio
1762 2620 2032 2660 balneatoris

1158 2681 1504 2728 mediastinus;»
1555 2684 1812 2733 comparato
1861 2683 2033 2722 Acrone

1157 2743 1213 2782 ad
1242 2744 1285 2782 h.
1310 2742 1364 2782 l.:
1415 2744 1540 2783 «Hoc
1571 2746 1662 2792 est,
1710 2745 1754 2783 in
1784 2744 1959 2784 civitate
1991 2746 2035 2784 et

1156 2805 1198 2843 in
1230 2805 1376 2844 media
1407 2804 1518 2844 urbe
1556 2806 1725 2844 vivens.
1775 2804 1877 2844 Astu
1915 2805 2033 2845 enim

1156 2866 1315 2905 dicitur
1345 2868 1518 2914 civitas3
1567 2867 1684 2906 unde
1726 2868 1770 2907 et
1805 2868 2034 2907 Terentia-

1156 2938 1284 2966 num:
1316 2928 1379 2967 An
1400 2929 1442 2967 in
1462 2933 1555 2967 astu
1573 2928 1738 2968 venitP»
1773 2928 1935 2980 quibus
1956 2941 2027 2969 vv.

1155 2988 1276 3027 addit
1297 2989 1468 3028 Comm.
1490 2990 1640 3040 Cruq.:
1679 2991 1772 3029 «Sic
1792 2989 2032 3040 intelligen-

1155 3049 1281 3097 dum,
1334 3061 1419 3089 non
1466 3053 1514 3090 ut
1556 3052 1736 3102 quidam
1784 3050 2030 3102 intelligunt

1120 3097 1124 3131 ³
1153 3112 1445 3152 mediastinum
1475 3113 1601 3163 quasi
1622 3114 1872 3153 ministrum
1893 3112 2029 3154 obse-

1154 3174 1241 3224 quii
1273 3175 1317 3213 et
1347 3174 1475 3213 officii
1498 3173 1772 3214 balnearum.
1818 3175 2027 3215 Prisciani

1152 3235 1559 3286 interpretationem
1608 3236 1809 3287 sequitur
1862 3235 2027 3278 Dillen-

1152 3295 1316 3347 burger
1364 3298 1406 3336 in
1459 3299 1607 3346 Progr.
1651 3297 1849 3347 Aquisgr.
1901 3296 2021 3338 ⁴842.

1148 3368 1191 3408 p.
1218 3359 1290 3397 45:
1340 3359 1465 3398 «Veri
1495 3357 1635 3398 simile
1668 3360 1755 3407 est,
1797 3358 2023 3399 Horatium

1148 3418 1267 3458 hunc
1298 3429 1480 3458 servum
1502 3429 1527 3458 a
1547 3417 1802 3458 balneatore
1826 3419 2022 3469 quodam

1149 3482 1348 3531 emptum
1398 3482 1553 3531 postea
1596 3480 1782 3520 rusticae
1834 3479 2020 3520 familiae
