2231 3787
807 239 904 277 ΗΒ.
939 240 968 277 1.
1024 238 1184 277 EPlST.

1219 238 1323 277 XVI.

225 369 469 423 Vendere
512 387 634 423 cum
674 370 850 440 possis
892 369 1188 440 captivum,
1233 368 1486 422 occidere
1527 367 1655 428 noli,

224 471 434 525 Serviet
473 472 694 525 utiliter:

738 473 853 525 sine
892 480 1079 543 pascat
1117 470 1286 524 durus
1327 478 1581 541 aretque,

222 574 444 645 Naviget
482 591 544 628 ac
585 574 778 628 mediis
817 574 1017 628 hiemet
1054 581 1324 627 mercator
1366 573 1415 624 in
1453 572 1640 635 undis3

223 679 479 729 Annonae
519 677 717 748 prosit,
758 685 935 748 portet
973 676 1239 730 frumenta
1276 693 1578 747 penusque.

223 779 310 832 Vir
347 778 524 832 bonus
565 788 617 832 et
656 778 873 849 sapiens
915 778 1137 833 audebit
1175 779 1382 834 dicere:
1423 778 1691 834 PentheU.

267 955 333 994 702.
364 966 576 1005 penusque
605 955 744 1003 bSEc,
769 955 916 995 LCtOs
949 957 992 995 et
1021 954 1274 996 Bentleius:

149 1105 365 1154 mancipia
396 1105 509 1144 dicta
538 1109 634 1144 sunt
663 1116 730 1153 eo,
765 1105 874 1154 quod
894 1104 946 1143 ab
967 1105 1039 1144 ho-

148 1168 274 1207 stibus
315 1179 447 1206 manu
491 1168 733 1218 capiuntur.
791 1190 835 1195 —
882 1167 1036 1219 durus]

151 1231 314 1270 «cuivis
356 1231 489 1270 etiam
532 1229 851 1270 molestissimo
893 1229 1037 1271 labori

148 1304 368 1345 perquam
400 1293 631 1334 idoneus.»
660 1317 704 1321 -—
737 1295 923 1344 aretque]
957 1295 1036 1333 Sa-

149 1356 248 1397 lust.
292 1355 415 1396 Catil.
459 1356 508 1397 4:
562 1368 717 1408 agrum
758 1357 926 1396 colendo
962 1361 1037 1396 aut

148 1420 359 1468 venando,
393 1419 610 1459 servilibus
639 1419 786 1470 officiis
815 1420 1033 1469 intentum,

151 1486 331 1523 aetatem
360 1493 501 1534 ayere.
529 1505 573 1510 —
597 1483 778 1533 Naviyet
796 1505 819 1511 -
839 1505 862 1511 -
882 1482 1033 1534 prosit]

149 1546 239 1585 Hac
271 1544 454 1596 quidem
492 1545 532 1583 in
574 1545 777 1584 iunctura
807 1545 879 1583 vix
909 1543 1036 1584 aliter

149 1607 295 1648 facere
325 1617 592 1659 possumus,
628 1618 763 1658 quam
784 1608 833 1646 ut
855 1617 1037 1658 compa-

148 1672 365 1711 rationem
411 1670 531 1710 avari
577 1681 681 1710 cum
725 1670 900 1720 captivo
947 1680 1035 1709 non

149 1733 445 1784 egredientes,
465 1733 578 1772 haec
592 1743 772 1783 quoque
786 1731 876 1771 duo
894 1742 1036 1771 mem-

149 1795 227 1836 bra
269 1795 324 1835 de
371 1807 502 1836 servo
549 1797 607 1835 ita
651 1796 1031 1846 interpretemur:

148 1859 360 1909 «Naviget
390 1869 492 1897 cum
525 1859 804 1906 mercatore,
852 1857 1034 1896 domino

147 1932 255 1969 suo3
291 1932 395 1961 eum
426 1920 608 1960 adiuvet
639 1920 773 1959 etiam
805 1919 863 1959 ad
894 1930 1036 1958 anno—

148 1995 254 2024 nam
283 1985 327 2024 in
358 1983 473 2025 Urbe
504 1982 709 2023 viliorem
733 1983 1030 2032 reddendam,

149 2047 256 2086 dum
287 2047 323 2087 is
355 2057 408 2085 ex
438 2047 640 2097 Aegypto
673 2047 718 2084 et
753 2045 898 2085 Africa
936 2057 1035 2085 ma-

149 2120 282 2161 gnam
312 2109 526 2148 frumenti
545 2109 638 2147 vim
659 2107 908 2159 adportat.»
942 2109 1034 2147 Hoc

149 2173 270 2212 enim
315 2173 383 2211 est
424 2170 626 2210 Annonae
662 2171 814 2220 prosit.

869 2171 1033 2209 Amara
1063 2167 1066 2204 ἰ

1303 965 1541 1006 portumque
1562 956 1648 995 ΡΜ.

1100 1102 1302 1161 Πρῶτον
1331 1104 1422 1157 μὲν
1442 1100 1597 1161 ἁβρὸν
1618 1101 1896 1161 βόστρυχον
1918 1117 1986 1144 τε-

1099 1165 1176 1221 μῶ
1208 1167 1365 1208 σε’θεν.
1408 1167 1460 1207 Δ.
1480 1163 1622 1225 Ἶερὸς
1654 1164 1681 1207 ὁ
1713 1165 1982 1220 πλόκαμος,

1100 1229 1164 1285 τῷ
1198 1229 1291 1285 θεῷ
1314 1229 1351 1270 δ’
1376 1225 1527 1271 αὑτὸν
1546 1231 1722 1288 τρέφω.
1758 1225 1986 1270 Π.”Έπει-

1101 1307 1158 1334 τα
1187 1291 1374 1352 θύρσον
1404 1291 1542 1334 τόνδε
1572 1289 1787 1351 παράδος
1818 1293 1870 1334 ἑκ
1901 1305 1982 1341 χε-

1099 1362 1218 1415 ροῖν.
1253 1357 1304 1397 Δ.
1324 1353 1481 1407 Αὐτός
1509 1356 1556 1409 μ’
1577 1352 1811 1414 ἀφαιροῦ·
1844 1354 1983 1395 τόνδε

1099 1418 1340 1462 Διονύσου
1372 1418 1527 1478 φορῶ.
1573 1420 1632 1460 Π.
1659 1420 1914 1476 Εἱρκταῖσί
1943 1420 1981 1459 τ’

1098 1479 1236 1524 Ἷε’νδον
1268 1482 1412 1537 σῶμα
1451 1481 1541 1524 σὸν
1578 1481 1877 1536 φυλάξομεν.
1929 1481 1980 1521 Δ.

1098 1544 1248 1588 Λύσει
1285 1548 1334 1599 μ’
1369 1541 1395 1586 ὁ
1426 1545 1612 1600 δαίμων
1651 1540 1821 1596 αὐτός,
1866 1539 1984 1585 ὅταν

1099 1607 1190 1664 ἐγώ
1223 1609 1393 1651 θέλω.»
1445 1611 1575 1662 Apud
1614 1610 1870 1662 Euripidem
1904 1610 1984 1661 igi-

1099 1676 1171 1713 tur
1201 1675 1269 1714 est
1298 1674 1522 1721 Bacchus,
1572 1674 1646 1725 qui
1677 1684 1830 1713 coram
1871 1675 1985 1713 Pen-

1098 1737 1203 1776 theo
1248 1736 1317 1786 (de
1360 1747 1449 1787 quo
1479 1736 1569 1777 vid.
1602 1736 1658 1775 ad
1699 1736 1777 1776 Od.
1817 1736 1863 1784 ⁶2,
1909 1736 1980 1784 49,

1100 1799 1183 1851 44.)
1223 1799 1510 1840 sacerdotem
1549 1810 1596 1839 se
1635 1798 1748 1839 illius
1781 1798 1979 1846 simulat,

1099 1873 1236 1913 quem
1273 1860 1422 1901 locum
1461 1862 1666 1902 Horatius
1697 1861 1753 1901 de
1784 1864 1928 1901 morte
1960 1873 1984 1900 a

1099 1926 1323 1977 sapiente,
1365 1924 1442 1964 ubi
1473 1925 1727 1965 necessaria
1760 1925 1799 1964 ei
1829 1924 1985 1964 videa-

1099 1991 1192 2038 tur,
1224 1991 1382 2040 sponte
1405 1988 1627 2029 sumenda
1648 1990 1981 2041 interpretatur,

1098 2053 1257 2103 insigni
1279 2051 1484 2103 exemplo
1507 2051 1704 2101 artificii,
1739 2063 1827 2103 quo
1850 2052 1983 2091 Stoici

1099 2115 1477 2166 interpretationis
1496 2112 1759 2164 allegoricae
1777 2115 1869 2155 sive
1892 2125 1985 2154 mo-

1097 2177 1201 2217 ralis
1233 2189 1317 2228 ope
1361 2179 1598 2228 poetarum
1636 2178 1811 2217 inventa
1855 2188 1984 2217 suam

149 2236 303 2274 autem
335 2232 465 2274 simul
497 2233 636 2272 ironia
658 2232 877 2282 significat
899 2232 1034 2271 etiam
1063 2249 1067 2294 Ι
1099 2240 1155 2279 ad
1186 2240 1437 2279 doctrinam
1470 2239 1817 2290 detorquebant,
1850 2241 1984 2279 pfor-

148 2299 445 2348 ingenuorum
481 2296 782 2335 mercaturam
813 2305 865 2333 ac
895 2305 1035 2344 nego-

148 2360 377 2400 tiationem
407 2370 432 2398 a
463 2357 699 2398 servilibus
744 2357 900 2397 officiis
944 2367 1066 2407 noni

148 2421 278 2473 longe
312 2421 493 2462 distare.
520 2443 567 2449 —-
595 2420 825 2471 penusque]
863 2419 1034 2459 «omnis

150 2485 326 2536 generis
362 2483 611 2524 utensilia.»
664 2484 754 2524 Cic.
794 2483 849 2523 de
890 2484 940 2522 N.
979 2482 1030 2521 D.

150 2549 197 2595 2,
230 2548 304 2597 27,
339 2548 412 2588 68:
447 2551 505 2587 est
534 2548 644 2587 enim
673 2557 818 2596 omne,
852 2557 932 2596 quo
961 2556 1034 2585 ve—

150 2614 322 2650 scuntur
359 2610 563 2660 homines,
605 2621 752 2660 penus.
805 2610 856 2649 H.
891 2608 920 2648 l.
955 2619 1035 2648 ex-

151 2672 265 2725 plico
303 2674 587 2724 potissimum
626 2673 682 2713 de
721 2673 865 2713 omnis
896 2682 1035 2723 gene-

150 2736 212 2776 ris
243 2734 472 2786 salgamis,
508 2747 622 2787 quae
646 2746 699 2774 ex
725 2734 1034 2775 transmarinis

152 2797 405 2848 regionibus
426 2797 787 2847 advehebantur,
822 2797 878 2836 de
899 2797 1036 2848 pisci-

152 2859 236 2898 bus
253 2858 394 2908 salsis,
415 2871 541 2910 garo,
562 2859 685 2900 alece
704 2861 790 2900 cet.
809 2861 872 2900 Ex
890 2860 1031 2900 Codd.

153 2922 303 2960 autem
333 2922 584 2963 testimonio
615 2923 821 2963 Horatius
857 2921 1036 2961 videtui
1065 2933 1067 2944 2

153 2981 416 3035 praetulisse
437 2983 626 3024 formam
643 2983 869 3036 volgarem
886 2995 1033 3034 penuS,

146 3045 338 3095 penori33
390 3047 542 3084 contra
586 3046 790 3097 Virgilius
834 3049 943 3087 Aen.
983 3047 1030 3095 ’1,

152 3107 231 3147 703
270 3117 337 3157 sq.
372 3107 754 3158 lonqam-penum
789 3109 917 3159 dixit,
956 3078 1033 3148 ubi

151 3169 252 3209 vide
283 3170 574 3220 Wagnerum.

207 3248 353 3287 73-79.
408 3248 478 3286 Vir
520 3247 648 3287 bonus
692 3250 795 3301 cet.]
843 3251 1031 3290 «Contra

152 3310 232 3349 viri
261 3320 368 3349 vere
399 3309 504 3349 boni
534 3310 678 3361 imago
711 3313 779 3351 est
816 3310 885 3350 illa
915 3312 1033 3362 apud

153 3372 410 3424 Euripidem
447 3373 620 3423 (Bacch.
659 3372 793 3423 492.):
830 3371 1034 3413 ΔΙΟΝΥ-

154 3434 282 3474 ΣΟΣ.
315 3433 426 3486 Εἱ’φ’
456 3429 484 3475 ὅ
516 3447 560 3476 τι
589 3435 761 3476 παθεῖν
790 3433 874 3475 δεῖ·
906 3437 952 3476 τί
971 3448 1033 3487 με

155 3492 208 3535 τὸ
256 3495 412 3539 δεινὸν
462 3495 681 3557 ἐργάσει;
729 3497 1028 3539 ΠΕΝΘΕΥΣ

1098 2314 1174 2343 sus
1205 2302 1269 2342 sic
1301 2302 1463 2341 eodem
1504 2301 1602 2342 loco
1633 2313 1741 2342 usus
1773 2304 1842 2342 est
1880 2301 1983 2342 Plu—

1098 2366 1238 2405 tarch
1263 2365 1369 2421 περὶ
1390 2359 1562 2416 εὐθυιι.
1597 2376 1638 2404 6.
1672 2365 1744 2405 18ῑ
1780 2355 1904 2404 Ὧι
1891 2361 1984 2422 γὰρ

1098 2422 1172 2480 ege
1154 2440 1256 2468 εστι
1298 2440 1385 2479 της
1427 2442 1486 2480 με
1468 2426 1517 2467 ὲν
1561 2422 1730 2485 ἀρετῆς
1784 2427 1867 2467 και
1911 2428 1984 2467 οἰ-

1097 2493 1231 2541 κείας
1258 2488 1453 2548 μερίδος
1483 2486 1840 2547 επικρατούσης
1871 2484 1982 2542 ἡδέ-

1098 2568 1163 2605 ως
1206 2551 1315 2611 ζῇν,
1360 2551 1455 2593 τῶν
1498 2551 1549 2593 δε
1592 2549 1857 2610 ἀλλοτρίων
1900 2553 1983 2593 καὶ

1099 2613 1230 2675 παρὰ
1245 2614 1397 2668 φύσιν
1414 2612 1814 2674 ὑπερβαλλόντων
1829 2611 1981 2667 ἀδεῶς

1097 2676 1326 2721 ἀπελθεῖν
1363 2676 1589 2720 εἰπόντα·
1635 2675 1717 2720 Λύ
1734 2691 1826 2719 σει
1867 2678 1915 2731 μ’
1953 2675 1980 2719 ὁ

1098 2742 1314 2798 δαίμων
1344 2737 1541 2793 αὐτός,
1584 2736 1724 2782 ὅταν
1754 2741 1858 2796 ἐγώ
1889 2742 1980 2783 θέ-

1099 2806 1193 2847 λω·
1226 2808 1272 2847 τί
1301 2800 1362 2845 ἄν
1392 2802 1547 2859 τούτῳ
1578 2801 1791 2853 χαλεπὸν
1812 2799 1848 2859 ἧ
1866 2803 1982 2846 δύσ-

1098 2869 1246 2910 κολον
1305 2864 1337 2922 ἢ
1398 2865 1676 2927 ταραχῶδες
1745 2869 1982 2922 ἐιιπῑπτον

1098 2929 1417 2985 επινοήσαιμε
1399 2945 1474 2980 ε,·ν
1519 2934 1756 2972 Praeterea
1804 2932 1857 2972 cf
1898 2934 1982 2972 Ar—

1097 2996 1205 3036 rian.
1243 2997 1382 3047 Epict.
1422 2996 1466 3044 ’1,
1511 2996 1588 3045 18,
1629 2996 1693 3035 47.
1729 2997 1773 3035 et
1811 2996 1883 3044 49,
1931 2995 1979 3035 8.

1088 3052 1228 3099 Ὅταν
1259 3054 1286 3098 ὁ
1318 3054 1551 3116 τύραννος
1582 3055 1689 3129 εἴπῃ
1727 3058 1842 3106 τινί,
1883 3054 1982 3109 Δή-

1097 3135 1168 3162 σω
1200 3135 1290 3162 σου
1322 3117 1378 3162 τὸ
1401 3119 1596 3172 σκέλος·
1631 3116 1658 3160 ὁ
1678 3119 1769 3174 μὲν
1789 3116 1844 3160 τὸ
1868 3133 1953 3160 σκε
1959 3144 1982 3150 -

1096 3184 1180 3236 λος
1208 3197 1407 3238 τετιμηκ
1413 3181 1477 3235 ὸς
1506 3183 1659 3238 λέγει,
1703 3181 1812 3236 Μή,
1846 3181 1922 3223 ἑελ
1899 3196 1980 3234 ⁶⁷?-

1097 3261 1210 3289 σον·
1236 3243 1263 3287 ὁ
1285 3245 1335 3288 δὲ
1355 3260 1444 3300 την
1465 3248 1746 3304 προαίρεσιν
1766 3242 1893 3298 τὴνε
1875 3244 1981 3285 ἑαυ-

1096 3310 1207 3361 τοῦ,
1254 3310 1357 3365 λε’γε
1345 3323 1400 3361 ι,
1440 3308 1504 3350 Εἴ
1541 3322 1621 3350 σοι
1655 3306 1868 3350 λυσιτελεῖ
1871 3319 1979 3347 στε-

1095 3386 1180 3432 ρον
1218 3375 1466 3424 φαίνεται,
1507 3369 1675 3424 δῆσον.
1738 3364 1837 3410 Οὔκ
1876 3380 1977 3410 επι-

1096 3437 1308 3494 στρε’φῃ;
1330 3431 1428 3477 Οὐκ
1455 3434 1821 3491 επιστρέφοααι.
1859 3427 1976 3485 Εγω

1097 3511 1177 3539 σοι
1207 3497 1254 3538 δι.-
1242 3495 1366 3551 ίξω,
1416 3492 1490 3538 ὅτι
1519 3493 1685 3554 κύριός
1717 3496 1827 3549 εἰμι
1875 3491 1978 3535 Πό-Β
