2231 3787
809 180 905 219 ‚xliS
940 180 1178 220 POETlCA.

1808 178 1906 228 707

171 311 276 361 (jur
316 326 415 375 ego
457 310 497 360 si
542 326 754 380 nequeo
796 310 1090 380 ignoroque
1131 315 1286 379 poeta
1327 308 1565 361 salutor‘?

167 412 272 462 ‹jui-
312 410 519 463 nescire
561 410 768 480 pudens
807 429 968 481 praxe
1007 426 1168 480 quam
1209 409 1421 464 discere
1462 409 1640 462 malo?

168 510 420 564 Versibus
460 512 650 581 exponi
694 512 904 577 tragicis
945 529 1029 564 res
1070 512 1274 565 comica
1315 529 1417 563 non
1460 510 1588 574 volt,

168 611 473 680 Indignatur
512 613 633 664 item
675 613 890 681 primitis
930 631 991 665 ac
1032 630 1199 683 prope
1246 629 1405 666 socco

1838 612 1905 662 90

168 712 349 782 Dignis
387 713 711 764 carminibus
754 714 954 765 narrari
995 730 1162 766 coena
1202 712 1481 786 Thyestae.

168 813 384 883 Singula
423 831 674 883 quaeque
716 813 888 865 locum
930 823 1142 866 teneant
1180 816 1362 867 sortita
1401 815 1668 868 decenter.

167 914 435 967 Interdum
476 925 650 967 tamen
690 924 741 966 et
780 932 964 966 vocem
1006 915 1285 968 comoedia
1325 915 1478 971 tollit.

204 1049 269 1087 92.
304 1050 489 1088 decenter
509 1048 662 1088 berc.
694 1051 734 1087 et
757 1060 913 1088 omnes
936 1049 1206 1088 llochodori:
1240 1049 1441 1088 decentem
1465 1051 1494 1088 Β
1518 1052 1557 1088 et
1582 1050 1696 1100 Regii
1726 1051 1855 1100 quin-

148 1122 259 1162 que,
294 1123 345 1151 ex
378 1123 464 1151 uno
496 1123 677 1152 suorum
712 1113 767 1162 (σ)
802 1111 985 1162 aliisque
1025 1111 1245 1152 Bentleius
1284 1114 1324 1150 et
1365 1114 1417 1151 M.

93 1231 223 1270 opera
243 1231 277 1261 s.
297 1231 461 1271 genera
484 1221 617 1260 certis
639 1219 808 1270 legibus
829 1219 967 1260 semel
1028 1221 1210 1270 privatis
1225 1243 1247 1249 -
1263 1221 1532 1272 carminibus]
1557 1232 1791 1261 «sermone
1814 1233 1910 1261 ver-

93 1283 322 1332 desmipta,
357 1282 398 1321 id
421 1284 509 1330 est,
534 1282 783 1333 singulatim
806 1283 970 1322 consti-

95 1346 183 1385 tuta
215 1347 259 1384 et
289 1345 426 1384 divisa
458 1345 543 1384 sint
571 1355 594 1383 a
627 1345 803 1385 Graecis
837 1345 972 1396 potis-

94 1407 279 1454 simum,
313 1407 380 1446 his
403 1406 588 1457 legibus,
622 1418 811 1458 quarum
836 1418 968 1446 causa

94 1471 138 1507 et
167 1469 276 1507 ratio
308 1469 419 1508 inest
447 1470 486 1508 in
512 1470 604 1520 ipsa
627 1469 787 1508 mentis
809 1469 971 1508 huma-

93 1541 176 1569 nae
208 1534 388 1578 natura,
423 1530 624 1581 religiose
655 1531 972 1583 obtemperan-

93 1591 200 1632 dum
231 1595 322 1639 est;
356 1594 522 1644 quique
546 1604 620 1633 eas
650 1591 770 1643 leges
792 1592 859 1633 vel
884 1604 968 1633 non

94 1656 213 1695 novit
254 1654 322 1695 vel
366 1653 549 1695 licenter
588 1657 765 1706 migrat,
811 1658 968 1707 poetae

93 1719 271 1758 nomine
303 1718 507 1769 indignus
530 1720 610 1758 est.
648 1719 868 1769 Imprimis
890 1729 971 1757 au—

94 1784 183 1820 tem
213 1780 390 1820 vitanda
414 1792 550 1832 prava
573 1791 788 1832 generum
815 1781 971 1820 confu-

92 1844 158 1884 sio
189 1854 240 1883 ac
261 1844 538 1895 permixtim»
570 1844 694 1883 cuius
716 1842 970 1894 exemplum

93 1907 240 1946 statim
272 1905 497 1956 subiungit
526 1918 566 1946 v.
595 1906 662 1946 89.
711 1904 835 1954 (Male
858 1916 971 1945 non-

93 1967 196 2008 nulli
238 1969 346 2007 vices
388 1967 606 2019 explicant
648 1968 882 2018 rhythmos
927 1970 972 2008 et

94 2030 267 2081 metra.)
299 2053 343 2058 —
375 2030 544 2082 colores]
576 2031 669 2070 Hoc
699 2028 968 2070 vocabulum

93 2092 402 2144 complectitur
431 2095 476 2132 et
504 2093 679 2133 dicendi
711 2103 849 2143 genus
884 2092 971 2141 (sti-

94 2154 184 2195 lum
206 2166 342 2206 quem
364 2154 573 2203 dicimus,
608 2155 762 2194 Graeci
782 2150 866 2193 τὸν
887 2167 971 2202 χα-

93 2215 310 2275 ρακτῆρα
324 2214 408 2258 τοῦ
426 2213 588 2272 λόγου,
602 2212 766 2274 ἁδρόν,
784 2214 967 2266 ἰσχνόν,

93 2282 261 2334 μέσον.
296 2279 402 2321 Gell.
422 2282 539 2320 N.A.
559 2281 598 2329 7,
626 2279 691 2328 44,
714 2280 767 2331 4.)
801 2283 844 2320 et
864 2291 970 2319 ver-

96 2344 391 2384 sificationem
421 2343 581 2394 cuique
612 2342 765 2393 generi
796 2343 966 2393 aptam,

94 2406 219 2446 cuius
249 2406 476 2457 praecepti
506 2402 652 2445 violati
692 2403 858 2444 illustre
890 2403 972 2443 de-

95 2469 222 2509 derat
259 2466 513 2519 exemplum
547 2467 849 2515 Chaeremon,
896 2467 970 2517 qui

94 2531 295 2583 ἐποίησε
315 2530 586 2586 Κένταυρον
601 2525 778 2581 μικτὴν
798 2524 972 2585 ῥαψῳ-

93 2592 200 2634 δίαν
220 2590 271 2644 ἐξ
285 2588 510 2632 ἁπάντων
525 2589 618 2632 τῶν
633 2595 832 2647 μέτρων.
868 2592 974 2644 (Ari-

94 2659 194 2698 stot.
220 2658 340 2697 Poet.
366 2657 403 2704 4,
424 2655 505 2706 ⁴2.)
529 2656 621 2695 Hoc
640 2665 774 2694 sensu
796 2666 836 2693 v.
860 2654 973 2693 color

95 2730 229 2771 saepe
267 2720 452 2770 usurpat
490 2716 778 2766 Quintilianus
808 2727 904 2756 v.c.
928 2716 968 2765 9,

95 2780 141 2830 Ιι,
175 2782 248 2820 Πε
280 2781 468 2832 qratiam
486 2802 509 2810 -
528 2780 724 2830 simplicis
752 2783 877 2828 atque
904 2779 972 2817 in—

95 2844 278 2894 affectati
316 2843 480 2883 coloris.
527 2842 590 2883 Cf.
622 2853 665 2881 v,
694 2841 790 2881 236.
826 2864 870 2869 —
907 2841 972 2880 «si

94 2904 263 2956 nequeo]
281 2915 362 2956 per
376 2906 577 2944 naturam
595 2916 603 2950 3
628 2905 871 2956 iqnoroque,
891 2913 972 2954 per

95 2969 260 3016 artem,
307 2977 442 3017 quam
478 2976 566 3006 non
607 2965 788 3005 didici.»
829 2965 968 3004 Coun.

97 3029 229 3075 Cimo.
265 3049 310 3056 —
352 3031 482 3078 poeta
518 3027 698 3079 salutar]
744 3025 972 3078 «appellor

96 3092 226 3142 poeta
256 3089 313 3130 ab
344 3088 569 3138 omnibus,
603 3090 647 3129 et
677 3099 758 3139 ego
783 3090 874 3128 tam
895 3089 973 3128 ho-

94 3152 328 3192 norificum
358 3162 522 3192 nomen
552 3161 639 3191 non
669 3151 889 3190 recuso‘P»
922 3172 966 3177 —

89 3215 250 3265 pudens
261 3213 409 3265 prave]
443 3214 616 3265 «inepte
636 3212 833 3264 pudens,
867 3221 969 3251 cum

95 3287 256 3317 verear
285 3279 329 3316 et
357 3275 559 3316 dubitem
583 3275 728 3316 facere
750 3286 823 3323 ea,
855 3285 969 3326 quae

97 3338 242 3379 facere
263 3341 385 3380 recte
401 3339 570 3391 possim
586 3339 630 3378 et
645 3336 879 3378 debeam.»
903 3336 967 3377 Cf.

98 3401 277 3452 Epp.2‚
317 3401 391 3451 ⁴6,
427 3399 503 3441 24:
543 3400 683 3451 pudor
724 3399 874 3440 malus.
921 3421 965 3428 —

1032 1282 1245 1334 sibusque
1278 1283 1505 1322 hominum
1541 1284 1815 1334 privatorum
1846 1285 1911 1323 vi-

1034 1347 1102 1384 tae
1145 1346 1450 1395 quotidianae,
1497 1345 1673 1396 qualem
1719 1347 1912 1385 imitatur

1035 1407 1293 1455 comoedia,
1328 1409 1464 1459 aptis,
1498 1419 1584 1447 non
1615 1408 1802 1448 heroum
1828 1410 1912 1448 tra-

1033 1470 1233 1520 gicorum
1264 1471 1511 1511 actionibus
1543 1482 1595 1510 ae
1626 1470 1907 1511 facinoribus.

1034 1532 1197 1580 Quodsi
1231 1535 1320 1572 tam
1341 1534 1544 1585 imperite
1567 1532 1722 1584 aliquis
1748 1544 1909 1584 genera

1034 1594 1293 1642 confundat,
1326 1596 1573 1646 indiynatur
1601 1594 1799 1641 lector;»
1831 1606 1911 1646 pro

1033 1668 1143 1707 quo,
1193 1660 1238 1697 ut
1274 1657 1403 1698 simul
1445 1656 1699 1708 exemplum
1740 1656 1910 1702 afferat,

1034 1730 1220 1758 coenam
1242 1721 1487 1770 Thyestae,
1521 1720 1684 1759 summi
1714 1719 1912 1758 horroris

1033 1782 1183 1831 tragici
1206 1784 1518 1831 argumentum
1543 1781 1610 1829 (cs.
1631 1780 1708 1819 Od.
1730 1781 1745 1819 4
1766 1812 1774 1829 ,
1799 1780 1846 1829 6,
1870 1780 1909 1820 8.

1033 1843 1171 1894 Epod.
1196 1844 1242 1891 5,
1275 1842 1375 1892 86.),
1408 1842 1548 1894 ponit.
1583 1843 1642 1882 Ea
1671 1853 1778 1881 vero
1808 1853 1912 1881 nar-

1032 1909 1102 1944 rat
1139 1899 1166 1943 ὁ
1197 1900 1473 1957 ἐξάγγελος,
1506 1915 1610 1944 cum
1649 1904 1691 1943 in
1731 1913 1912 1943 scenam

1034 1966 1218 2018 produci
1240 1977 1328 2005 non
1348 1967 1504 2017 possit.
1533 1989 1577 1994 -
1610 1966 1787 2017 Singula
1809 1966 1915 2015 cet.]

1033 2031 1200 2069 Rursus
1232 2027 1420 2068 inculcat
1450 2030 1766 2079 praeceptum,
1793 2027 1913 2079 quod

1035 2092 1147 2130 inest
1184 2091 1225 2130 in
1263 2102 1304 2129 v.
1337 2091 1405 2130 86.
1454 2092 1706 2138 «Locum,»
1749 2090 1911 2140 inquit,

1036 2163 1196 2204 «quem
1228 2151 1395 2202 singula
1426 2153 1601 2199 sortita,
1648 2162 1727 2191 sua
1758 2154 1913 2191 natura

1035 2218 1163 2254 nacta
1200 2216 1300 2254 sunt
1332 2213 1401 2253 vel
1439 2214 1480 2253 in
1513 2212 1736 2264 tragoedia
1768 2211 1838 2252 vel
1871 2213 1912 2252 in

1035 2276 1291 2324 comoedia,
1317 2277 1496 2315 teneant
1517 2277 1724 2323 decenter,
1748 2271 1914 2331 εὐπρε-

1034 2337 1176 2388 πῶς.»
1223 2338 1370 2378 Lectio
1400 2348 1646 2388 paucorum
1678 2336 1818 2377 Codd.
1842 2337 1914 2377 de-

1033 2406 1187 2441 centem
1217 2403 1312 2440 orta
1338 2403 1406 2440 est
1425 2411 1479 2439 ex
1500 2399 1912 2440 accommodatione

1034 2464 1089 2504 ad
1121 2476 1162 2503 v.
1196 2464 1346 2504 locum.

1091 2527 1157 2567 93.
1182 2526 1248 2567 94.
1281 2527 1494 2566 Interdum
1514 2530 1653 2565 tamen
1670 2524 1773 2576 cet.]
1798 2526 1912 2564 «No-

1035 2589 1060 2629 li
1078 2605 1115 2639 ,»
1134 2590 1291 2641 pergit,
1312 2587 1611 2629 «confundere
1629 2583 1912 2644 χαρακτῆρα

1035 2651 1287 2703 tragoediae
1331 2653 1375 2690 et
1414 2649 1700 2695 comoediae;
1753 2659 1912 2700 quam-

1034 2726 1169 2766 quam
1211 2713 1350 2765 probe
1396 2713 1518 2760 novi,
1566 2713 1676 2751 iram
1714 2710 1911 2762 aliosque

1032 2777 1394 2817 vehementiores
1435 2785 1729 2827 personarum
1771 2773 1913 2813 comi-

1035 2850 1189 2879 carum
1219 2839 1403 2878 affectus
1443 2838 1605 2888 partim
1634 2835 1907 2883 sublimiore,

1034 2902 1192 2953 partim
1228 2901 1398 2940 acriore
1429 2910 1593 2950 genere
1625 2898 1800 2938 dicendi
1832 2908 1911 2937 ex-

1034 2962 1292 3016 primendos
1329 2973 1452 3011 esse,
1498 2972 1633 3012 quam
1672 2960 1747 3000 ubi
1789 2963 1910 3000 tran-

1034 3024 1193 3075 quillus
1230 3027 1298 3065 est
1327 3025 1500 3064 animus
1536 3033 1715 3072 eorum,
1762 3022 1836 3073 qui
1867 3021 1908 3060 in

1033 3097 1168 3127 scena
1199 3089 1502 3139 comparent.»
1528 3108 1572 3114 -
1603 3083 1907 3134 vocem-tollit]

1033 3149 1170 3189 Huius
1190 3147 1395 3190 versiculi
1416 3148 1617 3188 meminit
1636 3147 1831 3186 Donatus
1852 3144 1909 3184 ad

1032 3212 1207 3252 Terent.
1228 3211 1416 3264 Adelph.
1439 3212 1479 3260 5,
1502 3209 1542 3258 3,
1561 3209 1610 3249 3:
1649 3209 1814 3248 Deum.
1855 3208 1908 3246 Ει·

1030 3274 1146 3324 mihi,
1179 3274 1279 3324 quid
1294 3271 1487 3325 faciam?
1507 3271 1607 3321 quid
1626 3269 1788 3322 aqam?
1807 3269 1908 3318 quid

1031 3336 1205 3377 clamem
1233 3340 1308 3376 aut
1346 3345 1503 3385 querar
1518 3332 1540 3372 ἶ)
1597 3332 1629 3372 O
1657 3331 1841 3380 caelum,
1881 3341 1904 3370 ο

1030 3402 1166 3448 terra,
1199 3410 1223 3438 ο
1250 3397 1393 3437 maria
1420 3394 1631 3446 Neptuni!
1676 3394 1745 3433 Sic
1777 3395 1904 3444 pater
