2231 3787
295 302 396 352 658

903 298 1115 337 HORATH
1146 296 1510 337 EPISTOLARUM

366 432 690 502 Plerumque
731 439 782 483 et
820 429 930 482 risu
972 427 1230 499 populum
1269 426 1460 497 quatit,
1500 425 1587 478 hic
1626 441 1726 494 ego
1766 441 1946 477 reruni

366 533 638 588 Fluctibus
678 533 729 584 in
769 530 960 584 mediis
1000 538 1052 582 et
1088 526 1497 598 tempestatibus
1542 524 1692 578 urbis
2049 525 2116 576 85

366 635 541 689 Verba
578 634 729 706 lyrae
769 641 980 685 motura
1017 647 1210 682 sonum
1243 636 1565 683 connectere
1606 626 1834 698 digner?

367 739 552 790 Frater
591 743 705 788 erat
741 735 942 786 Romae
980 730 1207 785 consulti
1247 729 1454 792 rhetor,
1498 738 1557 782 ut
1594 727 1727 782 alter

367 837 596 891 Alterius
637 851 886 889 sermone
926 849 1106 886 meros
1147 831 1356 885 audiret
1393 830 1655 891 honoreS‚

405 978 472 1019 84.
505 979 687 1018 Mancus
711 979 778 1016 est
799 975 908 1016 Cod.
933 986 956 1014 c
987 986 1011 1014 a
1040 986 1083 1013 v.
1107 974 1175 1015 84.
1209 985 1352 1024 usque
1384 972 1439 1012 ad
1468 984 1509 1011 v.
1536 972 1628 1012 432.
1655 994 1702 1000 —
1732 972 1798 1012 86.
1822 983 1947 1012 coner
1975 971 2004 1012 d
2025 974 2068 1011 et

352 1042 464 1081 Feae
495 1041 571 1079 Va.
595 1041 644 1079 A.
693 1039 754 1090 (in
784 1038 811 1077 d
842 1039 993 1077 tamen
1024 1037 1378 1087 superscriptum
1409 1035 1585 1086 diqner.)
1622 1058 1665 1062 —
1699 1035 1766 1074 87.
1798 1035 1947 1074 Pactus
1974 1038 2068 1074 erat

350 1104 504 1143 Romae
532 1101 715 1141 consulto
745 1099 928 1140 Bentleii
959 1100 1166 1150 suspicio.
1205 1121 1247 1127 —-
1292 1098 1359 1138 89.
1394 1097 1634 1147 Gracchus]
1680 1097 1854 1137 Crassus
1880 1096 2065 1137 Bentleii

298 1229 383 1268 bris
411 1232 449 1268 et
479 1227 616 1274 Curii,
650 1235 776 1265 mero
799 1224 941 1264 errori
970 1223 1176 1271 debetur,

300 1303 402 1332 cum
432 1291 626 1342 primum
656 1289 751 1328 curi
794 1286 1068 1329 scriberetur
1097 1285 1180 1325 ab-

299 1356 450 1405 sorpta
492 1352 634 1392 littera
679 1361 698 1390 s
735 1350 790 1390 ab
833 1349 994 1390 eadem
1032 1349 1076 1388 in
1106 1360 1180 1389 se—

300 1418 464 1468 quente
505 1425 546 1452 v,
577 1417 740 1455 statum
789 1424 842 1452 ex
873 1412 990 1452 Curii
1025 1421 1180 1450 rursus

300 1481 401 1518 nata
446 1478 515 1515 est
557 1474 696 1514 altera
738 1476 876 1524 magis
908 1475 1039 1513 etiam
1070 1473 1181 1511 mira

300 1539 457 1586 Libris,
498 1536 702 1576 Mercurii
742 1546 794 1574 ex
834 1534 941 1574 Cod.
978 1533 1182 1573 Bellova-

302 1602 425 1642 censi
458 1599 658 1651 (fortasse
689 1597 804 1646 ficto)
838 1597 1019 1647 recepta
1050 1606 1074 1634 a
1093 1595 1183 1634 Va-

300 1664 451 1709 lartio;
498 1661 577 1700 sed
621 1662 665 1700 et
693 1662 881 1710 utraque
913 1657 1108 1698 absurda
1140 1659 1183 1697 et

300 1725 371 1765 vel
402 1727 585 1777 propter
614 1723 830 1773 genitivos
860 1723 905 1761 in
933 1722 964 1760 ii
998 1730 1183 1772 prorsus

302 1788 541 1829 reiicienda
564 1789 643 1827 est.
673 1810 718 1814 ——
750 1785 959 1825 Fluctibus
979 1785 1084 1834 cet]
1117 1783 1180 1823 Cf.

303 1851 359 1890 ad
389 1851 498 1901 Epp.
535 1850 579 1896 4,
615 1849 659 1896 4,
695 1848 766 1887 46;
811 1859 972 1887 mersor
1000 1846 1186 1886 civilibus

302 1913 439 1952 undis
466 1934 511 1939 —
550 1909 760 1949 Verba—-
779 1908 1029 1960 connectere]
1063 1918 1185 1947 «car-

302 1976 422 2015 mina
454 1983 724 2024 componere
750 1974 841 2011 tam
861 1969 1113 2019 laudabilia,
1137 1971 1184 2008 ut

303 2037 432 2087 digna
478 2036 563 2075 sint
601 2045 715 2085 quae
748 2033 803 2073 ad
841 2033 984 2083 lyram
1016 2043 1184 2073 canan-

304 2103 390 2147 tur,
416 2098 523 2137 dum
545 2107 677 2136 nemo
699 2095 940 2135 mediocria
967 2097 1041 2134 aut
1060 2105 1186 2145 pror-

304 2172 379 2201 sus
411 2159 524 2200 mala
556 2157 854 2198 modulatur.»
890 2181 933 2186 —
977 2155 1182 2208 diynerP]

305 2224 503 2274 «Optime
523 2232 624 2262 cum
643 2220 911 2272 perspiciam
924 2221 1088 2259 Romae
1104 2218 1186 2258 arti

303 2286 503 2336 poeticae
542 2282 820 2323 exercendae
860 2293 947 2322 non
988 2292 1088 2322 esse
1118 2281 1186 2321 lo-

304 2358 427 2394 cum,
464 2357 542 2385 cur
562 2346 746 2385 tandem
767 2355 906 2385 coner
925 2347 1058 2395 atque
1082 2355 1187 2395 ope-

304 2421 379 2448 rae
418 2409 610 2460 pretium
650 2418 748 2448 esse
794 2407 954 2446 ducam
986 2407 1183 2446 carmina

305 2482 606 2523 componere,
652 2471 835 2521 propter
873 2480 988 2520 quae
1031 2470 1184 2520 paucis

305 2534 458 2573 amicis
502 2532 688 2572 fortasse
731 2533 926 2583 exceptis
967 2542 1100 2571 nemo
1132 2542 1185 2570 ex

305 2596 452 2635 animo
484 2595 644 2646 gratias
674 2594 781 2634 mihi
812 2595 972 2645 agat‘?»
1008 2594 1180 2633 Comm.

307 2659 509 2708 Cruquii:
546 2657 751 2708 «dignum
775 2657 966 2696 arbitrer
986 2667 1058 2696 me
1081 2657 1187 2696 scri-

306 2720 413 2760 bere
446 2721 642 2761 carmina
672 2720 729 2760 ad
748 2719 894 2771 lyram
915 2717 1180 2759 cantandae»

361 2843 507 2882 87-90.
538 2844 691 2884 Frater
709 2843 810 2894 cet]
836 2844 1042 2883 «Praeter
1062 2841 1184 2882 illum

308 2904 433 2945 L’rbis
463 2907 696 2955 strepitum
722 2904 1061 2946 molestissimae
1084 2907 1186 2945 sunt

308 2969 351 3005 et
381 2977 402 3004 a
437 2966 705 3007 carminibus
737 2967 985 3007 scribendis
1009 2978 1081 3006 me
1103 2966 1184 3006 de—

310 3029 478 3067 terrent
516 3026 637 3077 ipsae
669 3027 763 3068 illae
796 3039 898 3068 cum
928 3029 1184 3068 nostrorum

308 3092 562 3142 poetarum,
611 3087 841 3129 hominum
878 3100 1012 3141 saepe
1044 3100 1185 3128 vano-

309 3161 433 3199 rum,
489 3147 768 3189 multitudine
813 3152 1006 3191 rationes
1051 3152 1183 3202 atque

310 3223 447 3264 prope
493 3209 768 3250 inevitabiles
814 3213 1182 3261 necessitudines,

311 3286 448 3326 quae,
479 3274 561 3313 nisi
581 3271 824 3312 inurbanus
846 3283 944 3311 esse
966 3273 1078 3323 volo,
1112 3286 1184 3314 me

311 3348 489 3388 quoque
521 3337 704 3386 cogunt,
737 3336 786 3374 ut
815 3334 972 3373 nimias
994 3338 1036 3374 et
1057 3335 1185 3376 falsas

311 3399 452 3449 poetis
501 3398 633 3437 etiam
682 3394 985 3436 mediocribus
1033 3395 1185 3438 laudes

311 3459 524 3507 tribuam,
557 3458 657 3506 ubi,
691 3458 801 3498 dura
823 3458 1086 3498 necessitate
1109 3460 1188 3499 mi-

313 3522 354 3560 hi
386 3521 612 3571 imposita,
648 3518 820 3560 insulsis
848 3530 1004 3559 eorum
1025 3520 1184 3559 recita-

1243 1220 1437 1262 tionibus
1473 1221 1632 1268 adesse
1674 1220 1835 1262 debeo.
1886 1223 1980 1262 Iam
2014 1213 2122 1262 ver'o

1244 1294 1341 1324 mos
1371 1285 1477 1332 iste,
1518 1295 1606 1334 quo
1645 1286 1825 1324 nostrae
1856 1284 2012 1324 aetatis
2041 1284 2125 1324 ho-

1244 1346 1388 1386 mines
1418 1344 1596 1385 litterati
1625 1345 1759 1385 modo
1791 1357 1844 1385 ex
1865 1346 1999 1385 animi
2020 1356 2126 1385 sen-

1244 1409 1406 1458 tentia,
1454 1408 1588 1448 modo
1627 1408 1730 1448 ficte
1770 1411 1815 1448 et
1843 1407 2046 1448 simulate
2076 1419 2124 1448 se

1244 1471 1437 1510 invicem
1456 1469 1660 1520 laudant,
1694 1470 1905 1510 admonet
1924 1481 1997 1511 me
2018 1481 2127 1522 pro-

1245 1532 1359 1572 fecto
1390 1532 1491 1571 miri
1519 1530 1655 1579 illius,
1705 1532 1826 1582 quod
1855 1533 1994 1582 nosti,
2036 1532 2126 1572 fra-

1245 1594 1365 1632 trum
1385 1594 1546 1645 paris.»
1569 1617 1614 1621 —
1632 1593 1798 1645 Romae]
1823 1595 1943 1634 «Duo
1961 1595 2123 1644 enim‚»

1248 1654 1408 1705 inquit,
1443 1658 1596 1695 «erant
1616 1657 1781 1695 Romae
1803 1656 1984 1706 fratres,
2013 1656 2128 1696 iure-

1248 1716 1475 1758 consultus
1515 1728 1654 1765 unus,
1708 1716 1818 1758 alter
1862 1720 2032 1768 orator,
2084 1720 2128 1759 et

1248 1778 1431 1830 quidem
1472 1781 1662 1830 uterque
1699 1780 1757 1819 ita
1789 1781 2034 1831 animatus,
2078 1783 2128 1820 ut

1247 1844 1430 1893 propter
1459 1844 1661 1881 mutuam
1683 1843 1911 1883 caritatem
1932 1842 2043 1883 alter
2062 1842 2128 1883 al-

1247 1907 1394 1944 terum
1425 1905 1633 1944 continuo
1656 1903 1928 1954 dilaudaret;
1961 1905 2126 1946 idcirco

1247 1966 1436 2006 alterum
1482 1967 1530 2006 C.
1580 1968 1827 2007 Gracchum
1877 1967 2129 2020 appellabat

1248 2031 1472 2069 oratorem
1492 2029 1598 2069 iuris
1618 2030 1808 2081 peritus,
1841 2030 1960 2070 hunc
1981 2032 2129 2070 orator

1248 2091 1437 2131 alterum
1496 2092 1545 2139 Q.
1597 2093 1792 2132 Mucium
1839 2092 2124 2142 Scaevolam,

1247 2155 1368 2205 pont.
1392 2164 1509 2192 max.
1542 2155 1695 2194 Nonne
1719 2154 1880 2194 eodem
1906 2166 2046 2207 prope
2066 2155 2130 2195 fu-

1247 2226 1348 2255 rore
1370 2226 1417 2256 se
1439 2216 1630 2256 invicem
1650 2218 1780 2257 nimis
1800 2216 2008 2258 laudandi
2028 2229 2129 2270 per-

1249 2279 1368 2319 cussi
1413 2281 1514 2319 sunt
1553 2280 1686 2319 etiam
1726 2281 1865 2320 nostri
1892 2283 2124 2332 poetae?»

1247 2342 1298 2381 V.
1320 2343 1473 2382 Frater
1502 2353 1581 2382 cur
1601 2341 1797 2382 nonnulli
1821 2354 1908 2382 non
1929 2343 2124 2395 proprie,

1249 2404 1331 2444 sed
1361 2404 1416 2444 de
1444 2405 1646 2455 fraternis
1666 2405 1819 2445 animis
1846 2406 1968 2457 (Epp.
1994 2407 2033 2455 4,
2057 2405 2125 2452 40,

1248 2466 1303 2517 4.)
1350 2468 1627 2518 acceperint,
1674 2478 1762 2507 non
1801 2467 1947 2507 vide0.
1998 2469 2061 2507 Ac
2091 2468 2128 2508 si

1246 2527 1317 2567 vel
1360 2529 1552 2568 maxime
1597 2529 1682 2568 hoc
1725 2528 1937 2570 voluisset
1979 2531 2125 2582 poeta,

1248 2589 1374 2630 aliter
1417 2601 1523 2630 sane
1560 2591 1604 2630 id
1642 2592 1958 2642 expressisset,
2005 2593 2126 2632 certe

1246 2652 1386 2693 verba
1426 2664 1513 2693 non
1552 2654 1611 2693 ita
1642 2652 1915 2694 collocasset.
1948 2676 1994 2682 —
2024 2664 2128 2693 con-

1246 2716 1356 2765 sulti]
1388 2715 1483 2754 vid.
1508 2716 1564 2754 ad
1586 2717 1672 2754 Sat.
1698 2717 1735 2763 4,
1760 2716 1798 2764 4,
1824 2716 1889 2754 47.
1916 2738 1962 2743 -
1992 2726 2128 2756 meros

1245 2777 1432 2829 honores]
1454 2777 1584 2816 nichts
1603 2777 1665 2816 als
1677 2776 2123 2829 Ehrenbezeuyunyen,

1248 2839 1560 2889 Complimentffi
1592 2838 1724 2890 plane
1754 2840 1802 2878 ut
1829 2839 1948 2890 apud
1969 2839 2123 2881 Catull.

1249 2901 1322 2950 43,
1360 2901 1406 2939 9;
1462 2901 1542 2940 Sed
1583 2905 1733 2941 contra
1775 2902 1952 2952 accipies
1991 2913 2128 2943 meros

1247 2974 1424 3003 amores.
1461 2963 1522 3003 Cf.
1548 2964 1655 3015 Epp.
1681 2965 1719 3013 4,
1744 2965 1783 3013 7,
1808 2963 1874 3005 84.
1911 2987 1956 2993 —-
1989 2965 2128 3006 Grac-

1247 3026 1356 3078 chus]
1391 3027 1502 3067 Cum
1535 3027 1689 3066 Cicero
1718 3027 1838 3067 Brut.
1862 3026 1929 3067 33.
1971 3028 2126 3069 Caium

1247 3091 1471 3128 oratorem
1487 3088 1621 3129 fuisse
1638 3090 2009 3140 praestantiorem
2026 3101 2128 3132 cen-

1247 3152 1343 3191 seat
1372 3161 1508 3202 quam
1536 3150 1775 3200 Tiberium,
1807 3149 1876 3191 ille
1907 3153 1956 3191 ut
1979 3152 2126 3203 potius

1248 3211 1514 3263 intelligatur
1544 3214 1895 3253 consentaneum
1926 3215 2017 3261 est;
2044 3214 2126 3253 sic

1250 3276 1381 3315 etiam
1413 3276 1462 3323 Q.
1485 3276 1656 3316 Mucius
1677 3277 1723 3314 P.
1747 3276 1802 3316 M.
1826 3274 2001 3315 videtur
2019 3275 2126 3316 iuris

1248 3338 1404 3389 peritia
1442 3337 1738 3377 antecessisse
1780 3338 1824 3376 et
1852 3337 1899 3376 P.
1931 3336 2126 3377 Mucium

1250 3402 1293 3438 et
1323 3399 1371 3447 Q.
1403 3399 1595 3439 Mucium
1626 3408 1840 3449 augurem
1875 3397 1976 3448 (vid.
2006 3398 2126 3438 Ono-

1250 3462 1378 3500 mast.
1402 3459 1508 3500 Tull.
1532 3470 1567 3500 s.
1591 3460 1634 3500 h.
1657 3459 1739 3510 v.):
1768 3459 1852 3500 nisi
1869 3469 1976 3499 vero
1997 3470 2126 3512 prae-

1249 3523 1331 3561 stat
1355 3532 1457 3561 cum
1478 3519 1812 3571 Dillenburgero
1832 3521 1969 3562 totam
1989 3531 2126 3572 quae-
