<?xml version="1.0" encoding="UTF-8"?>
<!DOCTYPE html PUBLIC "-//W3C//DTD XHTML 1.0 Transitional//EN"
    "http://www.w3.org/TR/xhtml1/DTD/xhtml1-transitional.dtd">
<html xmlns="http://www.w3.org/1999/xhtml" xml:lang="en" lang="en">
 <head>
  <title>
</title>
<meta http-equiv="Content-Type" content="text/html;charset=utf-8" />
  <meta name='ocr-system' content='tesseract 3.04.00' />
  <meta name='ocr-capabilities' content='ocr_page ocr_carea ocr_par ocr_line ocrx_word'/>
</head>
<body>
  <div class='ocr_page' id='page_1' title='image "./qhoratiusflaccus02horauoft_0498.png"; bbox 0 0 2231 3787; ppageno 0'>
   <div class='ocr_carea' id='block_1_1' title="bbox 196 268 297 319">
    <p class='ocr_par' dir='ltr' id='par_1_1' title="bbox 196 268 297 319">
     <span class='ocr_line' id='line_1_1' title="bbox 196 268 297 319; baseline 0 -1"><span class='ocrx_word' id='word_1_1' title='bbox 196 268 297 319; x_wconf 65' lang='lat'>460</span> 
     </span>
    </p>
   </div>
   <div class='ocr_carea' id='block_1_2' title="bbox 799 266 1407 307">
    <p class='ocr_par' dir='ltr' id='par_1_2' title="bbox 799 266 1407 307">
     <span class='ocr_line' id='line_1_2' title="bbox 799 266 1407 307; baseline -0.003 -1"><span class='ocrx_word' id='word_1_2' title='bbox 799 267 1008 307; x_wconf 78' lang='lat' dir='ltr'>liORATll</span> <span class='ocrx_word' id='word_1_3' title='bbox 1043 266 1407 307; x_wconf 74' lang='lat' dir='ltr'>EPISTOLARUM</span> 
     </span>
    </p>
   </div>
   <div class='ocr_carea' id='block_1_3' title="bbox 264 393 1932 470">
    <p class='ocr_par' dir='ltr' id='par_1_3' title="bbox 264 393 1932 470">
     <span class='ocr_line' id='line_1_3' title="bbox 264 393 1932 470; baseline -0.003 -18"><span class='ocrx_word' id='word_1_4' title='bbox 264 399 573 470; x_wconf 79' lang='lat' dir='ltr'>Accipiebat</span> <span class='ocrx_word' id='word_1_5' title='bbox 609 430 678 436; x_wconf 97' lang='lat'><strong>—</strong></span> <span class='ocrx_word' id='word_1_6' title='bbox 717 398 824 458; x_wconf 88' lang='lat' dir='ltr'>abi,</span> <span class='ocrx_word' id='word_1_7' title='bbox 866 415 1069 469; x_wconf 88' lang='lat' dir='ltr'>quaere</span> <span class='ocrx_word' id='word_1_8' title='bbox 1104 406 1156 449; x_wconf 91' lang='lat' dir='ltr'>et</span> <span class='ocrx_word' id='word_1_9' title='bbox 1187 396 1353 454; x_wconf 79' lang='lat' dir='ltr'>refer,</span> <span class='ocrx_word' id='word_1_10' title='bbox 1397 394 1538 446; x_wconf 91' lang='lat' dir='ltr'>unde</span> <span class='ocrx_word' id='word_1_11' title='bbox 1567 393 1753 455; x_wconf 81' lang='lat' dir='ltr'>domo,</span> <span class='ocrx_word' id='word_1_12' title='bbox 1796 394 1932 464; x_wconf 82' lang='lat' dir='ltr'>quis,</span> 
     </span>
    </p>
   </div>
   <div class='ocr_carea' id='block_1_4' title="bbox 265 500 1682 571">
    <p class='ocr_par' dir='ltr' id='par_1_4' title="bbox 265 500 1682 571">
     <span class='ocr_line' id='line_1_4' title="bbox 265 500 1682 571; baseline -0.007 -15"><span class='ocrx_word' id='word_1_13' title='bbox 265 502 428 556; x_wconf 88' lang='lat' dir='ltr'>Cuius</span> <span class='ocrx_word' id='word_1_14' title='bbox 469 502 735 559; x_wconf 85' lang='lat' dir='ltr'>fortunae,</span> <span class='ocrx_word' id='word_1_15' title='bbox 778 518 886 571; x_wconf 85' lang='lat' dir='ltr'>quo</span> <span class='ocrx_word' id='word_1_16' title='bbox 929 500 995 551; x_wconf 83' lang='lat' dir='ltr'>sit</span> <span class='ocrx_word' id='word_1_17' title='bbox 1034 507 1183 569; x_wconf 85' lang='lat' dir='ltr'>patre</span> <span class='ocrx_word' id='word_1_18' title='bbox 1224 513 1401 567; x_wconf 88' lang='lat' dir='ltr'>quove</span> <span class='ocrx_word' id='word_1_19' title='bbox 1441 502 1682 566; x_wconf 88' lang='lat' dir='ltr'>patrono.</span> 
     </span>
    </p>
   </div>
   <div class='ocr_carea' id='block_1_5' title="bbox 267 597 1672 661">
    <p class='ocr_par' dir='ltr' id='par_1_5' title="bbox 267 597 1672 661">
     <span class='ocr_line' id='line_1_5' title="bbox 267 597 1672 661; baseline -0.006 -5"><span class='ocrx_word' id='word_1_20' title='bbox 267 606 332 661; x_wconf 85' lang='lat' dir='ltr'>lt,</span> <span class='ocrx_word' id='word_1_21' title='bbox 375 603 512 657; x_wconf 88' lang='lat' dir='ltr'>redit</span> <span class='ocrx_word' id='word_1_22' title='bbox 550 612 601 657; x_wconf 92' lang='lat' dir='ltr'>et</span> <span class='ocrx_word' id='word_1_23' title='bbox 639 612 843 657; x_wconf 80' lang='lat' dir='ltr'>narrat,</span> <span class='ocrx_word' id='word_1_24' title='bbox 887 600 1146 653; x_wconf 77' lang='lat' dir='ltr'>Volteium</span> <span class='ocrx_word' id='word_1_25' title='bbox 1185 597 1399 651; x_wconf 86' lang='lat' dir='ltr'>nomine</span> <span class='ocrx_word' id='word_1_26' title='bbox 1440 597 1672 658; x_wconf 81' lang='lat' dir='ltr'>Menam,</span> 
     </span>
    </p>
   </div>
   <div class='ocr_carea' id='block_1_6' title="bbox 1943 596 2009 648">
    <p class='ocr_par' dir='ltr' id='par_1_6' title="bbox 1943 596 2009 648">
     <span class='ocr_line' id='line_1_6' title="bbox 1943 596 2009 648; baseline -0.015 0"><span class='ocrx_word' id='word_1_27' title='bbox 1943 596 2009 648; x_wconf 81' lang='lat'>55</span> 
     </span>
    </p>
   </div>
   <div class='ocr_carea' id='block_1_7' title="bbox 266 699 1732 761">
    <p class='ocr_par' dir='ltr' id='par_1_7' title="bbox 266 699 1732 761">
     <span class='ocr_line' id='line_1_7' title="bbox 266 699 1732 761; baseline -0.005 -3"><span class='ocrx_word' id='word_1_28' title='bbox 266 707 618 759; x_wconf 77' lang='lat' dir='ltr'>Praeconem,</span> <span class='ocrx_word' id='word_1_29' title='bbox 662 703 804 757; x_wconf 87' lang='lat' dir='ltr'>tenui</span> <span class='ocrx_word' id='word_1_30' title='bbox 847 718 1037 761; x_wconf 87' lang='lat' dir='ltr'>censu,</span> <span class='ocrx_word' id='word_1_31' title='bbox 1081 701 1195 753; x_wconf 89' lang='lat' dir='ltr'>sine</span> <span class='ocrx_word' id='word_1_32' title='bbox 1235 699 1482 760; x_wconf 86' lang='lat' dir='ltr'>crimine,</span> <span class='ocrx_word' id='word_1_33' title='bbox 1524 706 1732 759; x_wconf 80' lang='lat' dir='ltr'>notum,</span> 
     </span>
    </p>
   </div>
   <div class='ocr_carea' id='block_1_8' title="bbox 267 799 1761 877">
    <p class='ocr_par' dir='ltr' id='par_1_8' title="bbox 267 799 1761 877">
     <span class='ocr_line' id='line_1_8' title="bbox 267 799 1761 877; baseline -0.005 -18"><span class='ocrx_word' id='word_1_34' title='bbox 267 808 326 860; x_wconf 85' lang='lat' dir='ltr'>Et</span> <span class='ocrx_word' id='word_1_35' title='bbox 364 822 657 877; x_wconf 85' lang='lat' dir='ltr'>properare</span> <span class='ocrx_word' id='word_1_36' title='bbox 697 804 813 857; x_wconf 85' lang='lat' dir='ltr'>loco</span> <span class='ocrx_word' id='word_1_37' title='bbox 853 811 906 856; x_wconf 87' lang='lat' dir='ltr'>et</span> <span class='ocrx_word' id='word_1_38' title='bbox 945 818 1162 856; x_wconf 86' lang='lat' dir='ltr'>cessare</span> <span class='ocrx_word' id='word_1_39' title='bbox 1203 809 1255 854; x_wconf 92' lang='lat' dir='ltr'>et</span> <span class='ocrx_word' id='word_1_40' title='bbox 1293 816 1559 872; x_wconf 78' lang='lat' dir='ltr'>quaerere</span> <span class='ocrx_word' id='word_1_41' title='bbox 1600 807 1651 853; x_wconf 92' lang='lat' dir='ltr'>et</span> <span class='ocrx_word' id='word_1_42' title='bbox 1688 799 1761 853; x_wconf 89' lang='lat' dir='ltr'>uti</span> 
     </span>
    </p>
   </div>
   <div class='ocr_carea' id='block_1_9' title="bbox 266 901 1670 976">
    <p class='ocr_par' dir='ltr' id='par_1_9' title="bbox 266 901 1670 976">
     <span class='ocr_line' id='line_1_9' title="bbox 266 901 1670 976; baseline -0.005 -16"><span class='ocrx_word' id='word_1_43' title='bbox 266 907 596 961; x_wconf 78' lang='lat' dir='ltr'>Gaudentem</span> <span class='ocrx_word' id='word_1_44' title='bbox 638 905 926 976; x_wconf 81' lang='lat' dir='ltr'>parvisque</span> <span class='ocrx_word' id='word_1_45' title='bbox 966 902 1242 957; x_wconf 85' lang='lat' dir='ltr'>sodalibus</span> <span class='ocrx_word' id='word_1_46' title='bbox 1282 911 1335 955; x_wconf 90' lang='lat' dir='ltr'>et</span> <span class='ocrx_word' id='word_1_47' title='bbox 1371 901 1483 955; x_wconf 84' lang='lat' dir='ltr'>lare</span> <span class='ocrx_word' id='word_1_48' title='bbox 1523 909 1670 956; x_wconf 86' lang='lat' dir='ltr'>certo</span> 
     </span>
    </p>
   </div>
   <div class='ocr_carea' id='block_1_10' title="bbox 302 1056 1081 1105">
    <p class='ocr_par' dir='ltr' id='par_1_10' title="bbox 302 1056 1081 1105">
     <span class='ocr_line' id='line_1_10' title="bbox 302 1056 1081 1105; baseline -0.003 -8"><span class='ocrx_word' id='word_1_49' title='bbox 302 1060 367 1098; x_wconf 89' lang='grc'>55.</span> <span class='ocrx_word' id='word_1_50' title='bbox 401 1059 555 1097; x_wconf 83' lang='lat' dir='ltr'>Menan</span> <span class='ocrx_word' id='word_1_51' title='bbox 584 1056 654 1096; x_wconf 89' lang='lat' dir='ltr'>bc.</span> <span class='ocrx_word' id='word_1_52' title='bbox 690 1078 736 1084; x_wconf 92' lang='lat'>—</span> <span class='ocrx_word' id='word_1_53' title='bbox 771 1057 856 1094; x_wconf 78' lang='lat' dir='ltr'>sine</span> <span class='ocrx_word' id='word_1_54' title='bbox 885 1056 1081 1105; x_wconf 70' lang='lat' dir='ltr'>crimine,</span> 
     </span>
    </p>
   </div>
   <div class='ocr_carea' id='block_1_11' title="bbox 1130 1054 1956 1107">
    <p class='ocr_par' dir='ltr' id='par_1_11' title="bbox 1130 1054 1956 1107">
     <span class='ocr_line' id='line_1_11' title="bbox 1130 1054 1956 1107; baseline -0.004 -11"><span class='ocrx_word' id='word_1_55' title='bbox 1130 1062 1294 1107; x_wconf 76' lang='lat' dir='ltr'>notum,</span> <span class='ocrx_word' id='word_1_56' title='bbox 1337 1055 1389 1094; x_wconf 78' lang='lat' dir='ltr'>Et</span> <span class='ocrx_word' id='word_1_57' title='bbox 1419 1055 1482 1094; x_wconf 84' lang='lat' dir='ltr'>sie</span> <span class='ocrx_word' id='word_1_58' title='bbox 1514 1054 1709 1095; x_wconf 86' lang='lat' dir='ltr'>distinxi:</span> <span class='ocrx_word' id='word_1_59' title='bbox 1757 1055 1842 1094; x_wconf 84' lang='lat' dir='ltr'>sine</span> <span class='ocrx_word' id='word_1_60' title='bbox 1870 1055 1956 1093; x_wconf 82' lang='lat' dir='ltr'>cri-</span> 
     </span>
    </p>
   </div>
   <div class='ocr_carea' id='block_1_12' title="bbox 247 1118 1959 1233">
    <p class='ocr_par' dir='ltr' id='par_1_12' title="bbox 247 1118 1959 1233">
     <span class='ocr_line' id='line_1_12' title="bbox 250 1118 1959 1170; baseline -0.001 -12"><span class='ocrx_word' id='word_1_61' title='bbox 250 1123 356 1160; x_wconf 77' lang='lat' dir='ltr'>mine</span> <span class='ocrx_word' id='word_1_62' title='bbox 386 1125 545 1168; x_wconf 79' lang='lat' dir='ltr'>notum,</span> <span class='ocrx_word' id='word_1_63' title='bbox 579 1120 629 1158; x_wconf 78' lang='lat' dir='ltr'>Et</span> <span class='ocrx_word' id='word_1_64' title='bbox 662 1119 877 1167; x_wconf 73' lang='lat' dir='ltr'>LCtFMO,</span> <span class='ocrx_word' id='word_1_65' title='bbox 910 1120 996 1158; x_wconf 81' lang='lat' dir='ltr'>sine</span> <span class='ocrx_word' id='word_1_66' title='bbox 1026 1120 1218 1170; x_wconf 81' lang='lat' dir='ltr'>crimine,</span> <span class='ocrx_word' id='word_1_67' title='bbox 1252 1124 1395 1160; x_wconf 77' lang='lat' dir='ltr'>notum</span> <span class='ocrx_word' id='word_1_68' title='bbox 1427 1119 1478 1157; x_wconf 81' lang='grc' dir='ltr'>Ει</span> <span class='ocrx_word' id='word_1_69' title='bbox 1508 1129 1552 1167; x_wconf 79' lang='lat' dir='ltr'>s,</span> <span class='ocrx_word' id='word_1_70' title='bbox 1585 1119 1671 1158; x_wconf 84' lang='lat' dir='ltr'>sine</span> <span class='ocrx_word' id='word_1_71' title='bbox 1690 1118 1864 1157; x_wconf 82' lang='lat' dir='ltr'>erimine</span> <span class='ocrx_word' id='word_1_72' title='bbox 1882 1129 1959 1157; x_wconf 80' lang='grc' dir='ltr'>ηα-</span> 
     </span>
     <span class='ocr_line' id='line_1_13' title="bbox 247 1179 1953 1233; baseline -0.002 -10"><span class='ocrx_word' id='word_1_73' title='bbox 247 1191 353 1233; x_wconf 79' lang='lat' dir='ltr'>tum,</span> <span class='ocrx_word' id='word_1_74' title='bbox 386 1185 438 1223; x_wconf 85' lang='lat' dir='ltr'>Et</span> <span class='ocrx_word' id='word_1_75' title='bbox 468 1196 490 1223; x_wconf 93' lang='lat' dir='ltr'>e</span> <span class='ocrx_word' id='word_1_76' title='bbox 524 1182 661 1224; x_wconf 89' lang='lat' dir='ltr'>Codd.</span> <span class='ocrx_word' id='word_1_77' title='bbox 699 1183 798 1233; x_wconf 91' lang='lat' dir='ltr'>(non</span> <span class='ocrx_word' id='word_1_78' title='bbox 830 1183 932 1233; x_wconf 92' lang='lat' dir='ltr'>suis)</span> <span class='ocrx_word' id='word_1_79' title='bbox 965 1182 1203 1224; x_wconf 84' lang='lat' dir='ltr'>Bentleius.</span> <span class='ocrx_word' id='word_1_80' title='bbox 1233 1206 1275 1211; x_wconf 94' lang='lat'>—</span> <span class='ocrx_word' id='word_1_81' title='bbox 1311 1183 1377 1222; x_wconf 89' lang='lat'>58.</span> <span class='ocrx_word' id='word_1_82' title='bbox 1405 1186 1521 1221; x_wconf 74' lang='grc' dir='ltr'><em>σιινίο</em></span> <span class='ocrx_word' id='word_1_83' title='bbox 1553 1193 1576 1221; x_wconf 90' lang='lat' dir='ltr'>e</span> <span class='ocrx_word' id='word_1_84' title='bbox 1608 1180 1782 1221; x_wconf 85' lang='lat' dir='ltr'>duobus</span> <span class='ocrx_word' id='word_1_85' title='bbox 1814 1179 1953 1221; x_wconf 91' lang='lat' dir='ltr'>Codd.</span> 
     </span>
    </p>
   </div>
   <div class='ocr_carea' id='block_1_13' title="bbox 193 1319 2013 1378">
    <p class='ocr_par' dir='ltr' id='par_1_13' title="bbox 193 1319 2013 1378">
     <span class='ocr_line' id='line_1_14' title="bbox 193 1319 2013 1378; baseline -0.003 -12"><span class='ocrx_word' id='word_1_86' title='bbox 193 1326 324 1366; x_wconf 86' lang='lat' dir='ltr'>hodie</span> <span class='ocrx_word' id='word_1_87' title='bbox 355 1319 485 1376; x_wconf 72' lang='grc' dir='ltr'>ἅπαξ</span> <span class='ocrx_word' id='word_1_88' title='bbox 524 1321 782 1378; x_wconf 70' lang='grc' dir='ltr'><em>λεγόμενον</em></span> <span class='ocrx_word' id='word_1_89' title='bbox 813 1328 903 1373; x_wconf 81' lang='lat' dir='ltr'>est,</span> <span class='ocrx_word' id='word_1_90' title='bbox 952 1325 1070 1364; x_wconf 91' lang='lat' dir='ltr'>unde</span> <span class='ocrx_word' id='word_1_91' title='bbox 1101 1333 1105 1358; x_wconf 73' lang='lat'>¹</span> <span class='ocrx_word' id='word_1_92' title='bbox 1136 1326 1191 1364; x_wconf 88' lang='lat' dir='ltr'>ita</span> <span class='ocrx_word' id='word_1_93' title='bbox 1222 1327 1270 1364; x_wconf 93' lang='lat' dir='ltr'>ut</span> <span class='ocrx_word' id='word_1_94' title='bbox 1300 1335 1351 1363; x_wconf 88' lang='lat' dir='ltr'>ex</span> <span class='ocrx_word' id='word_1_95' title='bbox 1383 1324 1542 1363; x_wconf 89' lang='lat' dir='ltr'>horum</span> <span class='ocrx_word' id='word_1_96' title='bbox 1563 1320 1761 1372; x_wconf 90' lang='lat' dir='ltr'>quolibet</span> <span class='ocrx_word' id='word_1_97' title='bbox 1789 1321 1844 1361; x_wconf 90' lang='lat' dir='ltr'>de</span> <span class='ocrx_word' id='word_1_98' title='bbox 1873 1322 2013 1361; x_wconf 88' lang='lat' dir='ltr'>mori-</span> 
     </span>
    </p>
   </div>
   <div class='ocr_carea' id='block_1_14' title="bbox 191 1387 1075 3421">
    <p class='ocr_par' dir='ltr' id='par_1_14' title="bbox 191 1387 1075 3421">
     <span class='ocr_line' id='line_1_15' title="bbox 194 1387 1068 1439; baseline -0.003 -11"><span class='ocrx_word' id='word_1_99' title='bbox 194 1389 539 1439; x_wconf 91' lang='lat' dir='ltr'>Cuninghamius</span> <span class='ocrx_word' id='word_1_100' title='bbox 577 1387 800 1427; x_wconf 82' lang='lat' dir='ltr'>substituit</span> <span class='ocrx_word' id='word_1_101' title='bbox 833 1387 986 1426; x_wconf 78' lang='lat' dir='ltr'>laevus.</span> <span class='ocrx_word' id='word_1_102' title='bbox 1023 1410 1068 1414; x_wconf 86' lang='lat'>—</span> 
     </span>
     <span class='ocr_line' id='line_1_16' title="bbox 191 1448 1073 1501; baseline -0.003 -11"><span class='ocrx_word' id='word_1_103' title='bbox 191 1451 440 1501; x_wconf 75' lang='lat' dir='ltr'>Accipiebat]</span> <span class='ocrx_word' id='word_1_104' title='bbox 494 1451 735 1500; x_wconf 80' lang='lat' dir='ltr'>«excipere</span> <span class='ocrx_word' id='word_1_105' title='bbox 782 1450 824 1488; x_wconf 83' lang='lat' dir='ltr'>et</span> <span class='ocrx_word' id='word_1_106' title='bbox 868 1448 1073 1488; x_wconf 86' lang='lat' dir='ltr'>celeriter</span> 
     </span>
     <span class='ocr_line' id='line_1_17' title="bbox 194 1510 1071 1565; baseline -0.003 -12"><span class='ocrx_word' id='word_1_107' title='bbox 194 1514 378 1565; x_wconf 76' lang='lat' dir='ltr'>exsequi</span> <span class='ocrx_word' id='word_1_108' title='bbox 422 1511 640 1553; x_wconf 81' lang='lat' dir='ltr'>solebat.»</span> <span class='ocrx_word' id='word_1_109' title='bbox 690 1535 733 1540; x_wconf 80' lang='lat'>—</span> <span class='ocrx_word' id='word_1_110' title='bbox 779 1512 886 1551; x_wconf 80' lang='lat' dir='ltr'>unde</span> <span class='ocrx_word' id='word_1_111' title='bbox 929 1510 1071 1561; x_wconf 76' lang='lat' dir='ltr'>domo]</span> 
     </span>
     <span class='ocr_line' id='line_1_18' title="bbox 192 1572 1073 1626; baseline -0.001 -13"><span class='ocrx_word' id='word_1_112' title='bbox 192 1576 308 1626; x_wconf 80' lang='lat' dir='ltr'>Virg.</span> <span class='ocrx_word' id='word_1_113' title='bbox 332 1578 439 1615; x_wconf 80' lang='lat' dir='ltr'>Aen.</span> <span class='ocrx_word' id='word_1_114' title='bbox 464 1575 503 1623; x_wconf 82' lang='lat'>8,</span> <span class='ocrx_word' id='word_1_115' title='bbox 529 1574 606 1614; x_wconf 67' lang='lat'>444</span> <span class='ocrx_word' id='word_1_116' title='bbox 630 1586 636 1612; x_wconf 91' lang='lat'>:</span> <span class='ocrx_word' id='word_1_117' title='bbox 671 1574 749 1623; x_wconf 81' lang='lat' dir='ltr'>Qui</span> <span class='ocrx_word' id='word_1_118' title='bbox 774 1572 937 1625; x_wconf 65' lang='lat' dir='ltr'>glenus?</span> <span class='ocrx_word' id='word_1_119' title='bbox 965 1574 1073 1612; x_wconf 82' lang='lat' dir='ltr'>unde</span> 
     </span>
     <span class='ocr_line' id='line_1_19' title="bbox 192 1636 1071 1688; baseline -0.002 -11"><span class='ocrx_word' id='word_1_120' title='bbox 192 1637 348 1678; x_wconf 77' lang='lat' dir='ltr'>domo?</span> <span class='ocrx_word' id='word_1_121' title='bbox 386 1639 545 1676; x_wconf 81' lang='lat' dir='ltr'>Domus</span> <span class='ocrx_word' id='word_1_122' title='bbox 575 1636 629 1676; x_wconf 81' lang='lat' dir='ltr'>(le</span> <span class='ocrx_word' id='word_1_123' title='bbox 660 1637 825 1688; x_wconf 89' lang='lat' dir='ltr'>patria,</span> <span class='ocrx_word' id='word_1_124' title='bbox 858 1638 906 1675; x_wconf 93' lang='lat' dir='ltr'>ut</span> <span class='ocrx_word' id='word_1_125' title='bbox 936 1647 1071 1687; x_wconf 86' lang='lat' dir='ltr'>saepe</span> 
     </span>
     <span class='ocr_line' id='line_1_20' title="bbox 193 1700 1070 1751; baseline -0.002 -12"><span class='ocrx_word' id='word_1_126' title='bbox 193 1701 234 1739; x_wconf 88' lang='lat' dir='ltr'>in</span> <span class='ocrx_word' id='word_1_127' title='bbox 256 1701 475 1751; x_wconf 86' lang='lat' dir='ltr'>Inscriptt.</span> <span class='ocrx_word' id='word_1_128' title='bbox 501 1701 611 1738; x_wconf 76' lang='lat' dir='ltr'>Latt‚</span> <span class='ocrx_word' id='word_1_129' title='bbox 643 1700 768 1738; x_wconf 63' lang='lat' dir='ltr'>Dono</span> <span class='ocrx_word' id='word_1_130' title='bbox 787 1700 962 1739; x_wconf 70' lang='lat' dir='ltr'>Pfinrsffl</span> <span class='ocrx_word' id='word_1_131' title='bbox 985 1700 1070 1738; x_wconf 85' lang='lat' dir='ltr'>cet.</span> 
     </span>
     <span class='ocr_line' id='line_1_21' title="bbox 192 1760 1073 1813; baseline -0.003 -11"><span class='ocrx_word' id='word_1_132' title='bbox 192 1762 456 1813; x_wconf 87' lang='lat' dir='ltr'>Interrogari</span> <span class='ocrx_word' id='word_1_133' title='bbox 486 1762 616 1812; x_wconf 90' lang='lat' dir='ltr'>igitur</span> <span class='ocrx_word' id='word_1_134' title='bbox 635 1760 779 1807; x_wconf 85' lang='lat' dir='ltr'>iubet,</span> <span class='ocrx_word' id='word_1_135' title='bbox 815 1772 954 1811; x_wconf 89' lang='lat' dir='ltr'>«quae</span> <span class='ocrx_word' id='word_1_136' title='bbox 978 1761 1073 1800; x_wconf 91' lang='lat' dir='ltr'>eius</span> 
     </span>
     <span class='ocr_line' id='line_1_22' title="bbox 192 1822 1072 1876; baseline -0.003 -12"><span class='ocrx_word' id='word_1_137' title='bbox 192 1825 332 1876; x_wconf 88' lang='lat' dir='ltr'>patria</span> <span class='ocrx_word' id='word_1_138' title='bbox 355 1824 424 1871; x_wconf 87' lang='lat' dir='ltr'>sit,</span> <span class='ocrx_word' id='word_1_139' title='bbox 449 1822 591 1874; x_wconf 73' lang='lat' dir='ltr'>(quis,)</span> <span class='ocrx_word' id='word_1_140' title='bbox 613 1822 733 1873; x_wconf 88' lang='lat' dir='ltr'>quod</span> <span class='ocrx_word' id='word_1_141' title='bbox 754 1833 934 1871; x_wconf 89' lang='lat' dir='ltr'>nomen,</span> <span class='ocrx_word' id='word_1_142' title='bbox 959 1833 1072 1873; x_wconf 89' lang='lat' dir='ltr'>quae</span> 
     </span>
     <span class='ocr_line' id='line_1_23' title="bbox 193 1884 1075 1934; baseline -0.001 -10"><span class='ocrx_word' id='word_1_143' title='bbox 193 1897 265 1926; x_wconf 92' lang='lat' dir='ltr'>res</span> <span class='ocrx_word' id='word_1_144' title='bbox 309 1885 554 1925; x_wconf 89' lang='lat' dir='ltr'>domestica</span> <span class='ocrx_word' id='word_1_145' title='bbox 596 1887 639 1923; x_wconf 92' lang='lat' dir='ltr'>et</span> <span class='ocrx_word' id='word_1_146' title='bbox 681 1884 903 1933; x_wconf 89' lang='lat' dir='ltr'>condicio,</span> <span class='ocrx_word' id='word_1_147' title='bbox 950 1885 1075 1934; x_wconf 87' lang='lat' dir='ltr'>inge-</span> 
     </span>
     <span class='ocr_line' id='line_1_24' title="bbox 194 1946 1075 1995; baseline -0.001 -9"><span class='ocrx_word' id='word_1_148' title='bbox 194 1959 364 1988; x_wconf 90' lang='lat' dir='ltr'>nuusne</span> <span class='ocrx_word' id='word_1_149' title='bbox 397 1959 451 1987; x_wconf 90' lang='lat' dir='ltr'>an</span> <span class='ocrx_word' id='word_1_150' title='bbox 473 1947 656 1986; x_wconf 90' lang='lat' dir='ltr'>libertus</span> <span class='ocrx_word' id='word_1_151' title='bbox 672 1946 717 1983; x_wconf 62' lang='lat'>9»</span> <span class='ocrx_word' id='word_1_152' title='bbox 755 1970 798 1974; x_wconf 82' lang='lat'>—</span> <span class='ocrx_word' id='word_1_153' title='bbox 831 1947 880 1995; x_wconf 75' lang='lat' dir='ltr'>Ic,</span> <span class='ocrx_word' id='word_1_154' title='bbox 914 1947 1017 1985; x_wconf 80' lang='lat' dir='ltr'>redit</span> <span class='ocrx_word' id='word_1_155' title='bbox 1039 1950 1075 1985; x_wconf 76' lang='lat' dir='ltr'>et</span> 
     </span>
     <span class='ocr_line' id='line_1_25' title="bbox 192 2007 1075 2061; baseline -0.001 -13"><span class='ocrx_word' id='word_1_156' title='bbox 192 2010 360 2061; x_wconf 70' lang='lat' dir='ltr'>narrat]</span> <span class='ocrx_word' id='word_1_157' title='bbox 392 2008 646 2049; x_wconf 83' lang='lat' dir='ltr'>Mirabiliter</span> <span class='ocrx_word' id='word_1_158' title='bbox 670 2009 781 2048; x_wconf 89' lang='lat' dir='ltr'>haec</span> <span class='ocrx_word' id='word_1_159' title='bbox 802 2007 1075 2059; x_wconf 86' lang='lat' dir='ltr'>respondent</span> 
     </span>
     <span class='ocr_line' id='line_1_26' title="bbox 193 2071 1074 2120; baseline -0.002 -10"><span class='ocrx_word' id='word_1_160' title='bbox 193 2072 344 2112; x_wconf 70' lang='lat' dir='ltr'>verbis</span> <span class='ocrx_word' id='word_1_161' title='bbox 383 2072 470 2120; x_wconf 80' lang='lat' dir='ltr'>abi,</span> <span class='ocrx_word' id='word_1_162' title='bbox 519 2082 674 2120; x_wconf 80' lang='lat' dir='ltr'>quaere</span> <span class='ocrx_word' id='word_1_163' title='bbox 702 2074 739 2109; x_wconf 84' lang='lat' dir='ltr'>et</span> <span class='ocrx_word' id='word_1_164' title='bbox 777 2071 912 2120; x_wconf 77' lang='lat' dir='ltr'>refer:</span> <span class='ocrx_word' id='word_1_165' title='bbox 961 2081 1074 2120; x_wconf 91' lang='lat' dir='ltr'>quo-</span> 
     </span>
     <span class='ocr_line' id='line_1_27' title="bbox 194 2132 1069 2184; baseline -0.005 -9"><span class='ocrx_word' id='word_1_166' title='bbox 194 2136 307 2175; x_wconf 85' lang='lat' dir='ltr'>circa</span> <span class='ocrx_word' id='word_1_167' title='bbox 332 2132 419 2173; x_wconf 91' lang='lat' dir='ltr'>noli</span> <span class='ocrx_word' id='word_1_168' title='bbox 438 2132 585 2184; x_wconf 89' lang='lat' dir='ltr'>legere</span> <span class='ocrx_word' id='word_1_169' title='bbox 608 2143 709 2171; x_wconf 90' lang='lat' dir='ltr'>cum</span> <span class='ocrx_word' id='word_1_170' title='bbox 733 2133 1069 2183; x_wconf 85' lang='lat' dir='ltr'>Cuninghamio:</span> 
     </span>
     <span class='ocr_line' id='line_1_28' title="bbox 194 2195 1073 2246; baseline -0.002 -10"><span class='ocrx_word' id='word_1_171' title='bbox 194 2198 284 2246; x_wconf 70' lang='lat' dir='ltr'>abi,</span> <span class='ocrx_word' id='word_1_172' title='bbox 318 2207 491 2246; x_wconf 73' lang='lat' dir='ltr'>quaere,</span> <span class='ocrx_word' id='word_1_173' title='bbox 525 2196 646 2246; x_wconf 82' lang='lat' dir='ltr'>refer.</span> <span class='ocrx_word' id='word_1_174' title='bbox 684 2219 727 2223; x_wconf 90' lang='lat'>—</span> <span class='ocrx_word' id='word_1_175' title='bbox 760 2195 943 2246; x_wconf 77' lang='lat' dir='ltr'>Menam]</span> <span class='ocrx_word' id='word_1_176' title='bbox 984 2195 1073 2234; x_wconf 86' lang='lat' dir='ltr'>fre-</span> 
     </span>
     <span class='ocr_line' id='line_1_29' title="bbox 195 2256 1073 2310; baseline -0.003 -12"><span class='ocrx_word' id='word_1_177' title='bbox 195 2270 335 2310; x_wconf 88' lang='lat' dir='ltr'>quens</span> <span class='ocrx_word' id='word_1_178' title='bbox 367 2269 597 2298; x_wconf 67' lang='lat' dir='ltr'>servorum</span> <span class='ocrx_word' id='word_1_179' title='bbox 619 2268 670 2296; x_wconf 89' lang='lat' dir='ltr'>ac</span> <span class='ocrx_word' id='word_1_180' title='bbox 699 2256 962 2296; x_wconf 89' lang='lat' dir='ltr'>libertorum</span> <span class='ocrx_word' id='word_1_181' title='bbox 992 2267 1073 2295; x_wconf 92' lang='lat' dir='ltr'>no-</span> 
     </span>
     <span class='ocr_line' id='line_1_30' title="bbox 193 2319 1072 2372; baseline -0.005 -11"><span class='ocrx_word' id='word_1_182' title='bbox 193 2332 296 2361; x_wconf 91' lang='lat' dir='ltr'>men</span> <span class='ocrx_word' id='word_1_183' title='bbox 328 2319 600 2372; x_wconf 83' lang='lat' dir='ltr'>populariter</span> <span class='ocrx_word' id='word_1_184' title='bbox 630 2321 905 2359; x_wconf 83' lang='lat' dir='ltr'>contractum</span> <span class='ocrx_word' id='word_1_185' title='bbox 931 2319 1072 2358; x_wconf 80' lang='lat' dir='ltr'>maxi—</span> 
     </span>
     <span class='ocr_line' id='line_1_31' title="bbox 194 2380 1071 2429; baseline -0.003 -6"><span class='ocrx_word' id='word_1_186' title='bbox 194 2395 266 2424; x_wconf 88' lang='lat' dir='ltr'>me</span> <span class='ocrx_word' id='word_1_187' title='bbox 298 2385 338 2423; x_wconf 92' lang='lat' dir='ltr'>in</span> <span class='ocrx_word' id='word_1_188' title='bbox 361 2381 545 2422; x_wconf 90' lang='lat' dir='ltr'>dialecto</span> <span class='ocrx_word' id='word_1_189' title='bbox 568 2380 859 2421; x_wconf 83' lang='lat' dir='ltr'>Alexandrina</span> <span class='ocrx_word' id='word_1_190' title='bbox 878 2412 886 2429; x_wconf 85' lang='lat'><strong><em>,</em></strong></span> <span class='ocrx_word' id='word_1_191' title='bbox 918 2382 966 2419; x_wconf 90' lang='lat' dir='ltr'>ut</span> <span class='ocrx_word' id='word_1_192' title='bbox 987 2381 1071 2420; x_wconf 88' lang='lat' dir='ltr'>De-</span> 
     </span>
     <span class='ocr_line' id='line_1_32' title="bbox 193 2443 1066 2495; baseline -0.002 -10"><span class='ocrx_word' id='word_1_193' title='bbox 193 2458 305 2495; x_wconf 80' lang='lat' dir='ltr'>mas,</span> <span class='ocrx_word' id='word_1_194' title='bbox 337 2446 523 2495; x_wconf 75' lang='lat' dir='ltr'>Apollos,</span> <span class='ocrx_word' id='word_1_195' title='bbox 559 2456 610 2484; x_wconf 77' lang='lat' dir='ltr'>ex</span> <span class='ocrx_word' id='word_1_196' title='bbox 631 2456 749 2484; x_wconf 90' lang='lat' dir='ltr'>nom.</span> <span class='ocrx_word' id='word_1_197' title='bbox 784 2443 1066 2491; x_wconf 85' lang='lat' dir='ltr'>Menodorus‚</span> 
     </span>
     <span class='ocr_line' id='line_1_33' title="bbox 194 2504 1071 2558; baseline -0.005 -10"><span class='ocrx_word' id='word_1_198' title='bbox 194 2508 487 2555; x_wconf 91' lang='lat' dir='ltr'>Demodorus‚</span> <span class='ocrx_word' id='word_1_199' title='bbox 510 2506 814 2558; x_wconf 88' lang='lat' dir='ltr'>Apollodorus.</span> <span class='ocrx_word' id='word_1_200' title='bbox 842 2505 918 2555; x_wconf 88' lang='lat' dir='ltr'>(Cf.</span> <span class='ocrx_word' id='word_1_201' title='bbox 939 2504 1071 2545; x_wconf 90' lang='lat' dir='ltr'>simil-</span> 
     </span>
     <span class='ocr_line' id='line_1_34' title="bbox 192 2569 1071 2610; baseline -0.005 0"><span class='ocrx_word' id='word_1_202' title='bbox 192 2570 342 2610; x_wconf 86' lang='lat' dir='ltr'>limam</span> <span class='ocrx_word' id='word_1_203' title='bbox 373 2570 590 2609; x_wconf 89' lang='lat' dir='ltr'>rationem</span> <span class='ocrx_word' id='word_1_204' title='bbox 621 2570 851 2608; x_wconf 87' lang='lat' dir='ltr'>nominum</span> <span class='ocrx_word' id='word_1_205' title='bbox 890 2569 1071 2607; x_wconf 90' lang='lat' dir='ltr'>Germa-</span> 
     </span>
     <span class='ocr_line' id='line_1_35' title="bbox 194 2630 1067 2680; baseline -0.006 -8"><span class='ocrx_word' id='word_1_206' title='bbox 194 2633 396 2672; x_wconf 89' lang='lat' dir='ltr'>nicorum</span> <span class='ocrx_word' id='word_1_207' title='bbox 418 2632 537 2680; x_wconf 52' lang='lat' dir='ltr'>Gom,</span> <span class='ocrx_word' id='word_1_208' title='bbox 569 2632 712 2679; x_wconf 80' lang='lat' dir='ltr'>Kunz,</span> <span class='ocrx_word' id='word_1_209' title='bbox 744 2631 898 2678; x_wconf 77' lang='lat' dir='ltr'>Heinz,</span> <span class='ocrx_word' id='word_1_210' title='bbox 931 2630 1067 2678; x_wconf 77' lang='lat' dir='ltr'>Dielz,</span> 
     </span>
     <span class='ocr_line' id='line_1_36' title="bbox 195 2691 1066 2745; baseline -0.006 -11"><span class='ocrx_word' id='word_1_211' title='bbox 195 2697 278 2734; x_wconf 89' lang='lat' dir='ltr'>cet.</span> <span class='ocrx_word' id='word_1_212' title='bbox 301 2705 380 2745; x_wconf 89' lang='lat' dir='ltr'>pro</span> <span class='ocrx_word' id='word_1_213' title='bbox 398 2694 619 2743; x_wconf 74' lang='lat' dir='ltr'>Goccfried,</span> <span class='ocrx_word' id='word_1_214' title='bbox 639 2694 832 2741; x_wconf 79' lang='lat' dir='ltr'>Konracl,</span> <span class='ocrx_word' id='word_1_215' title='bbox 852 2691 1066 2740; x_wconf 75' lang='lat' dir='ltr'>Heinrich,</span> 
     </span>
     <span class='ocr_line' id='line_1_37' title="bbox 194 2756 1070 2806; baseline -0.002 -10"><span class='ocrx_word' id='word_1_216' title='bbox 194 2757 378 2796; x_wconf 80' lang='lat' dir='ltr'>Dieerich</span> <span class='ocrx_word' id='word_1_217' title='bbox 409 2757 509 2806; x_wconf 90' lang='lat' dir='ltr'>cet.)</span> <span class='ocrx_word' id='word_1_218' title='bbox 542 2757 675 2806; x_wconf 83' lang='lat' dir='ltr'>Igitur</span> <span class='ocrx_word' id='word_1_219' title='bbox 705 2766 758 2794; x_wconf 79' lang='lat' dir='ltr'>ex</span> <span class='ocrx_word' id='word_1_220' title='bbox 780 2756 863 2795; x_wconf 89' lang='lat' dir='ltr'>hoc</span> <span class='ocrx_word' id='word_1_221' title='bbox 884 2766 972 2794; x_wconf 93' lang='lat' dir='ltr'>uno</span> <span class='ocrx_word' id='word_1_222' title='bbox 994 2765 1070 2794; x_wconf 95' lang='lat' dir='ltr'>no-</span> 
     </span>
     <span class='ocr_line' id='line_1_38' title="bbox 196 2816 1069 2869; baseline -0.001 -12"><span class='ocrx_word' id='word_1_223' title='bbox 196 2819 311 2857; x_wconf 91' lang='lat' dir='ltr'>mine</span> <span class='ocrx_word' id='word_1_224' title='bbox 335 2817 558 2869; x_wconf 89' lang='lat' dir='ltr'>Philippus</span> <span class='ocrx_word' id='word_1_225' title='bbox 591 2816 821 2867; x_wconf 81' lang='lat' dir='ltr'>colligebat</span> <span class='ocrx_word' id='word_1_226' title='bbox 852 2816 936 2857; x_wconf 88' lang='lat' dir='ltr'>sibi</span> <span class='ocrx_word' id='word_1_227' title='bbox 967 2827 1069 2856; x_wconf 92' lang='lat' dir='ltr'>cum</span> 
     </span>
     <span class='ocr_line' id='line_1_39' title="bbox 195 2878 1071 2919; baseline -0.001 -1"><span class='ocrx_word' id='word_1_228' title='bbox 195 2878 347 2919; x_wconf 82' lang='lat' dir='ltr'>Volteii</span> <span class='ocrx_word' id='word_1_229' title='bbox 366 2879 546 2919; x_wconf 84' lang='lat' dir='ltr'>alicuius</span> <span class='ocrx_word' id='word_1_230' title='bbox 567 2878 726 2918; x_wconf 91' lang='lat' dir='ltr'>liberto</span> <span class='ocrx_word' id='word_1_231' title='bbox 743 2890 839 2918; x_wconf 88' lang='lat' dir='ltr'>rem</span> <span class='ocrx_word' id='word_1_232' title='bbox 860 2879 968 2918; x_wconf 85' lang='lat' dir='ltr'>fore.</span> <span class='ocrx_word' id='word_1_233' title='bbox 1005 2879 1071 2918; x_wconf 94' lang='lat' dir='ltr'>Li-</span> 
     </span>
     <span class='ocr_line' id='line_1_40' title="bbox 196 2941 1071 2989; baseline 0 -10"><span class='ocrx_word' id='word_1_234' title='bbox 196 2941 309 2980; x_wconf 85' lang='lat' dir='ltr'>berti</span> <span class='ocrx_word' id='word_1_235' title='bbox 332 2943 480 2980; x_wconf 88' lang='lat' dir='ltr'>autem</span> <span class='ocrx_word' id='word_1_236' title='bbox 499 2952 552 2979; x_wconf 80' lang='lat' dir='ltr'>ex</span> <span class='ocrx_word' id='word_1_237' title='bbox 573 2952 655 2980; x_wconf 87' lang='lat' dir='ltr'>usu</span> <span class='ocrx_word' id='word_1_238' title='bbox 677 2942 976 2980; x_wconf 86' lang='lat' dir='ltr'>Romanorum</span> <span class='ocrx_word' id='word_1_239' title='bbox 991 2951 1071 2989; x_wconf 79' lang='lat' dir='ltr'>pa-</span> 
     </span>
     <span class='ocr_line' id='line_1_41' title="bbox 195 3002 1066 3051; baseline 0 -11"><span class='ocrx_word' id='word_1_240' title='bbox 195 3006 256 3041; x_wconf 79' lang='lat' dir='ltr'>tre</span> <span class='ocrx_word' id='word_1_241' title='bbox 278 3002 409 3051; x_wconf 72' lang='lat' dir='ltr'>nullo,</span> <span class='ocrx_word' id='word_1_242' title='bbox 433 3003 518 3040; x_wconf 82' lang='lat' dir='ltr'>sine</span> <span class='ocrx_word' id='word_1_243' title='bbox 532 3005 659 3050; x_wconf 75' lang='lat' dir='ltr'>patre</span> <span class='ocrx_word' id='word_1_244' title='bbox 678 3005 787 3040; x_wconf 78' lang='lat' dir='ltr'>certo</span> <span class='ocrx_word' id='word_1_245' title='bbox 809 3002 896 3040; x_wconf 86' lang='lat' dir='ltr'>nati</span> <span class='ocrx_word' id='word_1_246' title='bbox 920 3003 1066 3049; x_wconf 90' lang='lat' dir='ltr'>erant;</span> 
     </span>
     <span class='ocr_line' id='line_1_42' title="bbox 197 3063 1071 3115; baseline 0.002 -14"><span class='ocrx_word' id='word_1_247' title='bbox 197 3066 468 3115; x_wconf 88' lang='lat' dir='ltr'>quapropter</span> <span class='ocrx_word' id='word_1_248' title='bbox 511 3075 596 3102; x_wconf 91' lang='lat' dir='ltr'>non</span> <span class='ocrx_word' id='word_1_249' title='bbox 647 3063 888 3115; x_wconf 85' lang='lat' dir='ltr'>respondet</span> <span class='ocrx_word' id='word_1_250' title='bbox 931 3074 1071 3113; x_wconf 89' lang='lat' dir='ltr'>quae-</span> 
     </span>
     <span class='ocr_line' id='line_1_43' title="bbox 197 3124 1073 3175; baseline -0.001 -10"><span class='ocrx_word' id='word_1_251' title='bbox 197 3127 324 3166; x_wconf 85' lang='lat' dir='ltr'>stioni</span> <span class='ocrx_word' id='word_1_252' title='bbox 341 3137 421 3174; x_wconf 78' lang='lat' dir='ltr'>quo</span> <span class='ocrx_word' id='word_1_253' title='bbox 437 3130 561 3175; x_wconf 77' lang='lat' dir='ltr'>patre</span> <span class='ocrx_word' id='word_1_254' title='bbox 577 3137 616 3163; x_wconf 68' lang='grc' dir='ltr'>ν.</span> <span class='ocrx_word' id='word_1_255' title='bbox 636 3124 702 3164; x_wconf 61' lang='lat'>5&#39;»</span> <span class='ocrx_word' id='word_1_256' title='bbox 724 3148 765 3152; x_wconf 72' lang='lat'>—</span> <span class='ocrx_word' id='word_1_257' title='bbox 783 3125 940 3164; x_wconf 81' lang='lat' dir='ltr'>Verbis</span> <span class='ocrx_word' id='word_1_258' title='bbox 957 3126 1073 3164; x_wconf 81' lang='lat' dir='ltr'>cuius</span> 
     </span>
     <span class='ocr_line' id='line_1_44' title="bbox 194 3186 1068 3238; baseline 0.002 -14"><span class='ocrx_word' id='word_1_259' title='bbox 194 3190 388 3237; x_wconf 66' lang='lat' dir='ltr'>sot-cunae</span> <span class='ocrx_word' id='word_1_260' title='bbox 434 3186 675 3238; x_wconf 81' lang='lat' dir='ltr'>respondet</span> <span class='ocrx_word' id='word_1_261' title='bbox 724 3198 763 3225; x_wconf 81' lang='lat' dir='ltr'>v,</span> <span class='ocrx_word' id='word_1_262' title='bbox 796 3198 1068 3236; x_wconf 80' lang='lat' dir='ltr'>praeconem,</span> 
     </span>
     <span class='ocr_line' id='line_1_45' title="bbox 197 3248 1066 3300; baseline -0.001 -11"><span class='ocrx_word' id='word_1_263' title='bbox 197 3250 582 3300; x_wconf 78' lang='lat' dir='ltr'>Sladtausrufer</span> <span class='ocrx_word' id='word_1_264' title='bbox 602 3248 728 3287; x_wconf 86' lang='lat' dir='ltr'>Voss.</span> <span class='ocrx_word' id='word_1_265' title='bbox 764 3248 850 3287; x_wconf 85' lang='lat' dir='ltr'>Csr.</span> <span class='ocrx_word' id='word_1_266' title='bbox 870 3260 911 3287; x_wconf 68' lang='lat' dir='ltr'>V.</span> <span class='ocrx_word' id='word_1_267' title='bbox 930 3250 998 3288; x_wconf 88' lang='lat'>65.</span> <span class='ocrx_word' id='word_1_268' title='bbox 1024 3273 1066 3276; x_wconf 77' lang='lat'>—</span> 
     </span>
     <span class='ocr_line' id='line_1_46' title="bbox 196 3309 1069 3361; baseline -0.002 -10"><span class='ocrx_word' id='word_1_269' title='bbox 196 3313 281 3351; x_wconf 78' lang='lat' dir='ltr'>sine</span> <span class='ocrx_word' id='word_1_270' title='bbox 296 3312 480 3361; x_wconf 82' lang='lat' dir='ltr'>crimine]</span> <span class='ocrx_word' id='word_1_271' title='bbox 503 3309 859 3350; x_wconf 76' lang='lat' dir='ltr'>unbescholten.</span> <span class='ocrx_word' id='word_1_272' title='bbox 881 3310 943 3350; x_wconf 87' lang='lat' dir='ltr'>Cf.</span> <span class='ocrx_word' id='word_1_273' title='bbox 960 3312 1007 3349; x_wconf 92' lang='lat' dir='ltr'>A.</span> <span class='ocrx_word' id='word_1_274' title='bbox 1025 3312 1069 3350; x_wconf 91' lang='lat' dir='ltr'>P.</span> 
     </span>
     <span class='ocr_line' id='line_1_47' title="bbox 199 3371 1068 3421; baseline -0.002 -10"><span class='ocrx_word' id='word_1_275' title='bbox 199 3387 236 3413; x_wconf 68' lang='lat' dir='ltr'>x.</span> <span class='ocrx_word' id='word_1_276' title='bbox 262 3374 361 3414; x_wconf 68' lang='lat'><strong>384:</strong></span> <span class='ocrx_word' id='word_1_277' title='bbox 391 3375 700 3413; x_wconf 70' lang='lat' dir='ltr'>vitio-remotus</span> <span class='ocrx_word' id='word_1_278' title='bbox 720 3371 771 3411; x_wconf 80' lang='lat' dir='ltr'>ab</span> <span class='ocrx_word' id='word_1_279' title='bbox 793 3373 903 3411; x_wconf 82' lang='lat' dir='ltr'>omni</span> <span class='ocrx_word' id='word_1_280' title='bbox 928 3373 1068 3421; x_wconf 66' lang='lat' dir='ltr'>(sum).</span> 
     </span>
    </p>
   </div>
   <div class='ocr_carea' id='block_1_15' title="bbox 201 3434 1107 3486">
    <p class='ocr_par' dir='ltr' id='par_1_15' title="bbox 201 3434 1107 3486">
     <span class='ocr_line' id='line_1_48' title="bbox 201 3434 1107 3486; baseline 0 -12"><span class='ocrx_word' id='word_1_281' title='bbox 201 3458 243 3463; x_wconf 86' lang='lat'>——</span> <span class='ocrx_word' id='word_1_282' title='bbox 269 3435 421 3486; x_wconf 80' lang='lat' dir='ltr'>notum]</span> <span class='ocrx_word' id='word_1_283' title='bbox 445 3434 644 3476; x_wconf 85' lang='lat' dir='ltr'>absolute</span> <span class='ocrx_word' id='word_1_284' title='bbox 667 3435 867 3486; x_wconf 88' lang='lat' dir='ltr'>ponitur:</span> <span class='ocrx_word' id='word_1_285' title='bbox 895 3436 1073 3474; x_wconf 89' lang='lat' dir='ltr'>«notum</span> <span class='ocrx_word' id='word_1_286' title='bbox 1105 3450 1107 3459; x_wconf 62' lang='lat'><strong><em>⁴</em></strong></span> 
     </span>
    </p>
   </div>
   <div class='ocr_carea' id='block_1_16' title="bbox 201 3495 1071 3546">
    <p class='ocr_par' dir='ltr' id='par_1_16' title="bbox 201 3495 1071 3546">
     <span class='ocr_line' id='line_1_49' title="bbox 201 3495 1071 3546; baseline -0.002 -9"><span class='ocrx_word' id='word_1_287' title='bbox 201 3499 314 3538; x_wconf 86' lang='lat' dir='ltr'>inter</span> <span class='ocrx_word' id='word_1_288' title='bbox 335 3499 535 3538; x_wconf 88' lang='lat' dir='ltr'>homines</span> <span class='ocrx_word' id='word_1_289' title='bbox 559 3497 758 3538; x_wconf 86' lang='lat' dir='ltr'>eiusdem</span> <span class='ocrx_word' id='word_1_290' title='bbox 786 3495 1071 3546; x_wconf 84' lang='lat' dir='ltr'>condicionis,</span> 
     </span>
    </p>
   </div>
   <div class='ocr_carea' id='block_1_17' title="bbox 1100 3062 1104 3228">
    <p class='ocr_par' dir='ltr' id='par_1_17' title="bbox 1100 3062 1104 3228">
     <span class='ocr_line' id='line_1_50' title="bbox 1100 3062 1104 3228; baseline 0 559"><span class='ocrx_word' id='word_1_291' title='bbox 1100 3062 1104 3228; x_wconf 95' lang='lat' dir='ltr'> </span> 
     </span>
    </p>
   </div>
   <div class='ocr_carea' id='block_1_18' title="bbox 1101 3233 1106 3400">
    <p class='ocr_par' dir='ltr' id='par_1_18' title="bbox 1101 3233 1106 3400">
     <span class='ocr_line' id='line_1_51' title="bbox 1101 3233 1106 3400; baseline 0 387"><span class='ocrx_word' id='word_1_292' title='bbox 1101 3233 1106 3400; x_wconf 95' lang='lat' dir='ltr'> </span> 
     </span>
    </p>
   </div>
   <div class='ocr_carea' id='block_1_19' title="bbox 1131 1382 2018 3055">
    <p class='ocr_par' dir='ltr' id='par_1_19' title="bbox 1131 1382 2018 3055">
     <span class='ocr_line' id='line_1_52' title="bbox 1136 1382 2012 1431; baseline -0.006 -5"><span class='ocrx_word' id='word_1_293' title='bbox 1136 1386 1219 1426; x_wconf 93' lang='lat' dir='ltr'>bus</span> <span class='ocrx_word' id='word_1_294' title='bbox 1242 1388 1285 1426; x_wconf 88' lang='lat' dir='ltr'>et</span> <span class='ocrx_word' id='word_1_295' title='bbox 1304 1385 1450 1425; x_wconf 89' lang='lat' dir='ltr'>indole</span> <span class='ocrx_word' id='word_1_296' title='bbox 1474 1386 1567 1425; x_wconf 90' lang='lat' dir='ltr'>eius</span> <span class='ocrx_word' id='word_1_297' title='bbox 1589 1384 1804 1424; x_wconf 87' lang='lat' dir='ltr'>sciscitari</span> <span class='ocrx_word' id='word_1_298' title='bbox 1820 1382 1974 1431; x_wconf 84' lang='lat' dir='ltr'>liceat3</span> <span class='ocrx_word' id='word_1_299' title='bbox 1993 1399 2012 1419; x_wconf 76' lang='lat' dir='ltr'>n</span> 
     </span>
     <span class='ocr_line' id='line_1_53' title="bbox 1137 1446 2011 1500; baseline -0.002 -12"><span class='ocrx_word' id='word_1_300' title='bbox 1137 1451 1229 1488; x_wconf 90' lang='lat' dir='ltr'>tum</span> <span class='ocrx_word' id='word_1_301' title='bbox 1250 1449 1417 1500; x_wconf 83' lang='lat' dir='ltr'>pergit:</span> <span class='ocrx_word' id='word_1_302' title='bbox 1452 1463 1470 1483; x_wconf 85' lang='lat'>«</span> <span class='ocrx_word' id='word_1_303' title='bbox 1488 1451 1525 1486; x_wconf 76' lang='lat' dir='ltr'>et</span> <span class='ocrx_word' id='word_1_304' title='bbox 1537 1457 1772 1497; x_wconf 78' lang='lat' dir='ltr'>properare</span> <span class='ocrx_word' id='word_1_305' title='bbox 1791 1446 1902 1486; x_wconf 83' lang='lat' dir='ltr'>loco»</span> <span class='ocrx_word' id='word_1_306' title='bbox 1926 1447 2011 1486; x_wconf 86' lang='lat' dir='ltr'>cet.</span> 
     </span>
     <span class='ocr_line' id='line_1_54' title="bbox 1136 1507 2013 1559; baseline -0.005 -8"><span class='ocrx_word' id='word_1_307' title='bbox 1136 1511 1204 1551; x_wconf 87' lang='lat' dir='ltr'>Sic</span> <span class='ocrx_word' id='word_1_308' title='bbox 1236 1511 1399 1551; x_wconf 86' lang='lat' dir='ltr'>Caesar</span> <span class='ocrx_word' id='word_1_309' title='bbox 1427 1511 1474 1549; x_wconf 90' lang='lat' dir='ltr'>B.</span> <span class='ocrx_word' id='word_1_310' title='bbox 1510 1511 1556 1549; x_wconf 88' lang='lat' dir='ltr'>C.</span> <span class='ocrx_word' id='word_1_311' title='bbox 1590 1510 1638 1558; x_wconf 72' lang='lat'>2,</span> <span class='ocrx_word' id='word_1_312' title='bbox 1673 1509 1751 1548; x_wconf 76' lang='lat'>49:</span> <span class='ocrx_word' id='word_1_313' title='bbox 1795 1520 1879 1548; x_wconf 78' lang='grc' dir='ltr'>ηοη</span> <span class='ocrx_word' id='word_1_314' title='bbox 1909 1507 2013 1559; x_wconf 82' lang='lat' dir='ltr'>(fuit)</span> 
     </span>
     <span class='ocr_line' id='line_1_55' title="bbox 1135 1571 2016 1621; baseline -0.003 -8"><span class='ocrx_word' id='word_1_315' title='bbox 1135 1574 1236 1613; x_wconf 83' lang='lat' dir='ltr'>civis</span> <span class='ocrx_word' id='word_1_316' title='bbox 1275 1574 1481 1613; x_wconf 82' lang='lat' dir='ltr'>Romanus</span> <span class='ocrx_word' id='word_1_317' title='bbox 1504 1571 1636 1621; x_wconf 80' lang='lat' dir='ltr'>paulo</span> <span class='ocrx_word' id='word_1_318' title='bbox 1674 1572 1868 1620; x_wconf 78' lang='lat' dir='ltr'>notior,</span> <span class='ocrx_word' id='word_1_319' title='bbox 1915 1571 2016 1620; x_wconf 75' lang='lat' dir='ltr'>quin</span> 
     </span>
     <span class='ocr_line' id='line_1_56' title="bbox 1137 1633 2011 1685; baseline -0.003 -10"><span class='ocrx_word' id='word_1_320' title='bbox 1137 1637 1192 1675; x_wconf 83' lang='lat' dir='ltr'>ad</span> <span class='ocrx_word' id='word_1_321' title='bbox 1221 1636 1328 1675; x_wconf 84' lang='lat' dir='ltr'>diem</span> <span class='ocrx_word' id='word_1_322' title='bbox 1356 1635 1602 1674; x_wconf 81' lang='lat' dir='ltr'>conveniret.</span> <span class='ocrx_word' id='word_1_323' title='bbox 1636 1634 1746 1685; x_wconf 90' lang='lat' dir='ltr'>Epp.</span> <span class='ocrx_word' id='word_1_324' title='bbox 1780 1633 1826 1682; x_wconf 79' lang='grc'>4,</span> <span class='ocrx_word' id='word_1_325' title='bbox 1860 1634 1899 1682; x_wconf 86' lang='lat'>6,</span> <span class='ocrx_word' id='word_1_326' title='bbox 1931 1634 2011 1673; x_wconf 72' lang='lat'>25:</span> 
     </span>
     <span class='ocr_line' id='line_1_57' title="bbox 1138 1696 2017 1745; baseline -0.006 -6"><span class='ocrx_word' id='word_1_327' title='bbox 1138 1699 1239 1739; x_wconf 79' lang='lat' dir='ltr'>Cum</span> <span class='ocrx_word' id='word_1_328' title='bbox 1268 1698 1386 1738; x_wconf 81' lang='lat' dir='ltr'>bene</span> <span class='ocrx_word' id='word_1_329' title='bbox 1415 1696 1711 1736; x_wconf 78' lang='lat' dir='ltr'>notum-via</span> <span class='ocrx_word' id='word_1_330' title='bbox 1741 1699 1778 1735; x_wconf 78' lang='lat' dir='ltr'>te</span> <span class='ocrx_word' id='word_1_331' title='bbox 1797 1706 2017 1745; x_wconf 78' lang='lat' dir='ltr'>conspexe-</span> 
     </span>
     <span class='ocr_line' id='line_1_58' title="bbox 1137 1757 2016 1810; baseline -0.005 -10"><span class='ocrx_word' id='word_1_332' title='bbox 1137 1762 1193 1800; x_wconf 77' lang='lat' dir='ltr'>rit</span> <span class='ocrx_word' id='word_1_333' title='bbox 1219 1760 1341 1810; x_wconf 79' lang='lat' dir='ltr'>Appi.</span> <span class='ocrx_word' id='word_1_334' title='bbox 1402 1759 1513 1799; x_wconf 88' lang='lat' dir='ltr'>Olim</span> <span class='ocrx_word' id='word_1_335' title='bbox 1551 1757 1750 1810; x_wconf 89' lang='lat' dir='ltr'>plerique</span> <span class='ocrx_word' id='word_1_336' title='bbox 1790 1768 1842 1797; x_wconf 87' lang='lat' dir='ltr'>ac</span> <span class='ocrx_word' id='word_1_337' title='bbox 1872 1768 2016 1809; x_wconf 88' lang='lat' dir='ltr'>nuper</span> 
     </span>
     <span class='ocr_line' id='line_1_59' title="bbox 1138 1818 2018 1871; baseline -0.003 -10"><span class='ocrx_word' id='word_1_338' title='bbox 1138 1833 1292 1862; x_wconf 86' lang='lat' dir='ltr'>rursus</span> <span class='ocrx_word' id='word_1_339' title='bbox 1324 1820 1543 1861; x_wconf 85' lang='lat' dir='ltr'>Obbarius</span> <span class='ocrx_word' id='word_1_340' title='bbox 1563 1818 1805 1871; x_wconf 88' lang='lat' dir='ltr'>iungebant</span> <span class='ocrx_word' id='word_1_341' title='bbox 1832 1819 1918 1858; x_wconf 80' lang='lat' dir='ltr'>sine</span> <span class='ocrx_word' id='word_1_342' title='bbox 1937 1819 2018 1858; x_wconf 85' lang='lat' dir='ltr'>eri-</span> 
     </span>
     <span class='ocr_line' id='line_1_60' title="bbox 1139 1881 2016 1933; baseline -0.002 -10"><span class='ocrx_word' id='word_1_343' title='bbox 1139 1885 1246 1923; x_wconf 80' lang='lat' dir='ltr'>mine</span> <span class='ocrx_word' id='word_1_344' title='bbox 1274 1888 1437 1933; x_wconf 72' lang='grc' dir='ltr'><strong><em>ηοιωη,</em></strong></span> <span class='ocrx_word' id='word_1_345' title='bbox 1472 1884 1624 1922; x_wconf 86' lang='lat' dir='ltr'>contra</span> <span class='ocrx_word' id='word_1_346' title='bbox 1647 1881 2016 1922; x_wconf 86' lang='lat' dir='ltr'>consuetudinem</span> 
     </span>
     <span class='ocr_line' id='line_1_61' title="bbox 1142 1942 2016 1997; baseline -0.003 -12"><span class='ocrx_word' id='word_1_347' title='bbox 1142 1947 1356 1994; x_wconf 82' lang='lat' dir='ltr'>Latinam3</span> <span class='ocrx_word' id='word_1_348' title='bbox 1391 1948 1490 1997; x_wconf 88' lang='lat' dir='ltr'>post</span> <span class='ocrx_word' id='word_1_349' title='bbox 1511 1944 1810 1984; x_wconf 88' lang='lat' dir='ltr'>Heinrichium</span> <span class='ocrx_word' id='word_1_350' title='bbox 1830 1944 1872 1983; x_wconf 93' lang='lat' dir='ltr'>in</span> <span class='ocrx_word' id='word_1_351' title='bbox 1891 1942 2016 1983; x_wconf 86' lang='lat' dir='ltr'>Wol-</span> 
     </span>
     <span class='ocr_line' id='line_1_62' title="bbox 1140 2004 2017 2058; baseline -0.002 -11"><span class='ocrx_word' id='word_1_352' title='bbox 1140 2008 1180 2047; x_wconf 84' lang='lat' dir='ltr'>fii</span> <span class='ocrx_word' id='word_1_353' title='bbox 1211 2007 1333 2047; x_wconf 88' lang='lat' dir='ltr'>Anal.</span> <span class='ocrx_word' id='word_1_354' title='bbox 1366 2009 1405 2047; x_wconf 76' lang='lat'>⁶2.</span> <span class='ocrx_word' id='word_1_355' title='bbox 1440 2019 1482 2058; x_wconf 90' lang='lat' dir='ltr'>p.</span> <span class='ocrx_word' id='word_1_356' title='bbox 1507 2007 1600 2045; x_wconf 74' lang='lat'>540.</span> <span class='ocrx_word' id='word_1_357' title='bbox 1634 2004 1787 2045; x_wconf 85' lang='lat' dir='ltr'>multi:</span> <span class='ocrx_word' id='word_1_358' title='bbox 1818 2009 1960 2045; x_wconf 78' lang='lat' dir='ltr'>notum</span> <span class='ocrx_word' id='word_1_359' title='bbox 1980 2010 2017 2045; x_wconf 75' lang='lat' dir='ltr'>et</span> 
     </span>
     <span class='ocr_line' id='line_1_63' title="bbox 1131 2066 2015 2120; baseline 0 -12"><span class='ocrx_word' id='word_1_360' title='bbox 1131 2081 1385 2120; x_wconf 77' lang='lat' dir='ltr'>properare,</span> <span class='ocrx_word' id='word_1_361' title='bbox 1419 2072 1467 2108; x_wconf 92' lang='lat' dir='ltr'>ut</span> <span class='ocrx_word' id='word_1_362' title='bbox 1496 2079 1602 2108; x_wconf 88' lang='lat' dir='ltr'>sane</span> <span class='ocrx_word' id='word_1_363' title='bbox 1627 2069 1870 2107; x_wconf 86' lang='lat' dir='ltr'>construxit</span> <span class='ocrx_word' id='word_1_364' title='bbox 1889 2066 2015 2108; x_wconf 90' lang='lat' dir='ltr'>Silius</span> 
     </span>
     <span class='ocr_line' id='line_1_64' title="bbox 1140 2131 2017 2181; baseline -0.002 -9"><span class='ocrx_word' id='word_1_365' title='bbox 1140 2133 1208 2181; x_wconf 71' lang='lat'>42,</span> <span class='ocrx_word' id='word_1_366' title='bbox 1259 2132 1367 2172; x_wconf 89' lang='lat'><strong>330:</strong></span> <span class='ocrx_word' id='word_1_367' title='bbox 1430 2131 1575 2171; x_wconf 80' lang='lat' dir='ltr'>Delius</span> <span class='ocrx_word' id='word_1_368' title='bbox 1603 2153 1626 2159; x_wconf 94' lang='lat'><em>-</em></span> <span class='ocrx_word' id='word_1_369' title='bbox 1658 2131 1857 2170; x_wconf 78' lang='lat' dir='ltr'>Troianos</span> <span class='ocrx_word' id='word_1_370' title='bbox 1895 2135 2017 2170; x_wconf 79' lang='lat' dir='ltr'>notus</span> 
     </span>
     <span class='ocr_line' id='line_1_65' title="bbox 1136 2193 2015 2244; baseline -0.001 -10"><span class='ocrx_word' id='word_1_371' title='bbox 1136 2206 1295 2244; x_wconf 78' lang='lat' dir='ltr'>semper</span> <span class='ocrx_word' id='word_1_372' title='bbox 1311 2195 1506 2233; x_wconf 82' lang='lat' dir='ltr'>minuisse</span> <span class='ocrx_word' id='word_1_373' title='bbox 1526 2193 1699 2234; x_wconf 80' lang='lat' dir='ltr'>labores,</span> <span class='ocrx_word' id='word_1_374' title='bbox 1733 2195 1885 2244; x_wconf 84' lang='lat' dir='ltr'>Neque</span> <span class='ocrx_word' id='word_1_375' title='bbox 1905 2204 2015 2233; x_wconf 87' lang='lat' dir='ltr'>vero</span> 
     </span>
     <span class='ocr_line' id='line_1_66' title="bbox 1136 2255 2016 2307; baseline -0.002 -11"><span class='ocrx_word' id='word_1_376' title='bbox 1136 2256 1353 2296; x_wconf 81' lang='lat' dir='ltr'>accedere</span> <span class='ocrx_word' id='word_1_377' title='bbox 1371 2267 1556 2307; x_wconf 88' lang='lat' dir='ltr'>possum</span> <span class='ocrx_word' id='word_1_378' title='bbox 1573 2255 1764 2295; x_wconf 90' lang='lat' dir='ltr'>Obbario</span> <span class='ocrx_word' id='word_1_379' title='bbox 1782 2255 2016 2295; x_wconf 83' lang='lat' dir='ltr'>affirmanti</span> 
     </span>
     <span class='ocr_line' id='line_1_67' title="bbox 1136 2319 2015 2370; baseline -0.001 -11"><span class='ocrx_word' id='word_1_380' title='bbox 1136 2322 1286 2360; x_wconf 87' lang='lat' dir='ltr'>nostra</span> <span class='ocrx_word' id='word_1_381' title='bbox 1315 2319 1356 2359; x_wconf 92' lang='lat' dir='ltr'>in</span> <span class='ocrx_word' id='word_1_382' title='bbox 1380 2319 1741 2370; x_wconf 88' lang='lat' dir='ltr'>interpretatione</span> <span class='ocrx_word' id='word_1_383' title='bbox 1767 2320 1837 2358; x_wconf 90' lang='lat' dir='ltr'>«et</span> <span class='ocrx_word' id='word_1_384' title='bbox 1855 2327 2015 2358; x_wconf 89' lang='lat' dir='ltr'>versus</span> 
     </span>
     <span class='ocr_line' id='line_1_68' title="bbox 1135 2379 2014 2421; baseline -0.003 0"><span class='ocrx_word' id='word_1_385' title='bbox 1135 2383 1336 2421; x_wconf 81' lang='lat' dir='ltr'>tenorem</span> <span class='ocrx_word' id='word_1_386' title='bbox 1376 2383 1416 2421; x_wconf 92' lang='lat' dir='ltr'>et</span> <span class='ocrx_word' id='word_1_387' title='bbox 1455 2381 1700 2420; x_wconf 85' lang='lat' dir='ltr'>sententiae</span> <span class='ocrx_word' id='word_1_388' title='bbox 1729 2380 1822 2419; x_wconf 85' lang='lat' dir='ltr'>vim</span> <span class='ocrx_word' id='word_1_389' title='bbox 1851 2379 2014 2420; x_wconf 89' lang='lat' dir='ltr'>misere</span> 
     </span>
     <span class='ocr_line' id='line_1_69' title="bbox 1137 2441 2016 2494; baseline -0.001 -12"><span class='ocrx_word' id='word_1_390' title='bbox 1137 2444 1331 2494; x_wconf 81' lang='lat' dir='ltr'>infringi3</span> <span class='ocrx_word' id='word_1_391' title='bbox 1350 2458 1368 2479; x_wconf 94' lang='lat'>»</span> <span class='ocrx_word' id='word_1_392' title='bbox 1401 2444 1567 2483; x_wconf 88' lang='lat' dir='ltr'>etenim</span> <span class='ocrx_word' id='word_1_393' title='bbox 1598 2441 1718 2494; x_wconf 90' lang='lat' dir='ltr'>quod</span> <span class='ocrx_word' id='word_1_394' title='bbox 1748 2443 1804 2482; x_wconf 90' lang='lat' dir='ltr'>ad</span> <span class='ocrx_word' id='word_1_395' title='bbox 1833 2452 2016 2482; x_wconf 88' lang='lat' dir='ltr'>versum</span> 
     </span>
     <span class='ocr_line' id='line_1_70' title="bbox 1134 2504 2016 2555; baseline -0.002 -9"><span class='ocrx_word' id='word_1_396' title='bbox 1134 2507 1311 2555; x_wconf 86' lang='lat' dir='ltr'>attinet,</span> <span class='ocrx_word' id='word_1_397' title='bbox 1369 2504 1528 2545; x_wconf 90' lang='lat' dir='ltr'>melius</span> <span class='ocrx_word' id='word_1_398' title='bbox 1572 2505 1724 2555; x_wconf 90' lang='lat' dir='ltr'>utique</span> <span class='ocrx_word' id='word_1_399' title='bbox 1770 2515 1822 2544; x_wconf 88' lang='lat' dir='ltr'>ea</span> <span class='ocrx_word' id='word_1_400' title='bbox 1866 2506 2016 2545; x_wconf 81' lang='lat' dir='ltr'>servat</span> 
     </span>
     <span class='ocr_line' id='line_1_71' title="bbox 1135 2567 2011 2618; baseline -0.003 -10"><span class='ocrx_word' id='word_1_401' title='bbox 1135 2569 1382 2608; x_wconf 88' lang='lat' dir='ltr'>tenuiorem</span> <span class='ocrx_word' id='word_1_402' title='bbox 1411 2567 1528 2608; x_wconf 87' lang='lat' dir='ltr'>illam</span> <span class='ocrx_word' id='word_1_403' title='bbox 1557 2578 1790 2608; x_wconf 88' lang='lat' dir='ltr'>caesuram</span> <span class='ocrx_word' id='word_1_404' title='bbox 1820 2567 1921 2618; x_wconf 92' lang='lat' dir='ltr'>post</span> <span class='ocrx_word' id='word_1_405' title='bbox 1938 2577 2011 2606; x_wconf 82' lang='lat' dir='ltr'>vv.</span> 
     </span>
     <span class='ocr_line' id='line_1_72' title="bbox 1131 2628 2009 2681; baseline -0.003 -11"><span class='ocrx_word' id='word_1_406' title='bbox 1131 2632 1216 2670; x_wconf 81' lang='lat' dir='ltr'>sine</span> <span class='ocrx_word' id='word_1_407' title='bbox 1252 2630 1446 2678; x_wconf 81' lang='lat' dir='ltr'>crimine,</span> <span class='ocrx_word' id='word_1_408' title='bbox 1494 2630 1613 2681; x_wconf 91' lang='lat' dir='ltr'>quod</span> <span class='ocrx_word' id='word_1_409' title='bbox 1643 2629 1699 2669; x_wconf 90' lang='lat' dir='ltr'>ad</span> <span class='ocrx_word' id='word_1_410' title='bbox 1729 2628 2009 2677; x_wconf 86' lang='lat' dir='ltr'>sententiam,</span> 
     </span>
     <span class='ocr_line' id='line_1_73' title="bbox 1134 2690 2012 2744; baseline -0.002 -12"><span class='ocrx_word' id='word_1_411' title='bbox 1134 2694 1336 2744; x_wconf 85' lang='lat' dir='ltr'>quintum</span> <span class='ocrx_word' id='word_1_412' title='bbox 1353 2692 1474 2732; x_wconf 88' lang='lat' dir='ltr'>addit</span> <span class='ocrx_word' id='word_1_413' title='bbox 1494 2691 1748 2732; x_wconf 90' lang='lat' dir='ltr'>membrum</span> <span class='ocrx_word' id='word_1_414' title='bbox 1771 2690 2012 2743; x_wconf 87' lang='lat' dir='ltr'>explendae</span> 
     </span>
     <span class='ocr_line' id='line_1_74' title="bbox 1137 2753 2009 2805; baseline -0.002 -11"><span class='ocrx_word' id='word_1_415' title='bbox 1137 2753 1318 2805; x_wconf 87' lang='lat' dir='ltr'>Philippi</span> <span class='ocrx_word' id='word_1_416' title='bbox 1369 2755 1609 2794; x_wconf 88' lang='lat' dir='ltr'>curiositati</span> <span class='ocrx_word' id='word_1_417' title='bbox 1664 2753 2009 2804; x_wconf 85' lang='lat' dir='ltr'>perappositum.</span> 
     </span>
     <span class='ocr_line' id='line_1_75' title="bbox 1133 2814 2014 2856; baseline -0.002 -1"><span class='ocrx_word' id='word_1_418' title='bbox 1133 2814 1356 2856; x_wconf 87' lang='lat' dir='ltr'>Bentleius</span> <span class='ocrx_word' id='word_1_419' title='bbox 1388 2827 1515 2855; x_wconf 87' lang='lat' dir='ltr'>suam</span> <span class='ocrx_word' id='word_1_420' title='bbox 1548 2814 1785 2854; x_wconf 89' lang='lat' dir='ltr'>lectionem</span> <span class='ocrx_word' id='word_1_421' title='bbox 1815 2815 1901 2854; x_wconf 79' lang='lat' dir='ltr'>sine</span> <span class='ocrx_word' id='word_1_422' title='bbox 1927 2816 2014 2854; x_wconf 82' lang='lat' dir='ltr'>cri-</span> 
     </span>
     <span class='ocr_line' id='line_1_76' title="bbox 1132 2875 2009 2928; baseline 0 -11"><span class='ocrx_word' id='word_1_423' title='bbox 1132 2879 1242 2918; x_wconf 77' lang='lat' dir='ltr'>mine</span> <span class='ocrx_word' id='word_1_424' title='bbox 1258 2881 1404 2916; x_wconf 80' lang='lat' dir='ltr'>natum</span> <span class='ocrx_word' id='word_1_425' title='bbox 1425 2875 1677 2928; x_wconf 86' lang='lat' dir='ltr'>explicavit:</span> <span class='ocrx_word' id='word_1_426' title='bbox 1705 2878 1855 2927; x_wconf 90' lang='lat' dir='ltr'>«patre</span> <span class='ocrx_word' id='word_1_427' title='bbox 1873 2879 2009 2925; x_wconf 86' lang='lat' dir='ltr'>certo,</span> 
     </span>
     <span class='ocr_line' id='line_1_77' title="bbox 1135 2938 2012 2990; baseline -0.001 -10"><span class='ocrx_word' id='word_1_428' title='bbox 1135 2939 1332 2980; x_wconf 87' lang='lat' dir='ltr'>honestis</span> <span class='ocrx_word' id='word_1_429' title='bbox 1361 2938 1681 2990; x_wconf 86' lang='lat' dir='ltr'>parentibus;»</span> <span class='ocrx_word' id='word_1_430' title='bbox 1714 2938 1756 2978; x_wconf 92' lang='lat' dir='ltr'>id</span> <span class='ocrx_word' id='word_1_431' title='bbox 1788 2938 1908 2990; x_wconf 92' lang='lat' dir='ltr'>quod</span> <span class='ocrx_word' id='word_1_432' title='bbox 1938 2950 2012 2979; x_wconf 88' lang='lat' dir='ltr'>re—</span> 
     </span>
     <span class='ocr_line' id='line_1_78' title="bbox 1135 3001 1962 3055; baseline 0 -13"><span class='ocrx_word' id='word_1_433' title='bbox 1135 3004 1299 3055; x_wconf 81' lang='lat' dir='ltr'>pugnat</span> <span class='ocrx_word' id='word_1_434' title='bbox 1328 3003 1518 3043; x_wconf 89' lang='lat' dir='ltr'>hominis</span> <span class='ocrx_word' id='word_1_435' title='bbox 1549 3002 1715 3042; x_wconf 90' lang='lat' dir='ltr'>nomini</span> <span class='ocrx_word' id='word_1_436' title='bbox 1743 3001 1962 3043; x_wconf 88' lang='lat' dir='ltr'>libertino.</span> 
     </span>
    </p>
   </div>
   <div class='ocr_carea' id='block_1_20' title="bbox 1137 3127 2014 3547">
    <p class='ocr_par' dir='ltr' id='par_1_20' title="bbox 1137 3127 2014 3547">
     <span class='ocr_line' id='line_1_79' title="bbox 1190 3127 2014 3176; baseline 0 -10"><span class='ocrx_word' id='word_1_437' title='bbox 1190 3128 1352 3166; x_wconf 74' lang='lat'>57-59.</span> <span class='ocrx_word' id='word_1_438' title='bbox 1413 3127 1467 3166; x_wconf 77' lang='lat' dir='ltr'>Et</span> <span class='ocrx_word' id='word_1_439' title='bbox 1502 3138 1737 3176; x_wconf 80' lang='lat' dir='ltr'>properare</span> <span class='ocrx_word' id='word_1_440' title='bbox 1779 3127 1889 3176; x_wconf 88' lang='lat' dir='ltr'>cet.]</span> <span class='ocrx_word' id='word_1_441' title='bbox 1935 3128 2014 3166; x_wconf 87' lang='lat' dir='ltr'>«et</span> 
     </span>
     <span class='ocr_line' id='line_1_80' title="bbox 1138 3187 2013 3239; baseline -0.002 -11"><span class='ocrx_word' id='word_1_442' title='bbox 1138 3188 1269 3228; x_wconf 85' lang='lat' dir='ltr'>modo</span> <span class='ocrx_word' id='word_1_443' title='bbox 1315 3189 1499 3239; x_wconf 85' lang='lat' dir='ltr'>negotiis</span> <span class='ocrx_word' id='word_1_444' title='bbox 1543 3187 1699 3228; x_wconf 89' lang='lat' dir='ltr'>sedulo</span> <span class='ocrx_word' id='word_1_445' title='bbox 1743 3197 1901 3227; x_wconf 88' lang='lat' dir='ltr'>vacare</span> <span class='ocrx_word' id='word_1_446' title='bbox 1945 3187 2013 3226; x_wconf 85' lang='lat' dir='ltr'>vi-</span> 
     </span>
     <span class='ocr_line' id='line_1_81' title="bbox 1137 3248 2014 3301; baseline -0.003 -11"><span class='ocrx_word' id='word_1_447' title='bbox 1137 3252 1348 3301; x_wconf 90' lang='lat' dir='ltr'>ctumque</span> <span class='ocrx_word' id='word_1_448' title='bbox 1371 3260 1587 3300; x_wconf 87' lang='lat' dir='ltr'>quaerere</span> <span class='ocrx_word' id='word_1_449' title='bbox 1606 3281 1613 3298; x_wconf 88' lang='lat'>,</span> <span class='ocrx_word' id='word_1_450' title='bbox 1643 3248 1776 3289; x_wconf 92' lang='lat' dir='ltr'>modo</span> <span class='ocrx_word' id='word_1_451' title='bbox 1797 3249 1858 3287; x_wconf 91' lang='lat' dir='ltr'>uti</span> <span class='ocrx_word' id='word_1_452' title='bbox 1879 3259 2014 3298; x_wconf 89' lang='lat' dir='ltr'>quae-</span> 
     </span>
     <span class='ocr_line' id='line_1_82' title="bbox 1137 3309 2011 3362; baseline -0.002 -11"><span class='ocrx_word' id='word_1_453' title='bbox 1137 3312 1228 3352; x_wconf 85' lang='lat' dir='ltr'>sitis</span> <span class='ocrx_word' id='word_1_454' title='bbox 1274 3313 1406 3362; x_wconf 91' lang='lat' dir='ltr'>atque</span> <span class='ocrx_word' id='word_1_455' title='bbox 1452 3312 1599 3359; x_wconf 89' lang='lat' dir='ltr'>otiari,</span> <span class='ocrx_word' id='word_1_456' title='bbox 1648 3312 1692 3349; x_wconf 88' lang='lat' dir='ltr'>et</span> <span class='ocrx_word' id='word_1_457' title='bbox 1720 3309 1900 3360; x_wconf 89' lang='lat' dir='ltr'>quidem</span> <span class='ocrx_word' id='word_1_458' title='bbox 1930 3320 2011 3350; x_wconf 88' lang='lat' dir='ltr'>suo</span> 
     </span>
     <span class='ocr_line' id='line_1_83' title="bbox 1138 3373 2008 3424; baseline -0.001 -11"><span class='ocrx_word' id='word_1_459' title='bbox 1138 3375 1298 3413; x_wconf 88' lang='lat' dir='ltr'>horum</span> <span class='ocrx_word' id='word_1_460' title='bbox 1320 3373 1515 3424; x_wconf 89' lang='lat' dir='ltr'>quidque</span> <span class='ocrx_word' id='word_1_461' title='bbox 1536 3373 1644 3420; x_wconf 82' lang='lat' dir='ltr'>loco,</span> <span class='ocrx_word' id='word_1_462' title='bbox 1669 3374 1770 3423; x_wconf 89' lang='lat' dir='ltr'>apto</span> <span class='ocrx_word' id='word_1_463' title='bbox 1792 3373 2008 3423; x_wconf 87' lang='lat' dir='ltr'>tempore,</span> 
     </span>
     <span class='ocr_line' id='line_1_84' title="bbox 1139 3433 2007 3492; baseline -0.003 -16"><span class='ocrx_word' id='word_1_464' title='bbox 1139 3436 1187 3476; x_wconf 73' lang='grc' dir='ltr'>ἐν</span> <span class='ocrx_word' id='word_1_465' title='bbox 1231 3433 1424 3492; x_wconf 72' lang='grc' dir='ltr'><em>καιρῷ.»</em></span> <span class='ocrx_word' id='word_1_466' title='bbox 1467 3435 1545 3484; x_wconf 79' lang='lat' dir='ltr'>(Cf.</span> <span class='ocrx_word' id='word_1_467' title='bbox 1596 3433 1673 3474; x_wconf 90' lang='lat' dir='ltr'>Od.</span> <span class='ocrx_word' id='word_1_468' title='bbox 1720 3433 1766 3482; x_wconf 79' lang='lat'>4,</span> <span class='ocrx_word' id='word_1_469' title='bbox 1807 3434 1881 3483; x_wconf 74' lang='lat'>42,</span> <span class='ocrx_word' id='word_1_470' title='bbox 1927 3433 2007 3474; x_wconf 70' lang='lat'>⁶28:</span> 
     </span>
     <span class='ocr_line' id='line_1_85' title="bbox 1140 3494 2012 3547; baseline -0.002 -11"><span class='ocrx_word' id='word_1_471' title='bbox 1140 3497 1269 3537; x_wconf 79' lang='lat' dir='ltr'>Dulce</span> <span class='ocrx_word' id='word_1_472' title='bbox 1305 3500 1361 3537; x_wconf 81' lang='lat' dir='ltr'>est</span> <span class='ocrx_word' id='word_1_473' title='bbox 1395 3497 1574 3547; x_wconf 79' lang='lat' dir='ltr'>desipere</span> <span class='ocrx_word' id='word_1_474' title='bbox 1608 3496 1649 3535; x_wconf 77' lang='lat' dir='ltr'>in</span> <span class='ocrx_word' id='word_1_475' title='bbox 1691 3494 1808 3546; x_wconf 83' lang='lat' dir='ltr'>loco.)</span> <span class='ocrx_word' id='word_1_476' title='bbox 1860 3494 2012 3543; x_wconf 88' lang='lat' dir='ltr'>Quoti-</span> 
     </span>
    </p>
   </div>
  </div>
 </body>
</html>
