2231 3787
270 239 370 290 558

867 237 1082 278 HORATII
1110 237 1477 279 EPISTOLARUM

339 368 578 422 Dormiet
617 368 668 420 in
707 367 909 429 lucem,
951 376 1129 421 scorto
1168 375 1455 440 postponet
1494 366 1777 419 honestum

341 470 611 532 Officium,
652 486 898 521 nummos
938 468 1141 521 alienos
1182 476 1391 537 pascet,
1434 467 1503 520 ad
1541 467 1706 520 imum

340 572 511 626 Thrax
548 572 649 625 erit
686 579 775 624 aut
814 569 1019 623 olitoris
1057 577 1179 639 aget
1216 568 1469 622 mercede
1508 568 1787 622 caballum.

339 677 606 728 Arcanum
644 689 821 743 neque
862 680 915 724 tu
958 669 1286 724 scrutaberis
1326 669 1465 723 illius
1504 688 1771 741 unquam,

341 775 808 844 Commissumque
847 781 998 843 teges
1037 780 1090 826 et
1126 773 1251 825 vino
1290 780 1461 825 tortus
1501 782 1553 826 et
1590 773 1695 837 ira;

337 880 446 931 Nec
483 885 573 930 tua
608 874 857 928 laudabis
895 873 1074 928 studia
1112 882 1203 927 aut
1239 873 1414 927 aliena
1451 874 1776 945 reprendeS,

376 1027 444 1066 36.
481 1027 622 1066 Thrax
651 1037 686 1065 s.
723 1025 837 1065 Trax
865 1024 1066 1076 bSEcdp‚
1099 1025 1238 1064 LCtF:
1290 1025 1424 1064 Threx
1452 1023 1700 1073 Bentleius,
1734 1024 1850 1065 MJO.
1888 1048 1930 1053 —-
1965 1025 2031 1064 37.

323 1091 445 1129 ullius
464 1088 631 1140 bScdp‚
655 1089 787 1128 LCtF.
823 1088 946 1138 (illius
966 1089 1020 1137 E,
1056 1087 1199 1127 codex
1220 1086 1400 1138 Collegii
1420 1085 1592 1138 Regalis
1614 1089 1658 1126 et
1678 1097 1743 1138 pr.
1768 1099 1808 1135 v,
1842 1088 2034 1127 Pottierii

323 1153 434 1199 duo,
468 1151 708 1199 Bentleius‚
739 1151 871 1201 MJO.)

267 1284 574 1336 Eutrapelus.»
624 1285 775 1323 Senon
827 1305 870 1311 —
914 1283 957 1321 in
996 1282 1140 1333 lucem]
1174 1287 1178 1347 Ι
1209 1281 1355 1322 forum
1378 1281 1599 1322 olitorium
1620 1283 1794 1322 mittit.»
1815 1305 1861 1311 —
1884 1283 2090 1323 «Satirice

267 1348 326 1387 bis·
355 1348 399 1386 in
429 1348 504 1385 den
537 1347 621 1397 Ta9
648 1346 800 1384 hinein.
851 1344 980 1384 Hand
1016 1346 1141 1384 Turs.

268 1411 336 1449 III.
361 1420 404 1460 p.
430 1408 524 1448 335.
561 1430 605 1435 —-
637 1408 850 1447 honestum
872 1407 1075 1459 Officium]
1098 1409 1147 1446 ut

267 1473 376 1523 Epp.
402 1472 416 1509 4
440 1503 446 1515 ,
474 1471 547 1518 47,
572 1471 615 1509 24
637 1482 644 1508 :
681 1470 872 1521 Officium
889 1470 1024 1520 facio,
1058 1481 1146 1509 non

268 1536 337 1573 est
366 1529 421 1572 τὸ
452 1529 696 1584 καθῆκον,
730 1532 811 1572 sed
832 1532 1047 1582 significat
1068 1533 1149 1571 im-

266 1596 421 1648 primis
461 1594 769 1635 salutationem
808 1595 983 1646 patroni
1023 1596 1149 1634 cete-

266 1669 510 1708 rorumque
551 1657 774 1696 fautorum
813 1660 947 1708 atque
989 1656 1149 1696 obser-

266 1721 460 1760 vantiam
491 1721 535 1758 in
557 1729 650 1758 eos.
672 1740 718 1746 —
738 1730 929 1758 nummos
951 1742 975 1747 —
989 1718 1146 1770 pascet]

270 1782 532 1834 «pecuniam
564 1780 717 1831 grandi
754 1780 907 1820 fenore
945 1782 1149 1820 mutuam

269 1846 460 1884 sumet.»
510 1845 609 1894 Ipsa
641 1845 791 1882 autem
819 1854 955 1883 usura
987 1845 1031 1881 et
1063 1843 1149 1881 im-

270 1907 423 1958 primis
464 1906 736 1944 anatocismo
781 1904 899 1955 apud
942 1906 1148 1955 antiquos

270 1969 501 2019 frequente
532 1966 742 2018 paulatim
769 1967 982 2016 pascitur,
1018 1977 1151 2016 auge-

268 2034 361 2077 tur,
386 2041 484 2069 sors
504 2028 773 2080 principalis.
810 2029 896 2068 Cfr.
920 2029 1145 2080 Aristoph.

270 2092 384 2132 Nub.
406 2091 510 2130 '¹286
528 2102 626 2142 sqq.
649 2092 778 2131 Arist.
800 2091 922 2130 Polit.
944 2092 981 2137 11,
1007 2091 1045 2139 3,
1071 2091 1146 2130 ⁵23:

271 2149 297 2192 ὁ
328 2150 473 2202 τόκος
503 2147 622 2192 αὐτὸ
653 2149 725 2203 (τὸ
759 2149 995 2205 νόμισμα)
1026 2156 1156 2191 ποιεῖ

272 2215 415 2256 πλέον
435 2214 533 2254 κτλ.
567 2217 741 2261 Pers.5‚
769 2215 867 2255 ⁴49:
895 2216 1002 2264 Quid
1015 2214 1152 2265 petis?

269 2283 315 2318 ut
347 2279 530 2326 nummi,
569 2288 670 2326 quos
703 2278 768 2316 hic
802 2278 1031 2327 quincunce
1058 2289 1151 2317 mo-

271 2342 380 2380 desto
422 2341 669 2387 NutrieraS,
696 2344 880 2390 peryant
913 2340 1057 2379 avidos
1086 2351 1153 2378 su-

271 2405 373 2442 dare
403 2401 604 2442 deunces?
648 2402 764 2442 Cave
797 2400 1016 2452 explices:
1052 2413 1153 2453 «pe-

271 2466 448 2505 cuniam
478 2467 678 2504 mutuam
699 2467 925 2516 sumptam
947 2464 1154 2505 absumet

273 2530 314 2567 et
365 2526 646 2577 abliguriet,»
698 2529 791 2566 aut:
846 2527 1153 2567 «continuabit

273 2601 348 2630 aes
373 2589 565 2629 alienum
589 2589 694 2629 luxu
719 2592 761 2629 et
782 2600 898 2629 novo
920 2601 1024 2629 aere
1043 2589 1152 2629 alie-

273 2665 328 2693 no
362 2652 665 2692 contrahendo
684 2664 720 2698 3»
753 2662 836 2691 nec
866 2650 988 2702 legas
1013 2656 1154 2702 poscet

274 2726 376 2754 cum
409 2713 635 2765 Rappolto.
689 2715 822 2754 Recte
845 2715 933 2753 iam
951 2715 1154 2766 Porphy-

274 2778 390 2815 rion:
444 2775 601 2816 «faciet
644 2786 721 2816 aes
767 2775 960 2816 alienum
1004 2777 1152 2816 usuris

275 2850 524 2878 crescere.»
582 2839 648 2878 Ad
691 2841 870 2890 tropum
908 2843 1053 2888 pascet
1096 2838 1149 2878 cf.

274 2901 408 2940 Tacit.
431 2901 574 2951 Agric.
600 2901 644 2940 34
668 2912 674 2939 :
722 2902 948 2940 Britannia
975 2902 1155 2941 servitu-

276 2967 354 3002 tem
385 2973 504 3001 suam
534 2963 714 3011 quotidie
734 2963 849 3012 emit,
883 2964 1064 3013 quotidie
1074 2974 1156 3012 pa-

274 3025 360 3063 scit.
399 3046 442 3052 —
475 3025 530 3062 ad
572 3025 714 3073 imum]
757 3024 838 3064 «ad
879 3026 1152 3072 extremum,

274 3085 350 3125 ubi
382 3084 485 3124 nihil
525 3085 614 3124 iam
654 3086 694 3124 ei
738 3087 1028 3134 remanserit,
1076 3098 1157 3125 au-

276 3146 464 3187 ctorabit
491 3157 538 3186 se
561 3145 790 3186 lanistae.»
814 3171 858 3176 -
881 3147 1034 3198 Thrax]
1058 3148 1153 3187 Vid.

277 3211 362 3250 Sat.
388 3210 436 3257 ⁵2,
471 3209 516 3256 6,
551 3206 618 3247 44.
655 3229 701 3235 —
737 3208 895 3246 olitoris
924 3213 1019 3259 ayet
1053 3210 1155 3262 cet.]

281 3270 612 3311 «mercenarius
644 3270 726 3308 erit
765 3269 930 3310 olitoris
971 3272 1064 3311 sive
1105 3283 1159 3311 ex

278 3334 524 3384 posteriore
548 3332 776 3371 Latinitate
807 3331 1048 3381 hortulani,
1084 3335 1157 3385 qui

280 3396 400 3433 extra
418 3393 581 3435 Urbem
596 3393 775 3433 hortum
788 3393 938 3434 colens
950 3395 1070 3435 hunc
1084 3395 1159 3435 de-

280 3459 506 3496 coctorem
538 3456 733 3507 quotidie
766 3467 870 3496 cum
899 3456 1094 3497 oleribus
1115 3459 1156 3497 in

1209 1345 1376 1384 invenit
1393 1344 1480 1383 duo
1497 1344 1799 1385 sordidissima
1820 1355 2008 1384 munera
2028 1344 2093 1384 fu-

1210 1408 1311 1446 turo
1348 1408 1628 1447 mercenario
1663 1408 1766 1458 post
1801 1407 1986 1447 beatum
2022 1408 2092 1446 in-

1214 1481 1393 1510 cessum
1437 1468 1695 1521 cultumque
1739 1469 2002 1519 laetantem,
2050 1472 2093 1510 et

1212 1534 1453 1582 utrumque
1484 1531 1570 1571 tale
1595 1534 1685 1579 est,
1719 1531 1839 1583 quod
1862 1533 1917 1572 sit
1937 1543 2095 1584 specu-

1213 1592 1305 1632 lum
1324 1593 1687 1645 (spectaculum‘3)
1705 1593 1912 1646 populo.»
1935 1596 2090 1634 Ponrn.

1267 1655 1332 1694 37.
1376 1656 1441 1696 38.
1486 1656 1700 1695 Arcanum
1747 1657 1851 1708 cet.]
1900 1656 1974 1696 His
2018 1667 2090 1695 vv.

1214 1718 1486 1757 enumeratis
1515 1718 1651 1766 vitiis,
1701 1729 1815 1769 quae
1854 1717 1988 1758 Lollio
2026 1719 2095 1757 vi-

1212 1781 1346 1820 tanda
1370 1781 1476 1829 sint,
1501 1781 1540 1819 ei
1563 1781 1852 1820 commendat
1872 1780 2013 1821 bonas
2029 1793 2097 1821 ar-

1213 1845 1302 1891 tes,
1336 1842 1497 1892 quibus
1517 1844 1580 1881 uti
1602 1842 1787 1890 debeat;
1821 1846 1923 1882 ante
1947 1844 2093 1883 omnia

1213 1906 1432 1954 integram
1462 1904 1598 1943 fidem
1628 1905 1671 1943 in
1702 1904 1923 1944 fautorem
1954 1907 1998 1944 et
2018 1906 2095 1945 ho-

1215 1968 1392 2005 nestum
1431 1965 1699 2015 obsequium
1736 1965 2094 2007 observantiam-

1217 2039 1302 2078 que
1335 2028 1377 2065 in
1409 2027 1625 2075 eundem,
1659 2026 1797 2067 multo
1828 2029 2012 2079 quidem
2033 2029 2097 2069 di-

1214 2099 1394 2129 versam
1435 2100 1457 2127 a
1495 2088 1567 2127 vili
1612 2087 1681 2128 illa
1726 2088 1976 2130 adulatione
2019 2103 2090 2131 vv.

1218 2151 1364 2192 40-214.
1401 2176 1446 2179 —
1478 2152 1743 2204 scrutaberis]
1791 2153 1964 2204 Optime
2008 2154 2095 2193 hoc

1217 2227 1257 2254 v.
1298 2216 1503 2266 exprimit
1547 2213 1789 2255 molestum
1833 2218 1966 2267 atque
2010 2218 2096 2257 im—

1214 2279 1456 2328 portunum
1488 2288 1650 2316 arcana
1678 2277 1972 2328 investigandi
1999 2280 2097 2319 stu-

1218 2339 1355 2378 dium.
1384 2362 1428 2367 —
1454 2340 1575 2389 illius]
1600 2339 1806 2379 «fautoris
1829 2341 1938 2387 tui3»
1973 2341 2094 2391 quod

1218 2403 1379 2453 partim
1410 2413 1512 2442 cum
1543 2413 1631 2442 non
1652 2401 1964 2453 intelligerent,
1998 2414 2096 2455 par-

1218 2465 1295 2504 tim
1341 2475 1428 2514 quo
1475 2463 1681 2515 generale
1731 2465 1861 2505 fieret
1906 2476 2095 2517 praece-

1217 2530 1365 2578 ptum,
1406 2525 1607 2577 plerique
1646 2528 1920 2578 scripserunt
1955 2528 2092 2567 ullius.

1217 2588 1422 2629 Nonnulli
1450 2601 1491 2628 v,
1516 2590 1627 2628 illius
1657 2589 1712 2628 de
1744 2589 1920 2629 Tiberio
1957 2591 2096 2630 inter-

1218 2652 1378 2704 pretati
1409 2654 1536 2699 sunt,
1585 2651 1666 2691 sed
1696 2652 1790 2691 sine
1822 2652 1991 2692 idoneis
2022 2664 2095 2692 ar-

1219 2714 1454 2764 gumentis.
1514 2714 1589 2753 Est
1631 2715 1811 2753 omnino
1858 2715 1992 2766 «reyis
2036 2716 2097 2759 (ut

1219 2776 1321 2816 alibi
1361 2775 1453 2825 ait),
1487 2774 1668 2815 fautoris
1707 2776 1812 2815 tui.»
1866 2776 1931 2816 Cf.
1955 2788 1997 2816 V.
2023 2776 2092 2817 40.

1223 2862 1267 2867 -
1299 2839 1396 2876 vino
1426 2837 1570 2886 tortus]
1602 2839 1652 2877 A.
1677 2837 1722 2877 P.
1746 2837 1852 2878 434:
1886 2839 2012 2890 Reges
2037 2840 2098 2879 di-

1219 2904 1371 2939 cuntur
1400 2899 1537 2938 multis
1554 2910 1707 2950 urgere
1726 2900 1888 2939 cucullis
1912 2902 1966 2940 Ec
1996 2905 2042 2941 bo
2055 2914 2098 2941 r-

1221 2972 1376 3012 quere
1404 2972 1561 3010 mero,
1595 2972 1716 3010 quem
1739 2964 2001 3012 perspexisse
2027 2964 2096 3003 la-

1221 3024 1384 3063 borant.
1422 3047 1464 3052 —
1499 3024 1581 3075 ira]
1615 3025 1682 3064 «Si
1720 3024 1898 3075 quando
1932 3028 1975 3066 te
2013 3026 2097 3066 ob-

1222 3087 1402 3137 iurgarit
1430 3089 1642 3137 patronus
1675 3090 1750 3126 aut
1780 3089 1925 3128 minus
1953 3090 2095 3130 amice

1222 3153 1265 3189 te
1304 3149 1519 3197 tractarit,
1566 3148 1653 3188 noli
1695 3153 1935 3201 propterea
1977 3150 2098 3191 velut

1222 3210 1399 3251 ultionis
1430 3221 1562 3251 causa
1594 3210 1686 3251 aliis
1724 3211 1896 3251 effutire
1934 3223 2096 3253 arcana

1225 3272 1279 3312 ab
1312 3283 1365 3311 eo
1395 3271 1473 3311 tibi
1503 3272 1800 3312 concredita.»

1280 3335 1346 3374 39.
1381 3334 1447 3374 40.
1492 3336 1575 3374 Nec
1605 3338 1678 3374 tua
1708 3334 1809 3385 cet.]
1842 3334 1960 3375 «Hoc
1982 3346 2096 3387 quo-

1225 3407 1311 3447 que
1342 3394 1454 3435 solet
1483 3396 1708 3436 offendere
1749 3397 1953 3446 potentes
1983 3399 2097 3438 ami-

1225 3468 1323 3507 cos,
1358 3459 1392 3497 si
1424 3457 1565 3497 studia
1597 3455 1983 3511 (ἐπιτηδεύματα)
2014 3471 2095 3499 no-
