2231 3787
856 222 954 261 LIB.
990 222 1019 260 l.
1082 222 1192 260 SAT.
1229 221 1295 259 111.

1924 216 1989 268 49

165 358 271 411 Cur
312 356 364 407 in
405 355 702 409 amicorum
740 353 880 407 vitiis
920 362 1027 407 tam
1067 352 1243 406 cernis
1284 359 1524 411 acutum,

163 461 337 524 Quam
376 466 467 511 aut
504 457 684 530 aquila
723 465 814 510 aut
852 473 1079 527 serpens
1119 453 1484 525 Epidaurius?
1548 454 1609 505 At
1650 451 1742 505 tibi
1786 459 1970 504 contra

163 561 374 623 Evenit,
419 560 690 631 inquirant
727 558 854 611 vitia
891 566 949 611 ut
987 566 1079 610 tua
1117 574 1306 610 rursus
1347 564 1397 609 et
1437 555 1525 607 illi.

164 662 481 718 Iracundior
520 670 602 716 est
641 660 833 733 paulo,
875 660 1052 712 minus
1092 668 1248 730 aptus
1288 658 1458 712 acutis

164 763 394 819 Naribus
434 763 627 817 horum
665 762 970 827 hominum,
1011 760 1175 814 rideri
1216 761 1387 832 possit
1427 777 1514 816 eo,
1559 759 1707 831 quod
1926 760 1995 811 30

278 972 344 1011 ⁵27.
392 971 456 1023 At]
504 983 553 1010 uc
597 970 660 1010 Bb
706 971 805 1008 s'non
850 968 995 1021 Scdp.
1048 992 1090 997 -—
1142 969 1204 1008 29.
1242 968 1415 1008 aduncis
1460 967 1592 1007 dubia
1637 966 1823 1007 Bentleii
1867 977 1944 1006 su-

225 1046 376 1088 spicio,

172 1226 456 1274 dubitarunt,
493 1225 773 1266 demonstrat
795 1225 903 1277 Epp.
930 1225 979 1273 ΞΖ,
1005 1225 1052 1273 2,
1088 1225 1093 1263 l
1120 1234 1223 1263 rum
1239 1223 1400 1263 iudicio
1415 1223 1698 1274 compensari
1716 1221 1925 1269 debeant,
1946 1224 2008 1261 ta-

172 1290 276 1329 427:
322 1290 437 1329 Dum
474 1300 569 1329 mea
599 1289 793 1329 delectent
832 1288 946 1327 mala
977 1298 1054 1327 me.
1088 1266 1094 1324 i
1122 1296 1248 1335 men,
1272 1288 1321 1325 ut
1341 1285 1411 1333 fit,
1438 1284 1557 1324 velut
1578 1283 1847 1325 lineamenta
1874 1295 2010 1336 quae-

172 1351 236 1392 Cf.
270 1352 501 1392 Phaedrus
532 1351 578 1401 4,
615 1352 686 1401 40,
721 1350 766 1391 4:
808 1351 898 1391 Hac
928 1361 974 1390 re
994 1350 1059 1389 vi-
1124 1349 1230 1388 dam
1266 1359 1451 1388 suorum
1490 1358 1669 1387 morum
1709 1348 2005 1387 immiscuisse

171 1415 267 1455 dere
296 1419 443 1454 nostra
462 1415 577 1453 mala
597 1426 681 1454 non
703 1424 947 1464 possunzus;
979 1412 1060 1452 Alii
1123 1411 1324 1459 videtur,
1358 1421 1515 1451 secum
1545 1412 1779 1462 reputans,
1825 1412 2010 1462 propter

171 1478 295 1517 simul
323 1478 585 1527 delinquunt,
618 1488 807 1517 censores
826 1487 982 1516 samus.
1012 1498 1056 1503 —-

173 1540 332 1592 aquila]
364 1539 411 1580 Il.
445 1554 487 1598 ρ,
522 1539 623 1581 674:
673 1536 850 1590 αἰετός,
899 1531 955 1578 ὃν
997 1532 1058 1594 ῥά

173 1604 225 1644 τέ
281 1617 436 1654 φασιν
490 1600 746 1655 Ὀξύτατον
804 1601 1062 1660 δέρκεσθαι

173 1661 481 1725 ὑπουρανίων
522 1664 779 1721 πετεηνῶν.
817 1690 862 1696 -
895 1675 1064 1715 serpens

173 1731 446 1782 Epidaurius]
487 1733 676 1771 Pausan.
717 1732 761 1780 2,
810 1730 884 1770 28:
937 1723 1064 1785 Δρά-

174 1806 343 1844 κοντες
362 1818 385 1823 -
406 1817 429 1823 -
450 1794 532 1834 καὶ
563 1788 728 1851 ἕτερον
758 1794 898 1847 γένος
929 1791 977 1842 ἐς
1008 1787 1063 1831 τὸ

179 1853 476 1914 ξανθότερον
497 1852 645 1914 ῥέπον
662 1852 749 1909 τῆς
769 1852 923 1913 χρόας
946 1854 1066 1912 ἱεροὶ,

175 1919 265 1974 μὲν
314 1918 400 1961 τοῦ
446 1916 736 1972 Ἀσκληπιοῦ
788 1920 1065 1972 νομίζονται

178 1983 259 2024 καὶ
292 1984 414 2023 εἰσὶν
435 1977 713 2040 ἀνθρώποις
745 1974 936 2038 ἥμεροι,
968 1982 1067 2039 τρε-’-

177 2058 260 2097 φει
289 2043 339 2086 δὲ
369 2043 499 2099 μόνη
523 2042 656 2096 σφᾶς
677 2041 707 2098 ἦ
730 2041 1067 2085 τῶνἘῑτιόαυ-

177 2111 292 2166 ρι’ων
322 2107 398 2162 γῆ.
461 2108 584 2149 ovid.
619 2110 797 2149 Metam.
843 2109 916 2156 45,
959 2108 1064 2147 670:

178 2174 227 2212 In
265 2176 451 2223 serpente
492 2173 590 2212 deus
633 2170 950 2222 (Aesculapius)
994 2194 1016 2199 -
1046 2193 1069 2200 -

180 2235 318 2275 oculos
356 2236 610 2274 circumtulit
640 2235 735 2286 iyne
764 2235 979 2274 micantes.
1014 2233 1065 2273 V.

179 2298 428 2337 Excursum
445 2299 476 2337 I.
500 2298 569 2337 Ad
586 2298 855 2337 sententiam
878 2296 955 2336 cfr.
982 2297 1071 2336 Me-

182 2359 315 2399 nand.
335 2370 379 2410 p.
399 2359 494 2399 302.
513 2360 664 2400 Mein:
691 2360 746 2400 Τι’
766 2354 1067 2414 τάλλότριον,

181 2415 410 2478 ἄνθρωπε
466 2418 842 2471 βασκανώτατε,
903 2416 1070 2461 Κακὸν

184 2480 478 2542 ὀξυδερκεῖς,
517 2481 573 2524 τὸ
603 2483 640 2524 δ’
673 2482 795 2524 ἴδιον
827 2481 1071 2540 παραβλέ-

184 2560 310 2598 mag,-
346 2548 591 2588 Sosicrates
623 2547 742 2599 apud
773 2546 895 2586 Stob.
930 2548 975 2586 T.
1001 2546 1068 2595 ⁶23,

183 2613 231 2652 2:
259 2605 453 2665 Ἄγαθοὶ
482 2609 533 2651 δὲ
563 2606 618 2649 τὸ
649 2606 804 2650 κακὸν
826 2608 976 2663 ἐσμὲν
994 2608 1069 2658 ἐφ’

185 2673 356 2731 ἑτέρων
379 2672 516 2723 ἰδεῖν,
549 2668 696 2714 Αὖτοὶ
718 2671 756 2712 δ’
780 2666 898 2713 ὅταν
921 2668 1074 2712 noio]-

184 2750 290 2791 μεν,
323 2731 379 2778 οὗ
412 2733 730 2791 γινώσκομεν.
757 2760 803 2764 -
826 2735 989 2787 contra]
1021 2747 1071 2775 «e

187 2800 432 2849 contrario,
478 2800 703 2840 vicissim»
745 2800 893 2851 potius
936 2809 1074 2849 quam

186 2865 235 2903 ut
266 2862 502 2915 explicavit
531 2862 658 2903 Hand
680 2863 806 2902 Turs.
830 2862 881 2900 II.
904 2871 948 2912 p.
975 2860 1069 2900 449.

191 2924 384 2973 «aliter»,
419 2924 516 2964 coll.
543 2925 633 2965 Cic.
668 2924 726 2964 ad
756 2925 875 2964 Fam.
911 2924 978 2971 42,
1005 2922 1072 2971 48,

192 2988 239 3026 l:
285 2991 510 3036 utrumque
545 2991 693 3027 contra
727 2986 879 3026 accidit
921 2986 1074 3035 (atque

192 3050 592 3101 exspectaveram).

246 3173 314 3213 29.
349 3173 417 3213 30.
451 3174 703 3214 Iracundior
732 3173 834 3226 cet]
869 3173 960 3214 Etsi
984 3172 1081 3212 uni-

191 3247 323 3276 verse
355 3237 399 3275 et
429 3236 676 3286 generatim
705 3236 761 3276 de
792 3237 843 3276 iis
873 3236 990 3275 vitiis
1011 3234 1082 3274 lo-

194 3299 269 3350 qui
312 3298 510 3347 videtur,
559 3308 675 3348 quae
720 3299 764 3338 in
807 3308 1079 3349 quocunque

194 3361 373 3401 homine
397 3359 504 3401 alios
527 3359 756 3400 offendere
777 3360 965 3411 possint,
999 3359 1081 3399 sed

197 3423 401 3463 eiusdem
420 3421 658 3463 virtutibus
677 3433 731 3461 ex
751 3422 984 3461 hominum
1003 3422 1084 3461 ho-

197 3487 430 3526 nestorum
469 3487 567 3525 eta
603 3483 875 3535 malignitate
911 3482 1083 3523 alieno-

292 3563 445 3599 HORA'r.
474 3572 564 3598 voi..
594 3562 636 3598 II.
691 3571 742 3599 En
786 3570 870 3597 MAI.
900 3559 961 3596 ΙΙΙ.

1126 1485 1241 1525 quae
1300 1475 1447 1525 ipsum
1502 1473 1728 1513 interdum
1776 1485 2011 1528 μυκτηρι-

1126 1537 1236 1578 σταὶ
1262 1536 1651 1589 reprehenderint.
1712 1538 1774 1576 lta
1797 1548 1845 1577 se
1873 1537 2014 1575 irrita-

1125 1600 1263 1640 bilem
1296 1610 1395 1640 esse
1437 1598 1600 1639 fatetur
1631 1600 1716 1639 Sat.
1752 1600 1800 1648 ἓ,
1835 1598 1878 1647 3,
1914 1598 2007 1638 323.

1127 1664 1237 1715 Epp.
1274 1663 1321 1710 4,
1357 1662 1428 1710 20,
1463 1663 1535 1701 ⁵25:
1569 1662 1702 1701 Irasci
1731 1662 1917 1710 celerem,
1952 1665 2015 1700 ta-

1129 1737 1220 1765 men
1248 1729 1295 1764 ut
1328 1724 1552 1774 placabilis
1578 1736 1725 1772 essem3
1761 1725 1815 1764 de
1848 1724 2015 1764 rustica

1129 1799 1209 1828 sua
1230 1789 1412 1827 tonsura
1431 1789 1475 1826 et
1496 1788 1648 1826 cetero
1672 1785 1791 1826 cultu
1812 1786 2014 1837 neglecto

1128 1851 1237 1902 Epp.
1265 1851 1311 1899 4,
1348 1851 1363 1889 4
1388 1882 1395 1899 ,
1430 1848 1516 1897 94.;
1550 1860 1705 1889 rursus
1736 1848 1791 1888 de
1821 1850 2013 1900 ingenio,

1130 1925 1218 1965 quo
1250 1911 1517 1963 negligentia
1556 1913 1639 1952 ista
1671 1914 2013 1963 compensetur,

1131 1976 1210 2016 Od.
1245 1977 1292 2025 Ξ,
1328 1976 1398 2024 48,
1434 1975 1473 2014 9.
1537 1975 1616 2014 Od.
1650 1974 1696 2024 3,
1731 1975 1797 2015 30.
1831 1986 1883 2014 ac
1915 1987 2016 2015 sae—

1130 2040 1244 2090 pius.
1305 2038 1448 2079 Minus
1478 2037 1773 2089 probabiliter
1804 2036 1874 2077 alii
1911 2050 2016 2078 cum

1130 2104 1305 2142 Acrone
1352 2100 1465 2140 haec
1511 2101 1659 2139 omnia
1693 2100 1751 2139 ad
1789 2099 2020 2151 Virgilium

1131 2163 1355 2211 referunt3
1391 2174 1478 2213 qua
1500 2162 1554 2202 de
1579 2163 1783 2214 opinione
1806 2166 1929 2204 recte
1953 2165 2022 2203 iu—

1134 2227 1298 2267 dicavit
1350 2226 1524 2277 Madvig
1575 2227 1763 2277 Opuscc.
1807 2228 1838 2266 l.
1881 2238 1924 2278 p.
1970 2227 2020 2266 70

1134 2302 1203 2341 sq.
1240 2312 1287 2318 —
1323 2290 1458 2328 acatis
1487 2289 1675 2328 Naribus
1704 2289 1856 2328 horam
1884 2289 2022 2328 homi-

1135 2354 1249 2401 num]
1273 2363 1390 2391 nunc
1407 2352 1673 2400 viventium,
1700 2352 1774 2401 qui
1795 2350 2021 2395 levissima

1136 2424 1341 2465 quaeque
1372 2414 1476 2452 vltia
1501 2414 1545 2452 in
1567 2412 1660 2453 aliis
1682 2412 1886 2453 facillime
1909 2413 2022 2453 odo-

1135 2478 1313 2527 rantur,
1349 2476 1577 2526 derident,
1611 2477 1888 2527 x'ituperant3
1922 2475 2022 2515 tali-

1135 2540 1220 2580 bus
1250 2540 1381 2590 igitur
1410 2539 1546 2579 homo
1577 2537 1766 2590 simplex
1800 2550 1853 2578 ac
1883 2537 2023 2589 negli-

1137 2602 1310 2654 gentior
1353 2612 1515 2653 parum
1561 2601 1771 2641 convenit
1826 2602 1869 2640 et
1916 2612 2022 2653 per—

1137 2676 1271 2717 saepe
1303 2664 1667 2716 reprehensionis
1699 2674 1854 2703 ansam
1887 2675 2024 2715 prae-

1137 2728 1230 2768 bet.
1292 2728 1362 2767 Sic
1400 2728 1519 2767 enim
1548 2726 1686 2766 minus
1722 2731 1845 2776 aptus
1883 2726 2024 2778 expli-

1139 2790 1334 2831 candum
1363 2790 1543 2829 videtur
1571 2789 1627 2828 ad
1659 2788 1909 2839 analogiam
1939 2788 2025 2829 loci

1139 2852 1323 2894 Tulliani
1343 2853 1463 2892 Brut.
1491 2852 1567 2900 62,
1601 2851 1705 2892 ⁶223:
1740 2853 1880 2902 aptior
1899 2853 2027 2892 etiam

1137 2918 1363 2957 Palicanus
1405 2915 1580 2955 auribus
1622 2915 1933 2964 imperitorum,
1980 2915 2025 2954 id

1141 2982 1230 3029 est,
1285 2978 1461 3028 «magis
1505 2977 1573 3017 his
1619 2976 1876 3028 placebat.»
1944 2976 2025 3017 Alii

1142 3054 1246 3083 cum
1288 3041 1618 3092 Porphyrione:
1670 3038 1839 3079 «Habet
1879 3038 2026 3090 aliqua

1140 3106 1245 3146 vitia
1278 3104 1476 3155 (amicus)
1508 3103 1567 3141 ita
1596 3104 1645 3141 ut
1678 3100 1811 3154 paulo
1848 3102 2027 3141 iracun-

1143 3169 1241 3209 dior
1271 3168 1327 3208 sit
1356 3177 1440 3206 nec
1467 3165 1609 3217 possit
1629 3164 1928 3204 deridentium
1950 3176 2028 3203 ur-

1143 3231 1405 3278 banitatem,
1428 3239 1542 3279 quae
1562 3238 1681 3267 nunc
1696 3228 1889 3267 maxime
1904 3237 2028 3266 exer-

1146 3296 1293 3342 cetur,
1329 3292 1592 3333 sustinere.»
1646 3291 1788 3330 Minas
1807 3289 2028 3339 aptusigi-

1145 3360 1216 3398 tur
1245 3357 1290 3396 hi
1319 3356 1465 3396 minus
1487 3356 1610 3394 recte
1633 3355 1879 3404 exponunt:
1917 3352 2029 3391 «mi-

1146 3431 1230 3460 nus
1262 3430 1310 3459 se
1343 3418 1559 3469 adaptans
1591 3415 1801 3455 derisioni
1832 3425 1884 3453 ac
1921 3426 2029 3465 pro—

1147 3484 1247 3535 pter
1276 3482 1361 3521 hoc
1392 3481 1539 3532 ipsum
1569 3477 1940 3518 stomachosior.»

1723 3553 1745 3590 4
