2231 3787
208 240 274 291 94-

823 239 1038 279 HORATlI
1069 238 1369 279 SATIRARUM

281 370 541 425 Sarmenti
583 386 802 423 scurrae
842 384 1079 439 pugnam
1118 367 1390 438 Messique
1435 365 1690 427 Cicirrlii,

280 474 452 535 Musa,
495 470 656 526 velim
694 487 989 531 memoreS,
1032 478 1084 522 et
1123 486 1231 540 quo
1265 477 1416 540 patre
1455 476 1609 521 natus
1656 475 1884 538 uterque

285 573 580 630 Contulerit
616 572 751 626 lites.

284 677 546 731 Sarmenti
589 675 807 729 domina
845 682 1039 728 exstat:
1082 672 1148 726 ab
1188 673 1271 726 liis
1311 671 1605 726 maioribus
1649 672 1750 725 orti

282 779 361 832 Ad
399 796 635 850 pugnam
674 793 893 831 venere.

286 883 417 935 Esse
457 880 551 934 feri
593 877 821 933 similem
860 877 997 931 11100.

290 984 515 1037 Messius
555 980 802 1052 Accipio,
845 988 1006 1050 caput
1046 988 1098 1032 et
1134 989 1328 1033 movet,

829 571 986 625 Messi
1028 570 1231 625 clarum
1271 589 1440 642 genus
1480 570 1640 634 Osci,

971 775 1124 828 Prior
1169 775 1510 829 Sarmentus:
1554 773 1692 845 Equi
1733 782 1782 826 te

1075 877 1358 939 Ridemus,
1402 886 1454 931 et
1493 877 1609 948 ipse

1407 980 1479 1042 O,
1526 988 1618 1033 tua
1656 996 1823 1033 cornu

325 1167 375 1206 5⁴2
399 1168 442 1205 et
463 1166 528 1205 65.
564 1163 741 1204 Cicirrhi
758 1184 778 1190 -
795 1184 813 1190 -
834 1161 1045 1202 cleti-rhus
1073 1160 1152 1201 Ed.
1176 1161 1345 1201 Veneta
1379 1161 1476 1202 114-811
1491 1175 1522 1201 .:
1558 1161 1708 1202 Cicirri
1727 1183 1745 1190 —
1763 1183 1781 1189 -
1801 1161 1986 1201 Cicirrus

270 1229 416 1270 seAEM
461 1230 504 1267 et
549 1237 652 1267 cum
695 1227 828 1276 Regio
873 1224 1039 1273 Bentl,
1087 1224 1266 1264 Cicer-ret
1296 1225 1339 1263 h.
1373 1222 1399 1263 l.
1433 1235 1500 1276 pr.
1533 1223 1588 1271 b,
1630 1224 1834 1264 0106)·νὶ-

1003 1288 1065 1338 (Ut
1095 1298 1198 1336 nos,
1230 1287 1285 1337 J.)

270 1303 413 1332 cerrus
443 1291 516 1343 dp,
552 1301 665 1329 corr.
701 1288 730 1328 b
763 1290 806 1328 et
835 1289 937 1329 LCt.

218 1419 299 1459 sed
348 1417 504 1457 eruditi
556 1416 690 1456 etiam
736 1415 818 1453 riri
871 1413 1096 1453 interdum

218 1479 476 1521 scurrilibus
519 1479 612 1519 istis
655 1477 762 1517 iocis
808 1475 1098 1516 delectaban-

216 1550 309 1592 tur,
364 1541 484 1594 quod
521 1541 575 1580 de
615 1538 730 1579 Sulla
772 1551 824 1579 ex
867 1539 1096 1579 Athenaeo

218 1607 263 1654 6,
298 1606 362 1645 -17,
397 1605 577 1652 501111115,
611 1605 654 1642 et
683 1600 754 1641 vel
784 1602 964 1641 Horatio
986 1602 1099 1641 Mes-

218 1669 268 1708 sii
300 1668 574 1717 Cicirrhique
606 1675 863 1706 scurrarum
901 1674 1097 1716 pugnam

218 1731 350 1770 fuisse
397 1729 724 1769 oblectamento
769 1728 863 1778 ipse
912 1726 1098 1778 profite—

219 1797 332 1832 tur.»
386 1816 430 1820 —
483 1790 694 1830 Sarmenti
747 1789 855 1840 cet]
909 1790 1096 1828 Scurrae

219 1858 370 1894 utrum
400 1854 443 1893 in
473 1852 739 1893 Maecenatis
771 1852 983 1891 comitatu
1002 1850 1100 1890 fue-

222 1917 325 1964 rint,
360 1927 414 1955 an
438 1914 603 1955 Caudio
626 1914 825 1954 arcessiti
846 1924 869 1952 a
893 1913 1097 1961 Cocceio,

223 1979 266 2019 id
296 1978 416 2030 quod
446 1979 650 2029 opinatur
679 1978 894 2025 Duntzer‚
928 1976 1102 2026 ignora-

222 2051 346 2088 mus,
381 2039 487 2079 illud
517 2051 623 2079 sane
653 2037 950 2090 probabilius,
985 2039 1028 2077 et
1057 2038 1099 2076 in

223 2102 382 2143 talibus
423 2101 662 2154 oppidulis,
711 2100 840 2151 quale
884 2099 1102 2140 Caudium

224 2168 340 2212 erat,
374 2165 558 2204 huiusce
590 2164 765 2214 generis
795 2163 1000 2203 homines
1021 2173 1104 2214 pa-

225 2228 344 2268 rasiti
369 2238 449 2279 pro
468 2229 590 2266 certo
612 2226 740 2265 brex‘i
760 2227 963 2276 tempore
986 2224 1101 2264 fame

229 2290 373 2330 enecti
420 2290 595 2335 essent;
648 2287 728 2327 sed
760 2288 895 2327 etiam
925 2288 1106 2327 Maece—

228 2363 305 2393 nas
326 2353 508 2404 propter
530 2351 718 2390 comites
739 2349 978 2390 levioribus
998 2360 1106 2400 quo-

226 2426 312 2465 que
363 2414 470 2453 iocis
532 2412 759 2451 interdum
817 2411 1105 2452 delectandos

226 2476 386 2517 talibus
417 2473 673 2514 hominibus
706 2485 858 2514 carere
884 2475 954 2513 vix
976 2476 1106 2525 pote-

228 2541 312 2587 rat,
341 2536 669 2577 oblectamento
696 2535 915 2587 simulque
933 2536 1107 2576 fastidio

230 2606 339 2642 tunc
394 2610 533 2651 prope
589 2599 846 2638 necessario
896 2599 1108 2650 principi-

227 2664 312 2703 bus
344 2663 476 2711 atque
507 2659 652 2711 politis
684 2661 818 2699 etiam
847 2660 966 2700 viris.
1005 2661 1109 2700 Sar-

227 2726 406 2764 mentus
454 2724 605 2762 autem
654 2732 811 2762 servus
860 2721 1002 2761 fuerat
1050 2723 1105 2762 M.

229 2787 425 2832 Favonii,
473 2785 621 2833 cuius,
668 2786 821 2836 utpote
858 2785 973 2824 inter
1002 2796 1111 2836 pro-

230 2850 422 2900 scriptos
453 2848 610 2896 occisi,
643 2846 863 2886 bonorum
895 2848 1032 2887 sectio
1054 2847 1110 2887 ad

230 2912 535 2952 Maecenatem
554 2909 690 2957 venit,
724 2909 797 2960 qui
829 2910 1111 2949 Sarmentum

231 2972 487 3014 manumisit
525 2973 569 3011 et
609 2970 806 3011 scribam
846 2970 962 3010 fecit.
1036 2972 1113 3011 Di-

232 3034 522 3086 stinguendus
559 3034 630 3073 hic
673 3033 849 3072 videtur
878 3045 902 3072 a
947 3044 1113 3084 cogno—

231 3099 350 3138 mine
368 3097 592 3136 Octaviani
611 3106 750 3147 puero
768 3094 969 3135 delicato.
997 3094 1106 3134 Plut.

232 3162 330 3200 Ant.
365 3159 430 3198 59.
466 3159 518 3208 (a.
553 3169 595 3197 u.
626 3169 664 3197 c.
690 3157 800 3205 724.)
852 3157 938 3197 Cfr.
964 3156 1107 3196 Schol.

235 3225 383 3263 Iuven.
421 3222 466 3269 5,
501 3220 539 3259 3.
586 3219 815 3259 Weichert
850 3221 970 3258 Poet.
1018 3221 1107 3258 Lat.

234 3296 277 3336 p.
330 3282 451 3330 2250,
507 3283 740 3333 praeterea
787 3279 995 3332 Spalding
1055 3281 1111 3320 ad

236 3344 409 3395 Quintil.
434 3345 480 3393 6,
513 3344 560 3393 3,
593 3344 678 3393 58„
711 3342 787 3382 ubi
813 3344 1032 3383 Sarmenti
1053 3345 1114 3382 dt-

233 3412 345 3446 ctmn
374 3406 578 3447 refertur.
612 3429 656 3433 ——
688 3405 893 3455 Messique
922 3406 1111 3457 Cicirrhi]

236 3481 417 3509 scurrae
450 3469 709 3520 ceteroquin
741 3469 887 3518 ignoti.
941 3470 1111 3508 Nomen

1866 1245 1884 1251 -
1917 1223 1987 1263 05-

1160 1411 1331 1452 ridiculi
1376 1423 1509 1453 causa
1552 1411 1764 1460 inditum,
1818 1410 1938 1462 quod
1983 1411 2043 1450 si-

1157 1486 1287 1526 9num
1317 1473 1556 1526 (sobrtquet,
1593 1473 1858 1525 Uebername)
1881 1474 2042 1513 vocant

1158 1538 1453 1589 posteriores,
1514 1539 1581 1578 est
1628 1531 1880 1594 Κίκιρῥος,
1931 1532 2045 1576 ἀλε-

1160 1597 1346 1657 κτρυών
1384 1601 1646 1652 (Hesych.),
1689 1601 1762 1640 der
1801 1600 2041 1640 Gackhahn.

1163 1664 1303 1715 (Haud
1341 1663 1553 1703 dissimile
1591 1664 1938 1714 cognomentum
1979 1664 2047 1702 est

1163 1727 1282 1766 Testii
1313 1726 1472 1767 Caballi
1502 1737 1683 1766 scurrae
1711 1725 1831 1777 apud
1860 1723 2044 1765 Martial.

1163 1791 1208 1838 11,
1244 1788 1322 1839 42,
1358 1789 1439 1840 47.)
1477 1812 1521 1817 —
1555 1800 1635 1838 quo
1670 1792 1796 1839 patre
1825 1787 1964 1839 natus]
1998 1789 2048 1829 Ut

1161 1852 1391 1891 Horatium
1412 1850 1656 1902 carpebant
1676 1849 1895 1899 malevoli,
1922 1849 2044 1901 quod

1161 1913 1349 1953 libertino
1372 1918 1496 1964 patre
1515 1918 1641 1953 natus
1662 1914 1805 1962 esset,
1840 1912 1903 1953 sic
1926 1912 2043 1963 ipse,

1163 1975 1245 2016 sed
1274 1975 1402 2026 longe
1433 1976 1579 2016 minus
1609 1974 1850 2023 malitiose,
1883 1975 2046 2013 horum

1164 2049 1421 2078 scurrarum
1451 2039 1636 2089 stirpem
1657 2036 1794 2086 ridet,
1829 2035 2046 2077 simulans

1163 2113 1226 2151 se,
1251 2103 1493 2151 antequam
1515 2110 1672 2139 eorum
1694 2101 1923 2139 certamen
1945 2109 2044 2137 nar-

1164 2166 1256 2212 ret,
1313 2165 1544 2213 tamquam
1589 2162 1778 2201 heroum
1832 2160 2050 2201 illustrem

1167 2225 1472 2277 «prosapiam»
1498 2225 1845 2275 expositurum.»
1873 2246 1918 2251 —
1944 2223 2049 2274 Osci]

1165 2287 1376 2327 nominat.
1410 2285 1524 2337 plur.
1562 2287 1697 2326 Munk
1741 2285 1796 2325 de
1840 2283 2051 2325 Atellanis

1166 2361 1210 2401 p.
1244 2349 1318 2389 28:
1372 2349 1533 2388 «Erant
1570 2349 1668 2388 Osci
1712 2347 1831 2399 apud
1872 2349 2051 2388 veteres

1167 2410 1283 2452 male
1314 2411 1405 2451 noti
1435 2410 1491 2450 ob
1524 2410 1868 2462 impudicitiam,
1901 2411 2051 2461 itaque

1167 2475 1374 2515 Romanis
1397 2474 1671 2525 contemptui
1703 2474 1852 2522 erant,
1887 2475 1931 2512 et
1951 2473 2055 2524 Opi-

1170 2548 1271 2577 cam
1301 2538 1481 2587 gentem
1511 2537 1665 2586 postea
1689 2536 1805 2575 inter
1829 2536 2052 2575 Romanos

1169 2601 1399 2649 receptam
1440 2596 1635 2636 barbara
1666 2608 1745 2637 sua
1784 2596 1930 2647 lingua
1961 2596 2054 2637 dis—

1170 2661 1380 2710 sonisque
1411 2657 1612 2698 moribus
1642 2657 1781 2698 multa
1812 2658 1867 2698 de
1906 2660 2053 2711 prisca

1169 2722 1239 2762 illa
1279 2724 1323 2761 et
1364 2719 1596 2772 praeclara
1633 2721 1699 2759 rei
1739 2720 1944 2771 publicae
1985 2721 2054 2761 di-

1172 2784 1355 2836 sciplina
1378 2784 1420 2823 in
1440 2783 1566 2835 peius
1587 2784 1850 2832 innovasse,
1875 2785 1968 2824 veri
1991 2785 2055 2825 si-

1171 2847 1272 2887 mile
1303 2848 1429 2898 putat
1466 2846 1705 2896 Dionysius
1737 2845 1870 2886 Halic.
1904 2847 1949 2895 1¹,
1983 2847 2049 2887 89.

1172 2912 1406 2950 Praeterea
1459 2909 1558 2948 Osci
1607 2907 1870 2948 scurrilitate
1919 2909 2054 2949 etiam

1172 2973 1368 3022 insignes
1414 2969 1605 3021 ideoque
1654 2971 1863 3012 Romanis
1911 2972 2056 3011 irrisui

1174 3036 1319 3082 erant,
1353 3034 1400 3072 ut
1433 3033 1474 3073 h.
1508 3032 1564 3072 l.»
1606 3054 1650 3061 -
1691 3034 1861 3073 domina
1899 3033 2052 3086 eat-stat]

1172 3098 1227 3137 M.
1263 3096 1437 3135 Favonii
1470 3095 1601 3135 vidua
1638 3097 1796 3148 (quam
1830 3097 1936 3136 satis
1969 3096 2056 3135 im-

1173 3160 1313 3211 perite
1337 3170 1390 3198 ex
1420 3169 1503 3198 usu
1534 3159 1794 3198 Germanico
1824 3158 2057 3198 Favoniam

1174 3223 1392 3272 interpres
1433 3221 1615 3271 quidam
1655 3219 1902 3272 appellavit)
1951 3220 2058 3259 vivit

1174 3283 1320 3322 adhuc
1356 3283 1558 3333 adeoque
1591 3293 1748 3323 servus
1778 3283 1846 3322 est
1876 3292 1928 3321 ac
1958 3282 2053 3322 sine

1174 3347 1343 3396 patre.»
1388 3367 1434 3373 —
1478 3345 1530 3384 ab
1573 3345 1635 3384 his
1676 3344 1907 3384 maioribus
1948 3343 2052 3394 orti]

1175 3410 1327 3458 Aeque
1373 3408 1459 3448 hoc
1503 3406 1736 3447 ridiculum
1777 3409 1909 3458 atque
1950 3405 2056 3446 illud

1176 3469 1452 3522 Olympionis
1483 3469 1612 3511 villici
1656 3470 1697 3508 in
1734 3468 1870 3509 Plaut.
1906 3469 2050 3509 Casin.
