<?xml version="1.0" encoding="UTF-8"?>
<!DOCTYPE html PUBLIC "-//W3C//DTD XHTML 1.0 Transitional//EN"
    "http://www.w3.org/TR/xhtml1/DTD/xhtml1-transitional.dtd">
<html xmlns="http://www.w3.org/1999/xhtml" xml:lang="en" lang="en">
 <head>
  <title>
</title>
<meta http-equiv="Content-Type" content="text/html;charset=utf-8" />
  <meta name='ocr-system' content='tesseract 3.04.00' />
  <meta name='ocr-capabilities' content='ocr_page ocr_carea ocr_par ocr_line ocrx_word'/>
</head>
<body>
  <div class='ocr_page' id='page_1' title='image "./qhoratiusflaccus02horauoft_0680.png"; bbox 0 0 2231 3787; ppageno 0'>
   <div class='ocr_carea' id='block_1_1' title="bbox 293 285 394 336">
    <p class='ocr_par' dir='ltr' id='par_1_1' title="bbox 293 285 394 336">
     <span class='ocr_line' id='line_1_1' title="bbox 293 285 394 336; baseline -0.03 -1"><span class='ocrx_word' id='word_1_1' title='bbox 293 285 394 336; x_wconf 69' lang='lat'>636</span> 
     </span>
    </p>
   </div>
   <div class='ocr_carea' id='block_1_2' title="bbox 892 279 1500 322">
    <p class='ocr_par' dir='ltr' id='par_1_2' title="bbox 892 279 1500 322">
     <span class='ocr_line' id='line_1_2' title="bbox 892 279 1500 322; baseline -0.007 0"><span class='ocrx_word' id='word_1_2' title='bbox 892 283 1105 322; x_wconf 66' lang='lat' dir='ltr'>HORATH</span> <span class='ocrx_word' id='word_1_3' title='bbox 1137 279 1500 322; x_wconf 80' lang='lat' dir='ltr'>EPISTOLARUM</span> 
     </span>
    </p>
   </div>
   <div class='ocr_carea' id='block_1_3' title="bbox 364 406 1762 485">
    <p class='ocr_par' dir='ltr' id='par_1_3' title="bbox 364 406 1762 485">
     <span class='ocr_line' id='line_1_3' title="bbox 364 406 1762 485; baseline -0.009 -15"><span class='ocrx_word' id='word_1_4' title='bbox 364 415 577 470; x_wconf 78' lang='lat' dir='ltr'>Rettulit</span> <span class='ocrx_word' id='word_1_5' title='bbox 614 423 888 485; x_wconf 89' lang='lat' dir='ltr'>acceptos,</span> <span class='ocrx_word' id='word_1_6' title='bbox 931 413 1110 484; x_wconf 77' lang='lat' dir='ltr'>regale</span> <span class='ocrx_word' id='word_1_7' title='bbox 1150 411 1433 469; x_wconf 79' lang='lat' dir='ltr'>nomisma,</span> <span class='ocrx_word' id='word_1_8' title='bbox 1475 406 1762 477; x_wconf 83' lang='lat' dir='ltr'><strong>Philippos.</strong></span> 
     </span>
    </p>
   </div>
   <div class='ocr_carea' id='block_1_4' title="bbox 366 508 1779 580">
    <p class='ocr_par' dir='ltr' id='par_1_4' title="bbox 366 508 1779 580">
     <span class='ocr_line' id='line_1_4' title="bbox 366 508 1779 580; baseline -0.009 -9"><span class='ocrx_word' id='word_1_9' title='bbox 366 517 472 571; x_wconf 61' lang='lat' dir='ltr'>Sea</span> <span class='ocrx_word' id='word_1_10' title='bbox 511 517 671 571; x_wconf 74' lang='lat' dir='ltr'>veluti</span> <span class='ocrx_word' id='word_1_11' title='bbox 711 523 930 570; x_wconf 88' lang='lat' dir='ltr'>tractata</span> <span class='ocrx_word' id='word_1_12' title='bbox 968 523 1146 567; x_wconf 88' lang='lat' dir='ltr'>notam</span> <span class='ocrx_word' id='word_1_13' title='bbox 1183 511 1470 580; x_wconf 86' lang='lat' dir='ltr'>labemque</span> <span class='ocrx_word' id='word_1_14' title='bbox 1510 508 1779 561; x_wconf 86' lang='lat' dir='ltr'>remittunt</span> 
     </span>
    </p>
   </div>
   <div class='ocr_carea' id='block_1_5' title="bbox 365 608 1648 685">
    <p class='ocr_par' dir='ltr' id='par_1_5' title="bbox 365 608 1648 685">
     <span class='ocr_line' id='line_1_5' title="bbox 365 608 1648 685; baseline -0.009 -12"><span class='ocrx_word' id='word_1_15' title='bbox 365 622 691 681; x_wconf 66' lang='lat' dir='ltr'>Ati-amenta,</span> <span class='ocrx_word' id='word_1_16' title='bbox 734 618 843 671; x_wconf 82' lang='lat' dir='ltr'>fere</span> <span class='ocrx_word' id='word_1_17' title='bbox 884 616 1174 685; x_wconf 83' lang='lat' dir='ltr'>scriptores</span> <span class='ocrx_word' id='word_1_18' title='bbox 1215 611 1451 665; x_wconf 86' lang='lat' dir='ltr'>carmine</span> <span class='ocrx_word' id='word_1_19' title='bbox 1491 608 1648 662; x_wconf 90' lang='lat' dir='ltr'>foedo</span> 
     </span>
    </p>
   </div>
   <div class='ocr_carea' id='block_1_6' title="bbox 369 718 1054 793">
    <p class='ocr_par' dir='ltr' id='par_1_6' title="bbox 369 718 1054 793">
     <span class='ocr_line' id='line_1_6' title="bbox 369 718 1054 793; baseline -0.013 -17"><span class='ocrx_word' id='word_1_20' title='bbox 369 721 661 793; x_wconf 76' lang='lat' dir='ltr'>Splendida</span> <span class='ocrx_word' id='word_1_21' title='bbox 700 720 834 773; x_wconf 89' lang='lat' dir='ltr'>facta</span> <span class='ocrx_word' id='word_1_22' title='bbox 872 718 1054 769; x_wconf 87' lang='lat' dir='ltr'>linunt.</span> 
     </span>
    </p>
   </div>
   <div class='ocr_carea' id='block_1_7' title="bbox 1131 710 1796 781">
    <p class='ocr_par' dir='ltr' id='par_1_7' title="bbox 1131 710 1796 781">
     <span class='ocr_line' id='line_1_7' title="bbox 1131 710 1796 781; baseline -0.008 -14"><span class='ocrx_word' id='word_1_23' title='bbox 1131 714 1279 767; x_wconf 82' lang='lat' dir='ltr'><strong>Idem</strong></span> <span class='ocrx_word' id='word_1_24' title='bbox 1319 729 1414 766; x_wconf 83' lang='lat' dir='ltr'>rex</span> <span class='ocrx_word' id='word_1_25' title='bbox 1453 710 1562 772; x_wconf 91' lang='lat' dir='ltr'>ille,</span> <span class='ocrx_word' id='word_1_26' title='bbox 1604 716 1796 781; x_wconf 81' lang='lat' dir='ltr'>poema</span> 
     </span>
    </p>
   </div>
   <div class='ocr_carea' id='block_1_8' title="bbox 367 811 1729 889">
    <p class='ocr_par' dir='ltr' id='par_1_8' title="bbox 367 811 1729 889">
     <span class='ocr_line' id='line_1_8' title="bbox 367 811 1729 889; baseline -0.01 -12"><span class='ocrx_word' id='word_1_27' title='bbox 367 825 469 889; x_wconf 88' lang='lat' dir='ltr'>Qui</span> <span class='ocrx_word' id='word_1_28' title='bbox 508 832 614 876; x_wconf 87' lang='lat' dir='ltr'>tam</span> <span class='ocrx_word' id='word_1_29' title='bbox 652 819 936 874; x_wconf 85' lang='lat' dir='ltr'>ridiculum</span> <span class='ocrx_word' id='word_1_30' title='bbox 974 827 1080 870; x_wconf 85' lang='lat' dir='ltr'>tam</span> <span class='ocrx_word' id='word_1_31' title='bbox 1119 832 1243 869; x_wconf 87' lang='lat' dir='ltr'>care</span> <span class='ocrx_word' id='word_1_32' title='bbox 1282 813 1541 885; x_wconf 80' lang='lat' dir='ltr'>prodigus</span> <span class='ocrx_word' id='word_1_33' title='bbox 1581 811 1729 873; x_wconf 90' lang='lat' dir='ltr'>emit,</span> 
     </span>
    </p>
   </div>
   <div class='ocr_carea' id='block_1_9' title="bbox 369 912 1662 990">
    <p class='ocr_par' dir='ltr' id='par_1_9' title="bbox 369 912 1662 990">
     <span class='ocr_line' id='line_1_9' title="bbox 369 912 1662 990; baseline -0.01 -12"><span class='ocrx_word' id='word_1_34' title='bbox 369 925 554 978; x_wconf 88' lang='lat' dir='ltr'>Edicto</span> <span class='ocrx_word' id='word_1_35' title='bbox 594 922 780 984; x_wconf 82' lang='lat' dir='ltr'>vetuit,</span> <span class='ocrx_word' id='word_1_36' title='bbox 822 937 889 973; x_wconf 90' lang='lat' dir='ltr'>ne</span> <span class='ocrx_word' id='word_1_37' title='bbox 927 918 1049 990; x_wconf 88' lang='lat' dir='ltr'>quis</span> <span class='ocrx_word' id='word_1_38' title='bbox 1090 934 1149 970; x_wconf 82' lang='lat' dir='ltr'>se</span> <span class='ocrx_word' id='word_1_39' title='bbox 1187 922 1403 987; x_wconf 86' lang='lat' dir='ltr'>praeter</span> <span class='ocrx_word' id='word_1_40' title='bbox 1440 912 1662 985; x_wconf 78' lang='lat' dir='ltr'><strong>Apellen</strong></span> 
     </span>
    </p>
   </div>
   <div class='ocr_carea' id='block_1_10' title="bbox 368 1017 1625 1097">
    <p class='ocr_par' dir='ltr' id='par_1_10' title="bbox 368 1017 1625 1097">
     <span class='ocr_line' id='line_1_10' title="bbox 368 1017 1625 1097; baseline -0.01 -17"><span class='ocrx_word' id='word_1_41' title='bbox 368 1027 618 1097; x_wconf 79' lang='lat' dir='ltr'>Pingeret</span> <span class='ocrx_word' id='word_1_42' title='bbox 655 1031 745 1076; x_wconf 87' lang='lat' dir='ltr'>aut</span> <span class='ocrx_word' id='word_1_43' title='bbox 783 1022 918 1075; x_wconf 91' lang='lat' dir='ltr'>alius</span> <span class='ocrx_word' id='word_1_44' title='bbox 958 1019 1196 1091; x_wconf 81' lang='lat' dir='ltr'>Lysippo</span> <span class='ocrx_word' id='word_1_45' title='bbox 1235 1017 1460 1070; x_wconf 87' lang='lat' dir='ltr'>duceret</span> <span class='ocrx_word' id='word_1_46' title='bbox 1498 1031 1625 1068; x_wconf 87' lang='lat' dir='ltr'>aera</span> 
     </span>
    </p>
   </div>
   <div class='ocr_carea' id='block_1_11' title="bbox 2021 1014 2124 1067">
    <p class='ocr_par' dir='ltr' id='par_1_11' title="bbox 2021 1014 2124 1067">
     <span class='ocr_line' id='line_1_11' title="bbox 2021 1014 2124 1067; baseline -0.029 0"><span class='ocrx_word' id='word_1_47' title='bbox 2021 1014 2124 1067; x_wconf 73' lang='lat'>240</span> 
     </span>
    </p>
   </div>
   <div class='ocr_carea' id='block_1_12' title="bbox 355 1148 2073 1335">
    <p class='ocr_par' dir='ltr' id='par_1_12' title="bbox 355 1148 2073 1335">
     <span class='ocr_line' id='line_1_12' title="bbox 411 1148 2073 1204; baseline -0.008 -4"><span class='ocrx_word' id='word_1_48' title='bbox 411 1159 503 1200; x_wconf 68' lang='lat'>234.</span> <span class='ocrx_word' id='word_1_49' title='bbox 537 1158 745 1198; x_wconf 77' lang='lat' dir='ltr'>numisma</span> <span class='ocrx_word' id='word_1_50' title='bbox 770 1156 797 1195; x_wconf 91' lang='lat' dir='ltr'>d</span> <span class='ocrx_word' id='word_1_51' title='bbox 828 1155 1005 1201; x_wconf 89' lang='lat' dir='ltr'>noster,</span> <span class='ocrx_word' id='word_1_52' title='bbox 1039 1154 1247 1204; x_wconf 87' lang='lat' dir='ltr'>quattuor</span> <span class='ocrx_word' id='word_1_53' title='bbox 1267 1149 1502 1197; x_wconf 87' lang='lat' dir='ltr'>Schmidii,</span> <span class='ocrx_word' id='word_1_54' title='bbox 1537 1150 1584 1189; x_wconf 96' lang='lat' dir='ltr'>C.</span> <span class='ocrx_word' id='word_1_55' title='bbox 1621 1148 1684 1199; x_wconf 80' lang='lat' dir='ltr'>(Ut</span> <span class='ocrx_word' id='word_1_56' title='bbox 1703 1159 1806 1196; x_wconf 91' lang='lat' dir='ltr'>nos,</span> <span class='ocrx_word' id='word_1_57' title='bbox 1841 1149 1977 1188; x_wconf 86' lang='lat' dir='ltr'>ceteri</span> <span class='ocrx_word' id='word_1_58' title='bbox 1998 1159 2073 1188; x_wconf 84' lang='lat' dir='ltr'>no-</span> 
     </span>
     <span class='ocr_line' id='line_1_13' title="bbox 356 1210 2068 1269; baseline -0.008 -6"><span class='ocrx_word' id='word_1_59' title='bbox 356 1224 455 1269; x_wconf 85' lang='lat' dir='ltr'>stri,</span> <span class='ocrx_word' id='word_1_60' title='bbox 489 1222 623 1261; x_wconf 85' lang='lat' dir='ltr'>etiam</span> <span class='ocrx_word' id='word_1_61' title='bbox 652 1219 716 1269; x_wconf 86' lang='lat' dir='ltr'>E.)</span> <span class='ocrx_word' id='word_1_62' title='bbox 743 1241 787 1248; x_wconf 87' lang='lat'>—-</span> <span class='ocrx_word' id='word_1_63' title='bbox 820 1217 915 1257; x_wconf 68' lang='lat'>239.</span> <span class='ocrx_word' id='word_1_64' title='bbox 949 1215 1118 1266; x_wconf 81' lang='lat' dir='ltr'><em>Apellen</em></span> <span class='ocrx_word' id='word_1_65' title='bbox 1137 1214 1257 1258; x_wconf 88' lang='lat' dir='ltr'>bSE,</span> <span class='ocrx_word' id='word_1_66' title='bbox 1292 1215 1476 1264; x_wconf 90' lang='lat' dir='ltr'>quartus</span> <span class='ocrx_word' id='word_1_67' title='bbox 1507 1211 1718 1251; x_wconf 86' lang='lat' dir='ltr'>Schmidii</span> <span class='ocrx_word' id='word_1_68' title='bbox 1749 1213 1794 1251; x_wconf 88' lang='lat' dir='ltr'>et</span> <span class='ocrx_word' id='word_1_69' title='bbox 1822 1210 2068 1251; x_wconf 89' lang='lat' dir='ltr'>Bentleius:</span> 
     </span>
     <span class='ocr_line' id='line_1_14' title="bbox 355 1272 1934 1335; baseline -0.008 -9"><span class='ocrx_word' id='word_1_70' title='bbox 355 1285 536 1335; x_wconf 85' lang='lat' dir='ltr'>Apellem</span> <span class='ocrx_word' id='word_1_71' title='bbox 564 1282 790 1324; x_wconf 87' lang='lat' dir='ltr'>LCtFMJs.</span> <span class='ocrx_word' id='word_1_72' title='bbox 829 1303 872 1308; x_wconf 91' lang='lat'>—</span> <span class='ocrx_word' id='word_1_73' title='bbox 906 1279 1002 1320; x_wconf 70' lang='lat'>240.</span> <span class='ocrx_word' id='word_1_74' title='bbox 1036 1279 1201 1317; x_wconf 87' lang='lat' dir='ltr'>cuderet</span> <span class='ocrx_word' id='word_1_75' title='bbox 1230 1276 1285 1316; x_wconf 89' lang='lat' dir='ltr'>de</span> <span class='ocrx_word' id='word_1_76' title='bbox 1318 1275 1518 1325; x_wconf 82' lang='lat' dir='ltr'>Lambini</span> <span class='ocrx_word' id='word_1_77' title='bbox 1549 1275 1662 1315; x_wconf 90' lang='lat' dir='ltr'>coni.</span> <span class='ocrx_word' id='word_1_78' title='bbox 1696 1272 1934 1314; x_wconf 88' lang='lat' dir='ltr'>Bentleius.</span> 
     </span>
    </p>
   </div>
   <div class='ocr_carea' id='block_1_13' title="bbox 304 1390 2131 1637">
    <p class='ocr_par' dir='ltr' id='par_1_13' title="bbox 304 1390 2131 1637">
     <span class='ocr_line' id='line_1_15' title="bbox 305 1390 2125 1450; baseline -0.005 -10"><span class='ocrx_word' id='word_1_79' title='bbox 305 1399 615 1450; x_wconf 83' lang='lat' dir='ltr'>Dillenburger</span> <span class='ocrx_word' id='word_1_80' title='bbox 636 1399 764 1438; x_wconf 84' lang='lat' dir='ltr'>affert</span> <span class='ocrx_word' id='word_1_81' title='bbox 778 1400 944 1438; x_wconf 87' lang='lat' dir='ltr'>Auson.</span> <span class='ocrx_word' id='word_1_82' title='bbox 964 1396 1099 1447; x_wconf 86' lang='lat' dir='ltr'>Epist.</span> <span class='ocrx_word' id='word_1_83' title='bbox 1118 1394 1183 1441; x_wconf 85' lang='grc'>46,</span> <span class='ocrx_word' id='word_1_84' title='bbox 1251 1395 1295 1433; x_wconf 88' lang='lat' dir='ltr'>et</span> <span class='ocrx_word' id='word_1_85' title='bbox 1315 1393 1370 1433; x_wconf 87' lang='lat' dir='ltr'>de</span> <span class='ocrx_word' id='word_1_86' title='bbox 1392 1391 1617 1443; x_wconf 88' lang='lat' dir='ltr'>sculptura</span> <span class='ocrx_word' id='word_1_87' title='bbox 1633 1390 1880 1431; x_wconf 82' lang='lat' dir='ltr'>rectissime</span> <span class='ocrx_word' id='word_1_88' title='bbox 1897 1390 2125 1438; x_wconf 83' lang='lat' dir='ltr'>iudicaret,</span> 
     </span>
     <span class='ocr_line' id='line_1_16' title="bbox 304 1452 2131 1509; baseline -0.005 -8"><span class='ocrx_word' id='word_1_89' title='bbox 304 1462 342 1501; x_wconf 88' lang='lat'>3.</span> <span class='ocrx_word' id='word_1_90' title='bbox 377 1462 431 1501; x_wconf 87' lang='lat' dir='ltr'>ad</span> <span class='ocrx_word' id='word_1_91' title='bbox 462 1460 682 1500; x_wconf 86' lang='lat' dir='ltr'>Probum:</span> <span class='ocrx_word' id='word_1_92' title='bbox 729 1460 911 1507; x_wconf 80' lang='lat' dir='ltr'>Cumque</span> <span class='ocrx_word' id='word_1_93' title='bbox 940 1470 1013 1509; x_wconf 75' lang='lat' dir='ltr'>eqo</span> <span class='ocrx_word' id='word_1_94' title='bbox 1043 1458 1188 1496; x_wconf 83' lang='lat' dir='ltr'>imita-</span> <span class='ocrx_word' id='word_1_95' title='bbox 1250 1456 1295 1495; x_wconf 90' lang='lat' dir='ltr'>in</span> <span class='ocrx_word' id='word_1_96' title='bbox 1324 1455 1450 1507; x_wconf 78' lang='lat' dir='ltr'>poesi</span> <span class='ocrx_word' id='word_1_97' title='bbox 1479 1453 1584 1494; x_wconf 91' lang='lat' dir='ltr'>nihil</span> <span class='ocrx_word' id='word_1_98' title='bbox 1614 1453 1787 1502; x_wconf 87' lang='lat' dir='ltr'>viderit,</span> <span class='ocrx_word' id='word_1_99' title='bbox 1829 1452 1907 1492; x_wconf 92' lang='lat' dir='ltr'>«id</span> <span class='ocrx_word' id='word_1_100' title='bbox 1937 1452 2057 1503; x_wconf 91' lang='lat' dir='ltr'>quod</span> <span class='ocrx_word' id='word_1_101' title='bbox 2088 1452 2131 1492; x_wconf 92' lang='lat' dir='ltr'>in</span> 
     </span>
     <span class='ocr_line' id='line_1_17' title="bbox 305 1515 2128 1569; baseline -0.005 -7"><span class='ocrx_word' id='word_1_102' title='bbox 305 1528 369 1562; x_wconf 88' lang='lat' dir='ltr'>tus</span> <span class='ocrx_word' id='word_1_103' title='bbox 398 1524 475 1562; x_wconf 87' lang='lat' dir='ltr'>sim</span> <span class='ocrx_word' id='word_1_104' title='bbox 502 1523 718 1562; x_wconf 74' lang='lat' dir='ltr'>vesaniam</span> <span class='ocrx_word' id='word_1_105' title='bbox 748 1521 949 1569; x_wconf 78' lang='lat' dir='ltr'>Choerili,</span> <span class='ocrx_word' id='word_1_106' title='bbox 993 1524 1038 1558; x_wconf 87' lang='lat' dir='ltr'>tu</span> <span class='ocrx_word' id='word_1_107' title='bbox 1065 1519 1187 1569; x_wconf 74' lang='lat' dir='ltr'>iqno-</span> <span class='ocrx_word' id='word_1_108' title='bbox 1252 1520 1316 1567; x_wconf 91' lang='lat' dir='ltr'>te,</span> <span class='ocrx_word' id='word_1_109' title='bbox 1360 1518 1548 1565; x_wconf 87' lang='lat' dir='ltr'>Caesar,</span> <span class='ocrx_word' id='word_1_110' title='bbox 1592 1515 1722 1566; x_wconf 83' lang='lat' dir='ltr'>longe</span> <span class='ocrx_word' id='word_1_111' title='bbox 1763 1525 1894 1555; x_wconf 88' lang='lat' dir='ltr'>secus</span> <span class='ocrx_word' id='word_1_112' title='bbox 1932 1516 2042 1555; x_wconf 88' lang='lat' dir='ltr'>est.»</span> <span class='ocrx_word' id='word_1_113' title='bbox 2083 1537 2128 1543; x_wconf 84' lang='lat'>—-</span> 
     </span>
     <span class='ocr_line' id='line_1_18' title="bbox 304 1577 2131 1637; baseline -0.005 -12"><span class='ocrx_word' id='word_1_114' title='bbox 304 1598 395 1625; x_wconf 87' lang='lat' dir='ltr'>scas</span> <span class='ocrx_word' id='word_1_115' title='bbox 415 1586 764 1637; x_wconf 63' lang='lat' dir='ltr'>magnanimitate</span> <span class='ocrx_word' id='word_1_116' title='bbox 782 1581 1031 1623; x_wconf 66' lang='lat' dir='ltr'>Aleoeandri.</span> <span class='ocrx_word' id='word_1_117' title='bbox 1060 1603 1103 1608; x_wconf 88' lang='lat'><em>-</em></span> <span class='ocrx_word' id='word_1_118' title='bbox 1127 1581 1191 1618; x_wconf 85' lang='lat' dir='ltr'>in-</span> <span class='ocrx_word' id='word_1_119' title='bbox 1250 1579 1391 1631; x_wconf 82' lang='lat' dir='ltr'>vetuit]</span> <span class='ocrx_word' id='word_1_120' title='bbox 1425 1579 1612 1619; x_wconf 84' lang='lat' dir='ltr'>Narrant</span> <span class='ocrx_word' id='word_1_121' title='bbox 1631 1578 1718 1617; x_wconf 87' lang='lat' dir='ltr'>hoc</span> <span class='ocrx_word' id='word_1_122' title='bbox 1748 1577 1986 1628; x_wconf 86' lang='lat' dir='ltr'>scriptores</span> <span class='ocrx_word' id='word_1_123' title='bbox 2006 1587 2131 1617; x_wconf 89' lang='lat' dir='ltr'>com—</span> 
     </span>
    </p>
   </div>
   <div class='ocr_carea' id='block_1_14' title="bbox 306 1644 1201 3499">
    <p class='ocr_par' dir='ltr' id='par_1_14' title="bbox 306 1644 1196 2757">
     <span class='ocr_line' id='line_1_19' title="bbox 306 1644 1187 1699; baseline -0.008 -11"><span class='ocrx_word' id='word_1_124' title='bbox 306 1649 425 1688; x_wconf 85' lang='lat' dir='ltr'>cultis</span> <span class='ocrx_word' id='word_1_125' title='bbox 441 1648 543 1699; x_wconf 70' lang='lat' dir='ltr'>cet]</span> <span class='ocrx_word' id='word_1_126' title='bbox 571 1658 743 1698; x_wconf 90' lang='lat' dir='ltr'>«neque</span> <span class='ocrx_word' id='word_1_127' title='bbox 761 1648 854 1686; x_wconf 90' lang='lat' dir='ltr'>arte</span> <span class='ocrx_word' id='word_1_128' title='bbox 871 1655 1018 1696; x_wconf 89' lang='lat' dir='ltr'>neque</span> <span class='ocrx_word' id='word_1_129' title='bbox 1034 1644 1187 1682; x_wconf 85' lang='lat' dir='ltr'>natura</span> 
     </span>
     <span class='ocr_line' id='line_1_20' title="bbox 306 1708 1186 1750; baseline -0.008 0"><span class='ocrx_word' id='word_1_130' title='bbox 306 1710 450 1750; x_wconf 87' lang='lat' dir='ltr'>honos</span> <span class='ocrx_word' id='word_1_131' title='bbox 480 1720 637 1749; x_wconf 75' lang='lat' dir='ltr'>versus</span> <span class='ocrx_word' id='word_1_132' title='bbox 667 1708 947 1748; x_wconf 83' lang='lat' dir='ltr'>facientem.»</span> <span class='ocrx_word' id='word_1_133' title='bbox 980 1708 1186 1746; x_wconf 71' lang='lat' dir='ltr'>Ponpuvu.</span> 
     </span>
     <span class='ocr_line' id='line_1_21' title="bbox 314 1769 1189 1824; baseline -0.007 -12"><span class='ocrx_word' id='word_1_134' title='bbox 314 1794 358 1801; x_wconf 85' lang='lat'>--</span> <span class='ocrx_word' id='word_1_135' title='bbox 382 1772 578 1824; x_wconf 68' lang='lat' dir='ltr'>wrsoe&#39;bus]</span> <span class='ocrx_word' id='word_1_136' title='bbox 612 1771 812 1819; x_wconf 83' lang='lat' dir='ltr'>dativus,</span> <span class='ocrx_word' id='word_1_137' title='bbox 845 1772 893 1810; x_wconf 91' lang='lat' dir='ltr'>ut</span> <span class='ocrx_word' id='word_1_138' title='bbox 913 1769 1035 1810; x_wconf 89' lang='lat' dir='ltr'>Ovid.</span> <span class='ocrx_word' id='word_1_139' title='bbox 1060 1769 1189 1808; x_wconf 88' lang='lat' dir='ltr'>Trist.</span> 
     </span>
     <span class='ocr_line' id='line_1_22' title="bbox 314 1831 1191 1884; baseline -0.006 -10"><span class='ocrx_word' id='word_1_140' title='bbox 314 1837 351 1881; x_wconf 70' lang='lat'>2,</span> <span class='ocrx_word' id='word_1_141' title='bbox 380 1836 451 1874; x_wconf 42' lang='lat'>110:</span> <span class='ocrx_word' id='word_1_142' title='bbox 484 1835 704 1883; x_wconf 83' lang='lat' dir='ltr'>Acceptum</span> <span class='ocrx_word' id='word_1_143' title='bbox 723 1834 858 1884; x_wconf 85' lang='lat' dir='ltr'>refero</span> <span class='ocrx_word' id='word_1_144' title='bbox 877 1831 1077 1879; x_wconf 82' lang='lat' dir='ltr'>versibus,</span> <span class='ocrx_word' id='word_1_145' title='bbox 1110 1841 1191 1869; x_wconf 87' lang='lat' dir='ltr'>esse</span> 
     </span>
     <span class='ocr_line' id='line_1_23' title="bbox 310 1892 1193 1948; baseline -0.006 -13"><span class='ocrx_word' id='word_1_146' title='bbox 310 1908 470 1937; x_wconf 80' lang='lat' dir='ltr'>nocens,</span> <span class='ocrx_word' id='word_1_147' title='bbox 505 1897 594 1936; x_wconf 88' lang='lat' dir='ltr'>Cic.</span> <span class='ocrx_word' id='word_1_148' title='bbox 626 1907 669 1948; x_wconf 90' lang='lat' dir='ltr'>p.</span> <span class='ocrx_word' id='word_1_149' title='bbox 695 1896 836 1935; x_wconf 91' lang='lat' dir='ltr'>Deiot.</span> <span class='ocrx_word' id='word_1_150' title='bbox 868 1894 934 1943; x_wconf 87' lang='grc'>43,</span> <span class='ocrx_word' id='word_1_151' title='bbox 958 1893 1031 1932; x_wconf 85' lang='grc'>38;</span> <span class='ocrx_word' id='word_1_152' title='bbox 1067 1892 1193 1941; x_wconf 83' lang='lat' dir='ltr'>Quie—</span> 
     </span>
     <span class='ocr_line' id='line_1_24' title="bbox 312 1954 1193 2006; baseline -0.007 -7"><span class='ocrx_word' id='word_1_153' title='bbox 312 1965 391 1999; x_wconf 86' lang='lat' dir='ltr'>tem</span> <span class='ocrx_word' id='word_1_154' title='bbox 433 1959 649 1998; x_wconf 81' lang='lat' dir='ltr'>senectutis</span> <span class='ocrx_word' id='word_1_155' title='bbox 692 1961 905 2006; x_wconf 84' lang='lat' dir='ltr'>acceptam</span> <span class='ocrx_word' id='word_1_156' title='bbox 944 1956 1072 2005; x_wconf 85' lang='lat' dir='ltr'>refert</span> <span class='ocrx_word' id='word_1_157' title='bbox 1111 1954 1193 1994; x_wconf 88' lang='lat' dir='ltr'>cle-</span> 
     </span>
     <span class='ocr_line' id='line_1_25' title="bbox 312 2017 1189 2070; baseline -0.003 -10"><span class='ocrx_word' id='word_1_158' title='bbox 312 2022 487 2061; x_wconf 79' lang='lat' dir='ltr'>mentiae</span> <span class='ocrx_word' id='word_1_159' title='bbox 517 2025 626 2059; x_wconf 87' lang='lat' dir='ltr'>tuae.</span> <span class='ocrx_word' id='word_1_160' title='bbox 654 2042 698 2047; x_wconf 85' lang='lat'>—</span> <span class='ocrx_word' id='word_1_161' title='bbox 733 2019 855 2070; x_wconf 84' lang='lat' dir='ltr'>natis]</span> <span class='ocrx_word' id='word_1_162' title='bbox 890 2018 952 2058; x_wconf 83' lang='lat' dir='ltr'>Cf.</span> <span class='ocrx_word' id='word_1_163' title='bbox 974 2019 1061 2058; x_wconf 88' lang='lat' dir='ltr'>Sat.</span> <span class='ocrx_word' id='word_1_164' title='bbox 1085 2018 1126 2066; x_wconf 72' lang='lat'>⁶2,</span> <span class='ocrx_word' id='word_1_165' title='bbox 1151 2017 1189 2065; x_wconf 86' lang='lat'>3,</span> 
     </span>
     <span class='ocr_line' id='line_1_26' title="bbox 312 2080 1195 2134; baseline -0.006 -11"><span class='ocrx_word' id='word_1_166' title='bbox 312 2085 349 2124; x_wconf 88' lang='lat'>8.</span> <span class='ocrx_word' id='word_1_167' title='bbox 379 2107 422 2112; x_wconf 80' lang='lat'>—</span> <span class='ocrx_word' id='word_1_168' title='bbox 456 2082 636 2134; x_wconf 79' lang='lat' dir='ltr'>Rettulit]</span> <span class='ocrx_word' id='word_1_169' title='bbox 678 2081 928 2131; x_wconf 75' lang='lat' dir='ltr'>«Acceptum</span> <span class='ocrx_word' id='word_1_170' title='bbox 964 2081 1120 2131; x_wconf 83' lang='lat' dir='ltr'>referre</span> <span class='ocrx_word' id='word_1_171' title='bbox 1150 2080 1195 2118; x_wconf 90' lang='lat' dir='ltr'>et</span> 
     </span>
     <span class='ocr_line' id='line_1_27' title="bbox 311 2142 1194 2195; baseline -0.006 -10"><span class='ocrx_word' id='word_1_172' title='bbox 311 2148 354 2185; x_wconf 77' lang='lat' dir='ltr'>in</span> <span class='ocrx_word' id='word_1_173' title='bbox 385 2150 598 2195; x_wconf 84' lang='lat' dir='ltr'>acceptum</span> <span class='ocrx_word' id='word_1_174' title='bbox 617 2145 773 2195; x_wconf 83' lang='lat' dir='ltr'>referre</span> <span class='ocrx_word' id='word_1_175' title='bbox 791 2143 969 2194; x_wconf 87' lang='lat' dir='ltr'>proprie</span> <span class='ocrx_word' id='word_1_176' title='bbox 994 2144 1061 2183; x_wconf 88' lang='lat' dir='ltr'>est</span> <span class='ocrx_word' id='word_1_177' title='bbox 1083 2142 1194 2181; x_wconf 86' lang='lat' dir='ltr'>scri-</span> 
     </span>
     <span class='ocr_line' id='line_1_28' title="bbox 312 2205 1195 2257; baseline -0.007 -9"><span class='ocrx_word' id='word_1_178' title='bbox 312 2208 421 2248; x_wconf 87' lang='lat' dir='ltr'>bere</span> <span class='ocrx_word' id='word_1_179' title='bbox 443 2209 487 2247; x_wconf 90' lang='lat' dir='ltr'>in</span> <span class='ocrx_word' id='word_1_180' title='bbox 507 2205 669 2247; x_wconf 91' lang='lat' dir='ltr'>tabulis</span> <span class='ocrx_word' id='word_1_181' title='bbox 690 2208 732 2246; x_wconf 82' lang='lat' dir='ltr'>te</span> <span class='ocrx_word' id='word_1_182' title='bbox 755 2206 1008 2257; x_wconf 89' lang='lat' dir='ltr'>accepisse,</span> <span class='ocrx_word' id='word_1_183' title='bbox 1039 2214 1195 2255; x_wconf 88' lang='lat' dir='ltr'>quem-</span> 
     </span>
     <span class='ocr_line' id='line_1_29' title="bbox 316 2267 1195 2319; baseline -0.006 -9"><span class='ocrx_word' id='word_1_184' title='bbox 316 2270 560 2310; x_wconf 89' lang='lat' dir='ltr'>admodum</span> <span class='ocrx_word' id='word_1_185' title='bbox 590 2279 815 2319; x_wconf 70' lang='lat' dir='ltr'>eoepensum</span> <span class='ocrx_word' id='word_1_186' title='bbox 843 2269 954 2319; x_wconf 82' lang='lat' dir='ltr'>ferre</span> <span class='ocrx_word' id='word_1_187' title='bbox 985 2269 1053 2307; x_wconf 88' lang='lat' dir='ltr'>est</span> <span class='ocrx_word' id='word_1_188' title='bbox 1083 2267 1195 2306; x_wconf 88' lang='lat' dir='ltr'>scri—</span> 
     </span>
     <span class='ocr_line' id='line_1_30' title="bbox 315 2329 1191 2381; baseline -0.007 -9"><span class='ocrx_word' id='word_1_189' title='bbox 315 2333 421 2372; x_wconf 84' lang='lat' dir='ltr'>bere</span> <span class='ocrx_word' id='word_1_190' title='bbox 468 2334 508 2372; x_wconf 89' lang='lat' dir='ltr'>te</span> <span class='ocrx_word' id='word_1_191' title='bbox 553 2332 730 2371; x_wconf 88' lang='lat' dir='ltr'>dedisse</span> <span class='ocrx_word' id='word_1_192' title='bbox 770 2329 841 2370; x_wconf 81' lang='lat' dir='ltr'>vel</span> <span class='ocrx_word' id='word_1_193' title='bbox 881 2329 1191 2381; x_wconf 82' lang='lat' dir='ltr'>expendisse.»</span> 
     </span>
     <span class='ocr_line' id='line_1_31' title="bbox 314 2390 1196 2444; baseline -0.005 -11"><span class='ocrx_word' id='word_1_194' title='bbox 314 2397 486 2434; x_wconf 64' lang='lat' dir='ltr'>Rn-:nizn</span> <span class='ocrx_word' id='word_1_195' title='bbox 515 2416 559 2422; x_wconf 80' lang='lat'>——</span> <span class='ocrx_word' id='word_1_196' title='bbox 591 2393 734 2444; x_wconf 75' lang='lat' dir='ltr'>reqale</span> <span class='ocrx_word' id='word_1_197' title='bbox 762 2392 980 2444; x_wconf 80' lang='lat' dir='ltr'>nomisma]</span> <span class='ocrx_word' id='word_1_198' title='bbox 1015 2390 1196 2442; x_wconf 83' lang='lat' dir='ltr'>«gloria-</span> 
     </span>
     <span class='ocr_line' id='line_1_32' title="bbox 315 2452 1192 2506; baseline -0.003 -10"><span class='ocrx_word' id='word_1_199' title='bbox 315 2460 385 2497; x_wconf 92' lang='lat' dir='ltr'>tus</span> <span class='ocrx_word' id='word_1_200' title='bbox 431 2458 497 2496; x_wconf 84' lang='lat' dir='ltr'>est</span> <span class='ocrx_word' id='word_1_201' title='bbox 540 2454 611 2495; x_wconf 80' lang='lat' dir='ltr'>vel</span> <span class='ocrx_word' id='word_1_202' title='bbox 656 2455 831 2506; x_wconf 85' lang='lat' dir='ltr'>gloriari</span> <span class='ocrx_word' id='word_1_203' title='bbox 870 2455 1012 2506; x_wconf 83' lang='lat' dir='ltr'>potuit</span> <span class='ocrx_word' id='word_1_204' title='bbox 1051 2465 1098 2494; x_wconf 87' lang='lat' dir='ltr'>se</span> <span class='ocrx_word' id='word_1_205' title='bbox 1137 2452 1192 2492; x_wconf 85' lang='lat' dir='ltr'>ab</span> 
     </span>
     <span class='ocr_line' id='line_1_33' title="bbox 315 2511 1192 2573; baseline -0.005 -14"><span class='ocrx_word' id='word_1_206' title='bbox 315 2518 563 2559; x_wconf 82' lang='lat' dir='ltr'>Alexandro</span> <span class='ocrx_word' id='word_1_207' title='bbox 595 2516 898 2567; x_wconf 78' lang='grc' dir='ltr'><em>Φιλιππείους</em></span> <span class='ocrx_word' id='word_1_208' title='bbox 934 2511 1192 2573; x_wconf 67' lang='grc' dir='ltr'><em>στατῆρας,</em></span> 
     </span>
     <span class='ocr_line' id='line_1_34' title="bbox 318 2579 1195 2633; baseline -0.003 -13"><span class='ocrx_word' id='word_1_209' title='bbox 318 2580 565 2633; x_wconf 87' lang='lat' dir='ltr'>Philippeos</span> <span class='ocrx_word' id='word_1_210' title='bbox 588 2591 816 2629; x_wconf 87' lang='lat' dir='ltr'>nummos,</span> <span class='ocrx_word' id='word_1_211' title='bbox 840 2580 955 2630; x_wconf 83' lang='lat' dir='ltr'>regis</span> <span class='ocrx_word' id='word_1_212' title='bbox 978 2579 1120 2629; x_wconf 81' lang='lat' dir='ltr'>effigie</span> <span class='ocrx_word' id='word_1_213' title='bbox 1143 2589 1195 2617; x_wconf 90' lang='lat' dir='ltr'>ac</span> 
     </span>
     <span class='ocr_line' id='line_1_35' title="bbox 319 2641 1195 2694; baseline -0.005 -11"><span class='ocrx_word' id='word_1_214' title='bbox 319 2645 495 2683; x_wconf 89' lang='lat' dir='ltr'>nomine</span> <span class='ocrx_word' id='word_1_215' title='bbox 536 2643 729 2693; x_wconf 81' lang='lat' dir='ltr'>signatos</span> <span class='ocrx_word' id='word_1_216' title='bbox 759 2653 840 2694; x_wconf 88' lang='lat' dir='ltr'>pro</span> <span class='ocrx_word' id='word_1_217' title='bbox 869 2641 1073 2681; x_wconf 77' lang='lat' dir='ltr'>versibus</span> <span class='ocrx_word' id='word_1_218' title='bbox 1105 2641 1195 2680; x_wconf 91' lang='lat' dir='ltr'>suis</span> 
     </span>
     <span class='ocr_line' id='line_1_36' title="bbox 318 2706 590 2757; baseline 0.004 -14"><span class='ocrx_word' id='word_1_219' title='bbox 318 2706 590 2757; x_wconf 85' lang='lat' dir='ltr'>accepisse.»</span> 
     </span>
    </p>

    <p class='ocr_par' dir='ltr' id='par_1_15' title="bbox 320 2766 1201 3499">
     <span class='ocr_line' id='line_1_37' title="bbox 372 2766 1195 2819; baseline -0.001 -12"><span class='ocrx_word' id='word_1_220' title='bbox 372 2766 600 2807; x_wconf 68' lang='grc'>6236-2-44.</span> <span class='ocrx_word' id='word_1_221' title='bbox 648 2767 906 2819; x_wconf 84' lang='lat' dir='ltr'>Atramenta]</span> <span class='ocrx_word' id='word_1_222' title='bbox 955 2767 1195 2817; x_wconf 85' lang='lat' dir='ltr'>«cuiusque</span> 
     </span>
     <span class='ocr_line' id='line_1_38' title="bbox 320 2827 1195 2881; baseline 0 -13"><span class='ocrx_word' id='word_1_223' title='bbox 320 2830 493 2879; x_wconf 75' lang='lat' dir='ltr'>generis</span> <span class='ocrx_word' id='word_1_224' title='bbox 536 2829 829 2881; x_wconf 85' lang='lat' dir='ltr'>(scriptorium</span> <span class='ocrx_word' id='word_1_225' title='bbox 871 2830 915 2868; x_wconf 88' lang='lat' dir='ltr'>et</span> <span class='ocrx_word' id='word_1_226' title='bbox 946 2827 1195 2880; x_wconf 89' lang='lat' dir='ltr'>pictorium)</span> 
     </span>
     <span class='ocr_line' id='line_1_39' title="bbox 321 2890 1195 2941; baseline -0.001 -11"><span class='ocrx_word' id='word_1_227' title='bbox 321 2894 592 2930; x_wconf 81' lang='lat' dir='ltr'>contrectata</span> <span class='ocrx_word' id='word_1_228' title='bbox 635 2890 830 2930; x_wconf 86' lang='lat' dir='ltr'>maculas</span> <span class='ocrx_word' id='word_1_229' title='bbox 863 2892 1077 2931; x_wconf 86' lang='lat' dir='ltr'>remittunt</span> <span class='ocrx_word' id='word_1_230' title='bbox 1109 2891 1195 2941; x_wconf 90' lang='lat' dir='ltr'>(pr.</span> 
     </span>
     <span class='ocr_line' id='line_1_40' title="bbox 320 2951 1200 3003; baseline -0.001 -11"><span class='ocrx_word' id='word_1_231' title='bbox 320 2954 439 2993; x_wconf 89' lang='lat' dir='ltr'>retro</span> <span class='ocrx_word' id='word_1_232' title='bbox 472 2954 688 3003; x_wconf 86' lang='lat' dir='ltr'>mittunt),</span> <span class='ocrx_word' id='word_1_233' title='bbox 721 2951 976 3003; x_wconf 90' lang='lat' dir='ltr'>relinquunt</span> <span class='ocrx_word' id='word_1_234' title='bbox 996 2953 1039 2992; x_wconf 93' lang='lat' dir='ltr'>in</span> <span class='ocrx_word' id='word_1_235' title='bbox 1062 2952 1200 2992; x_wconf 91' lang='lat' dir='ltr'>mani-</span> 
     </span>
     <span class='ocr_line' id='line_1_41' title="bbox 322 3014 1199 3065; baseline -0.003 -10"><span class='ocrx_word' id='word_1_236' title='bbox 322 3015 451 3055; x_wconf 85' lang='lat' dir='ltr'>bus.»</span> <span class='ocrx_word' id='word_1_237' title='bbox 486 3014 631 3065; x_wconf 84' lang='lat' dir='ltr'>(Labes</span> <span class='ocrx_word' id='word_1_238' title='bbox 660 3015 703 3053; x_wconf 83' lang='lat' dir='ltr'>h.</span> <span class='ocrx_word' id='word_1_239' title='bbox 736 3014 762 3053; x_wconf 97' lang='lat' dir='ltr'>l.</span> <span class='ocrx_word' id='word_1_240' title='bbox 797 3014 1002 3064; x_wconf 86' lang='lat' dir='ltr'>macula.)</span> <span class='ocrx_word' id='word_1_241' title='bbox 1038 3037 1081 3042; x_wconf 89' lang='lat'>—-</span> <span class='ocrx_word' id='word_1_242' title='bbox 1113 3015 1199 3064; x_wconf 86' lang='lat' dir='ltr'>fere</span> 
     </span>
     <span class='ocr_line' id='line_1_42' title="bbox 320 3073 1200 3128; baseline -0.005 -11"><span class='ocrx_word' id='word_1_243' title='bbox 320 3076 541 3126; x_wconf 80' lang='lat' dir='ltr'>scriptores</span> <span class='ocrx_word' id='word_1_244' title='bbox 561 3077 662 3125; x_wconf 72' lang='lat' dir='ltr'>cet]</span> <span class='ocrx_word' id='word_1_245' title='bbox 696 3077 789 3116; x_wconf 89' lang='lat' dir='ltr'>«Sic</span> <span class='ocrx_word' id='word_1_246' title='bbox 811 3076 911 3116; x_wconf 87' lang='lat' dir='ltr'>mali</span> <span class='ocrx_word' id='word_1_247' title='bbox 932 3078 1088 3128; x_wconf 77' lang='lat' dir='ltr'>poetae</span> <span class='ocrx_word' id='word_1_248' title='bbox 1108 3073 1200 3126; x_wconf 87' lang='lat' dir='ltr'>ple-</span> 
     </span>
     <span class='ocr_line' id='line_1_43' title="bbox 323 3138 1201 3189; baseline -0.003 -11"><span class='ocrx_word' id='word_1_249' title='bbox 323 3150 511 3189; x_wconf 88' lang='lat' dir='ltr'>rumque</span> <span class='ocrx_word' id='word_1_250' title='bbox 571 3139 798 3189; x_wconf 86' lang='lat' dir='ltr'>inquinant</span> <span class='ocrx_word' id='word_1_251' title='bbox 855 3150 905 3178; x_wconf 87' lang='lat' dir='ltr'>ac</span> <span class='ocrx_word' id='word_1_252' title='bbox 964 3138 1201 3188; x_wconf 88' lang='lat' dir='ltr'>deturpant</span> 
     </span>
     <span class='ocr_line' id='line_1_44' title="bbox 324 3199 1200 3252; baseline -0.003 -12"><span class='ocrx_word' id='word_1_253' title='bbox 324 3200 550 3252; x_wconf 84' lang='lat' dir='ltr'>praeclara</span> <span class='ocrx_word' id='word_1_254' title='bbox 593 3202 704 3240; x_wconf 80' lang='lat' dir='ltr'>facta</span> <span class='ocrx_word' id='word_1_255' title='bbox 736 3201 867 3239; x_wconf 81' lang='lat' dir='ltr'>etiarn</span> <span class='ocrx_word' id='word_1_256' title='bbox 899 3199 1017 3252; x_wconf 86' lang='lat' dir='ltr'>apud</span> <span class='ocrx_word' id='word_1_257' title='bbox 1048 3200 1200 3250; x_wconf 79' lang='lat' dir='ltr'>poste-</span> 
     </span>
     <span class='ocr_line' id='line_1_45' title="bbox 324 3262 1200 3314; baseline -0.003 -12"><span class='ocrx_word' id='word_1_258' title='bbox 324 3275 439 3303; x_wconf 84' lang='lat' dir='ltr'>ros.»</span> <span class='ocrx_word' id='word_1_259' title='bbox 475 3264 536 3304; x_wconf 84' lang='lat' dir='ltr'>Cf.</span> <span class='ocrx_word' id='word_1_260' title='bbox 561 3264 667 3314; x_wconf 87' lang='lat' dir='ltr'>Epp.</span> <span class='ocrx_word' id='word_1_261' title='bbox 695 3263 733 3310; x_wconf 89' lang='grc'>4,</span> <span class='ocrx_word' id='word_1_262' title='bbox 761 3263 825 3310; x_wconf 86' lang='grc'>49,</span> <span class='ocrx_word' id='word_1_263' title='bbox 850 3262 923 3301; x_wconf 86' lang='lat'>30:</span> <span class='ocrx_word' id='word_1_264' title='bbox 958 3272 1076 3310; x_wconf 85' lang='lat' dir='ltr'>quem</span> <span class='ocrx_word' id='word_1_265' title='bbox 1105 3273 1200 3300; x_wconf 78' lang='lat' dir='ltr'>ver-</span> 
     </span>
     <span class='ocr_line' id='line_1_46' title="bbox 323 3323 1200 3374; baseline -0.002 -11"><span class='ocrx_word' id='word_1_266' title='bbox 323 3326 432 3364; x_wconf 82' lang='lat' dir='ltr'>sibus</span> <span class='ocrx_word' id='word_1_267' title='bbox 461 3325 616 3364; x_wconf 83' lang='lat' dir='ltr'>oblinat</span> <span class='ocrx_word' id='word_1_268' title='bbox 645 3325 762 3364; x_wconf 85' lang='lat' dir='ltr'>atris.</span> <span class='ocrx_word' id='word_1_269' title='bbox 794 3346 835 3351; x_wconf 90' lang='lat'>—</span> <span class='ocrx_word' id='word_1_270' title='bbox 862 3324 970 3363; x_wconf 88' lang='lat' dir='ltr'>Idem</span> <span class='ocrx_word' id='word_1_271' title='bbox 991 3323 1092 3374; x_wconf 78' lang='lat' dir='ltr'>cet]</span> <span class='ocrx_word' id='word_1_272' title='bbox 1125 3324 1200 3362; x_wconf 92' lang='lat' dir='ltr'>Di-</span> 
     </span>
     <span class='ocr_line' id='line_1_47' title="bbox 326 3385 1200 3436; baseline -0.002 -11"><span class='ocrx_word' id='word_1_273' title='bbox 326 3389 445 3426; x_wconf 79' lang='lat' dir='ltr'>ctum</span> <span class='ocrx_word' id='word_1_274' title='bbox 490 3387 573 3426; x_wconf 90' lang='lat' dir='ltr'>hoc</span> <span class='ocrx_word' id='word_1_275' title='bbox 605 3389 671 3427; x_wconf 87' lang='lat' dir='ltr'>est</span> <span class='ocrx_word' id='word_1_276' title='bbox 703 3396 804 3426; x_wconf 89' lang='lat' dir='ltr'>cum</span> <span class='ocrx_word' id='word_1_277' title='bbox 843 3385 1036 3436; x_wconf 81' lang='lat' dir='ltr'>quadam</span> <span class='ocrx_word' id='word_1_278' title='bbox 1077 3385 1200 3435; x_wconf 85' lang='lat' dir='ltr'>quasi</span> 
     </span>
     <span class='ocr_line' id='line_1_48' title="bbox 327 3446 1201 3499; baseline 0 -14"><span class='ocrx_word' id='word_1_279' title='bbox 327 3449 638 3497; x_wconf 77' lang='lat' dir='ltr'>admiratione,</span> <span class='ocrx_word' id='word_1_280' title='bbox 673 3446 898 3499; x_wconf 86' lang='lat' dir='ltr'>quomodo</span> <span class='ocrx_word' id='word_1_281' title='bbox 922 3446 1015 3486; x_wconf 86' lang='lat' dir='ltr'>fieri</span> <span class='ocrx_word' id='word_1_282' title='bbox 1042 3449 1201 3497; x_wconf 88' lang='lat' dir='ltr'>potue-</span> 
     </span>
    </p>
   </div>
   <div class='ocr_carea' id='block_1_15' title="bbox 1218 1688 1225 1850">
    <p class='ocr_par' dir='ltr' id='par_1_16' title="bbox 1218 1688 1225 1850">
     <span class='ocr_line' id='line_1_49' title="bbox 1218 1688 1225 1850; baseline 0 1937"><span class='ocrx_word' id='word_1_283' title='bbox 1218 1688 1225 1850; x_wconf 95' lang='lat' dir='ltr'> </span> 
     </span>
    </p>
   </div>
   <div class='ocr_carea' id='block_1_16' title="bbox 1252 1639 2142 3254">
    <p class='ocr_par' dir='ltr' id='par_1_17' title="bbox 1252 1639 2142 3254">
     <span class='ocr_line' id='line_1_50' title="bbox 1252 1639 2133 1695; baseline -0.005 -13"><span class='ocrx_word' id='word_1_284' title='bbox 1252 1642 1418 1695; x_wconf 89' lang='lat' dir='ltr'>plures.</span> <span class='ocrx_word' id='word_1_285' title='bbox 1466 1640 1572 1681; x_wconf 91' lang='lat' dir='ltr'>Plin.</span> <span class='ocrx_word' id='word_1_286' title='bbox 1597 1641 1646 1680; x_wconf 93' lang='lat' dir='ltr'>H.</span> <span class='ocrx_word' id='word_1_287' title='bbox 1671 1642 1721 1680; x_wconf 92' lang='lat' dir='ltr'>N.</span> <span class='ocrx_word' id='word_1_288' title='bbox 1745 1640 1784 1688; x_wconf 88' lang='lat'>7,</span> <span class='ocrx_word' id='word_1_289' title='bbox 1815 1639 1890 1688; x_wconf 79' lang='lat'>37,</span> <span class='ocrx_word' id='word_1_290' title='bbox 1915 1639 1987 1679; x_wconf 88' lang='lat'>38:</span> <span class='ocrx_word' id='word_1_291' title='bbox 2020 1640 2133 1679; x_wconf 85' lang='lat' dir='ltr'>Idem</span> 
     </span>
     <span class='ocr_line' id='line_1_51' title="bbox 1255 1701 2134 1754; baseline -0.006 -10"><span class='ocrx_word' id='word_1_292' title='bbox 1255 1706 1319 1745; x_wconf 87' lang='lat' dir='ltr'>hic</span> <span class='ocrx_word' id='word_1_293' title='bbox 1347 1705 1579 1754; x_wconf 84' lang='lat' dir='ltr'>imperator</span> <span class='ocrx_word' id='word_1_294' title='bbox 1608 1701 1762 1750; x_wconf 71' lang='lat' dir='ltr'>ediaeit,</span> <span class='ocrx_word' id='word_1_295' title='bbox 1800 1712 1852 1740; x_wconf 87' lang='lat' dir='ltr'>ne</span> <span class='ocrx_word' id='word_1_296' title='bbox 1881 1701 1972 1751; x_wconf 90' lang='lat' dir='ltr'>quis</span> <span class='ocrx_word' id='word_1_297' title='bbox 1998 1701 2134 1751; x_wconf 87' lang='lat' dir='ltr'>ipsum</span> 
     </span>
     <span class='ocr_line' id='line_1_52' title="bbox 1255 1762 2135 1815; baseline -0.005 -9"><span class='ocrx_word' id='word_1_298' title='bbox 1255 1767 1363 1807; x_wconf 90' lang='lat' dir='ltr'>alius</span> <span class='ocrx_word' id='word_1_299' title='bbox 1399 1776 1526 1815; x_wconf 88' lang='lat' dir='ltr'>quam</span> <span class='ocrx_word' id='word_1_300' title='bbox 1562 1763 1720 1813; x_wconf 84' lang='lat' dir='ltr'>Apelles</span> <span class='ocrx_word' id='word_1_301' title='bbox 1749 1762 1960 1814; x_wconf 75' lang='lat' dir='ltr'>pinqeret,</span> <span class='ocrx_word' id='word_1_302' title='bbox 2007 1774 2135 1812; x_wconf 87' lang='lat' dir='ltr'>quam</span> 
     </span>
     <span class='ocr_line' id='line_1_53' title="bbox 1252 1825 2137 1879; baseline -0.005 -11"><span class='ocrx_word' id='word_1_303' title='bbox 1252 1827 1486 1879; x_wconf 74' lang='lat' dir='ltr'>Pyrqoteles</span> <span class='ocrx_word' id='word_1_304' title='bbox 1514 1826 1739 1874; x_wconf 80' lang='lat' dir='ltr'>sculperet,</span> <span class='ocrx_word' id='word_1_305' title='bbox 1779 1835 1906 1874; x_wconf 87' lang='lat' dir='ltr'>quam</span> <span class='ocrx_word' id='word_1_306' title='bbox 1933 1825 2137 1875; x_wconf 77' lang='lat' dir='ltr'>Lysippus</span> 
     </span>
     <span class='ocr_line' id='line_1_54' title="bbox 1255 1885 2132 1930; baseline -0.005 0"><span class='ocrx_word' id='word_1_307' title='bbox 1255 1902 1308 1930; x_wconf 62' lang='lat' dir='ltr'>eac</span> <span class='ocrx_word' id='word_1_308' title='bbox 1338 1900 1435 1930; x_wconf 91' lang='lat' dir='ltr'>aere</span> <span class='ocrx_word' id='word_1_309' title='bbox 1457 1889 1637 1927; x_wconf 87' lang='lat' dir='ltr'>duceret.</span> <span class='ocrx_word' id='word_1_310' title='bbox 1681 1886 1744 1926; x_wconf 85' lang='lat' dir='ltr'>Cf.</span> <span class='ocrx_word' id='word_1_311' title='bbox 1768 1885 1988 1927; x_wconf 89' lang='lat' dir='ltr'>Plutarch.</span> <span class='ocrx_word' id='word_1_312' title='bbox 2011 1886 2132 1927; x_wconf 87' lang='lat' dir='ltr'>Alex.</span> 
     </span>
     <span class='ocr_line' id='line_1_55' title="bbox 1256 1947 2132 2001; baseline -0.003 -9"><span class='ocrx_word' id='word_1_313' title='bbox 1256 1952 1294 1993; x_wconf 81' lang='lat'>4.</span> <span class='ocrx_word' id='word_1_314' title='bbox 1323 1973 1367 1981; x_wconf 81' lang='lat'>——</span> <span class='ocrx_word' id='word_1_315' title='bbox 1390 1950 1582 2001; x_wconf 88' lang='lat' dir='ltr'>Apellem]</span> <span class='ocrx_word' id='word_1_316' title='bbox 1611 1947 1716 1988; x_wconf 90' lang='lat' dir='ltr'>Plin.</span> <span class='ocrx_word' id='word_1_317' title='bbox 1736 1949 1787 1988; x_wconf 89' lang='lat' dir='ltr'>H.</span> <span class='ocrx_word' id='word_1_318' title='bbox 1806 1950 1856 1988; x_wconf 91' lang='lat' dir='ltr'>N.</span> <span class='ocrx_word' id='word_1_319' title='bbox 1881 1948 1947 1998; x_wconf 81' lang='lat'>35,</span> <span class='ocrx_word' id='word_1_320' title='bbox 1973 1949 2039 1998; x_wconf 89' lang='grc'>40,</span> <span class='ocrx_word' id='word_1_321' title='bbox 2058 1949 2132 1989; x_wconf 83' lang='grc'>36;</span> 
     </span>
     <span class='ocr_line' id='line_1_56' title="bbox 1258 2011 2137 2063; baseline -0.003 -8"><span class='ocrx_word' id='word_1_322' title='bbox 1258 2015 1406 2054; x_wconf 82' lang='lat' dir='ltr'>Omnes</span> <span class='ocrx_word' id='word_1_323' title='bbox 1428 2013 1552 2063; x_wconf 85' lang='lat' dir='ltr'>prius</span> <span class='ocrx_word' id='word_1_324' title='bbox 1579 2012 1738 2063; x_wconf 63' lang='lat' dir='ltr'>genitos</span> <span class='ocrx_word' id='word_1_325' title='bbox 1755 2011 1998 2062; x_wconf 86' lang='lat' dir='ltr'>futurosque</span> <span class='ocrx_word' id='word_1_326' title='bbox 2019 2016 2137 2061; x_wconf 88' lang='lat' dir='ltr'>post-</span> 
     </span>
     <span class='ocr_line' id='line_1_57' title="bbox 1257 2073 2135 2127; baseline -0.002 -11"><span class='ocrx_word' id='word_1_327' title='bbox 1257 2088 1308 2116; x_wconf 90' lang='lat' dir='ltr'>ea</span> <span class='ocrx_word' id='word_1_328' title='bbox 1340 2074 1558 2127; x_wconf 85' lang='lat' dir='ltr'>(pictores)</span> <span class='ocrx_word' id='word_1_329' title='bbox 1589 2073 1802 2123; x_wconf 82' lang='lat' dir='ltr'>superavit</span> <span class='ocrx_word' id='word_1_330' title='bbox 1829 2073 1986 2123; x_wconf 85' lang='lat' dir='ltr'>Apelles</span> <span class='ocrx_word' id='word_1_331' title='bbox 2015 2074 2135 2123; x_wconf 83' lang='lat' dir='ltr'>Cous,</span> 
     </span>
     <span class='ocr_line' id='line_1_58' title="bbox 1261 2136 2139 2188; baseline -0.001 -11"><span class='ocrx_word' id='word_1_332' title='bbox 1261 2139 1505 2188; x_wconf 74' lang='lat' dir='ltr'>Olympia-de</span> <span class='ocrx_word' id='word_1_333' title='bbox 1528 2137 1645 2177; x_wconf 86' lang='lat' dir='ltr'>CXII.</span> <span class='ocrx_word' id='word_1_334' title='bbox 1677 2136 1847 2175; x_wconf 85' lang='lat' dir='ltr'>Pictura</span> <span class='ocrx_word' id='word_1_335' title='bbox 1871 2136 2002 2185; x_wconf 88' lang='lat' dir='ltr'>plura</span> <span class='ocrx_word' id='word_1_336' title='bbox 2030 2137 2139 2176; x_wconf 85' lang='lat' dir='ltr'>solus</span> 
     </span>
     <span class='ocr_line' id='line_1_59' title="bbox 1254 2199 2138 2252; baseline -0.001 -12"><span class='ocrx_word' id='word_1_337' title='bbox 1254 2200 1502 2252; x_wconf 82' lang='lat' dir='ltr'>propinavit</span> <span class='ocrx_word' id='word_1_338' title='bbox 1531 2209 1660 2248; x_wconf 90' lang='lat' dir='ltr'>quam</span> <span class='ocrx_word' id='word_1_339' title='bbox 1689 2199 1812 2238; x_wconf 87' lang='lat' dir='ltr'>ceteri</span> <span class='ocrx_word' id='word_1_340' title='bbox 1841 2209 2006 2248; x_wconf 87' lang='lat' dir='ltr'>omnes,·</span> <span class='ocrx_word' id='word_1_341' title='bbox 2036 2211 2138 2239; x_wconf 88' lang='lat' dir='ltr'>con-</span> 
     </span>
     <span class='ocr_line' id='line_1_60' title="bbox 1259 2261 2140 2311; baseline -0.001 -8"><span class='ocrx_word' id='word_1_342' title='bbox 1259 2264 1351 2303; x_wconf 88' lang='lat' dir='ltr'>tulit</span> <span class='ocrx_word' id='word_1_343' title='bbox 1377 2261 1654 2302; x_wconf 85' lang='lat' dir='ltr'>voluminibus</span> <span class='ocrx_word' id='word_1_344' title='bbox 1692 2261 1818 2301; x_wconf 90' lang='lat' dir='ltr'>etiam</span> <span class='ocrx_word' id='word_1_345' title='bbox 1847 2261 1984 2311; x_wconf 85' lang='lat' dir='ltr'>editis,</span> <span class='ocrx_word' id='word_1_346' title='bbox 2032 2272 2140 2311; x_wconf 88' lang='lat' dir='ltr'>quae</span> 
     </span>
     <span class='ocr_line' id='line_1_61' title="bbox 1259 2324 2140 2374; baseline -0.002 -8"><span class='ocrx_word' id='word_1_347' title='bbox 1259 2326 1494 2366; x_wconf 83' lang='lat' dir='ltr'>doctrinam</span> <span class='ocrx_word' id='word_1_348' title='bbox 1522 2335 1615 2364; x_wconf 91' lang='lat' dir='ltr'>eam</span> <span class='ocrx_word' id='word_1_349' title='bbox 1644 2324 1865 2364; x_wconf 81' lang='lat' dir='ltr'>continent.</span> <span class='ocrx_word' id='word_1_350' title='bbox 1906 2325 2140 2374; x_wconf 87' lang='lat' dir='ltr'>Praecipua</span> 
     </span>
     <span class='ocr_line' id='line_1_62' title="bbox 1258 2386 2135 2438; baseline -0.002 -9"><span class='ocrx_word' id='word_1_351' title='bbox 1258 2389 1344 2429; x_wconf 88' lang='lat' dir='ltr'>eius</span> <span class='ocrx_word' id='word_1_352' title='bbox 1380 2389 1424 2427; x_wconf 89' lang='lat' dir='ltr'>in</span> <span class='ocrx_word' id='word_1_353' title='bbox 1463 2391 1555 2427; x_wconf 89' lang='lat' dir='ltr'>arte</span> <span class='ocrx_word' id='word_1_354' title='bbox 1582 2390 1775 2426; x_wconf 79' lang='lat' dir='ltr'>venustas</span> <span class='ocrx_word' id='word_1_355' title='bbox 1801 2386 1895 2438; x_wconf 82' lang='lat' dir='ltr'>fuit.</span> <span class='ocrx_word' id='word_1_356' title='bbox 1942 2386 2005 2426; x_wconf 86' lang='lat' dir='ltr'>Cf.</span> <span class='ocrx_word' id='word_1_357' title='bbox 2045 2387 2135 2428; x_wconf 91' lang='lat' dir='ltr'>Cic.</span> 
     </span>
     <span class='ocr_line' id='line_1_63' title="bbox 1260 2448 2138 2500; baseline -0.005 -9"><span class='ocrx_word' id='word_1_358' title='bbox 1260 2451 1315 2491; x_wconf 84' lang='lat' dir='ltr'>de</span> <span class='ocrx_word' id='word_1_359' title='bbox 1346 2449 1467 2490; x_wconf 89' lang='lat' dir='ltr'>Offic.</span> <span class='ocrx_word' id='word_1_360' title='bbox 1492 2449 1538 2497; x_wconf 90' lang='lat'>3,</span> <span class='ocrx_word' id='word_1_361' title='bbox 1562 2449 1603 2497; x_wconf 72' lang='lat'>2,</span> <span class='ocrx_word' id='word_1_362' title='bbox 1630 2449 1696 2489; x_wconf 90' lang='grc'>40.</span> <span class='ocrx_word' id='word_1_363' title='bbox 1732 2471 1777 2476; x_wconf 88' lang='grc'>-</span> <span class='ocrx_word' id='word_1_364' title='bbox 1810 2448 1919 2488; x_wconf 90' lang='lat' dir='ltr'>alius</span> <span class='ocrx_word' id='word_1_365' title='bbox 1945 2448 2138 2500; x_wconf 78' lang='lat' dir='ltr'>Lysippo]</span> 
     </span>
     <span class='ocr_line' id='line_1_64' title="bbox 1259 2509 2136 2563; baseline -0.003 -9"><span class='ocrx_word' id='word_1_366' title='bbox 1259 2509 1405 2563; x_wconf 77' lang='grc' dir='ltr'><em>’ἄλλος</em></span> <span class='ocrx_word' id='word_1_367' title='bbox 1433 2510 1714 2561; x_wconf 74' lang='grc' dir='ltr'><em>Λυσίππου,</em></span> <span class='ocrx_word' id='word_1_368' title='bbox 1760 2512 1808 2551; x_wconf 89' lang='lat' dir='ltr'>ut</span> <span class='ocrx_word' id='word_1_369' title='bbox 1836 2511 1947 2563; x_wconf 91' lang='lat' dir='ltr'>Epp.</span> <span class='ocrx_word' id='word_1_370' title='bbox 1983 2512 2030 2560; x_wconf 86' lang='grc'>4,</span> <span class='ocrx_word' id='word_1_371' title='bbox 2063 2511 2136 2560; x_wconf 93' lang='grc'>46,</span> 
     </span>
     <span class='ocr_line' id='line_1_65' title="bbox 1259 2572 2136 2624; baseline -0.002 -8"><span class='ocrx_word' id='word_1_372' title='bbox 1259 2577 1334 2616; x_wconf 70' lang='lat'>20:</span> <span class='ocrx_word' id='word_1_373' title='bbox 1369 2576 1500 2615; x_wconf 90' lang='lat' dir='ltr'>alium</span> <span class='ocrx_word' id='word_1_374' title='bbox 1518 2575 1702 2624; x_wconf 88' lang='lat' dir='ltr'>sapiente</span> <span class='ocrx_word' id='word_1_375' title='bbox 1724 2573 1921 2623; x_wconf 87' lang='lat' dir='ltr'>bonoque.</span> <span class='ocrx_word' id='word_1_376' title='bbox 1954 2572 2061 2614; x_wconf 89' lang='lat' dir='ltr'>Plin.</span> <span class='ocrx_word' id='word_1_377' title='bbox 2085 2574 2136 2614; x_wconf 92' lang='lat' dir='ltr'>H.</span> 
     </span>
     <span class='ocr_line' id='line_1_66' title="bbox 1259 2636 2140 2686; baseline -0.005 -7"><span class='ocrx_word' id='word_1_378' title='bbox 1259 2641 1310 2679; x_wconf 95' lang='lat' dir='ltr'>N.</span> <span class='ocrx_word' id='word_1_379' title='bbox 1336 2637 1403 2686; x_wconf 84' lang='lat'>34,</span> <span class='ocrx_word' id='word_1_380' title='bbox 1425 2637 1449 2677; x_wconf 91' lang='lat'>8</span> <span class='ocrx_word' id='word_1_381' title='bbox 1465 2669 1474 2686; x_wconf 93' lang='lat'>,</span> <span class='ocrx_word' id='word_1_382' title='bbox 1510 2636 1581 2676; x_wconf 74' lang='lat'>⁴9:</span> <span class='ocrx_word' id='word_1_383' title='bbox 1615 2636 1863 2676; x_wconf 87' lang='lat' dir='ltr'>Statuariae</span> <span class='ocrx_word' id='word_1_384' title='bbox 1890 2636 1977 2675; x_wconf 88' lang='lat' dir='ltr'>arti</span> <span class='ocrx_word' id='word_1_385' title='bbox 1999 2636 2140 2685; x_wconf 89' lang='lat' dir='ltr'>pluri-</span> 
     </span>
     <span class='ocr_line' id='line_1_67' title="bbox 1259 2698 2138 2750; baseline -0.003 -9"><span class='ocrx_word' id='word_1_386' title='bbox 1259 2712 1375 2741; x_wconf 89' lang='lat' dir='ltr'>mum</span> <span class='ocrx_word' id='word_1_387' title='bbox 1418 2699 1604 2740; x_wconf 84' lang='lat' dir='ltr'>traditur</span> <span class='ocrx_word' id='word_1_388' title='bbox 1645 2698 1863 2738; x_wconf 86' lang='lat' dir='ltr'>contulisse</span> <span class='ocrx_word' id='word_1_389' title='bbox 1893 2698 2138 2750; x_wconf 82' lang='lat' dir='ltr'>(Lysippus)</span> 
     </span>
     <span class='ocr_line' id='line_1_68' title="bbox 1260 2759 2141 2813; baseline -0.006 -10"><span class='ocrx_word' id='word_1_390' title='bbox 1260 2763 1458 2813; x_wconf 90' lang='lat' dir='ltr'>capillum</span> <span class='ocrx_word' id='word_1_391' title='bbox 1478 2761 1773 2810; x_wconf 69' lang='lat' dir='ltr'>exprimendo,</span> <span class='ocrx_word' id='word_1_392' title='bbox 1805 2759 1946 2809; x_wconf 88' lang='lat' dir='ltr'>capita</span> <span class='ocrx_word' id='word_1_393' title='bbox 1974 2759 2141 2799; x_wconf 89' lang='lat' dir='ltr'>minora</span> 
     </span>
     <span class='ocr_line' id='line_1_69' title="bbox 1258 2822 2142 2876; baseline -0.005 -11"><span class='ocrx_word' id='word_1_394' title='bbox 1258 2825 1464 2876; x_wconf 85' lang='lat' dir='ltr'>faciendo,</span> <span class='ocrx_word' id='word_1_395' title='bbox 1486 2834 1613 2873; x_wconf 84' lang='lat' dir='ltr'>quam</span> <span class='ocrx_word' id='word_1_396' title='bbox 1633 2822 1819 2872; x_wconf 76' lang='lat' dir='ltr'>antiqui,</span> <span class='ocrx_word' id='word_1_397' title='bbox 1840 2832 2023 2871; x_wconf 88' lang='lat' dir='ltr'>corpora</span> <span class='ocrx_word' id='word_1_398' title='bbox 2039 2833 2142 2873; x_wconf 70' lang='lat' dir='ltr'>qra-</span> 
     </span>
     <span class='ocr_line' id='line_1_70' title="bbox 1261 2886 2141 2935; baseline -0.005 -8"><span class='ocrx_word' id='word_1_399' title='bbox 1261 2887 1410 2927; x_wconf 85' lang='lat' dir='ltr'>ciliora</span> <span class='ocrx_word' id='word_1_400' title='bbox 1439 2886 1720 2934; x_wconf 83' lang='lat' dir='ltr'>siccioraque,</span> <span class='ocrx_word' id='word_1_401' title='bbox 1751 2895 1830 2935; x_wconf 87' lang='lat' dir='ltr'>per</span> <span class='ocrx_word' id='word_1_402' title='bbox 1859 2894 1966 2934; x_wconf 88' lang='lat' dir='ltr'>quae</span> <span class='ocrx_word' id='word_1_403' title='bbox 1988 2895 2141 2934; x_wconf 86' lang='lat' dir='ltr'>proce-</span> 
     </span>
     <span class='ocr_line' id='line_1_71' title="bbox 1260 2945 2136 2999; baseline -0.003 -11"><span class='ocrx_word' id='word_1_404' title='bbox 1260 2949 1366 2988; x_wconf 88' lang='lat' dir='ltr'>ritas</span> <span class='ocrx_word' id='word_1_405' title='bbox 1393 2948 1608 2999; x_wconf 82' lang='lat' dir='ltr'>si9norum</span> <span class='ocrx_word' id='word_1_406' title='bbox 1636 2947 1775 2986; x_wconf 89' lang='lat' dir='ltr'>maior</span> <span class='ocrx_word' id='word_1_407' title='bbox 1801 2947 2025 2986; x_wconf 83' lang='lat' dir='ltr'>videretur.</span> <span class='ocrx_word' id='word_1_408' title='bbox 2073 2945 2136 2987; x_wconf 82' lang='lat' dir='ltr'>Cf.</span> 
     </span>
     <span class='ocr_line' id='line_1_72' title="bbox 1262 3007 2137 3062; baseline -0.003 -11"><span class='ocrx_word' id='word_1_409' title='bbox 1262 3010 1484 3062; x_wconf 90' lang='lat' dir='ltr'>Posidippi</span> <span class='ocrx_word' id='word_1_410' title='bbox 1515 3010 1789 3061; x_wconf 82' lang='lat' dir='ltr'>epigramma</span> <span class='ocrx_word' id='word_1_411' title='bbox 1819 3010 1863 3049; x_wconf 92' lang='lat' dir='ltr'>in</span> <span class='ocrx_word' id='word_1_412' title='bbox 1886 3009 2016 3050; x_wconf 90' lang='lat' dir='ltr'>Anth.</span> <span class='ocrx_word' id='word_1_413' title='bbox 2049 3007 2137 3049; x_wconf 89' lang='lat' dir='ltr'>Pal.</span> 
     </span>
     <span class='ocr_line' id='line_1_73' title="bbox 1261 3067 2141 3123; baseline -0.002 -12"><span class='ocrx_word' id='word_1_414' title='bbox 1261 3073 1311 3112; x_wconf 92' lang='grc' dir='ltr'>ΙΙ.</span> <span class='ocrx_word' id='word_1_415' title='bbox 1345 3083 1389 3123; x_wconf 93' lang='lat' dir='ltr'>p.</span> <span class='ocrx_word' id='word_1_416' title='bbox 1415 3072 1486 3111; x_wconf 89' lang='grc'>664</span> <span class='ocrx_word' id='word_1_417' title='bbox 1516 3083 1522 3109; x_wconf 91' lang='grc'>;</span> <span class='ocrx_word' id='word_1_418' title='bbox 1569 3067 1810 3121; x_wconf 81' lang='grc' dir='ltr'>Λύσιππε,</span> <span class='ocrx_word' id='word_1_419' title='bbox 1843 3067 2032 3111; x_wconf 84' lang='grc' dir='ltr'><em>πλάστα</em></span> <span class='ocrx_word' id='word_1_420' title='bbox 2061 3070 2141 3110; x_wconf 90' lang='grc' dir='ltr'>Σι-</span> 
     </span>
     <span class='ocr_line' id='line_1_74' title="bbox 1263 3131 2141 3191; baseline -0.002 -17"><span class='ocrx_word' id='word_1_421' title='bbox 1263 3131 1457 3183; x_wconf 81' lang='grc' dir='ltr'>κυώνιε,</span> <span class='ocrx_word' id='word_1_422' title='bbox 1496 3131 1742 3191; x_wconf 79' lang='grc' dir='ltr'><em>θαρσαλέη</em></span> <span class='ocrx_word' id='word_1_423' title='bbox 1774 3134 1902 3191; x_wconf 78' lang='grc' dir='ltr'>χείρ,</span> <span class='ocrx_word' id='word_1_424' title='bbox 1929 3131 2046 3173; x_wconf 81' lang='grc' dir='ltr'><em>Δάϊε</em></span> <span class='ocrx_word' id='word_1_425' title='bbox 2065 3144 2141 3172; x_wconf 81' lang='grc' dir='ltr'>τε-</span> 
     </span>
     <span class='ocr_line' id='line_1_75' title="bbox 1264 3190 2139 3254; baseline -0.003 -17"><span class='ocrx_word' id='word_1_426' title='bbox 1264 3201 1426 3246; x_wconf 83' lang='grc' dir='ltr'><em>χνῖτα,</em></span> <span class='ocrx_word' id='word_1_427' title='bbox 1473 3194 1567 3254; x_wconf 78' lang='grc' dir='ltr'>πῦρ</span> <span class='ocrx_word' id='word_1_428' title='bbox 1613 3209 1685 3237; x_wconf 81' lang='grc' dir='ltr'>τοι</span> <span class='ocrx_word' id='word_1_429' title='bbox 1729 3192 1755 3235; x_wconf 89' lang='grc' dir='ltr'><em>ὁ</em></span> <span class='ocrx_word' id='word_1_430' title='bbox 1800 3193 1982 3246; x_wconf 85' lang='grc' dir='ltr'><strong><em>χαλκὸς</em></strong></span> <span class='ocrx_word' id='word_1_431' title='bbox 2026 3190 2139 3252; x_wconf 76' lang='grc' dir='ltr'>ὁρῇ,</span> 
     </span>
    </p>
   </div>
   <div class='ocr_carea' id='block_1_17' title="bbox 1251 3253 2139 3316">
    <p class='ocr_par' dir='ltr' id='par_1_18' title="bbox 1251 3253 2139 3316">
     <span class='ocr_line' id='line_1_76' title="bbox 1251 3253 2139 3316; baseline -0.005 -17"><span class='ocrx_word' id='word_1_432' title='bbox 1251 3254 1332 3299; x_wconf 83' lang='grc' dir='ltr'>Ὃν</span> <span class='ocrx_word' id='word_1_433' title='bbox 1354 3261 1454 3299; x_wconf 77' lang='grc' dir='ltr'>κατ’</span> <span class='ocrx_word' id='word_1_434' title='bbox 1474 3253 1779 3316; x_wconf 75' lang='grc' dir='ltr'><em>Ἀλεξάνδρου</em></span> <span class='ocrx_word' id='word_1_435' title='bbox 1798 3254 1997 3315; x_wconf 81' lang='grc' dir='ltr'><em>μορφᾶς</em></span> <span class='ocrx_word' id='word_1_436' title='bbox 2016 3257 2139 3306; x_wconf 83' lang='grc' dir='ltr'><strong><em>χέες·</em></strong></span> 
     </span>
    </p>
   </div>
   <div class='ocr_carea' id='block_1_18' title="bbox 1263 3317 2143 3494">
    <p class='ocr_par' dir='ltr' id='par_1_19' title="bbox 1263 3317 2143 3494">
     <span class='ocr_line' id='line_1_77' title="bbox 1265 3317 2143 3378; baseline -0.007 -16"><span class='ocrx_word' id='word_1_437' title='bbox 1265 3318 1425 3363; x_wconf 81' lang='grc' dir='ltr'><em>οὐκέτι</em></span> <span class='ocrx_word' id='word_1_438' title='bbox 1452 3321 1664 3374; x_wconf 84' lang='grc' dir='ltr'><em>μεμπτοὶ</em></span> <span class='ocrx_word' id='word_1_439' title='bbox 1683 3320 1893 3378; x_wconf 75' lang='grc' dir='ltr'><em>Πέρσαι·</em></span> <span class='ocrx_word' id='word_1_440' title='bbox 1927 3317 2143 3372; x_wconf 77' lang='grc' dir='ltr'><em>συγγνώ-</em></span> 
     </span>
     <span class='ocr_line' id='line_1_78' title="bbox 1263 3380 2142 3437; baseline -0.007 -14"><span class='ocrx_word' id='word_1_441' title='bbox 1263 3399 1331 3437; x_wconf 82' lang='grc' dir='ltr'>μη</span> <span class='ocrx_word' id='word_1_442' title='bbox 1372 3383 1518 3433; x_wconf 81' lang='grc' dir='ltr'><em>βουσὶ</em></span> <span class='ocrx_word' id='word_1_443' title='bbox 1560 3382 1729 3424; x_wconf 72' lang='grc' dir='ltr'><em>λέοντα</em></span> <span class='ocrx_word' id='word_1_444' title='bbox 1758 3383 1942 3434; x_wconf 79' lang='grc' dir='ltr'><em>φυγεῖν.</em></span> <span class='ocrx_word' id='word_1_445' title='bbox 1991 3380 2142 3419; x_wconf 75' lang='lat' dir='ltr'>Imita-</span> 
     </span>
     <span class='ocr_line' id='line_1_79' title="bbox 1265 3442 2141 3494; baseline -0.008 -8"><span class='ocrx_word' id='word_1_446' title='bbox 1265 3449 1406 3486; x_wconf 87' lang='lat' dir='ltr'>tiones</span> <span class='ocrx_word' id='word_1_447' title='bbox 1424 3445 1657 3486; x_wconf 78' lang='lat' dir='ltr'>Alexandri</span> <span class='ocrx_word' id='word_1_448' title='bbox 1671 3443 1875 3494; x_wconf 88' lang='lat' dir='ltr'>Lysippei</span> <span class='ocrx_word' id='word_1_449' title='bbox 1889 3442 2141 3481; x_wconf 86' lang='lat' dir='ltr'>etiamnunc</span> 
     </span>
    </p>
   </div>
   <div class='ocr_carea' id='block_1_19' title="bbox 327 3483 2136 3560">
    <p class='ocr_par' dir='ltr' id='par_1_20' title="bbox 327 3483 2136 3560">
     <span class='ocr_line' id='line_1_80' title="bbox 327 3483 2136 3560; baseline -0.004 -11"><span class='ocrx_word' id='word_1_450' title='bbox 327 3512 399 3559; x_wconf 82' lang='lat' dir='ltr'>rit,</span> <span class='ocrx_word' id='word_1_451' title='bbox 435 3513 482 3550; x_wconf 92' lang='lat' dir='ltr'>ut</span> <span class='ocrx_word' id='word_1_452' title='bbox 512 3510 778 3558; x_wconf 74' lang='lat' dir='ltr'>Alexander,</span> <span class='ocrx_word' id='word_1_453' title='bbox 813 3520 912 3549; x_wconf 83' lang='lat' dir='ltr'>cuni</span> <span class='ocrx_word' id='word_1_454' title='bbox 946 3508 999 3548; x_wconf 83' lang='lat' dir='ltr'>(le</span> <span class='ocrx_word' id='word_1_455' title='bbox 1029 3510 1197 3560; x_wconf 74' lang='lat' dir='ltr'>pictura</span> <span class='ocrx_word' id='word_1_456' title='bbox 1229 3483 1234 3546; x_wconf 80' lang='lat' dir='ltr'>l</span> <span class='ocrx_word' id='word_1_457' title='bbox 1266 3510 1488 3549; x_wconf 84' lang='lat' dir='ltr'>exstantes</span> <span class='ocrx_word' id='word_1_458' title='bbox 1507 3506 1677 3559; x_wconf 78' lang='lat' dir='ltr'>collegit</span> <span class='ocrx_word' id='word_1_459' title='bbox 1703 3504 1853 3547; x_wconf 79' lang='lat' dir='ltr'>Miiller</span> <span class='ocrx_word' id='word_1_460' title='bbox 1873 3503 2044 3544; x_wconf 80' lang='lat' dir='ltr'>Denkm.</span> <span class='ocrx_word' id='word_1_461' title='bbox 2068 3504 2136 3543; x_wconf 84' lang='lat'>111.</span> 
     </span>
    </p>
   </div>
  </div>
 </body>
</html>
