2231 3787
843 242 940 280 ΗΒ,
976 244 1003 280 l.

1070 243 1231 281 EPJST.
1266 242 1296 281 x
1309 243 1372 281 w,
1932 241 2032 291 :5⁴29

267 375 408 434 Neu.
453 374 494 425 si
539 380 585 426 te
630 372 860 444 populus
901 389 1091 425 sanum
1134 381 1391 444 recteque
1431 372 1695 426 valentem

266 476 504 537 Dictitet‚
547 475 813 529 occultam
854 474 1057 528 febrem
1098 474 1197 527 sub
1238 483 1452 546 tempus
1492 475 1686 528 edendi

265 577 611 631 DissimuleS.
656 577 829 631 donec
872 577 1117 630 manibus
1157 586 1359 630 tremor
1400 577 1597 630 incidat
1636 577 1824 629 unctis.

267 679 560 733 Stultorum
602 680 842 732 incurata
883 679 1060 749 pudor
1098 679 1271 732 malus
1309 679 1494 734 ulcera
1534 679 1684 733 celat.

267 783 320 835 Si
362 782 484 853 quis
524 781 668 835 bella
707 780 798 833 tibi
840 790 982 834 terra
1023 791 1257 854 pugnata
1299 782 1544 854 marique
1968 786 2031 837 ΕΞ)

278 928 342 966 22.
375 925 531 977 febrem
561 925 716 976 bEcdp
750 927 793 964 et
815 926 924 964 Edd.
949 927 1120 964 tantum
1143 937 1231 965 non
1255 937 1412 967 omnes
1437 928 1584 977 (etiam
1607 926 1830 967 Bentleius
1853 930 1894 967 et
1917 929 1972 977 s):

247 990 397 1040 febrim
418 990 459 1035 S,
486 990 605 1029 FMO.
637 988 757 1038 (Inde
781 999 819 1027 a.
843 999 880 1028 V.
901 989 969 1027 22.
997 988 1147 1027 Codex
1172 989 1199 1027 d
1223 989 1371 1028 deficit
1395 999 1537 1039 usque
1560 990 1615 1029 ad
1638 991 1774 1041 Epist.
1802 991 1866 1032 17.
1891 992 1974 1039 ³29.)

193 1116 307 1156 rebat
327 1126 430 1164 esse,
463 1116 497 1155 si
517 1116 608 1165 quis
626 1116 669 1154 id
690 1118 847 1166 aqeret,
872 1118 939 1162 ut,
973 1125 1083 1163 qua-

194 1179 243 1217 lis
267 1177 411 1217 haberi
429 1179 566 1223 vellet,
601 1178 697 1216 talis
719 1181 861 1217 esset.»
899 1176 1080 1217 Publius

193 1243 354 1292 Syrus:
391 1241 498 1291 Quid
518 1242 602 1291 ipse
619 1241 688 1284 sis.
712 1253 792 1279 non
813 1241 912 1290 quid
930 1240 1081 1279 habea·
1109 1261 1111 1267 ¹

191 1305 273 1353 ris,
319 1304 501 1344 interest.
564 1302 812 1353 Aeschylus
844 1304 885 1342 S.
926 1313 963 1342 c.
998 1303 1076 1342 Th.

193 1368 288 1407 592.
314 1366 370 1406 de
393 1366 684 1417 Amphiarao:
721 1360 786 1405 Οὐ
810 1361 903 1422 γὰρ
920 1362 1080 1404 δοκεῖν

193 1425 413 1488 ἄριστος,
447 1422 546 1467 ἀλλ’
581 1425 704 1468 εἶναι
733 1426 877 1468 θέλει.

249 1493 299 1533 48
312 1491 415 1532 -24,
462 1492 674 1531 laetamus
695 1516 717 1521 -
737 1492 870 1531 omnis
889 1515 911 1520 -
932 1490 1078 1541 Roma]

193 1555 271 1595 Od.
311 1554 363 1605 4,
403 1556 456 1602 2,
494 1556 569 1594 50:
621 1556 802 1594 dicemus
830 1577 853 1583 -
875 1577 897 1582 —
926 1554 1082 1594 Civitas

193 1619 337 1658 omnis.
371 1617 511 1669 Epod.
539 1618 611 1667 46,
641 1618 715 1657 36:
758 1618 920 1656 Eamus
949 1617 1082 1655 omnis

192 1685 413 1721 exsecrata
432 1681 594 1720 civitas
620 1680 684 1720 Cf.
704 1679 811 1719 ibid.
826 1691 868 1720 v„
886 1680 924 1719 9.
947 1680 1076 1730 45sq.

196 1768 238 1772 -
264 1743 442 1796 beatum]
476 1742 770 1795 probabiliter
795 1754 883 1782 non
905 1744 1080 1782 tantum

192 1810 377 1860 propter
420 1820 551 1860 opes,
600 1808 681 1848 sed
727 1809 860 1848 etiam
895 1808 1081 1859 propter

191 1872 414 1921 honores,
474 1880 587 1922 quos
634 1871 720 1910 iam
766 1872 861 1910 tum
904 1870 1082 1910 videtur

192 1934 400 1985 gessisse.
450 1934 541 1974 Cic.
567 1933 622 1973 de
658 1935 789 1984 Legg.
816 1933 831 1972 4
856 1965 864 1980 ,
898 1934 968 1981 lt,
1002 1932 1076 1972 3⁵2:

192 1999 366 2047 Propter
394 1997 617 2036 honestatis
646 2000 683 2035 et
703 1997 866 2048 gloriae
885 1997 1082 2035 similitu-

193 2061 356 2109 dinem,
405 2060 570 2108 beati,
619 2060 690 2108 qui
733 2059 928 2099 honorati
969 2063 1078 2107 sunt,

191 2123 398 2162 videntur.
428 2145 470 2150 —-
496 2132 625 2170 quam
645 2121 731 2171 tibi]
765 2122 854 2161 Cic.
881 2122 934 2161 ad
958 2123 1077 2161 Fam.

193 2187 232 2234 2,
257 2185 304 2234 7,
328 2186 377 2224 2:
428 2185 574 2223 Tecum
605 2184 793 2233 loquere,
828 2183 1012 2234 (Curio‚)
1046 2188 1082 2223 te

193 2247 338 2287 adhibe
384 2247 426 2286 in
469 2246 710 2295 eonsilium,
762 2249 799 2285 te
839 2246 962 2295 audi,
1010 2245 1082 2285 tibi

193 2310 443 2360 obtempera.
476 2311 647 2349 Seneca
668 2309 803 2360 Epist.
828 2309 903 2358 80,
929 2309 977 2348 9:
1009 2310 1081 2349 In-

194 2378 259 2413 tus
279 2377 315 2413 te
336 2374 421 2423 ipse
440 2373 683 2412 considera:
704 2383 830 2420 nime,
856 2372 995 2421 qualis
1009 2373 1078 2422 sis,

194 2437 288 2476 aliis
306 2436 453 2475 eredis.
481 2458 527 2463 —
561 2435 693 2474 alium
722 2434 921 2484 sapiente]
967 2435 1077 2487 Epp.

193 2501 233 2548 ⁶2,
261 2500 275 2538 l
299 2531 307 2548 ,
330 2498 432 2539 ⁶240:
481 2498 590 2537 alius
618 2498 812 2548 Lysippo.
858 2497 1000 2536 Varro
1031 2499 1078 2537 R.

195 2563 242 2602 R.
267 2561 306 2610 3,
328 2562 394 2611 ⁴6,
413 2561 490 2601 23:
526 2562 636 2610 quod
651 2565 709 2600 est
725 2561 843 2600 aliud
858 2561 975 2600 melle
992 2562 1078 2600 cet.

194 2625 353 2665 Brutus
385 2624 442 2664 ad
470 2624 710 2664 Antonium
749 2623 868 2676 apud
900 2625 989 2664 Cic.
1025 2624 1082 2664 ad

194 2688 314 2727 Fam.
340 2687 383 2726 ’Μ
407 2719 415 2736 ,
441 2688 489 2736 2,
520 2688 568 2727 2:
600 2698 674 2727 nec
705 2688 936 2737 quidquam
965 2688 1083 2728 aliud

194 2749 383 2789 libertate
411 2750 621 2789 commum·
654 2751 872 2800 quaesisse.
926 2752 1080 2791 Graeci

195 2805 342 2850 ἄλλον
371 2808 458 2852 τοῦ
490 2810 678 2862 σοφοῦ,
724 2814 773 2852 ut
810 2811 932 2852 Plato
963 2814 1077 2854 Men.

196 2884 239 2924 p.
264 2873 423 2913 88.B.:
464 2867 583 2914 ἄλλο
613 2872 901 2929 ἐπιστήμης.
939 2899 983 2905 ——
1016 2887 1083 2915 sa-

196 2947 298 2974 num
324 2940 512 2986 recteque
530 2938 750 2991 valentem]
784 2939 861 2978 Est
893 2938 1079 2979 formula

199 2997 418 3037 sermonis
446 2999 708 3048 quotidiani,
744 3000 1009 3050 oblitterata,
1035 3003 1083 3041 ut

197 3059 405 3108 vidimus,
429 3060 540 3111 Epp.
565 3062 603 3110 4,
627 3062 667 3111 7,
692 3062 730 3102 3.
754 3086 798 3091 —-
822 3063 1080 3115 Dissimules]

198 3123 292 3162 Hoc
321 3120 411 3161 volt
436 3122 616 3172 docere,
650 3124 832 3165 stultum
854 3138 970 3176 esse,
1005 3128 1081 3178 qui

199 3185 331 3225 animi
370 3183 576 3233 morbos,
625 3185 667 3225 id
709 3188 800 3235 est,
847 3189 950 3228 vitia
980 3189 1081 3229 ideo

199 3247 390 3289 maxime
423 3245 559 3296 celat,
594 3258 650 3287 ne
673 3249 950 3299 corrIgantur
971 3262 993 3290 a
1016 3262 1084 3292 sa—

198 3309 520 3361 pientioribus,
555 3320 748 3360 quorum
778 3313 942 3362 optima
975 3325 1083 3354 con—

201 3371 292 3411 silia
324 3372 363 3411 ei
393 3370 580 3412 molesta
613 3374 729 3412 sunt.
791 3374 874 3412 Pro
908 3374 1003 3425 ipsa
1033 3387 1081 3415 re

201 3434 351 3474 autem
373 3434 597 3486 duplicem
627 3435 752 3486 ponit
778 3435 1018 3486 imaginem
1041 3439 1085 3477 et

202 3494 341 3537 febris
382 3499 426 3537 et
462 3496 663 3537 ulcerum
697 3496 854 3537 stolide
886 3497 1083 3538 occulta-

354 3574 504 3610 HonA’r.
538 3584 630 3611 VOL.
663 3574 704 3610 ll.
760 3584 824 3610 nn.
856 3584 939 3610 MAt.
972 3574 1030 3610 lll.

1144 1116 1307 1153 torum.
1359 1117 1483 1154 «Neu
1512 1114 1619 1155 falso
1642 1116 1838 1167 quodam
1859 1117 2031 1167 pudore

1143 1176 1374 1225 inductus,
1409 1179 1592 1228 propter
1623 1177 1913 1218 multitudinis
1935 1181 2031 1231 opi*=

1144 1241 1324 1279 nionem
1356 1251 1407 1279 ac
1439 1241 1672 1289 iudicium,
1707 1253 1759 1280 ex
1789 1252 1877 1291 quo
1909 1244 2030 1282 recte

1143 1301 1289 1351 vales,
1324 1303 1444 1343 celes
1477 1303 1673 1343 subitam
1697 1303 1856 1343 febrim
1879 1316 2029 1345 coram

1144 1366 1341 1405 convivis
1372 1376 1558 1405 mensae
1589 1367 1692 1405 tuae
1723 1366 2032 1407 accumbenti-

1144 1428 1274 1468 bus.»
1314 1452 1359 1456 —
1393 1428 1564 1480 tremor]
1607 1429 1723 1467 Hora
1754 1440 1894 1478 nona,
1943 1441 2028 1481 qua

1143 1491 1284 1530 ferme
1317 1490 1592 1539 coenabant,
1641 1490 1791 1531 febres
1826 1492 2034 1542 ingrave-

1144 1563 1272 1592 scere
1295 1551 1454 1593 solent.
1472 1574 1516 1581 -
1536 1552 1685 1604 unctis]
1707 1554 1802 1593 iure
1822 1556 1865 1593 et
1882 1554 2027 1606 adipe.

1143 1616 1267 1656 Ovid.
1291 1617 1341 1656 A.
1366 1618 1413 1656 Α.
1440 1617 1487 1666 3,
1524 1618 1628 1656 755:
1663 1617 1799 1667 Carpe
1828 1618 1938 1658 cibos
1967 1620 2034 1658 di-

1110 1718 1111 1722 ,
1142 1679 1264 1730 qitis,·
1297 1683 1355 1718 est
1384 1680 1556 1729 quidam
1586 1684 1723 1731 {festus
1743 1682 1911 1720 edendi:
1945 1682 2031 1721 Ora

1142 1753 1216 1781 ozee
1259 1743 1477 1781 immunda
1521 1747 1610 1782 tota
1647 1754 1836 1795 perunqe
1883 1756 2028 1784 manu.

1144 1804 1461 1856 Compluribus
1491 1805 1696 1846 versibus
1735 1806 1853 1845 hunc
1883 1805 2033 1847 locum

1143 1868 1339 1908 imitatus
1371 1870 1439 1908 est
1468 1869 1646 1908 Persius
1677 1868 1726 1916 3,
1756 1869 1946 1910 88-4002.
1985 1893 2028 1897 —

1144 1931 1357 1983 incurata]
1407 1932 1541 1982 «quia
1571 1931 1749 1971 medico
1781 1943 1870 1971 non
1902 1942 2034 1972 mon—

1145 1997 1362 2043 strantur,
1409 1996 1503 2035 sine
1536 1995 1765 2035 curatione
1801 1998 2030 2035 manent.»

1148 2080 1193 2086 -
1221 2059 1363 2108 pudor
1396 2058 1549 2110 malus]
1590 2059 1639 2097 Α.
1672 2060 1717 2098 Ρ.
1756 2057 1831 2098 88:
1873 2059 2035 2108 pudens

1137 2133 1288 2171 prave.
1313 2122 1446 2160 Notat
1466 2121 1583 2161 hanc
1605 2117 1854 2161 δυσωπίαν
1876 2119 2032 2161 Celsus

1145 2184 1192 2233 3,
1224 2185 1271 2223 2:
1319 2185 1462 2234 Neque
1497 2184 1668 2224 dubium
1696 2188 1778 2233 est,
1828 2184 1929 2234 quin
1956 2184 2033 2223 viat

1144 2247 1392 2295 quisquam,
1439 2247 1512 2295 qui
1540 2258 1624 2286 non
1654 2247 2029 2295 dissimulavit,

1143 2310 1212 2349 sed
1248 2320 1330 2359 per
1373 2308 1667 2348 abstinentiam
1694 2313 1862 2349 mature
1889 2309 2034 2349 morbo

1144 2371 1352 2421 occurrit,
1386 2376 1584 2423 aeqrotet.

1199 2434 1377 2475 Q5-029.
1432 2434 1538 2474 bella
1576 2434 1650 2474 tibi
1689 2439 1805 2475 terra
1838 2441 2036 2487 pufflzata

1144 2499 1339 2547 marique
1357 2498 1497 2547 Dicat]
1530 2499 1664 2548 Iunge
1689 2497 1795 2537 bella
1815 2498 1887 2538 tibi
1911 2498 1947 2549 (a
1972 2499 2029 2549 te)

1140 2565 1334 2614 puqnata
1373 2560 1442 2612 (de
1475 2571 1564 2612 quo
1595 2561 1742 2601 dativo
1775 2561 1828 2601 cf.
1864 2562 1942 2601 Od.
1977 2564 2028 2609 2,

1146 2627 1192 2676 6,
1229 2626 1311 2676 Μ.)
1344 2637 1460 2665 non:
1511 2625 1583 2664 tibi
1623 2626 1736 2665 dicat
1773 2626 1891 2665 bella.
1956 2628 2033 2666 «Si

1146 2689 1245 2741 quis
1290 2698 1443 2728 coram
1480 2688 1523 2727 te
1563 2689 1787 2727 memoret
1831 2699 1904 2728 res
1936 2700 1960 2728 a
1990 2691 2033 2729 te

1144 2754 1265 2792 terra
1294 2751 1499 2802 marique
1532 2749 1601 2789 vel
1622 2752 1818 2801 Augusto
1846 2751 1941 2802 ipso
1963 2751 2034 2792 x‘el

1144 2816 1199 2855 M.
1233 2814 1426 2865 Agrippa
1462 2812 1576 2852 duce
1619 2815 1787 2863 gest-as,
1823 2815 1867 2853 et
1898 2815 2033 2855 nimia

1145 2875 1398 2916 adulatione
1428 2886 1538 2915 usus
1560 2875 1799 2927 subiungat
1820 2878 1953 2927 atque
1976 2878 2032 2917 ad

1146 2941 1188 2979 te
1227 2938 1420 2990 applicet
1455 2949 1613 2978 versus
1652 2949 1676 2977 a
1706 2939 1838 2978 Vario
1869 2940 1913 2978 in
1943 2940 2034 2978 Au-

1146 3002 1260 3053 gusti
1279 3000 1436 3041 laudes
1453 3011 1599 3052 nuper
1614 3001 1905 3052 compositos,
1921 3001 2034 3041 haec

1146 3064 1239 3104 fere
1272 3063 1428 3104 dicens
1449 3075 1456 3101 :
1493 3064 1606 3103 Cum
1631 3064 1761 3114 igitur
1781 3064 1929 3103 virum
1950 3063 2035 3103 for—

1146 3127 1369 3167 tissimum
1399 3128 1442 3165 te
1473 3126 1750 3177 praestiteris
1776 3127 1819 3165 et
1841 3127 1984 3165 civem
2009 3138 2031 3165 e

1145 3201 1195 3229 re
1226 3188 1426 3241 publica,
1459 3189 1659 3240 luppiter
1689 3190 1839 3228 servet
1869 3189 1911 3227 in
1943 3199 2035 3227 am-

1146 3252 1281 3303 biguo
1313 3254 1426 3291 cet.»
1489 3253 1585 3291 Non
1616 3252 1710 3291 sine
1742 3253 1835 3290 arte
1867 3251 1953 3298 sic,
1987 3252 2034 3288 ut

1148 3327 1229 3355 nos
1274 3315 1643 3367 interpretamur,
1686 3315 1776 3352 tres
1817 3323 1905 3351 una
1936 3311 2033 3351 lau-

1147 3377 1331 3426 dantur,
1366 3377 1568 3425 Quintius
1599 3376 1782 3426 propter
1812 3373 2034 3413 fortitudi—

1146 3451 1250 3479 nem
1282 3440 1326 3479 in
1347 3437 1474 3478 bellis
1498 3435 1858 3487 comprobatam,
1889 3438 2035 3486 Augu-

1148 3503 1241 3541 stus
1287 3501 1394 3549 dux,
1443 3500 1598 3538 Varius
1648 3500 1844 3548 Augusto
1877 3498 2034 3548 dignus

1650 3574 1694 3610 :34
