2231 3787
825 298 920 337 Lm.
958 299 987 336 1.
1053 298 1213 337 nrisr.
1250 300 1334 337 vn.
1894 297 1993 346 4-‹335

243 431 403 501 Spem
444 428 659 483 mentita
701 446 884 500 seges,
928 428 1026 481 bos
1066 436 1147 481 est
1185 436 1406 481 enectus
1446 429 1676 481 arando.

241 531 494 586 Offensus
535 531 743 583 damnis
782 530 959 584 media
999 530 1067 583 de
1107 538 1261 583 nootc
1301 529 1566 583 caballum

241 633 438 704 Arripit
476 633 754 704 iratusque
795 632 1023 704 Philippi
1063 631 1231 686 tondit
1269 631 1336 684 ad
1385 632 1567 686 aedes,

241 737 414 800 Quem
447 735 604 788 simul
633 735 878 805 adspexit
905 734 1156 788 scabrum
1189 735 1569 805 intonsumque
1598 734 1887 806 Philippus,
1929 739 1996 786 ill)

242 839 446 899 DuruS,
490 837 586 899 ait,
630 835 828 899 Voltei,
871 836 1029 889 nimis
1069 845 1410 908 attentusque
1450 836 1652 890 videris

243 940 375 992 Esse
416 938 558 991 mihi.
637 938 731 991 Pol
770 956 855 991 me
896 939 1182 1001 miserum,
1225 947 1476 1009 patrone,
1519 956 1767 999 vocares,

244 1042 298 1096 Si
335 1041 519 1103 velleS,
567 1041 755 1112 inquit,
801 1058 991 1094 verum
1032 1040 1159 1092 mihi
1200 1058 1405 1111 ponere
1453 1043 1671 1095 nomen!

243 1143 402 1210 Quod
442 1152 491 1197 te
530 1161 629 1215 per
668 1143 896 1197 Genium
938 1142 1291 1213 dextramque
1332 1142 1578 1214 deosque
1618 1146 1844 1198 Penates

244 1246 490 1301 Obsecro
529 1254 582 1300 et
620 1245 885 1306 obtestor,
928 1245 1067 1298 vitae
1108 1261 1194 1297 me
1235 1243 1403 1297 redde
1441 1245 1622 1315 priori.
1933 1250 2000 1299 95

282 1407 348 1446 93.
377 1407 555 1457 ponere]
586 1406 721 1445 dicere
749 1406 781 1445 E
817 1406 947 1456 (cum-
975 1404 1030 1455 gl.
1064 1405 1293 1454 imponere)
1327 1415 1370 1456 p,
1403 1403 1465 1459 [321
1502 1407 1570 1445 «et
1600 1405 1720 1455 alii,›>
1753 1409 1944 1448 Poitierii

227 1469 444 1522 plerique,
479 1470 584 1509 item
616 1469 785 1509 Veneta
818 1468 939 1509 4484.
977 1468 1040 1509 Cf.
1076 1470 1164 1508 Sat.
1197 1469 1237 1517 2,
1270 1469 1310 1516 ⁶2,
1344 1469 1411 1508 56.

175 1612 499 1651 «attenuatus»
526 1613 679 1651 Senon.
713 1613 847 1651 Poeta
871 1622 941 1662 ap.
966 1611 1057 1651 Cic.

173 1674 302 1713 Tusc.
338 1675 377 1722 4,
412 1675 458 1722 5,
493 1674 570 1713 4οτ
619 1678 782 1713 enectus
810 1674 878 1713 sili
912 1674 1063 1712 Tanta-

173 1736 249 1775 lus.
285 1735 347 1775 Cf.
374 1736 430 1776 ad
461 1737 546 1775 Att.
571 1736 617 1785 6,
645 1737 682 1785 4,
707 1737 746 1775 2.
778 1737 866 1775 Liv.
892 1736 959 1784 24,
984 1735 1057 1776 40:

171 1801 304 1852 fame,
326 1801 500 1851 friqore,
522 1799 677 1849 illuvie,
701 1800 898 1849 squalore
917 1799 1059 1838 enecti.

174 1862 244 1902 Sic
263 1863 306 1902 h.
325 1861 352 1902 l.
377 1862 518 1902 hoves
541 1863 642 1902 sunt
665 1864 849 1913 propter
870 1861 1061 1900 maciem

174 1926 308 1975 atque
328 1924 631 1964 infirmitatem
649 1925 773 1976 operi
794 1924 960 1964 rustico
983 1924 1063 1962 im-

173 1998 305 2039 pares
337 1986 452 2027 facti.
513 1985 593 2028 Alii
625 1986 899 2027 contendunt
927 1986 1062 2036 signi-

174 2050 298 2090 ficari
339 2050 525 2099 «boves,
573 2050 647 2100 qui
687 2051 863 2089 arantes
893 2050 937 2088 in
967 2049 1061 2099 ipso

176 2123 311 2164 opere
341 2112 506 2151 rustico
536 2113 698 2151 mortui
729 2111 1005 2151 conciderint
1024 2123 1060 2158 3»

174 2185 334 2213 verum
377 2174 463 2213 hoc
501 2174 686 2213 nimium
728 2174 919 2213 videtur.
973 2172 1060 2212 Cfr.

177 2236 388 2276 Priscian.
424 2236 472 2284 9,
507 2236 558 2285 6,
593 2235 659 2275 34.
698 2259 741 2263 —
777 2235 956 2286 arando]
990 2245 1064 2274 so-

176 2297 269 2338 lum
299 2308 502 2338 macrum
535 2299 579 2337 et
608 2296 875 2349 lapidosum.
906 2321 950 2326 —
982 2308 1067 2337 me-

178 2362 250 2401 dia
271 2362 318 2400 de
338 2362 468 2411 nocte]
503 2360 565 2400 Cf.
590 2361 699 2412 Epp.
727 2361 765 2409 4,
789 2361 829 2409 2,
855 2360 920 2399 32.
955 2361 1065 2399 Mat-

177 2425 295 2464 thiae
327 2423 384 2462 ad
415 2424 504 2463 Cic.
528 2434 609 2474 pro
641 2424 810 2463 Muren.
847 2422 885 2474 g.
912 2424 978 2462 ⁶22.
1016 2445 1059 2450 ——

177 2485 384 2537 scabrum]
433 2484 708 2536 «squalidum
747 2487 879 2536 atque
919 2486 1066 2536 impu-

178 2559 322 2587 rum.»
370 2548 439 2587 Sic
471 2548 648 2587 Luciani
678 2548 830 2587 Timon
864 2547 1064 2587 eiusdem

180 2621 232 2650 ac
262 2611 389 2650 Mena
419 2613 514 2650 tum
546 2611 817 2651 condicionis
849 2612 901 2650 7:
936 2622 1068 2650 πινα-

179 2669 263 2731 ρὸς
304 2668 417 2724 ὅλος
449 2674 531 2714 καὶ
562 2668 764 2727 αὐχμῶν
793 2674 876 2713 καὶ
907 2667 1067 2712 ὑποδί-

179 2735 378 2793 φθερος.
431 2760 475 2765 -
522 2737 745 2789 intonsum]
790 2737 840 2775 Et
883 2737 1067 2787 propter

179 2799 408 2838 avaritiam
439 2801 483 2838 et
511 2802 694 2852 propter
731 2798 930 2838 taedium
960 2797 1063 2837 infe-

179 2859 414 2901 licissimae
437 2862 728 2912 agriculturae
752 2871 932 2901 omnem
950 2861 1064 2899 vitae

183 2921 350 2962 cultum
379 2923 657 2974 neglexerat,
694 2923 823 2975 longe
855 2934 973 2963 nunc
1004 2923 1064 2962 di-

181 2994 340 3023 versus
370 2984 425 3023 ab
456 2984 552 3035 illo,
599 2987 674 3037 qui
717 2986 861 3026 fuerat
888 2987 1067 3026 tonsoris

182 3047 226 3084 in
254 3045 418 3085 umbra.
472 3047 682 3087 Ceterum
712 3048 865 3089 similis
897 3050 963 3089 est
981 3049 1066 3088 Xe-

183 3108 420 3160 nophontis
452 3109 506 3148 de
530 3110 745 3150 Pheraula
767 3112 958 3151 narratio
982 3112 1067 3162 Cy-

182 3181 278 3221 rop.
313 3169 357 3219 8,
392 3169 440 3219 3,
475 3170 525 3210 35
556 3182 656 3222 sqq.
698 3196 741 3200 —
783 3174 929 3213 Durus
959 3174 1062 3226 cet]

181 3233 291 3284 Epp.
326 3233 375 3281 4,
408 3233 480 3281 46,
513 3233 592 3272 70:
640 3235 727 3274 sine
756 3240 908 3284 pascat
937 3237 1067 3276 durus

183 3298 369 3343 aretque.
404 3296 571 3346 «Prope
602 3296 732 3336 nimis
752 3295 998 3338 laboriosus
1021 3299 1066 3337 et

183 3361 364 3397 attentus
381 3359 544 3397 adrem
565 3359 752 3409 (Terent.
768 3359 848 3398 Ad.
867 3361 907 3409 5,
931 3360 970 3408 8,
994 3360 1060 3399 34.

186 3419 275 3459 Cic.
321 3430 403 3470 pro
449 3420 490 3459 S.
533 3421 690 3460 Roscio
727 3422 824 3460 Am.
870 3421 945 3469 45,
979 3421 1059 3461 44:

184 3481 284 3520 haec
313 3485 471 3521 attenta
490 3483 580 3521 vita
599 3486 635 3522 et
653 3483 931 3534 rusticana),
963 3481 1063 3536 γλί-

186 3554 379 3600 σχρος.»
411 3545 497 3584 Sat.
520 3545 567 3593 2,
592 3545 639 3593 6,
662 3544 735 3584 82:
768 3544 898 3594 Asper
926 3549 963 3585 et
993 3549 1065 3585 at-

331 3621 482 3657 HonA'r.
510 3631 600 3658 vor..
629 3622 672 3656 ΙΙ.
726 3631 791 3658 Eu.
821 3631 904 3658 ΜΑι.
935 3622 996 3658 111.

1124 1614 1258 1649 tentus
1287 1611 1496 1660 quaesitis.
1532 1635 1577 1639 --
1606 1612 1692 1663 Pol]
1726 1615 1836 1653 «Per
1865 1614 2007 1654 Pollu-

1126 1684 1269 1712 cem.»
1329 1675 1393 1713 De
1437 1673 1504 1712 his
1535 1674 1794 1715 iuramentis
1825 1675 2004 1727 (edepol,

1124 1740 1306 1784 ecastor,
1324 1736 1535 1785 mehercle)
1556 1736 1609 1776 cf.
1626 1738 1870 1778 Varronem
1889 1741 2006 1790 apud

1126 1797 1230 1837 Gell.
1268 1800 1339 1847 44,
1374 1799 1412 1838 6.
1452 1820 1495 1826 —-
1538 1810 1684 1838 verum
1712 1801 1812 1839 mihi
1834 1804 2006 1855 ponere]

1124 1860 1204 1901 Alii
1234 1862 1369 1900 dicere
1400 1873 1422 1901 e
1445 1860 1732 1912 glossemate.
1767 1863 1830 1903 Cf.
1855 1866 1943 1904 sat.
1969 1867 2008 1914 4,

1125 1925 1172 1974 3,
1196 1924 1262 1965 42.
1296 1925 1342 1973 2,
1377 1924 1425 1973 3,
1459 1924 1524 1964 48.
1581 1926 1791 1965 Ceterum
1822 1938 1911 1967 non
1943 1931 2010 1968 est

1126 1988 1310 2026 imitatio
1355 1987 1574 2038 Euripidis
1616 1987 1754 2039 Iphig.
1802 1989 1845 2028 in
1880 1991 2008 2030 Taur.

1126 2048 1229 2088 499:
1264 2049 1341 2088 ΙΦ.
1366 2049 1453 2089 Σοὶ
1473 2048 1510 2088 δ’
1538 2043 1697 2102 ὄνομα
1719 2055 1860 2090 ποῖον
1880 2046 2010 2092 ἔθεθ’

1128 2107 1154 2150 ὁ
1195 2108 1433 2165 γεννήσας
1474 2110 1661 2170 πατήρ,·
1707 2113 1792 2153 ΟΡ.
1827 2111 1893 2154 Τὸ
1922 2114 2013 2168 μὲν

1126 2172 1313 2214 δίκαιον
1357 2172 1609 2226 δυστυχεῖς
1647 2172 1904 2233 κεκλῄμεθ’
1935 2172 2011 2218 ἄν.

1183 2237 1331 2277 94-98.
1375 2239 1492 2288 Quod
1521 2243 1558 2278 te
1588 2240 1690 2291 cet]
1723 2241 1842 2280 Haec
1874 2244 1942 2282 est
1971 2243 2015 2282 in

1129 2298 1384 2349 quotidiano
1430 2311 1609 2350 quoque
1648 2312 1858 2342 sermone
1889 2303 2015 2343 solita

1129 2363 1437 2401 obtestationis
1459 2362 1660 2401 formula.
1681 2365 1857 2404 Terent.
1875 2365 2012 2406 Andr.

1130 2425 1145 2464 4
1173 2456 1180 2473 ,
1215 2426 1261 2473 5,
1295 2424 1370 2464 54:
1406 2425 1523 2472 Quod
1551 2428 1589 2463 te
1618 2436 1690 2476 eqo
1713 2436 1793 2475 per
1821 2427 2018 2467 dextram

1128 2486 1235 2525 hano
1264 2496 1352 2524 oro.
1385 2485 1503 2536 Virg.
1536 2487 1644 2526 Aen.
1678 2488 1727 2537 2,
1761 2487 1864 2531 144:
1899 2492 2018 2540 Quod

1129 2552 1166 2586 te
1179 2557 1260 2596 per
1280 2558 1451 2596 superos
1470 2570 1493 2576 —
1513 2572 1537 2578 -
1559 2561 1647 2588 oro.
1683 2550 1730 2599 6,
1755 2551 1834 2591 363
1856 2564 1863 2591 :
1898 2554 2016 2603 Quod

1130 2613 1167 2649 te
1202 2621 1282 2660 per
1311 2611 1416 2650 caeli
1445 2612 1674 2652 iucundum
1707 2614 1845 2654 lumen
1874 2620 1911 2656 et
1941 2628 2017 2656 au-

1128 2684 1223 2722 ras,
1267 2674 1346 2712 Per
1386 2674 1615 2724 ¹qemitorem
1659 2686 1760 2725 oro,
1803 2688 1884 2726 per
1925 2690 2017 2728 spes

1128 2736 1334 2786 surqentis
1374 2736 1468 2775 Iuli.
1531 2736 1601 2776 Sil.
1647 2736 1739 2777 Ital.
1788 2739 1861 2789 43,
1903 2739 2011 2780 463:

1131 2799 1249 2848 Quod
1278 2803 1315 2838 te
1339 2810 1418 2848 per
1446 2801 1577 2839 nostri
1602 2801 1756 2840 Martis
1773 2813 1929 2851 precor
1947 2815 2016 2843 ae—

1129 2861 1244 2900 mula
1272 2862 1390 2912 faeta
1420 2864 1504 2901 cet.
1553 2863 1630 2902 Est
1658 2863 1891 2905 relativum
1921 2866 2015 2906 infi-

1128 2924 1294 2973 nitum,
1330 2921 1508 2973 «ὂιότι,
1539 2928 1724 2978 propter
1744 2927 1908 2978 quod.»
1941 2930 2016 2970 Mi-

1128 2998 1211 3026 nus
1260 2989 1382 3027 recte
1435 2987 1503 3027 alii
1552 2989 1854 3030 inversionem
1913 3003 2012 3032 esse

1128 3048 1308 3088 dicunt:
1350 3050 1462 3089 vitae
1496 3062 1561 3090 me
1588 3053 1712 3091 redde
1738 3053 1894 3103 priori,
1939 3053 2009 3104 (id)

1128 3113 1238 3161 quod
1257 3116 1295 3151 te
1305 3135 1324 3141 -
1334 3113 1512 3153 obsecro.
1531 3135 1574 3141 -
1586 3125 1667 3163 per
1677 3115 1865 3167 Genium]
1881 3116 1971 3155 Con
1980 3116 2006 3155 f.

1127 3175 1237 3226 Epp.
1262 3176 1310 3223 2,
1346 3176 1362 3214 4
1384 3207 1392 3224 ,
1427 3175 1521 3216 ¹144.
1545 3199 1588 3205 -
1613 3177 1902 3228 dextramque]
1925 3179 2010 3216 Per

1127 3236 1331 3277 dextram
1380 3240 1530 3277 autem
1582 3238 1697 3289 (fidei
1744 3235 2007 3291 σύμβολον)

1126 3299 1338 3350 frequens
1359 3299 1612 3340 obtestatio.
1648 3301 1735 3341 Cic.
1764 3311 1845 3352 pro
1866 3300 2007 3340 Deiot.

1126 3362 1176 3410 3,
1209 3363 1262 3400 8:
1307 3363 1386 3401 Per
1428 3363 1645 3402 dexteram
1687 3367 1724 3402 te
1761 3364 1888 3401 istam
1917 3374 2005 3410 oro,

1126 3435 1253 3474 quam
1293 3425 1385 3475 re9i
1426 3425 1628 3464 Deiotaro
1677 3424 1820 3473 hospes
1860 3424 2009 3474 hospiti

1118 3487 1364 3536 porrexisti.
1393 3509 1438 3515 —
1471 3487 1644 3536 deosque
1665 3486 1848 3538 Penates]
1880 3486 2003 3526 Conf.

1124 3548 1212 3589 sat.
1246 3549 1297 3596 2,
1330 3548 1374 3596 3,
1410 3548 1502 3586 476.
1549 3569 1592 3575 -
1636 3548 1834 3588 Obsecror
1872 3553 1909 3588 et
1939 3548 2006 3587 ob-

1646 3623 1691 3660 30
