2231 3787
851 243 946 282 ΗΒ.
982 243 1030 281 11.
1093 243 1204 281 SAT.
1240 243 1344 281 Vlll.

273 372 578 425 Sensimus.
623 372 891 442 erigimur.

270 473 434 526 Filius
475 474 786 526 humaturus
826 473 1051 535 obisset,
1096 472 1240 527 llere.

268 575 435 634 Finis,
479 576 529 628 ni
573 579 789 646 sapiens
829 576 905 629 sic
944 577 1306 629 Nomentanus
1347 575 1576 628 amicum

1900 239 2004 291 359

964 373 1126 425 Rul'us
1166 373 1338 442 posito
1380 372 1577 442 capite,
1626 380 1680 424 ut
1719 373 1760 424 si

1321 474 1452 538 Quis
1494 483 1638 527 esset

1946 578 2011 627 (30

268 675 520 730 Tolleret:
563 678 708 736 Heu,
753 681 1010 737 Fortuna,
1053 677 1174 747 quis
1216 685 1297 730 est
1336 676 1606 730 crudelior
1648 677 1696 729 in
1740 696 1835 729 nos

267 780 337 831 Te
379 778 551 831 deus?
591 778 654 832 Ut
693 795 908 849 semper
947 778 1151 849 gaudes
1194 777 1416 832 illudere
1458 778 1621 832 rebus

274 879 555 932 Humanis}
599 879 784 931 Varius
823 896 1016 949 mappa
1056 896 1406 950 compescere
1448 880 1613 933 risum

270 981 361 1033 Vix
402 990 624 1052 poterat.

270 1084 413 1136 llaec
455 1092 536 1136 est
575 1082 819 1136 condicio
866 1082 1099 1139 vivendi,

699 980 907 1033 Balatro
948 981 1286 1051 suspendens
1326 982 1500 1034 oinuia
1545 999 1700 1036 naso,

1144 1082 1343 1143 aiebat,
1388 1101 1564 1154 eoque
1942 1085 2008 1135 653

266 1186 611 1255 Responsura
650 1194 739 1237 tuo
780 1201 1053 1255 nunquam
1095 1192 1175 1237 est
1213 1201 1310 1254 par
1348 1185 1485 1236 l'ama
1528 1184 1713 1237 labori.

250 1334 333 1373 1³31.
375 1357 418 1362 —-
452 1335 637 1373 remittat
668 1334 751 1380 hc,
788 1334 894 1374 Cod.
931 1335 1133 1384 Franeq.,
1170 1336 1202 1373 t:
1236 1335 1407 1373 remittit
1439 1345 1660 1385 superscr.
1682 1346 1708 1373 a
1739 1336 1787 1377 S,
1825 1336 1961 1374 remit-

248 1397 296 1436 tit
325 1407 368 1448 p,
404 1397 511 1437 Cod.
536 1396 687 1437 Bland.
711 1398 1053 1446 vetustissimus,
1088 1397 1170 1445 LC,
1202 1396 1439 1440 Bentleius.
1476 1398 1557 1436 ΓΜ.
1587 1419 1630 1424 -
1654 1396 1720 1436 ¹0¹4.
1753 1398 1899 1448 gravis
1920 1409 1957 1435 c.

253 1481 295 1486 —-
331 1458 396 1499 64.
427 1460 562 1509 potuit
593 1470 816 1511 superscr.
843 1463 1011 1509 poterat
1041 1460 1082 1498 S.
1121 1483 1165 1488 —-
1200 1459 1266 1498 66.
1300 1470 1516 1508 nunquam
1542 1470 1627 1508 par
1657 1471 1694 1499 c.

193 1598 448 1639 defunditur
478 1609 531 1638 ex
552 1609 655 1638 orca
687 1599 938 1649 Byzantia.»
991 1598 1074 1638 Ve-

195 1673 295 1703 rum
325 1663 542 1703 utrumvis
573 1663 764 1702 otiosum
796 1665 929 1702 esset.

248 1725 396 1767 54-64.
434 1727 610 1778 Interea]
635 1728 748 1766 Seite
772 1726 948 1767 duobus
968 1737 1072 1766 ver-

193 1787 318 1828 sibus
348 1789 514 1828 heroici
546 1789 642 1829 soni
674 1799 780 1828 usus
812 1790 880 1828 est
916 1789 958 1827 in
999 1799 1072 1827 ar-

197 1853 407 1901 gumento
438 1851 635 1891 ridiculo.
664 1873 710 1878 —
744 1849 910 1901 aulaea]
943 1862 1073 1906 περι-

194 1909 492 1964 ursianam.
555 1913 617 1953 Cf.
657 1913 735 1953 Od.
774 1912 820 1961 3,
867 1913 943 1961 29,
993 1912 1068 1953 44:

188 1986 427 2025 pauperum
445 1976 602 2015 Coenae
616 1975 702 2014 sine
718 1975 878 2014 aulaeis
891 1979 929 2014 et
943 1979 1067 2015 ostro.

194 2037 508 2077 «Consuetudo
549 2037 668 2089 apud
713 2038 918 2089 antiquos
964 2038 1068 2087 fuit,

192 2102 240 2139 ut
269 2099 420 2139 aulaea
453 2100 534 2140 sub
566 2111 768 2140 cameras
806 2101 1067 2150 tenderent,

194 2164 264 2209 ut,
310 2162 481 2212 siquid
526 2161 720 2213 pulveris
761 2163 965 2211 caderet,
1013 2162 1069 2202 ab

193 2224 298 2274 ipsis
320 2225 643 2275 exciperetur.»
689 2226 842 2264 Pomm.
890 2226 1069 2265 Servius

193 2285 247 2325 ad
277 2288 385 2325 Aen.
413 2287 456 2333 ’1,
491 2286 591 2325 701;
641 2287 734 2326 Ideo
764 2287 890 2326 etiam
918 2288 962 2326 in
996 2289 1072 2326 do-

191 2347 325 2386 mibus
353 2347 625 2387 tendebantur
654 2348 832 2397 aulaea,
866 2353 911 2387 ul
934 2349 1073 2388 inilla-

192 2411 249 2449 τέο
278 2410 550 2449 tentoriorum
575 2412 716 2461 fieret:
739 2432 762 2438 -
784 2433 807 2439 -
826 2412 934 2450 unde
963 2416 1001 2450 et
1028 2412 1070 2451 in

193 2472 389 2511 thalamis
416 2473 490 2511 hoc
516 2473 608 2523 fieri
636 2472 835 2522 hodieque
863 2474 1071 2522 conspici-

193 2544 296 2574 mus.
363 2535 496 2573 Varro
526 2538 662 2574 tamen
693 2534 791 2573 dicit
817 2535 912 2574 vela
940 2536 1070 2576 solere

191 2597 382 2647 suspendi
411 2597 467 2636 ad
504 2598 794 2647 eaecipiendum
826 2597 1065 2647 pulverem,

191 2660 300 2699 unde
339 2659 560 2698 Horatius:
607 2661 779 2700 Interea
825 2661 908 2700 cet.
979 2660 1064 2701 Csr.

191 2723 483 2762 Wiistemann
499 2722 686 2761 Scaurus
706 2733 748 2774 p.
772 2723 866 2763 256.
899 2724 1069 2764 Becker

193 2784 337 2824 Gallus
377 2783 461 2835 (ed.
495 2783 585 2834 alt.)
624 2785 676 2824 ΙΙ.
710 2795 753 2836 p.
788 2785 881 2825 ⁴75.
931 2784 1068 2825 Aliter

194 2845 375 2896 quidem
405 2846 513 2894 Fea,
555 2846 636 2886 sed
666 2849 816 2886 contra
847 2858 918 2887 vv.
949 2845 1064 2887 clara

191 2907 340 2946 ruinas
367 2908 411 2946 in
442 2908 639 2957 patinam
670 2909 726 2959 (in
764 2919 850 2960 qua
887 2908 1068 2949 natabat

194 2969 386 3019 pretiosa
414 2967 484 3008 illa
515 2970 740 3021 muraena)
768 2971 920 3021 fecere:
961 2973 1068 3012 «Ca-

195 3029 391 3077 dendo,»
435 3031 599 3081 inquit,
646 3043 695 3071 «e
736 3033 929 3083 pariete,
976 3044 1064 3084 quo

194 3102 409 3143 suspensa
451 3094 598 3141 erant,
640 3104 729 3134 non
767 3105 903 3146 super
935 3106 1066 3135 men-

194 3165 313 3203 sam,
359 3155 588 3193 traxerunt
630 3157 935 3197 tantummodo
965 3157 1066 3210 pul-

191 3228 346 3257 verem
377 3217 420 3255 in
450 3217 668 3267 patinam,
712 3220 761 3256 ut
800 3218 902 3258 nihil
945 3222 1065 3260 esset

192 3278 375 3331 periculi
404 3278 646 3318 convivis.»
677 3279 740 3318 De
766 3279 951 3321 triclinio
973 3282 1065 3333 qui-

194 3340 298 3381 dem
327 3340 398 3381 illo
426 3341 621 3381 Atestino
652 3340 926 3381 Furlanettus
955 3342 1060 3382 ital.

195 3402 240 3441 l.:
286 3402 333 3443 «e
363 3407 501 3452 questo
531 3402 832 3453 fiancheqyiato
860 3407 964 3443 tutto
993 3405 1062 3444 all'

195 3466 356 3506 intorno
377 3467 432 3506 da
450 3466 670 3517 maqnt‘fico
693 3465 956 3517 padiylione,
989 3478 1065 3507 con

1134 1599 1301 1649 frausne
1320 1599 1484 1638 cadenti
1503 1599 1592 1638 sino
1612 1610 1640 1637 a
1660 1602 1818 1638 terra.»
1871 1600 2017 1650 (Athe—

1137 1672 1275 1700 naeus
1316 1660 1364 1709 4,
1407 1661 1474 1700 29.
1519 1661 1573 1700 de
1615 1659 1875 1712 Cleopatrae
1911 1673 2014 1702 cum

1135 1724 1324 1763 Antonio
1347 1723 1569 1763 convivio:
1604 1716 1732 1775 ἦσαν
1752 1724 1834 1762 καὶ
1855 1724 1905 1763 οἱ
1923 1726 2017 1763 τοῖ-

1135 1797 1216 1832 χοι
1247 1779 1505 1842 ἁλουργέσι
1535 1785 1613 1824 καὶ
1637 1783 1918 1842 διαχρύσοις
1938 1786 2017 1839 ἑμ-

1136 1850 1485 1899 πεῑτετασμὲνοι
1519 1841 1680 1897 ὕφεσι..
1729 1848 1887 1896 Quidni
1908 1861 2015 1889 vero

1135 1911 1364 1961 utriusque
1397 1911 1572 1961 generis
1595 1910 1760 1951 aulaeis
1790 1911 2014 1951 interdum

1136 1973 1202 2012 usi
1243 1973 1329 2013 sint
1369 1974 1580 2024 antiquiP)
1624 1997 1668 2001 -
1711 1974 1848 2012 maius
1876 1973 2012 2025 veriti]

1137 2035 1336 2074 «ruinam
1359 2034 1518 2075 domus
1540 2036 1837 2075 metuentes.»
1871 2036 2010 2076 Comi.

1136 2098 1266 2144 Caco.
1312 2121 1356 2125 —
1389 2098 1605 2149 eriytmur]
1642 2099 1864 2137 «animum
1898 2099 2015 2137 reei-

1135 2161 1324 2211 pimus.»
1349 2183 1392 2188 —
1412 2161 1555 2212 Rufus]
1581 2160 1889 2206 «Nasidienusz
1919 2162 2016 2200 erat

1136 2224 1254 2262 enim
1292 2222 1571 2263 binominis.»
1625 2224 1764 2263 Comi.
1798 2224 1927 2270 Cimo.
1966 2245 2010 2251 —

1133 2286 1265 2334 posito
1295 2286 1442 2335 eapite]
1477 2285 1744 2325 «demisso»
1779 2307 1825 2313 —
1860 2286 2014 2324 innna-

1135 2348 1267 2399 turus]
1302 2349 1401 2398 «qui
1434 2347 1633 2386 nondum
1665 2350 1864 2387 maturus
1896 2350 2015 2387 esset

1136 2411 1310 2448 morti.»
1362 2408 1515 2448 Tibull.
1555 2410 1603 2457 2,
1643 2409 1692 2456 6,
1733 2409 1810 2447 ⁶29:
1860 2410 2009 2458 Parce,

1128 2483 1208 2522 per
1246 2473 1476 2511 immatura
1514 2475 1610 2511 tuae
1643 2482 1796 2521 precor
1824 2482 1917 2510 ossa
1944 2482 2013 2511 so-

1133 2535 1256 2574 roris.
1294 2557 1338 2564 ——
1385 2533 1566 2585 Tolleret]
1612 2535 1860 2573 «maestum
1901 2544 2011 2574 con—

1132 2596 1298 2637 solatus
1341 2598 1520 2644 esset;»
1567 2606 1634 2647 pr.
1674 2595 1729 2635 de
1775 2606 1854 2644 eo,
1901 2596 2005 2647 qui,

1133 2670 1236 2699 cum
1266 2659 1387 2698 humi
1417 2657 1625 2710 procidit,
1674 2657 1729 2697 ab
1762 2656 1844 2697 alio
1877 2658 2008 2708 erigi-

1131 2724 1216 2761 tur.
1268 2722 1477 2761 Ceterum
1507 2719 1766 2772 imperfecta
1790 2721 1902 2759 coni.
1927 2731 2009 2771 pro

1130 2783 1481 2836 plusquampers.
1513 2793 1648 2835 saepe
1691 2783 1754 2823 sic
1785 2792 2010 2833 usurpan-

1130 2849 1221 2896 tur,
1268 2846 1342 2885 ubi
1387 2847 1430 2885 in
1469 2846 1615 2897 ipsum
1655 2844 1758 2885 illud
1802 2847 2004 2896 tempus,

1130 2920 1218 2961 quo
1240 2908 1345 2960 quid
1376 2908 1540 2948 factum
1563 2909 1651 2954 est,
1683 2907 1920 2947 revertitur
1940 2917 2010 2946 se-

1130 2983 1242 3023 que,
1275 2974 1323 3011 ut
1352 2972 1410 3011 ita
1431 2971 1599 3018 dicam,
1633 2970 1879 3021 transponit
1900 2969 2010 3008 scri-

1127 3036 1242 3086 ptor.
1303 3031 1514 3083 Exempla
1545 3030 1717 3083 collegit
1758 3031 2007 3081 Heusinger

1126 3096 1186 3139 ad
1218 3096 1307 3136 Cic.
1333 3094 1387 3134 de
1419 3094 1499 3134 Off.
1524 3093 1564 3143 3,
1588 3094 1654 3142 49,
1679 3093 1719 3133 2.
1756 3113 1800 3120 —
1835 3091 2006 3142 mappa]

1127 3158 1222 3198 Vid.
1242 3159 1328 3198 Sat.
1348 3159 1389 3206 2,
1408 3156 1449 3206 4,
1468 3157 1534 3196 84.
1558 3177 1602 3184 —
1623 3154 1889 3206 compescere]
1913 3165 2008 3193 «re-

1127 3222 1313 3270 tinere,»
1331 3231 1432 3267 non,
1452 3221 1500 3259 ut
1514 3217 1583 3258 alii
1599 3216 1764 3265 volunt,
1787 3215 2002 3256 «celarem

1131 3307 1175 3312 —
1217 3283 1464 3333 suspendens
1502 3281 1643 3321 omnia
1678 3279 1792 3331 naso]
1830 3277 2003 3317 «omnia

1126 3345 1361 3386 irridens.»
1399 3345 1538 3385 Comi.
1573 3343 1703 3388 CRUQ.
1747 3339 1939 3380 Cfr.Sat..
1962 3339 1999 3386 l,

1127 3407 1174 3455 6,
1208 3408 1253 3447 5:
1286 3417 1390 3446 naso
1419 3405 1630 3455 suspendis
1658 3403 1835 3442 adunco.

1182 3469 1327 3508 66-76.
1379 3467 1462 3517 tuo]
1507 3467 1652 3506 «certa
1691 3474 1883 3516 persona
1920 3473 2000 3516 pro
