2231 3787
869 264 966 302 ΜΒ.
1001 264 1049 302 11.
1093 263 1256 304 Erisr.
1291 266 1339 304 11.
1923 264 2023 315 (347

266 396 433 448 Nemo
475 394 577 449 hoe
618 412 940 467 mangonum
981 396 1181 448 faceret
1219 394 1336 459 tibi,
1378 411 1484 448 non
1526 404 1727 449 temere
1769 415 1798 449 a
1836 414 1920 450 me

267 497 453 561 Quivis
493 497 655 551 ferret
694 497 853 551 idem.
930 496 1109 551 Semel
1148 496 1234 550 hic
1273 498 1505 550 cessavit
1542 506 1614 560 et,
1658 506 1714 550 ut
1750 497 1830 558 fit,

265 601 321 651 In
362 599 520 653 scalis
560 599 711 653 latuit
747 607 993 654 metuens
1032 599 1317 671 pendentis
1355 598 1627 653 habenae:
1668 632 1739 639 —
1957 601 2021 653 115

263 702 371 754 Des
409 719 682 763 nummOS‚
727 711 953 774 excepta
992 701 1121 755 nihil
1157 711 1208 755 te
1249 702 1293 755 si
1332 701 1456 774 fuga
1493 701 1697 766 laedat3

261 802 352 856 Ille
391 803 526 857 ferat
562 804 796 875 pretium
835 821 1044 875 poenae
1083 822 1338 868 securUS,
1381 804 1588 876 opinor.

260 905 504 960 Prudens
544 906 719 959 emisti
758 905 1036 969 vitiosum,
1078 906 1220 961 dicta
1260 905 1350 960 tibi
1392 915 1474 960 est
1514 906 1625 960 lex:

298 1065 363 1104 213.
397 1066 527 1105 Nemo
556 1077 814 1117 manyonum
843 1066 918 1105 hoe
948 1065 989 1104 d.
1025 1088 1069 1093 —
1105 1067 1170 1105 45.
1204 1065 1432 1116 frendentis
1461 1067 1671 1107 Schmidii
1708 1068 1877 1107 tertius.
1917 1091 1960 1096 —

242 1128 306 1167 46.
331 1129 435 1168 ledet
454 1130 501 1177 E,
527 1129 655 1169 laedit
674 1140 777 1169 cum
799 1129 1106 1180 antiquissimo
1127 1128 1356 1170 Blandinio
1380 1133 1424 1171 et
1454 1141 1541 1170 uno
1565 1141 1588 1169 e
1611 1131 1702 1170 suis
1723 1129 1960 1170 Bentleius.

245 1213 289 1218 —
326 1192 391 1230 47.
424 1192 527 1242 feret
558 1193 605 1232 C.
641 1193 705 1243 (Ut
735 1203 831 1241 nos,
866 1190 1017 1239 bScd.)
1053 1213 1099 1219 ——
1136 1192 1200 1232 48.
1236 1193 1307 1232 tibi
1337 1194 1406 1233 lea)
1434 1193 1507 1241 bc,
1541 1193 1613 1232 tibi
1642 1193 1710 1232 lea:
1739 1197 1795 1232 est
1826 1193 1868 1232 d.

184 1335 281 1364 rem
303 1324 480 1374 faciunt,
498 1325 746 1365 minuunt.»
772 1326 911 1365 Coim.
933 1326 1065 1370 CRL'Q.
1099 1329 1103 1378 ,Ι
1135 1324 1209 1364 lita
1240 1324 1426 1365 latebra.
1481 1326 1569 1365 Cic.
1602 1336 1682 1376 pro
1713 1324 1797 1364 Mil.
1830 1326 1903 1372 ³15,
1938 1325 2008 1364 40:

187 1411 231 1416 —
264 1388 502 1440 &trudet-e]
536 1399 708 1439 «quam
738 1389 956 1440 primum,
1000 1389 1068 1427 in-
1098 1420 1102 1452 Ι
1133 1400 1228 1428 eum
1256 1400 1296 1428 se
1324 1390 1392 1428 ille
1424 1387 1631 1439 (Clodius)
1662 1389 1826 1439 fugiens
1854 1388 1897 1427 in
1923 1399 2018 1427 sca-

182 1451 361 1490 terdum
393 1462 494 1490 cum
527 1450 673 1503 aliqua
714 1452 907 1500 iactura,
954 1463 1067 1491 ven-
1098 1457 1101 1493 ,ὲ
1133 1452 1273 1491 laram
1313 1452 1494 1491 latebras
1533 1452 1765 1491 abdidisset.
1828 1450 2014 1503 Philipp.

182 1514 290 1553 dere
323 1516 456 1564 atque
487 1512 742 1563 alienare,»
777 1514 868 1554 fere
891 1516 939 1552 ut
967 1525 1062 1562 nos,
1096 1503 1101 1568 f
1132 1515 1178 1563 Ξ,
1212 1514 1259 1562 9,
1303 1515 1380 1553 211:
1428 1514 1508 1553 nisi
1546 1515 1615 1553 ille
1656 1512 1864 1565 (Clodius)
1904 1525 1945 1553 se
1976 1515 2017 1553 in

181 1577 290 1615 scine
336 1577 524 1616 ll'aaren
564 1577 808 1617 vertreiben.
868 1576 1066 1616 Aliorum
1131 1577 1270 1616 scalas
1301 1577 1500 1617 tabernae
1529 1577 1734 1616 librariae
1763 1577 2012 1616 coniecisset.

181 1639 399 1678 excludere
428 1650 453 1678 a
476 1639 671 1689 Cruquio
703 1638 940 1679 defensum
972 1642 1015 1678 et
1042 1650 1064 1677 a
1096 1631 1099 1692 ξ
1135 1663 1179 1667 -
1206 1640 1425 1689 pendentis
1453 1639 1649 1689 habenae]
1683 1639 1870 1678 «Servos
1910 1650 2015 1678 suos

181 1701 504 1752 Cuninghamio
527 1704 761 1754 receptum
784 1701 1066 1742 consuetudi-
1096 1695 1098 1704 '
1132 1702 1346 1752 (Romani)
1389 1702 1445 1741 ad
1486 1702 1650 1753 gradus
1690 1701 1878 1740 habenis
1909 1701 1934 1739 i.
1972 1712 2010 1741 e.

179 1765 222 1803 ni
254 1765 432 1804 Latinae
464 1768 698 1816 repugnat.
740 1787 785 1793 -
828 1775 918 1804 meo
939 1786 1000 1792 --
1024 1765 1065 1804 in
1094 1786 1097 1828 4
1129 1763 1232 1803 loris
1263 1763 1418 1815 ligatos
1442 1763 1745 1815 flagellabant,
1780 1763 1947 1803 idcirco
1970 1764 2013 1802 in

179 1826 289 1878 aere]
324 1838 527 1879 «pauper
568 1827 750 1878 quidem
781 1838 903 1875 sum,
951 1818 1064 1866 atta—
1094 1830 1097 1883 ξ
1130 1827 1279 1866 media
1317 1828 1450 1867 domo
1483 1839 1506 1866 a
1539 1826 1751 1877 gradibus
1788 1825 1843 1864 ad
1882 1826 2014 1864 timo-

178 1900 283 1930 men
328 1890 372 1929 in
403 1901 507 1930 aere
527 1886 687 1930 'alieno
718 1889 860 1938 nullo,
909 1889 990 1930 sed
1020 1891 1062 1930 in
1093 1886 1097 1923 l
1128 1901 1227 1929 rem
1258 1891 1400 1930 servis
1446 1889 1754 1929 incutiendum
1805 1887 2011 1927 habenae

178 1963 302 2000 meo,
336 1955 384 1993 ut
415 1952 519 1993 nulli
550 1953 797 2005 quidquam
822 1952 1060 1993 debeam.»
1127 1953 1431 2004 pendebant.»
1485 1954 1625 1993 Comi.
1652 1952 1784 1997 CRL‘Q.
1837 1953 1929 1990 Nec
1951 1953 2013 1989 ta-

179 2015 270 2055 Cic.
294 2016 420 2055 Verr.
444 2018 605 2056 Aecus.
625 2016 665 2064 4,
685 2017 724 2065 6,
752 2017 822 2055 411:
846 2016 1063 2055 Hominem
1092 2047 1095 2066 ,
1129 2026 1235 2055 men
1278 2018 1516 2068 propterea
1557 2025 1658 2054 cum
1706 2014 1867 2053 eodem
1912 2014 2013 2053 iun·-

176 2079 293 2117 vc'deo
324 2090 407 2118 non
436 2080 557 2118 modo
585 2079 631 2118 in
651 2090 749 2118 aere
769 2079 905 2118 alieno
930 2079 1060 2129 nullo,
1091 2076 1095 2146 ;
1128 2078 1326 2129 gendum
1363 2081 1451 2119 est:
1499 2078 1682 2117 habenae
1713 2077 1932 2127 pendentis
1970 2077 2009 2115 in

176 2141 246 2180 sed
274 2141 324 2180 in
360 2142 467 2180 suis
504 2142 720 2181 nummis
749 2141 890 2180 multis
910 2152 992 2180 esse
1012 2152 1062 2180 ae
1127 2141 1264 2180 scalis.
1315 2140 1516 2180 Afferunt
1547 2139 1710 2191 Ulpian.
1742 2141 1787 2179 L.
1815 2141 1852 2179 l.
1877 2139 1916 2189 S.
1941 2139 2007 2178 53.

175 2215 335 2254 semper
352 2204 492 2255 faisse.
517 2228 562 2234 -
585 2203 857 2256 mangyonam]
879 2205 925 2243 V.
946 2216 1064 2243 man-
1091 2153 1095 2251 Ι
1129 2203 1184 2242 de
1217 2204 1296 2242 SC.
1331 2202 1462 2242 Silan.
1481 2215 1488 2241 :
1521 2202 1757 2252 [inpuberes
1775 2224 1797 2230 —
1818 2224 1841 2230 —
1861 2201 2011 2240 terreri

174 2279 249 2320 90,
296 2279 320 2306 a
362 2278 519 2319 graeca
552 2279 661 2307 voce
690 2265 966 2320 μα’γγανον,
1015 2268 1061 2306 ut
1091 2254 1094 2323 Ι
1127 2270 1290 2305 tantam
1327 2266 1454 2305 solent
1491 2269 1528 2304 et
1570 2265 1732 2303 habena
1768 2264 1833 2303 vel
1872 2264 2012 2314 ferula

175 2343 247 2370 vv.
272 2331 471 2382 elogium,
503 2342 678 2382 9errae,
711 2330 928 2380 strophae,
961 2330 1062 2369 dieis
1092 2332 1093 2353 l
1127 2329 1257 2368 caedi.
1310 2328 1434 2368 ovid.
1474 2329 1575 2367 Her.
1615 2328 1657 2375 9,
1704 2327 1779 2367 81;
1830 2328 2010 2366 senticae

175 2404 306 2433 causa
336 2392 535 2444 aliaque,
568 2393 745 2433 xffdetur
776 2404 830 2433 ex
862 2393 910 2433 iis
932 2403 1061 2432 voca·
1091 2408 1093 2450 3
1127 2392 1392 2442 tremefactus
1433 2391 1614 2430 habenis,
1667 2411 1710 2417 —
1758 2391 1841 2429 Des
1885 2401 2009 2428 num-

175 2454 290 2495 bulis
322 2467 445 2505 esse,
484 2467 599 2506 quae
632 2456 771 2496 Latini
801 2458 974 2495 mature
1007 2467 1060 2495 ex
1091 2451 1094 2520 J
1126 2465 1215 2494 mos
1245 2454 1347 2506 cet.]
1386 2455 1462 2494 Est
1491 2449 1729 2503 ἀπόδοσις
1758 2464 1830 2491 vv.
1867 2453 1913 2501 2,
1957 2452 2004 2491 3:

174 2520 330 2569 Magna
347 2520 529 2559 Graecia
549 2521 593 2559 et
609 2518 751 2558 Sicilia
768 2521 923 2558 mutuo
941 2529 1062 2558 sum-
1091 2522 1093 2554 ὲ
1126 2518 1172 2557 Si
1212 2518 1303 2567 (sicis
1322 2540 1339 2545 -
1368 2521 1544 2556 -tecum
1580 2517 1637 2555 sie
1677 2519 1792 2567 assat.
1859 2514 2007 2554 Verba

174 2583 374 2632 pserunt.
416 2604 460 2609 -
505 2583 662 2633 faceret
701 2581 786 2633 tibi]
832 2582 893 2621 Ex
933 2580 1059 2621 solito
1090 2558 1094 2645 ξ
1126 2583 1255 2633 igitur
1285 2584 1387 2622 sunt
1409 2582 1573 2621 Horatii
1594 2581 1650 2620 ad
1674 2579 1864 2627 Florum,
1899 2591 2006 2628 non,

174 2646 476 2684 mercatorum
521 2655 676 2684 more:
725 2646 808 2683 «ut
852 2643 930 2683 tibi
967 2646 1058 2684 tam
1090 2647 1093 2664 ·‘
1126 2648 1174 2685 ut
1204 2644 1274 2684 alii
1296 2645 1554 2696 opinantur,
1587 2644 1818 2693 mangonis
1837 2642 1894 2681 ad
1916 2653 2010 2681 em-

175 2707 332 2757 exiguo
363 2708 505 2759 pretio
536 2706 764 2762 servulum
786 2709 877 2746 tam
899 2706 1061 2746 formo·
1090 2717 1093 2766 ξ
1126 2710 1318 2759 ptorem.
1367 2707 1524 2745 «Emas
1556 2716 1660 2744 eum
1690 2704 1814 2751 licet,
1849 2706 1885 2744 si
1906 2704 2006 2754 fuga

174 2779 275 2809 sum
305 2780 357 2808 ac
387 2768 615 2809 sollertem
634 2769 910 2816 senderet3»
943 2780 1055 2809 non:
1088 2769 1092 2832 ,³
1126 2781 1150 2809 a
1181 2780 1422 2820 mangone,
1455 2770 1504 2806 ut
1532 2767 1797 2807 venditionis
1820 2764 2005 2806 formula

175 2834 249 2871 «ut
273 2831 527 2872 tibivitium
547 2832 949 2879 serviindicaret;»
972 2832 1058 2871 hoe
1088 2834 1091 2870 Ξ
1126 2833 1278 2883 exigit,
1330 2834 1505 2880 excepta
1557 2829 1624 2881 (id
1671 2831 1762 2876 est,
1814 2828 2004 2867 indicata

175 2895 292 2934 enim
315 2905 560 2945 mangones
581 2894 676 2946 lege
699 2894 984 2934 iubebantur.
1007 2916 1053 2922 —
1087 2883 1091 2937 ἶ
1123 2896 1202 2935 tibi
1243 2898 1285 2935 et
1325 2895 1524 2946 opposita
1558 2895 1683 2945 pueri
1721 2892 1890 2932 formae
1921 2891 2006 2931 bo-

172 2968 256 2996 non·
285 2957 447 3009 temere]
482 2957 545 2998 Cf.
570 2959 678 3010 Epp.
703 2960 749 3007 2,
776 2959 791 2997 4
813 2990 821 3007 ,
847 2958 940 2997 420.
1087 2940 1091 3003 l
1123 2959 1280 3008 nisque
1297 2955 1481 3006 artibus)
1500 2958 1542 2996 te
1567 2956 1746 2995 minime
1764 2953 2003 2994 offendat.»

232 3019 377 3060 lli-116.
420 3021 607 3073 cessavit]
642 3022 710 3060 «in
749 3020 894 3060 officio
925 3031 1056 3060 exse-
1086 3008 1090 3063 l
1123 3020 1219 3059 vid.
1253 3020 1310 3059 ad
1340 3020 1426 3058 Sat.
1464 3020 1513 3066 ⁶2,
1561 3019 1606 3066 3,
1652 3018 1756 3057 a85:
1803 3021 2001 3065 mentem,

175 3082 356 3133 quendo
396 3081 493 3122 leve
536 3082 773 3135 aliquando
817 3086 1056 3135 peccatum
1086 3106 1089 3127 ;
1121 3084 1201 3122 nisi
1231 3083 1453 3134 litigiosus,
1488 3082 1764 3130 Eoeeiperet
1795 3080 2000 3126 dominas,

174 3145 438 3184 commisit.»
475 3144 542 3184 Ad
563 3145 930 3196 significationem
951 3146 1054 3185 huic
1085 3132 1089 3214 f
1121 3157 1215 3184 eum
1242 3146 1447 3185 venderet.

172 3207 270 3247 loco
312 3208 461 3258 aptam
491 3218 533 3246 v,
566 3219 728 3247 cessare
764 3218 845 3258 pro
886 3207 1088 3265 «delui-f
1178 3208 1325 3247 ‘li-22.
1363 3218 1522 3257 poenae
1549 3206 1730 3257 securus]
1767 3216 1880 3244 «non
1922 3215 2001 3242 cu-

174 3281 338 3320 quere,
377 3270 602 3321 sauvmselttq
630 3271 764 3319 seim»
798 3270 852 3310 cf.
884 3272 970 3310 Sat.
1006 3271 1050 3317 2,
1084 3272 1087 3310 ἒ
1121 3281 1224 3310 rans
1246 3271 1468 3310 actionem
1498 3267 1859 3310 redhibitoriam,
1894 3276 2003 3315 quo-

173 3333 220 3380 7,
255 3333 348 3372 400.
380 3335 430 3372 A.
456 3334 500 3372 P.
526 3333 628 3372 357:
664 3333 735 3382 qai
763 3332 939 3371 multum
965 3343 1053 3371 ces-
1083 3314 1087 3366 ἶ
1121 3333 1239 3373 niam
1271 3333 1416 3384 sugam
1448 3331 1662 3382 excepit„
1700 3350 1743 3357 -
1780 3329 1892 3367 αἰσία
1929 3327 2001 3366 tibi

173 3399 262 3444 sat,
306 3397 354 3446 fit
397 3395 609 3435 Choerilus
652 3395 731 3434 ille.
785 3393 959 3442 Quintil.
1005 3396 1049 3444 4,
1119 3400 1176 3436 est
1204 3395 1286 3447 lex]
1321 3396 1530 3446 «Propter
1561 3393 1644 3431 hoc
1676 3393 1845 3442 ipsum,
1880 3389 1999 3440 quod

176 3457 252 3504 40,
287 3456 333 3497 4:
360 3458 535 3509 perfecti
566 3459 674 3497 illius
703 3469 756 3497 ea:
787 3457 903 3496 nulla
925 3462 1052 3508 parte
1118 3458 1316 3511 prudens
1338 3460 1402 3497 .et
1446 3457 1593 3497 sciens
1638 3453 1780 3493 emisti
1828 3453 1999 3492 manci—

174 3520 369 3560 cessantis
400 3520 629 3571 (oratoris).
659 3544 702 3548 -
734 3522 782 3560 In
812 3521 949 3572 scalis]
983 3532 1051 3560 so·
1118 3522 1241 3572 pium
1263 3520 1492 3567 vitiosum,
1526 3517 1808 3569 praefinitum
1831 3514 2001 3556 esttibi
