2231 3787
187 265 288 316 468
790 263 1002 303 iioaATu
1033 262 1286 302 Erisrom
1298 262 1407 303 mm

756 680 1199 731 EPISTULA
1240 679 1440 729 vn:-

258 806 414 862 Celso
455 802 692 875 gaudere
737 808 790 854 et
827 800 968 853 bene
1008 816 1123 852 rem
1161 815 1353 870 gerere
1392 797 1727 852 Albinovano

258 909 408 960 Musa
446 911 631 976 rogata
667 902 831 963 refer,
874 901 1054 955 comiti
1094 900 1418 971 scribaeque
1458 901 1704 955 Neronis.

257 1010 309 1062 Si
343 1014 592 1079 quaeret,
636 1003 767 1076 quid
802 1020 982 1074 agam,
1026 1002 1113 1056 dic
1140 1001 1304 1055 multa
1327 1010 1379 1055 et
1398 1001 1622 1073 pulchra
1648 1002 1939 1057 minantem

292 1175 372 1214 EP.
407 1173 514 1212 VIII.
562 1171 600 1211 3.
636 1171 801 1221 quaerit
830 1169 919 1209 bcd
946 1172 990 1208 et
1020 1167 1275 1220 complures
1305 1170 1440 1219 Feae,
1474 1180 1562 1209 non
1590 1170 1652 1209 SE
1673 1180 1820 1220 neque
1842 1170 1959 1210 hanc

242 1237 481 1277 lectionem
512 1246 566 1274 ex
595 1233 683 1274 ullo
715 1244 900 1274 suorum
931 1231 1059 1272 affert
1087 1232 1337 1272 Pottierius.
1372 1231 1460 1272 Cfr.
1484 1231 1540 1271 ad
1559 1232 1670 1284 Epp.
1696 1233 1735 1282 4,
1759 1233 1798 1281 7,
1824 1232 1890 1272 49.

265 1377 372 1417 VIII.
447 1377 510 1416 De
569 1377 660 1415 toto
717 1375 804 1414 hoc
855 1372 1065 1425 Epistolio
1130 1383 1240 1424 pero
1297 1373 1545 1424 Interprete
1600 1383 1694 1412 von
1739 1372 2011 1423 Albinovano,

182 1441 345 1492 script-o
384 1450 422 1480 a.
464 1451 508 1478 u.
543 1449 580 1478 c.
614 1437 708 1478 734.
755 1437 833 1477 cfr.
880 1436 1067 1476 Iacobsii
1133 1434 1253 1484 quod
1296 1434 1401 1475 nihil
1446 1434 1541 1483 est'3
1588 1435 1669 1475 sed
1717 1435 1915 1486 videtur,
1966 1437 2016 1476 ut

182 1503 321 1542 Lectt.
354 1502 519 1540 Venus.
554 1510 653 1552 pag.
689 1498 782 1539 335.
844 1498 970 1538 Idem
1001 1499 1068 1537 est
1133 1497 1287 1536 Tullius
1315 1498 1621 1547 Albinovanus,
1650 1499 1882 1538 Postumius
1907 1498 2017 1537 Albi-

182 1564 359 1612 Celsus‚
391 1564 515 1603 cuius
537 1562 811 1602 mentionem
832 1561 935 1600 facit
954 1561 1063 1611 Epp.
1097 1590 1100 1618 Ι
1129 1571 1322 1599 uovanus
1364 1570 1416 1599 ac
1455 1559 1612 1601 similia
1652 1559 1841 1612 (Antias,
1881 1560 2015 1599 Sora-

181 1628 196 1665 -1
220 1659 227 1675 ,
262 1627 310 1669 3,
338 1627 427 1673 45,
461 1625 537 1663 ubi
566 1623 682 1663 vide.
746 1621 900 1661 «Illam
931 1633 1068 1671 quam
1097 1623 1101 1660 Ι
1129 1632 1223 1670 nus,
1246 1621 1441 1670 Sabinus,
1463 1621 1698 1673 Hirpinus),
1722 1622 1842 1672 quod
1864 1622 2016 1662 dicunt

181 1690 336 1740 putant
356 1686 758 1738 reprehensionem
780 1684 967 1724 fortasse
990 1683 1070 1722 ini-
1097 1661 1100 1732 Ι
1132 1693 1372 1734 agnomen,
1405 1684 1455 1722 ut
1483 1685 1649 1735 pariter
1679 1685 1747 1724 est
1770 1685 1814 1724 in
1834 1684 2014 1724 nomine

180 1751 336 1801 quiore
386 1748 566 1789 Celsum
609 1747 761 1787 tulisse
806 1747 952 1786 animo
983 1757 1068 1786 nec
1129 1746 1299 1786 Pedonis
1346 1745 1608 1786 Albinovani.
1667 1768 1711 1774 —
1762 1747 2015 1799 scribaeque]

181 1814 339 1864 corrigi
371 1823 418 1852 se
451 1822 598 1861 neque
624 1809 853 1849 emendari
882 1819 1066 1860 passum
1131 1808 1207 1848 His
1226 1819 1298 1847 w.
1324 1808 1364 1847 ei
1395 1807 1639 1859 gratulatur
1668 1820 1830 1849 munus
1859 1810 2014 1860 utique

181 1887 305 1923 esse,
368 1874 588 1913 offensum
644 1872 842 1919 medico,
904 1871 1066 1909 iratum
1130 1869 1447 1919 honorificum,
1482 1871 1601 1922 quod
1630 1870 1761 1922 paulo
1789 1873 1890 1911 ante
1912 1872 2017 1911 ade-

180 1938 323 1977 amico
338 1952 356 1971 n
402 1936 623 1974 finxerunt
663 1934 934 1984 Interpretes
965 1943 1066 1971 mo-
1129 1934 1231 1983 ptus
1263 1934 1380 1981 erat,
1414 1944 1561 1984 neque
1584 1944 1718 1983 vero,
1751 1935 1800 1973 ut
1829 1933 1923 1974 aliis
1953 1935 2017 1974 vi-

179 2003 283 2042 rosi.
319 2003 496 2052 «Itaque
519 1998 711 2044 denuo,»
743 1997 898 2047 inquit,
935 2006 1065 2035 «eum
1131 2004 1232 2034 sum
1262 1996 1349 2042 est,
1385 2005 1489 2033 eum
1520 1994 1706 2035 deridet.
1757 1997 1837 2044 Qui
1867 1996 2018 2036 huius-

180 2063 456 2116 aggreditur,
501 2062 605 2100 vitia
650 2060 781 2099 amici
811 2059 1062 2108 incessens,
1096 2055 1100 2108 Ι
1130 2056 1253 2095 modi
1273 2056 1444 2096 cohorti
1469 2057 1716 2097 amicorum
1735 2058 2015 2109 proconsulis

180 2126 456 2173 iactantiam,
490 2133 752 2175 perversam
781 2120 957 2160 vivendi
992 2131 1066 2159 ra-
1130 2118 1200 2158 vel
1221 2119 1346 2159 ducis
1368 2120 1591 2170 aggregati
1614 2121 1762 2170 erant,
1790 2121 2016 2162 interdum

179 2190 372 2237 tionem,
418 2185 553 2226 animi
583 2184 889 2235 agitationem,
925 2182 1066 2222 obsti-
1131 2180 1462 2220 adhibebantur
1491 2181 1547 2221 ad
1570 2181 1778 2234 epistolas
1798 2183 2015 2235 imprimis

178 2251 426 2298 nationem,
473 2246 836 2293 inconstantiam,
870 2243 1066 2285 insolen-
1131 2254 1317 2283 arcanas
1359 2245 1402 2283 et
1440 2245 1652 2295 gravioris
1682 2246 1932 2295 argumenti
1962 2257 2016 2285 ex

178 2315 331 2353 tiam.»
388 2310 522 2350 Addit
578 2308 715 2349 alius:
770 2310 885 2348 «Nec
929 2308 1067 2359 spirat
1096 2319 1098 2323 ’
1132 2304 1245 2346 illius
1288 2306 1497 2346 mandato
1537 2307 1911 2357 conscribendas,
1958 2308 2014 2348 ad

178 2377 291 2416 haec
311 2372 507 2426 Epistola
527 2371 648 2412 illum
667 2381 867 2411 amorem
888 2371 930 2410 et
950 2369 1066 2410 mol-‘
1095 2326 1099 2426 Ι
1133 2367 1412 2419 quotidianas
1440 2380 1548 2409 vero
1580 2370 1698 2409 servi
1725 2368 1796 2410 vel
1826 2369 1984 2410 liberti.

177 2438 310 2479 liores
340 2436 435 2476 illos
459 2435 593 2475 animi
620 2444 801 2483 sensus,
836 2444 947 2485 quos
967 2444 1069 2485 pas-
1096 2427 1100 2459 ¹
1188 2432 1279 2472 3-6.
1326 2433 1372 2471 Si
1403 2436 1574 2482 quaeret
1603 2432 1707 2484 cet.]
1759 2433 1889 2473 ovid,
1913 2435 2011 2474 Am.

180 2503 265 2542 sim
304 2499 508 2539 Horatius
548 2508 652 2548 erga
685 2495 791 2535 alios
824 2496 992 2535 amicos
1022 2495 1068 2533 in
1096 2462 1100 2536 i
1133 2495 1179 2543 4,
1214 2495 1285 2543 Μ,
1319 2494 1397 2534 43:
1435 2495 1482 2534 Si
1511 2498 1709 2545 quaeret,
1742 2496 1843 2543 quid
1871 2507 2012 2548 aqam,

180 2559 453 2602 carminibus
499 2559 589 2599 suis
632 2558 893 2609 expressit.»
946 2557 1066 2604 Quae
1098 2542 1102 2635 j
1132 2568 1200 2606 spe
1238 2557 1370 2596 noctis
1403 2558 1541 2596 vivere
1582 2558 1701 2596 dices,
1738 2577 1781 2584 —
1817 2559 1882 2598 dio
1911 2560 2015 2612 cet]

181 2626 328 2665 omnia
372 2622 501 2662 nimis
545 2631 703 2661 severa
733 2622 776 2659 et
806 2620 1069 2670 exaggerata
1098 2637 1101 2688 Ι
1132 2618 1266 2659 Multa
1295 2620 1381 2658 iam
1414 2630 1518 2659 cum
1538 2618 1832 2659 familiaritate
1860 2622 1905 2660 et
1931 2621 2016 2661 be-

181 2687 433 2736 eodemque
487 2685 692 2735 tempore
736 2682 840 2722 satis
884 2679 1068 2721 ridicula
1133 2681 1384 2721 nevolentia
1428 2680 1556 2721 Celso
1600 2684 1741 2721 totum
1785 2683 1919 2722 animi
1948 2684 2016 2723 sui

182 2750 310 2790 nobis
338 2747 562 2787 videntur.

241 2813 278 2851 i.
313 2812 352 2850 Ξ.
389 2810 501 2850 Celso
530 2808 716 2859 qaudere
745 2807 848 2859 cet.]
898 2804 1064 2854 «Refer,

182 2873 307 2913 Musa
339 2883 361 2910 a
392 2882 465 2910 me
494 2872 668 2921 rogata,
704 2868 832 2909 Celso
855 2868 941 2919 (me
964 2877 1068 2906 eum

182 2933 352 2984 iubere)
386 2934 569 2989 χαίρειν
598 2932 679 2971 καὶ
711 2924 764 2971 εὖ
802 2926 1066 2987 πράττειν.»
1131 2929 1221 2969 lem
1243 2928 1468 2979 quandam
1487 2931 1649 2971 mentis
1671 2931 2011 2982 aegritudinem,

185 2994 340 3036 Celsus
398 2995 527 3045 igitur
581 2992 792 3034 salutarat
841 2992 1069 3031 Horatium
1133 3001 1220 3042 qua
1255 3001 1304 3030 se
1341 3002 1458 3031 nunc
1499 2992 1683 3042 quidem
1712 2992 1903 3034 liberare
1933 3005 2016 3034 ne-

187 3057 451 3109 (quomodo,
498 3055 796 3107 ignoramus),
844 3054 915 3092 hic
958 3052 1071 3092 ami-
1135 3054 1295 3104 queat;
1319 3068 1337 3088 »
1375 3064 1400 3093 a
1431 3054 1592 3105 quIbus
1628 3055 1810 3106 quidem
1837 3056 2012 3106 verbis,

186 3131 287 3160 cum
309 3119 549 3165 iuniorem,
583 3117 666 3157 sibi
695 3126 848 3156 carum
871 3116 914 3154 et
934 3124 1070 3164 quem
1133 3116 1182 3153 ut
1215 3114 1327 3155 solet
1364 3115 1461 3155 fieri
1505 3127 1530 3156 a
1560 3116 1890 3158 melancholicis
1920 3119 2015 3159 sive

186 3182 334 3232 magni
364 3181 550 3227 faceret,
592 3177 832 3225 resalutat,
874 3177 1067 3225 Musam,
1134 3177 1553 3229 hypochondriacis,
1582 3189 1669 3218 non
1690 3190 1875 3231 prorsus
1887 3179 2017 3220 abest

186 3246 272 3284 hoc
309 3245 360 3282 ut
389 3241 583 3282 officium
614 3240 847 3290 suscipiat,
891 3249 1066 3290 rogans.
1136 3241 1415 3290 exaggeratio
1446 3239 1673 3280 nonnulla.
1728 3239 1835 3292 («Er
1861 3242 2017 3291 spricht

188 3308 300 3346 Cum
335 3304 531 3344 Laudino
572 3301 642 3342 alii
673 3300 919 3352 explicant:
968 3313 1071 3341 «ro-
1133 3314 1214 3342 von
1242 3303 1355 3342 einer
1378 3303 1704 3354 Verstimmunq,
1738 3303 1802 3342 die
1830 3303 1891 3343 bei
1914 3315 2016 3344 san-

186 3367 302 3419 9ata]
326 3377 350 3405 a
373 3364 500 3406 Celso
521 3377 529 3413 3
548 3379 567 3399 »
599 3373 759 3403 verum
789 3363 874 3402 hoc
895 3364 937 3402 in
967 3367 1072 3414 poe-
1133 3365 1371 3415 quinischen
1389 3366 1581 3405 Naturen
1599 3365 1831 3414 uberhaupt
1847 3366 1934 3405 und
1954 3365 2016 3406 bei

187 3432 257 3469 tae
280 3427 429 3468 verbis
459 3438 547 3467 non
576 3426 703 3466 inest.
732 3445 776 3453 —
800 3425 1069 3475 Albinovano]
1134 3426 1293 3466 solchen
1314 3427 1587 3476 Gemuthern,
1616 3427 1696 3466 wie
1723 3427 1806 3466 wir
1835 3427 1910 3466 das
1927 3427 2015 3466 Ho-

188 3489 282 3530 Noli
321 3489 582 3529 Germanice
627 3487 804 3527 vertere
846 3497 948 3526 cum
986 3498 1071 3527 nu-
1133 3488 1321 3528 razische
1362 3489 1548 3538 hermen,
1606 3499 1687 3539 yar
1733 3488 1849 3528 keine
1887 3499 2014 3541 unqe-

1134 2745 1299 2783 statum
1329 2744 1495 2795 aperit:
1543 2753 1617 2782 «se
1649 2743 1732 2784 sibi
1763 2743 2012 2796 displicere,

1132 2816 1222 2845 non
1251 2806 1434 2857 propter
1464 2815 1621 2845 causas
1652 2805 1852 2846 fortuitas
1881 2809 2015 2858 atque

1133 2869 1363 2917 externas,
1410 2867 1491 2907 sed
1519 2870 1704 2920 propter
1732 2868 2017 2920 inexplicabi-
