2231 3787
868 235 962 272 Lm.
1000 234 1047 272 ll.

1109 234 1219 273 sAT.
1255 235 1321 273 Ill.

1904 239 2002 291 273

261 365 508 418 Absentis
549 382 709 417 ranae
750 363 908 435 pullis
948 364 1092 416 vituli
1134 365 1273 435 pede
1314 367 1541 436 pressis,

262 468 407 522 Unus
447 466 537 520 ubi
578 466 784 537 effugit,
828 466 978 519 matri
1017 465 1293 526 denarrat,
1336 476 1393 520 ut
1430 468 1616 539 ingens

262 569 427 622 Belua
467 577 721 639 cognatos
762 568 976 622 eliserit.

1901 474 2001 526 3155

1056 567 1147 621 Illa
1186 585 1401 639 rogare:

264 671 584 735 Quantane‘?
623 689 748 723 num
790 678 1015 730 tantuin,
1059 669 1278 723 sufflans
1318 689 1399 734 se,
1444 690 1634 743 magna
1674 675 1896 729 l'uisset'?

264 773 430 825 Maior
467 771 705 826 dimidio.

781 774 917 825 Num
958 773 1201 825 tantum?
1241 773 1374 827 Cum
1413 775 1581 845 magis
1622 784 1781 847 atque

264 875 333 928 Se
375 875 542 945 magis
583 874 818 929 inflaret.
861 876 1000 933 Non,
1044 875 1087 928 si
1128 884 1176 928 te
1218 876 1453 946 ruperis,
1497 877 1688 948 inquit,

267 979 365 1029 Par
404 977 527 1031 eriS.

604 977 750 1030 Haec
790 994 819 1028 a
859 985 909 1029 te
949 994 1052 1029 non
1094 976 1316 1030 multum
1356 978 1560 1031 abludit
1599 980 1789 1052 imago,

1904 984 2005 1035 3020

264 1078 414 1132 Adde
455 1085 703 1150 poemata
742 1095 906 1139 nunc,
950 1078 1050 1132 hoc
1091 1088 1191 1138 est,
1235 1079 1414 1133 oleum
1453 1081 1592 1135 adde
1624 1084 1859 1146 camino;

302 1230 394 1269 317.
428 1231 594 1269 tandem
624 1229 762 1281 bScp,
812 1230 1008 1281 quinque
1040 1231 1252 1279 potuerit,
1298 1232 1391 1270 LtF.
1420 1232 1599 1282 (tantum
1630 1237 1954 1277 vetustissimus

248 1292 498 1333 Blandinius
529 1304 630 1333 cum
662 1295 889 1343 Tonsano,
930 1306 989 1342 φ,
1023 1291 1223 1344 plerique
1256 1294 1470 1343 Pottierii,
1513 1296 1576 1344 C.)
1618 1320 1661 1323 —
1698 1308 1738 1336 se
1774 1299 1950 1350 inflans,

245 1357 302 1394 sic
333 1367 489 1407 magyna
522 1357 615 1395 LtF.
664 1357 727 1406 (Ut
763 1367 866 1404 nos,
907 1366 1064 1396 omnes
1095 1357 1232 1396 nostri
1269 1368 1320 1396 ac
1352 1358 1575 1406 Potticrii.)
1615 1381 1660 1387 —
1704 1360 1796 1401 318.
1830 1364 1954 1402 climi—

247 1419 334 1470 dto]
374 1419 581 1468 pernimio
625 1418 805 1458 Bentleii
851 1418 984 1458 dubia
1030 1420 1237 1470 suspicio.
1276 1443 1318 1447 —
1353 1425 1468 1459 tanto
1506 1421 1739 1473 bScp‚Ltl⁴‘.
1775 1424 1952 1475 (tantum

251 1482 497 1532 Cruquius‚
530 1494 620 1534 γφ,
654 1480 875 1522 Bentleius
907 1484 951 1521 et
981 1482 1052 1533 M.)

192 1599 386 1648 dimidio,
419 1609 554 1649 quam
585 1600 646 1647 tu,
680 1599 755 1638 suit
791 1598 923 1639 belua
954 1598 1066 1639 illa.»

193 1661 311 1713 <Pulli
354 1664 502 1702 autem
548 1674 814 1714 responsum
863 1665 945 1704 etsi
984 1664 1068 1703 mi—

192 1736 290 1765 rum
317 1725 514 1773 videtur,
553 1724 736 1765 fabellae
768 1728 985 1780 Aesopiae
1016 1725 1069 1765 li-

191 1790 360 1829 centiae
404 1789 536 1829 tribui
580 1789 739 1838 debet;
798 1789 1067 1830 ranunculus

191 1854 309 1893 enim
326 1853 470 1894 omnis
487 1863 724 1892 mensurae
745 1864 929 1904 prorsus
950 1854 1068 1904 igna-

189 1927 264 1955 rus
308 1917 413 1955 satis
457 1915 593 1955 habet
636 1916 720 1956 hoc
765 1916 1063 1968 respondere:

188 1980 329 2018 Maior
370 1979 539 2017 dimidio
584 1979 663 2018 fuit
714 1978 858 2018 belua.
941 1979 1064 2018 Conf.

190 2042 319 2081 ctiam
353 2041 441 2081 Cic.
475 2052 518 2091 p.
543 2040 695 2081 Flacco
717 2042 789 2090 ΞΟ,
823 2041 904 2081 4-6;
937 2041 1069 2080 Habe-

190 2104 259 2142 bat
287 2105 424 2143 rhetor
462 2105 536 2143 iste
565 2104 836 2144 adolescentes
867 2105 1067 2154 quosdam

189 2166 424 2215 locupletes,
455 2177 555 2215 quos
575 2167 745 2205 dimidio
765 2167 952 2206 redderet
969 2167 1068 2205 stul-

188 2228 334 2275 tiores,
367 2238 495 2275 quam
515 2229 765 2280 acceperat.)
814 2230 953 2268 Mater
972 2240 1068 2267 rur-

189 2302 264 2331 sus
306 2302 353 2329 se
393 2291 576 2330 sufflans
617 2291 879 2341 interrogat:
931 2293 1067 2330 «Num

188 2358 350 2392 tantum
385 2364 540 2403 magna
580 2352 680 2397 suit,
728 2355 942 2403 quantum
984 2364 1066 2403 ego

188 2415 297 2454 facta
344 2426 461 2454 nunc
507 2416 672 2454 sunm»
718 2426 903 2466 sperans
947 2426 1065 2454 nunc

188 2478 368 2529 quidem
400 2476 567 2529 pullum
589 2480 951 2517 asseveraturum
974 2489 1066 2517 ma-

188 2542 266 2581 tris
305 2542 520 2579 staturam
558 2539 748 2581 eandem
787 2551 887 2580 esse
919 2551 970 2579 ac
999 2541 1066 2579 vi-

187 2603 263 2643 tuli
311 2606 355 2643 et
398 2603 584 2642 fortasse
626 2604 858 2642 maiorem.
932 2605 987 2643 At
1030 2605 1064 2643 is

188 2677 350 2717 negare
372 2665 528 2717 pergit.
590 2665 690 2705 Cum
711 2668 946 2716 propterea
969 2677 1065 2705 ma-

187 2730 250 2780 yis
287 2733 411 2776 alque
449 2729 532 2767 cet.
594 2729 743 2767 Lectio
783 2732 921 2778 tanto,
969 2731 1062 2768 orta

188 2802 241 2830 ex
271 2789 375 2830 falsa
407 2789 818 2830 accommodatione
849 2790 905 2830 ad
935 2802 977 2831 ν.
1007 2792 1067 2830 di-

187 2853 334 2900 midio,
366 2851 434 2891 vel
456 2851 556 2891 ideo
578 2852 834 2902 reficienda,
859 2854 977 2904 quod
997 2865 1066 2893 ra-

189 2925 293 2960 nae,
318 2925 431 2964 quae
453 2913 672 2954 sufflando
690 2925 738 2954 se
757 2915 878 2955 vituli
900 2917 1065 2967 magni-

189 2975 386 3015 tudinem
414 2976 501 3014 iam
529 2979 783 3016 assecutam
811 2989 859 3018 se
889 2981 1059 3030 sperat,

187 3048 345 3089 parum
386 3038 590 3076 convenit
620 3049 862 3089 quaerere,
897 3044 1062 3092 quanto

188 3100 328 3140 maior
348 3097 508 3137 vitulus
530 3100 621 3149 ipsa
644 3100 786 3141 fuerit.
840 3101 934 3152 Alii,
959 3115 1061 3144 cum

187 3163 230 3202 in
262 3162 346 3216 hoe
374 3159 510 3200 veluti
538 3160 789 3212 labyrintho
816 3165 1062 3206 circumer-

186 3226 356 3272 rarent,
398 3224 518 3262 varia
549 3222 824 3264 distinetione
856 3238 952 3267 rem
983 3239 1062 3267 ex-

185 3286 339 3337 pedire
357 3285 642 3333 studuerunt,
660 3285 794 3325 veluti
814 3291 914 3338 post
928 3290 1062 3329 Wad-

187 3347 352 3388 delium
395 3348 609 3388 Kjrchner
647 3348 859 3389 Observv.
896 3362 938 3402 p.
976 3353 1056 3391 56:

185 3411 326 3449 Maior
353 3411 522 3450 dimidio
545 3411 662 3459 (cuin
693 3411 803 3450 sacta
826 3414 946 3452 esset
969 3424 1061 3453 ma-

188 3473 255 3511 ter
284 3483 383 3512 sese
413 3472 653 3513 sufflando.
687 3484 838 3514 rursus
868 3475 1060 3515 interro-

333 3549 482 3584 lIonAT.
515 3559 606 3584 voi„
639 3549 680 3584 ll.
735 3559 796 3584 En.
830 3560 911 3585 situ.
944 3551 1000 3585 ΠΙ.

1132 1597 1285 1650 gavin:
1328 1601 1440 1641 Num
1479 1605 1583 1649 cet,
1616 1614 1700 1655 qua
1740 1607 1780 1646 in
1813 1609 2007 1659 ratione,

1131 1665 1179 1701 ut
1210 1663 1302 1701 iure
1325 1665 1490 1715 optimo
1509 1667 1714 1706 'Diintzer
1734 1670 2007 1721 significavit,

1133 1725 1316 1764 nimium
1349 1730 1562 1777 quantum
1599 1728 1703 1780 pulli
1743 1743 2007 1783 responsum

1130 1798 1314 1840 prorsus
1346 1792 1652 1831 necessarium
1683 1793 2007 1838 desideramus.

1131 1851 1405 1900 Ingeniosius
1423 1853 1608 1893 fortasse
1630 1856 1820 1897 Iahnius:
1847 1858 2006 1900 Pullus:

1129 1914 1284 1953 Maior.
1344 1916 1506 1954 Mater:
1550 1917 1764 1958 Dimidio?
1794 1921 1891 1960 Mox
1913 1933 2010 1962 ma—

1131 1976 1195 2026 gis
1226 1977 1358 2017 etiam
1390 1988 1438 2017 se
1470 1978 1678 2020 sufflans:
1721 1983 1833 2022 Num
1862 1986 2011 2025 lanto?

1131 2050 1214 2079 nec
1247 2040 1395 2079 tamen
1426 2051 1557 2089 vere,
1602 2054 1704 2083 nam
1734 2048 1913 2096 praeter
1944 2049 2012 2088 of—

1132 2101 1399 2150 fensionem,
1455 2115 1569 2155 quae
1616 2108 1684 2145 est
1736 2108 1777 2146 in
1822 2107 2009 2149 lectione

1130 2167 1268 2211 tanto,
1315 2176 1386 2203 W.
1423 2167 1565 2205 Maior
1603 2169 1772 2209 dimidio
1812 2172 1884 2210 vix
1923 2170 2010 2211 ullo

1130 2228 1313 2266 artificio
1346 2229 1402 2267 ita
1434 2228 1580 2269 divelli
1620 2235 1822 2282 possunt.
1877 2235 2011 2274 Cete-

1130 2300 1229 2328 rum
1259 2291 1474 2339 Diintzer,
1518 2303 1571 2331 ne
1604 2292 1726 2333 alteri
1759 2298 1912 2337 matris
1944 2299 2010 2336 in-

1131 2353 1412 2401 terrogationi
1435 2354 1613 2394 deesset
1632 2356 1735 2406 pulli
1759 2361 2006 2409 responsio,

1131 2413 1267 2452 verba
1318 2416 1380 2453 sic
1430 2416 1650 2456 distinxit:
1702 2421 1812 2459 Num
1855 2422 2010 2460 tanlo'?

1130 2487 1256 2525 quum
1288 2478 1421 2528 massis
1440 2482 1564 2527 atque
1585 2483 1637 2519 Se
1657 2483 1792 2533 magis
1822 2483 2001 2528 intrim-eti

1129 2539 1243 2587 Non,
1285 2540 1319 2577 si
1360 2542 1473 2589 cct.‚
1522 2542 1680 2592 inqua
1711 2546 1881 2585 ratione
1924 2546 2010 2597 (δίο

1126 2602 1245 2651 frayt
1272 2602 1436 2650 wellen
1468 2603 1605 2642 itidem
1633 2606 1690 2644 sie
1718 2607 1866 2646 immet·
1893 2610 2009 2648 mehr

1128 2664 1213 2702 und
1241 2664 1356 2702 mehr
1384 2665 1469 2703 sich
1497 2667 1754 2719 ausdelmte.)
1778 2670 1928 2711 verbis
1950 2671 2005 2711 ab
2043 2699 2045 2701 -

1128 2726 1225 2776 ipso
1246 2725 1458 2777 suppletis
1479 2728 1546 2767 Sie
1572 2729 1688 2781 fraqi
1720 2733 1860 2771 weiler
1889 2734 2005 2773 haud

1129 2791 1274 2829 minus
1299 2801 1430 2841 aegre
1453 2802 1658 2833 caremus
1689 2804 1823 2844 quam
1855 2797 1897 2836 in
1929 2809 2006 2837 no-

1129 2854 1218 2891 stra
1234 2851 1373 2892 verbo
1392 2854 1570 2905 Neyavit
1584 2855 1754 2908 (pullus)
1769 2858 1836 2898 vel
1858 2859 2000 2899 simili.

1180 2975 1381 3017 320-326.
1417 2977 1588 3028 abludit]
1625 2979 1875 3031 «abhorret,
1909 2983 2002 3024 dis—

1127 3043 1300 3090 crepat,
1355 3035 1568 3094 ἀπᾴόει.»
1635 3065 1681 3071 -
1735 3044 1848 3085 Adde
1898 3047 2000 3098 cet.]

1127 3101 1290 3142 «Aliam
1340 3104 1472 3142 nimio
1518 3104 1779 3145 aedificandi
1829 3109 2000 3148 studio»

1127 3165 1259 3214 (quod
1289 3164 1494 3204 videlieet
1523 3169 1651 3217 poeta
1676 3169 1716 3207 in
1738 3172 1883 3209 semet
1905 3171 1999 3221 ipso

1124 3238 1205 3277 per
1233 3229 1418 3268 ironiam
1442 3229 1670 3269 dumtaxat
1699 3232 1999 3282 reprehendit)

1125 3291 1352 3341 «adiungis
1382 3292 1597 3331 insaniam
1637 3295 1840 3343 poemata
1874 3304 1999 3332 Com—

1123 3353 1358 3403 ponend03
1417 3354 1568 3404 sieque
1618 3354 1782 3393 malum
1830 3366 1993 3404 auges,

1123 3417 1249 3465 quasi
1284 3417 1429 3466 ignem
1460 3415 1557 3456 olco
1593 3417 1872 3465 exstinguere
1902 3416 1998 3456 vel-

1120 3477 1198 3518 les.
1211 3493 1229 3512 n
1243 3479 1324 3527 (Sic
1335 3479 1488 3517 Graeci
1505 3479 1641 3533 πίττῃ
1659 3478 1737 3516 καὶ.
1755 3475 1995 3536 ἐλαίῳπῦρ

1621 3556 1657 3589 18
