2231 3787
815 262 911 301 ΜΒ.
946 262 994 300 11.
1057 263 1166 301 SAT.
1203 263 1289 301 Vll.

1861 258 1951 311 331

219 392 444 446 Mitteret
482 393 531 443 in
572 392 808 463 phimum
848 391 1008 451 talos,
1052 391 1303 445 mercede
1350 390 1539 444 diurna

224 493 558 548 Conductum
597 495 764 565 pavit:
810 502 1011 565 quanto
1050 493 1377 547 constantior
1416 492 1586 546 isdem

218 595 480 657 InvitiiS,
525 605 666 648 tanto
705 595 875 648 levius
919 595 1083 648 miser
1120 611 1182 647 ac
1220 594 1368 665 prior
1405 593 1518 653 illo,

215 697 317 761 Qui
359 698 462 750 iam
502 706 776 756 contento,
821 697 924 749 iam
964 695 1082 749 laxo
1124 696 1245 750 fune
1283 695 1504 749 laborat.

1897 700 1963 747 ’21)

201 861 435 901 Bentleius.
472 864 531 912 <tt
565 874 659 911 nos,
693 862 847 911 bSEc.)
885 886 926 891 —
963 864 1028 902 49.
1062 874 1112 901 ac
1136 862 1274 914 pri-or]
1307 862 1449 901 acrior
1477 861 1554 913 bp,
1588 872 1653 913 pr.
1680 863 1709 901 Ε
1742 863 1797 912 (in
1822 873 1908 913 quo

200 927 349 964 tamen
379 936 483 964 vera
515 924 643 964 lectio
675 925 729 965 ab
763 925 921 965 cadem
946 936 1077 964 manu
1099 925 1295 964 restituta
1318 925 1386 964 est
1406 935 1508 963 cum
1531 923 1696 975 glossa:
1729 924 1908 976 melior),

200 988 246 1027 C.
286 1011 328 1016 —
363 989 432 1027 illo
463 999 529 1039 pr.
553 990 601 1036 S,
635 1000 748 1028 corr.
783 988 824 1035 b,
860 988 998 1028 Codd.
1040 986 1206 1038 aliquot
1235 988 1368 1035 Feae,
1403 987 1483 1026 LF:
1531 987 1595 1026 ille
1625 987 1730 1038 Ecp,
1764 998 1829 1038 pr.
1864 986 1907 1034 b,

199 1060 314 1088 corr.
350 1051 396 1097 S,
432 1050 498 1095 Ct,
534 1048 779 1093 Bentleius.
814 1051 890 1089 MJ.

942 1051 1016 1100 (Dc
1048 1049 1188 1090 tribus
1219 1051 1350 1089 variis
1381 1049 1498 1090 lectt.
1532 1062 1601 1088 vv.
1633 1051 1696 1089 47.
1737 1050 1800 1090 48.
1842 1051 1905 1089 49.

199 1110 296 1151 silet
327 1111 578 1161 Bentleius.)
615 1135 658 1140 ——
694 1114 759 1152 ⁶20.
796 1114 881 1152 iam
913 1113 1148 1165 (superscr.
1187 1112 1240 1164 gl.
1273 1113 1411 1163 modo)
1441 1117 1669 1162 contemplo
1699 1124 1827 1162 quam
1861 1113 1907 1154 E.

198 1180 284 1213 tam
313 1179 502 1214 contento
533 1186 660 1224 qaam
691 1175 788 1224 b,C.

145 1315 277 1356 fuisse
308 1314 565 1354 turriculam
597 1325 632 1354 s.
668 1313 920 1366 cylindrum
951 1326 1023 1355 ca-

143 1391 272 1427 vum,
307 1380 381 1431 qui
412 1377 690 1419 trochleatim
723 1379 895 1419 effictus
927 1382 1022 1419 erat

143 1445 379 1493 certosque
402 1441 596 1482 habebat
628 1443 742 1481 intus
764 1441 927 1493 gradus
951 1453 1023 1482 ex-

144 1505 277 1552 cisos,
313 1515 366 1544 ex
398 1503 559 1554 quibus
583 1504 927 1544 effundebantur
949 1504 1019 1544 tali

143 1569 185 1607 in
215 1566 434 1607 alveolum
456 1568 547 1607 sive
571 1566 764 1606 tabulam
790 1566 1018 1615 lusoriam,

143 1630 184 1669 in
215 1630 339 1670 cuius
384 1629 532 1669 media
577 1631 702 1681 parte
743 1629 1023 1669 statuebatur

144 1690 363 1731 turricula.
424 1693 485 1731 Ita
508 1694 658 1732 autem
689 1691 957 1733 describitur
978 1694 1020 1733 in

143 1752 314 1793 Anthol.
336 1755 425 1793 Lat.
448 1755 615 1804 Meyeri
637 1755 685 1793 N.
707 1754 808 1794 9¹5:
833 1755 1022 1805 Inparte

142 1816 288 1856 alveoli
335 1827 499 1868 pyrqus
540 1817 650 1856 velut
692 1829 804 1857 urna
844 1819 1018 1868 resedit,

144 1880 222 1929 Qui
249 1880 377 1918 vomit
417 1880 590 1919 internis
625 1880 844 1920 tesserulas
871 1882 1020 1933 91*ααὶ-

143 1941 237 1990 bus,
285 1941 370 1980 Sub
408 1953 590 1991 quarum
628 1943 743 1982 iacta
781 1943 1023 1983 discordans

141 2004 324 2042 calculus
353 2004 453 2043 exit.
505 2000 715 2061 (Πύργον
760 2002 1020 2061 δουράτεον

143 2064 197 2105 de
225 2065 309 2104 boc
330 2064 434 2104 ludo
454 2064 643 2117 loquens
664 2070 792 2107 vocat
812 2069 1019 2118 Agathias

142 2126 315 2166 Anthol.
357 2126 444 2167 Pal.
488 2129 538 2167 11.
583 2139 624 2179 p.
670 2130 762 2169 472.
815 2131 1019 2171 Sidonius

142 2188 281 2240 Apoll.
314 2191 360 2238 5,
395 2190 468 2228 47:
517 2190 653 2240 frater
693 2202 807 2231 meus
849 2197 1021 2233 tesseras

143 2256 307 2302 ceperat
338 2251 649 2302 quatiebatque,
683 2265 763 2303 quo
783 2256 892 2294 velat
911 2256 1021 2295 clas-

142 2315 225 2354 sico
262 2315 317 2352 ad-
347 2325 531 2365 pyrgyum
569 2316 744 2356 vocabat
779 2317 1020 2370 aleatores.)

144 2378 193 2416 H.
213 2375 240 2415 l.
267 2377 394 2426 igitur
425 2377 557 2415 bomo
580 2377 634 2416 ad
666 2378 750 2417 hoc
773 2380 1019 2420 conductus

144 2437 253 2477 talos
271 2438 474 2478 manibus
493 2438 691 2479 sublatos
714 2441 842 2480 mittit
864 2441 904 2481 in
928 2443 1022 2493 phi-

145 2511 267 2540 mum
299 2503 432 2552 atque
456 2513 506 2540 ex
535 2502 619 2541 hoc
642 2502 826 2543 effundit
858 2504 897 2543 in
920 2516 1022 2555 pyr-

144 2573 247 2613 gum
269 2562 404 2603 altera
428 2575 560 2603 manu
583 2576 737 2606 rursus
760 2568 1022 2607 concutien-

144 2625 265 2664 dum.
301 2625 528 2665 Interdum
561 2629 709 2667 tamen
732 2629 896 2669 omisso
922 2629 1022 2680 phi-

145 2697 218 2725 mo
250 2697 383 2727 manu
414 2687 523 2728 talos
555 2690 595 2728 in
628 2700 817 2741 pyrgum
857 2692 1023 2730 immit-

146 2747 310 2788 tebant.
359 2750 540 2790 Martial.
567 2750 638 2799 44,
674 2752 737 2792 46.
781 2751 1022 2794 Salmasius

145 2808 170 2848 l.
204 2809 230 2849 l.
265 2822 306 2862 p.
341 2812 436 2851 757.
499 2813 558 2852 Ex
597 2814 710 2854 meis
751 2815 891 2854 Codd.
925 2815 1020 2856 bSE

144 2874 328 2922 apparet
364 2872 601 2915 lectionem
632 2887 836 2928 pyrgum,
888 2878 1022 2918 Codi-

146 2944 248 2972 cum
279 2937 535 2975 auctoritate
560 2948 697 2989 prope
721 2950 876 2990 parem
897 2939 1020 2979 alteri

140 2995 351 3045 phimum,
398 3007 497 3037 esse
541 2997 776 3048 glossema.
813 3023 858 3029 ——
895 3002 1023 3042 levius

145 3057 283 3109 miser]
315 3058 455 3099 Minus
486 3061 644 3100 usitate
676 3063 738 3102 sic
760 3063 885 3112 dixit,
920 3076 1020 3105 (eum

148 3120 531 3170 frequentissimus
553 3123 608 3163 sit
637 3125 849 3174 positivus
879 3127 1022 3167 leviter

145 3182 310 3220 saia-ius
352 3183 436 3221 cet.
473 3205 520 3211 —
559 3186 682 3233 prior
724 3187 808 3237 illo]
855 3199 1019 3241 «prope

146 3246 442 3295 praestantior
471 3247 513 3284 ct.
550 3245 717 3286 felicior
745 3248 921 3290 homine
954 3252 1021 3291 in-

147 3307 416 3353 constanti3n
456 3318 558 3347 nam
591 3309 631 3347 in
663 3311 876 3360 pravitate
907 3322 1021 3361 quo—

147 3378 233 3417 que
264 3369 427 3419 gradus
457 3371 559 3410 sunt
587 3371 782 3411 minores
813 3383 864 3412 ac
885 3375 1022 3414 maio-

148 3440 244 3477 res,
277 3431 396 3482 quod
426 3431 483 3471 ad
513 3433 607 3473 eius
638 3433 918 3474 incommoda
943 3447 1020 3475 ex-

148 3493 271 3532 terna
309 3494 474 3534 attinet.
535 3495 608 3534 Illo
646 3498 794 3538 autem
835 3509 922 3538 non
963 3499 1019 3539 ad

1087 1316 1284 1355 Priscum
1315 1315 1528 1365 refertur,
1576 1316 1656 1357 sed
1687 1317 1851 1358 infinite
1882 1329 1964 1370 po-

1087 1378 1219 1417 situm
1262 1380 1329 1417 est
1373 1377 1428 1418 de
1475 1379 1594 1418 omni
1641 1379 1842 1428 homine,
1890 1382 1963 1431 qui

1086 1450 1266 1491 semper
1288 1440 1473 1480 fluctuet
1494 1451 1545 1480 ac
1566 1440 1745 1491 titubet,
1779 1441 1823 1481 id
1844 1443 1963 1493 quod

1084 1512 1166 1553 per
1195 1502 1434 1552 imaginem
1463 1514 1621 1543 versus
1653 1514 1848 1555 sequens
1887 1516 1964 1544 ex-

1084 1564 1247 1615 primit.
1318 1563 1466 1604 Altera
1515 1563 1701 1605 lectione
1750 1577 1800 1606 ac
1843 1568 1966 1616 prior

1086 1627 1150 1665 ille
1183 1627 1360 1677 (uquam
1399 1627 1616 1678 Priscus»)
1649 1628 1752 1668 nihil
1793 1628 1964 1681 langui—

1085 1689 1182 1728 dius
1214 1690 1454 1740 excogitari
1486 1693 1654 1741 potest;
1703 1693 1746 1731 et
1777 1692 1964 1733 manife—

1084 1753 1151 1790 sto
1182 1751 1248 1790 ille
1276 1753 1424 1791 ortum
1456 1755 1524 1792 est
1563 1764 1616 1792 ex
1647 1755 1964 1795 accommoda-

1083 1813 1199 1852 tione
1231 1813 1286 1852 ad
1318 1815 1514 1864 v.prior.
1553 1837 1597 1843 —
1633 1816 1711 1865 Qui
1748 1816 1835 1855 iam
1864 1828 1964 1856 con-

1083 1879 1190 1915 tento
1207 1876 1310 1928 cet]
1329 1878 1478 1928 Imago
1491 1871 1721 1934 ἀμετρίας
1738 1880 1780 1919 in
1799 1882 1963 1920 utram-

1083 1950 1169 1990 que
1217 1941 1416 1990 partem,
1473 1941 1707 1993 desumpta
1752 1953 1775 1981 a
1821 1944 1964 1984 nautis

1083 2002 1217 2041 modo
1248 2003 1303 2042 ita
1335 2003 1462 2044 funes
1489 2004 1883 2055 contendentibus,
1916 2009 1965 2046 ut

1083 2064 1332 2116 periculum
1353 2068 1422 2113 sit,
1447 2078 1501 2106 ne
1523 2071 1803 2118 rumpantur,
1829 2068 1962 2108 modo

1084 2129 1214 2167 nimis
1245 2127 1517 2179 laxantibus,
1565 2130 1620 2169 ita
1651 2133 1697 2170 ut
1728 2130 1824 2171 vela
1856 2142 1962 2171 con-

1085 2189 1244 2229 cidant.
1321 2191 1496 2230 Lucian.
1540 2191 1648 2232 Dial.
1691 2196 1871 2233 meretr.
1910 2194 1959 2242 3,

1084 2253 1214 2291 extr..
1248 2246 1364 2308 ὅρα,
1410 2249 1479 2304 μὴ
1512 2251 1635 2293 κατὰ
1670 2252 1758 2308 τὴν
1794 2268 1964 2313 παροι-

1083 2327 1200 2365 (thav
1230 2309 1625 2371 ἀποθθηςωοααέν
1612 2330 1738 2358 navt)
1780 2320 1963 2360 ’τείνου-

1085 2389 1168 2416 σαι
1197 2374 1252 2415 τὸ
1283 2375 1545 2417 καλώδιον·
1585 2391 1699 2430 quae
1731 2382 1965 2432 exscripsit

1083 2440 1345 2479 Aristaenet.
1372 2441 1419 2487 2,
1446 2442 1482 2482 4.
1515 2452 1557 2492 p.
1584 2442 1676 2481 2129.
1721 2444 1858 2484 Boiss.
1895 2444 1964 2483 liis

1085 2501 1233 2542 verbis
1255 2504 1537 2553 praemissis:
1573 2504 1742 2545 πείθου
1771 2518 1857 2557 μοι
1882 2507 1964 2546 καὶ

1086 2562 1170 2616 τῆς
1204 2559 1433 2620 ἀμετρίας
1472 2561 1713 2614 ἀπόσχου.
1774 2567 1852 2607 Alii
1884 2580 1962 2608 co-

1085 2628 1274 2678 gitarunt
1313 2626 1368 2667 de
1410 2639 1525 2678 equo
1557 2628 1710 2678 funali,
1756 2629 1824 2669 alii
1856 2632 1961 2686 περὶ,

1085 2686 1169 2729 τοῦ
1213 2686 1495 2730 ἑλκυστίνδα
1537 2694 1737 2742 παίζειν,
1792 2691 1861 2731 alii
1906 2692 1961 2732 de

1085 2751 1375 2801 funambulis,
1408 2752 1476 2792 alii
1500 2754 1692 2805 denique
1717 2753 1825 2805 (coll.
1851 2756 1959 2807 Epp.

1086 2814 1132 2862 4,
1169 2815 1243 2863 40,
1276 2814 1342 2855 48.
1386 2815 1463 2854 Od.
1488 2816 1534 2865 3,
1570 2818 1642 2865 40,
1678 2818 1759 2866 40.)
1782 2817 1837 2857 de
1859 2818 1961 2857 sune

1085 2875 1286 2916 ductario
1351 2878 1394 2917 in
1453 2879 1669 2919 machinis
1729 2881 1957 2919 tractoriis.

1084 2940 1249 2980 Sensus
1293 2939 1454 2981 clarus:
1509 2943 1612 2993 «qui
1655 2942 1789 2982 modo
1834 2943 1962 2982 nimis

1083 3001 1292 3042 adstricte
1339 3005 1383 3043 et
1425 3015 1604 3054 severe,
1653 3005 1788 3045 modo
1832 3005 1962 3044 nimis

1083 3063 1178 3103 laxe
1211 3075 1262 3104 ac
1293 3064 1566 3116 negligenter
1596 3067 1741 3107 vivit.»

1138 3127 1286 3166 24-27.
1333 3128 1471 3180 hodie]
1503 3139 1568 3180 pr.
1595 3131 1861 3180 «antequam
1892 3130 1961 3169 hic

1083 3189 1177 3229 dies
1209 3191 1454 3239 transeat,»
1487 3191 1528 3230 id
1561 3193 1648 3240 est,
1685 3191 1844 3241 «illico,
1877 3194 1961 3231 sta-

1084 3252 1205 3291 tim.»
1237 3253 1306 3292 Sic
1329 3252 1465 3292 Plaut.
1491 3254 1590 3295 Cas.
1615 3254 1661 3303 4,
1697 3256 1740 3302 4,
1775 3255 1817 3293 7;
1853 3254 1959 3303 Quin

1082 3315 1207 3364 ayilis
1242 3314 1392 3354 hodie?
1420 3337 1442 3344 —
1461 3337 1484 3344 -
1504 3338 1526 3344 -
1552 3317 1789 3366 Properate.
1855 3315 1959 3354 Titi-

1084 3376 1180 3417 nius
1209 3377 1253 3416 in
1290 3378 1400 3418 Iuris
1440 3379 1604 3429 perita:
1656 3379 1882 3426 Nunquam
1909 3389 1959 3416 ne

1083 3439 1180 3477 mihi
1208 3439 1341 3478 licebit
1369 3440 1485 3480 hodie
1522 3438 1689 3479 dicere?
1740 3439 1849 3488 (Maii
1888 3440 1958 3478 In-

1083 3502 1218 3552 terpr.
1242 3502 1297 3541 ad
1320 3506 1424 3542 Aen.
1450 3503 1498 3548 ⁴2,
1532 3501 1642 3551 670.)
1675 3501 1800 3541 Hand
1831 3501 1954 3541 Turs.
