2231 3787
785 280 881 319 ΗΒ.
915 280 965 318 11.
1028 280 1138 319 SAT.
1172 281 1221 319 11.

1809 280 1901 334 221

170 431 461 485 Rancidum
502 450 690 502 aprum
730 432 930 502 antiqui
972 431 1286 494 laudabant,
1330 450 1435 486 non
1474 434 1600 505 quia
1639 450 1803 488 nasus

167 532 272 584 lllis
313 533 486 586 nullus
526 544 663 594 erat,
705 533 802 586 sed
842 533 1005 586 credo
1046 532 1144 587 hac
1186 542 1389 596 mente,
1432 534 1578 606 quod
1606 535 1805 606 hospes
1843 538 1911 588 90

166 634 389 687 Tardius
429 634 721 688 adveniens
762 635 1000 687 vitiatum
1040 635 1376 689 commodius
1417 654 1581 707 quam

169 737 433 805 integrum
463 735 599 788 edax
627 735 876 789 dominus
903 746 1260 790 consumeret.
1320 739 1428 790 Hos
1457 739 1656 791 utinam
1678 738 1815 793 inter

166 838 372 889 Heroas
414 846 592 889 natum
633 836 786 890 tellus
827 854 911 890 me
951 838 1123 908 prima
1160 837 1391 892 tulisset!

166 940 272 991 Das
312 938 513 1009 aliquid
553 939 749 998 lamae,
792 955 933 1009 quae
973 940 1208 993 carmine
1248 940 1448 1011 gratior
1485 958 1670 995 aurem

165 1043 411 1110 Occupet
449 1039 762 1092 humanam:
805 1040 1036 1110 grandes
1075 1039 1283 1093 rhombi
1322 1041 1647 1113 patinaeque

1842 1045 1910 1096 955

164 1141 376 1195 Grande
416 1142 589 1195 serunt
629 1159 734 1194 una
772 1158 894 1195 cum
934 1141 1130 1194 damno
1171 1141 1440 1206 dedecus3
1481 1142 1622 1197 adde

199 1307 263 1345 91.
296 1307 464 1345 vitiaret
493 1316 717 1357 superscr.
755 1307 948 1345 vitiatum
979 1305 1028 1353 S,
1058 1306 1226 1345 vitiaret
1255 1317 1293 1346 c.
1340 1307 1406 1356 (Ut
1437 1318 1540 1356 nos,
1575 1307 1669 1359 bp.)
1707 1333 1749 1338 -
1785 1311 1850 1351 95.

149 1371 324 1418 Occupet
355 1380 422 1421 cp,
455 1380 520 1420 pr.
556 1370 604 1418 S,
638 1382 695 1422 γκ
727 1379 858 1409 «cum
888 1367 982 1408 aliis
1014 1369 1264 1419 quinque,»
1312 1369 1504 1409 Pottierii
1534 1369 1756 1422 plerique,
1797 1372 1851 1422 C,

150 1429 394 1470 Bentleius:
430 1431 612 1481 Occupat
642 1430 693 1481 b,
729 1442 846 1471 corr.
881 1432 927 1480 S,
961 1444 1050 1482 νφ,
1082 1442 1161 1472 sex
1191 1432 1408 1480 Pottierii,
1443 1433 1605 1473 LtFMJ.

88 1571 249 1622 hospiti
262 1572 597 1622 superveniens,
631 1582 718 1623 qua
734 1571 822 1611 iam
839 1570 966 1611 caedi

89 1635 132 1672 et
152 1633 280 1683 coqui
303 1644 464 1683 porcus
486 1634 681 1684 nequit.»
701 1633 965 1685 —vitiatumJ

87 1694 371 1745 anbritchiy
401 1696 527 1735 Voss.
581 1696 826 1747 Opponitur
856 1696 967 1735 Inte-

85 1768 232 1808 91wn,
280 1759 542 1797 «recentem
583 1757 798 1809 (v.42.),»
847 1769 962 1797 non:

89 1821 298 1859 «totum»
333 1840 378 1846 —
410 1819 757 1871 Hos--He›·oas]
794 1821 964 1860 Festive

86 1882 149 1921 sic
178 1884 308 1921 vocat
337 1883 541 1933 antiquos
573 1884 763 1923 rusticos
806 1884 967 1923 Roma-

86 1954 185 1992 nos,
218 1946 265 1983 ut
285 1944 400 1995 Virg.
426 1945 579 1984 Moret.
605 1945 670 1984 60.
697 1945 750 1984 de
775 1945 960 1985 Simulo:

84 2005 199 2057 Ergyo
229 2006 359 2046 aliam
396 2008 567 2046 molitur
596 2019 713 2058 opem
751 2008 826 2046 sibi
859 2020 966 2058 pro—

82 2068 204 2108 vidus
230 2069 362 2109 heros.
399 2092 444 2098 —-
478 2069 802 2121 tellus-prima]
835 2071 965 2110 Timi-

86 2129 184 2170 dius
226 2131 380 2181 Heyne
422 2133 465 2170 et
507 2133 702 2182 Wagner
745 2132 800 2171 ad
843 2133 960 2183 Virg.

5 2186 16 2195 ‘
83 2193 193 2231 Aen.
229 2193 273 2240 4,
316 2193 353 2230 4.
402 2191 621 2243 explicant
666 2194 959 2244 «antiquitus,

86 2252 233 2293 olim.»
267 2253 483 2294 Facillima
514 2257 582 2295 est
603 2255 850 2307 hyperbole
882 2267 962 2307 pro

82 2316 224 2366 prisca
252 2315 422 2355 heroum
451 2321 599 2357 aetate.
667 2318 754 2357 Csr.
789 2319 874 2357 Sat.
911 2319 926 2357 4
951 2350 958 2367 ,

86 2377 132 2427 3,
166 2378 232 2418 99.
274 2380 317 2418 et
355 2377 620 2418 Claudianus
660 2379 701 2418 in
739 2379 879 2418 Rufin.
915 2380 958 2427 4,

87 2440 189 2480 ⁴06:
242 2440 378 2480 Talem
415 2441 635 2492 progenies
675 2441 887 2480 hominum
929 2442 964 2479 si

81 2502 225 2552 prisca
281 2502 455 2551 tulisset,
517 2503 748 2542 Pirithoum
803 2504 963 2554 fuyeret

87 2564 266 2604 Theseus.
286 2587 329 2592 —-
345 2565 512 2616 tulisset]
532 2565 654 2605 Cons.
670 2566 755 2604 Sat.
773 2567 810 2615 4,
831 2567 870 2615 5,
891 2565 957 2606 42.

139 2687 285 2729 94-96.
321 2689 388 2728 «Si
409 2688 552 2729 famae
575 2688 739 2741 aliquid
761 2688 963 2729 tribuen-

84 2749 192 2791 dum
222 2761 320 2790 esse
353 2751 578 2792 existimas
612 2752 713 2803 (qua
736 2752 791 2791 de
813 2763 861 2791 re
884 2752 963 2791 mi-

84 2813 202 2852 nime
236 2811 421 2863 dubito),
468 2814 579 2854 scito
622 2812 840 2853 luxuriem
884 2813 962 2852 tibi

84 2874 282 2915 dedecus
326 2873 556 2915 allaturam
602 2885 745 2915 esse.»
823 2875 960 2925 Scito:

83 2937 141 2976 sic
170 2939 299 2975 teneto
321 2946 454 2988 saepe
485 2938 543 2976 ita
565 2938 829 2988 cogitatione
853 2949 962 2989 sup-

83 2997 297 3051 plendum
341 3000 431 3044 est,
483 2998 526 3038 id
570 2999 689 3050 quod
738 2999 963 3039 interdum

83 3060 350 3111 interpretes
393 3059 561 3107 fefellit,
608 3063 656 3100 ut
699 3061 822 3100 ovid.
858 3063 961 3102 Met.

88 3123 162 3171 44,
195 3121 294 3162 430:
327 3122 437 3160 Nece
466 3125 581 3161 tuum
607 3122 747 3172 fallam·
777 3124 966 3163 animum

82 3184 238 3236 fiducia
269 3187 436 3234 ιαηραι,
480 3184 589 3232 quod
617 3195 732 3224 socer
758 3186 965 3236 Hippota—

86 3246 154 3285 des
182 3245 253 3284 tibi
283 3245 356 3293 sit,
405 3245 476 3294 qui
505 3256 673 3286 carcere
700 3247 827 3297 fortes
856 3248 965 3288 Con—

86 3307 215 3348 tineat
242 3312 383 3348 ventos
410 3311 472 3356 et,
505 3318 599 3347 cum
626 3307 746 3357 velit,
779 3319 966 3357 aequora

79 3370 244 3420 placet:
290 3370 388 3421 (hoc
433 3370 667 3421 cogitato:)
716 3369 817 3410 Cum
845 3372 967 3411 semel

88 3432 222 3472 emissi
251 3436 470 3473 tenuerunt
498 3442 684 3481 aequora
721 3432 851 3479 venti,
896 3434 968 3473 Nil

87 3492 170 3541 illis
193 3495 364 3535 vetitum
397 3499 454 3535 est
492 3495 594 3544 cet.,
643 3492 718 3534 ubi
760 3491 966 3546 plerique

1032 1569 1146 1611 male
1175 1573 1392 1622 punctum
1420 1574 1591 1622 ponunt
1620 1575 1721 1624 post
1750 1575 1910 1625 v.pla-

1030 1638 1104 1673 cet.
1144 1656 1182 1662 —
1219 1635 1310 1673 Das
1338 1634 1499 1682 aliquid
1539 1635 1694 1687 famae]
1740 1638 1909 1678 Seneca

1032 1696 1086 1736 dc
1119 1694 1256 1736 Clem.
1283 1696 1321 1745 4,
1357 1697 1429 1735 45:
1461 1697 1670 1747 Principes
1691 1699 1822 1739 multa
1843 1701 1910 1741 de-

1031 1758 1120 1797 bent
1150 1758 1277 1797 etiam
1302 1757 1444 1808 famae
1469 1760 1585 1799 dare.
1633 1761 1768 1801 Tacit.
1793 1764 1905 1801 Ann.

1032 1821 1079 1868 4,
1121 1821 1166 1859 7:
1216 1820 1357 1860 Dabat
1394 1825 1430 1860 et
1469 1821 1610 1872 santae
1653 1827 1698 1862 uc
1739 1829 1911 1864 vocatus

1029 1882 1256 1931 electusque
1280 1883 1420 1932 potius
1439 1895 1466 1922 a
1487 1895 1532 1924 re
1555 1885 1725 1934 publica
1752 1887 1910 1927 videre-

1029 1948 1111 1984 tur.
1147 1944 1271 1985 Conf.
1290 1945 1399 1996 Epp.
1420 1946 1458 1994 Ξ,
1485 1947 1522 1995 4,
1549 1948 1641 1987 1120
1670 1970 1714 1975 -
1739 1960 1910 1998 quae--

1030 2007 1219 2059 Occupet]
1244 2008 1329 2047 Csr.
1356 2008 1471 2059 Virg.
1495 2011 1604 2049 Aen.
1628 2010 1673 2059 3,
1710 2010 1812 2051 294:
1847 2023 1909 2051 re-

1029 2081 1123 2108 rum
1149 2070 1269 2120 fama
1298 2076 1472 2120 occupat
1501 2083 1639 2111 aures.
1696 2074 1743 2112 In
1774 2084 1907 2124 prosa

1029 2142 1092 2171 or.
1118 2133 1267 2171 accidit
1296 2135 1351 2171 acl
1381 2144 1527 2183 aures,
1562 2136 1605 2173 et
1625 2136 1812 2175 accidere
1831 2135 1908 2175 ab·

1028 2191 1169 2232 solute
1201 2193 1320 2245 apud
1350 2195 1520 2235 Livium
1558 2197 1630 2245 24,
1673 2197 1746 2236 64;
1789 2198 1909 2248 fama

1029 2254 1144 2305 (alibi
1182 2268 1292 2305 vox,
1338 2257 1523 2310 clamor)
1564 2260 1728 2299 accidit.
1791 2261 1909 2301 Con—

1027 2318 1271 2357 iuncttvum
1300 2319 1371 2358 hic
1402 2319 1610 2370 praetuli,
1659 2332 1761 2360 cum
1792 2324 1909 2373 opti-

1027 2390 1098 2419 me
1144 2380 1206 2419 sic
1252 2379 1514 2431 explicetur,
1563 2384 1749 2433 «utpote
1792 2394 1907 2433 quae

1027 2444 1214 2492 occupet
1236 2456 1278 2490 ,n
1329 2441 1372 2480 id
1423 2444 1518 2490 est,
1571 2443 1735 2494 «ideo,
1786 2446 1906 2496 quod

1027 2505 1258 2554 occupat.»
1309 2505 1392 2543 Per
1412 2503 1695 2546 indicativum
1717 2506 1765 2546 fit
1783 2506 1907 2549 locus

1028 2565 1299 2611 communis;
1346 2576 1429 2605 nec
1461 2567 1565 2606 satis
1608 2571 1730 2608 recte
1767 2571 1909 2610 inter—-

1028 2630 1226 2679 pretatur
1252 2627 1475 2668 Bentlcius
1506 2631 1728 2679 (ceterum
1758 2631 1909 2672 lectio·

1028 2701 1131 2730 nem
1157 2694 1330 2740 occupat
1357 2691 1654 2742 praeferens):
1690 2695 1801 2734 «Das
1829 2693 1909 2734 ali-

1028 2751 1134 2802 quid
1165 2752 1331 2801 famae,
1365 2763 1479 2803 quae
1509 2752 1626 2793 bona
1661 2757 1706 2794 et
1749 2756 1908 2796 iucun-

1027 2814 1208 2854 dissima
1231 2815 1338 2854 sibl»
1359 2815 1523 2865 famam
1544 2815 1662 2855 enim
1684 2827 1784 2856 esse
1806 2829 1903 2858 voc.

1028 2875 1251 2923 medium;
1284 2887 1441 2916 verum
1472 2876 1617 2917 bonae
1650 2878 1793 2918 famae
1826 2890 1908 2919 no-

1028 2939 1086 2978 tio
1117 2939 1230 2978 inest
1263 2938 1306 2978 in
1335 2949 1406 2978 vv.
1448 2939 1538 2977 Das
1574 2939 1748 2989 aliquid.
1798 2942 1908 2981 Por-

1027 3001 1215 3052 phyrion
1248 2999 1304 3039 ad
1334 3000 1377 3039 h.
1401 2998 1446 3039 1.:
1484 3001 1600 3040 «Hoc
1622 3002 1906 3044 Antisthenes

1029 3063 1190 3102 dixisse
1224 3061 1423 3101 traditur.
1483 3063 1523 3101 Is
1545 3063 1683 3111 enim,
1718 3075 1820 3103 cum
1842 3065 1908 3103 vi-

1029 3125 1167 3165 disset
1233 3122 1565 3164 adolescentem
1632 3123 1907 3166 luxuriosum

1029 3185 1355 3227 acroamatihus
1387 3185 1607 3234 deditum,
1649 3186 1727 3225 ait:
1774 3188 1907 3227 Mise-

1029 3259 1128 3288 rum
1158 3250 1223 3297 te,
1256 3247 1540 3296 adolescens,
1575 3247 1650 3298 qui
1680 3258 1906 3298 nunquam

1030 3310 1190 3350 audisti
1219 3320 1446 3349 summum
1467 3320 1695 3358 acroama,
1728 3308 1906 3349 laudem

1031 3373 1211 3411 tuam!»
1265 3369 1368 3410 «Alii
1416 3369 1461 3410 id
1512 3369 1710 3411 tribuunt
1757 3370 1906 3411 Xeno-

1030 3433 1196 3485 phonti.
1256 3432 1365 3472 Vide
1394 3433 1492 3473 Intt.
1526 3431 1584 3472 ad
1613 3432 1742 3472 Mem.
1771 3431 1820 3481 2,
1855 3432 1870 3471 4
1894 3464 1902 3481 ,

1031 3493 1126 3535 34.»
1175 3496 1496 3537 ΨιΝεΚΕιΜΑΝΝ
1524 3493 1581 3535 ad
1610 3492 1795 3536 Antisth.
1833 3493 1903 3535 Fr.
