2231 3787
266 294 366 343 382>

339 426 390 477 Si
433 434 576 478 recte
617 424 794 477 facies,

873 425 967 476 llic
1007 441 1190 475 murus
1232 429 1432 475 aeneus
1473 433 1614 475 esto:

881 294 1092 333 llORATll
1127 292 1488 334 EPlsTOLARUM

2012 428 2078 477 60

338 525 414 578 Nil
457 527 699 579 conscire
741 526 862 580 sibi.
906 525 1045 577 nulla
1087 524 1382 595 pallescere
1422 524 1594 595 culpa.

338 629 550 681 Roscia.
593 627 679 681 dic
720 627 905 687 sodeS,
948 625 1138 679 melior
1177 625 1285 681 lex.
1329 643 1395 678 an
1434 643 1728 697 puerorum
1767 637 1848 680 est

342 730 532 785 Nenia.
577 746 717 800 quae
758 746 983 799 regnum
1021 737 1167 781 recte
1208 727 1522 781 facientibus
1562 728 1743 789 offert,

341 832 400 883 Et
438 830 675 883 maribus
716 830 888 883 Curiis
927 839 979 882 et
1017 829 1297 882 decantata
1340 829 1611 883 Camillis?

340 934 458 985 Isne
499 931 589 985 tibi
628 930 820 985 melius
861 931 1076 992 suadet,
1118 932 1209 1002 qui
1249 948 1363 984 rem
1403 931 1591 992 faciaS,
1635 949 1774 993 rem,

2018 934 2084 985 65

379 1051 443 1090 60.
476 1052 611 1101 facias
641 1050 681 1090 d.
721 1074 763 1078 —
799 1051 864 1089 62.
898 1055 954 1090 est
984 1061 1072 1089 om.
1108 1051 1154 1090 C.
1191 1049 1378 1100 (Habent
1414 1052 1551 1090 nostri
1590 1051 1728 1091 Codd.
1753 1053 1868 1091 etex
1897 1052 2032 1092 Bent-

323 1113 476 1153 leianis
504 1110 622 1166 ,0³de
660 1136 703 1140 —
736 1113 802 1153 65.
836 1114 908 1162 qui·
946 1118 991 1153 ut
1020 1124 1107 1153 rem
1136 1114 1165 1152 t.

269 1216 308 1255 8.
341 1215 419 1254 Ed.
455 1216 664 1265 nostrae.)
700 1238 744 1243 —
778 1215 824 1254 Si
860 1219 966 1254 recte
1004 1215 1144 1266 facies]

270 1278 447 1317 Addunt
476 1276 619 1317 Schol.
655 1279 698 1316 et
732 1277 927 1317 Isidorus
959 1278 1071 1327 Orig.
1098 1277 1143 1323 9,

271 1339 315 1380 3.
351 1339 395 1379 4:
429 1341 462 1378 si
493 1351 571 1378 non
592 1340 744 1390 facies,
767 1351 850 1378 non
871 1340 964 1378 eris.
1017 1339 1146 1378 Pueri

271 1403 333 1441 sic
377 1400 636 1452 intelligunt:
691 1402 755 1440 «Si
801 1401 936 1441 facies
980 1402 1145 1452 optime

271 1465 384 1502 inter
404 1475 581 1509 omnes,
615 1474 728 1514 quae
750 1462 841 1503 ludi
868 1462 939 1503 lex
959 1464 1145 1515 poscit.»

272 1526 361 1565 Hac
399 1527 547 1565 autem
592 1537 702 1565 voce
749 1525 870 1565 velut
916 1524 1148 1574 perculsus

272 1585 548 1640 παθητικῶς
566 1587 781 1628 exclamat
796 1590 942 1640 poeta:
969 1590 1147 1627 «Nonne

271 1652 382 1690 haec
430 1650 570 1690 verba
623 1650 968 1690 reconditiorem
1018 1650 1148 1689 etiam

273 1713 440 1753 habent
492 1724 704 1761 sensum,
762 1712 840 1752 ubi
894 1713 1053 1752 eadem
1093 1712 1150 1751 ad

275 1779 409 1815 totam
466 1776 696 1814 hominum
757 1777 893 1815 vitam
955 1775 1151 1827 applica—

273 1840 368 1878 ris?
407 1840 467 1876 Ac
511 1838 710 1888 profecto
750 1838 835 1876 hoc
873 1837 993 1877 idem
1028 1840 1149 1877 recte

274 1900 420 1940 facere
452 1895 740 1952 (κατορθοῦν
766 1899 1027 1948 Stoicorum)
1060 1898 1153 1938 nul-

274 1962 445 2012 liusque
485 1961 634 2011 flagitii
678 1960 762 2001 sibi
806 1963 1034 2002 conscium
1080 1972 1153 2001 es-

275 2035 344 2072 se,
393 2026 459 2063 est
503 2022 608 2063 illud
650 2023 769 2063 velut
813 2023 1150 2075 inexpugnabile

274 2085 678 2138 propugnaculum,
733 2087 852 2137 quod
899 2097 979 2126 nos
1023 2097 1153 2137 pror-

275 2160 350 2189 sus
395 2159 577 2189 securos
622 2150 665 2188 et
711 2151 947 2200 propterea
995 2147 1152 2187 beatos

277 2212 472 2252 reddit.»
523 2234 565 2239 -
613 2211 680 2250 Ad
721 2213 834 2250 muri
883 2212 1001 2250 aenei
1047 2210 1148 2261 (Od.

276 2274 324 2321 3,
376 2274 424 2321 3,
479 2273 569 2323 65.)
621 2274 860 2324 imaginem
907 2273 983 2313 cfr.
1026 2272 1148 2312 Pind.

276 2338 446 2387 Fragm.
473 2335 564 2375 453.
589 2337 721 2376 Diss.:
769 2332 949 2387 Σχήσει
982 2331 1038 2374 τὸ
1071 2347 1152 2374 πε-

277 2399 526 2455 πρωμένον
570 2394 626 2438 οὐ
673 2395 785 2455 ,τῖ’ρ,
832 2393 888 2438 οὗ
931 2395 1153 2453 σιδάρεον

279 2462 462 2510 Τεῖχος.
510 2460 715 2500 Aeschin.
739 2462 780 2500 in
804 2460 1000 2512 Ctesiph.
1026 2460 1063 2511 S.
1084 2459 1149 2500 84:

278 2522 476 2572 χαλκοῖς
511 2523 592 2561 καὶ
630 2517 973 2575 ἀδαμαντίνοις
1002 2524 1154 2570 τεὶχε-

277 2599 371 2625 σιν.
433 2585 609 2624 Lucian.
635 2585 688 2624 de
721 2584 801 2625 cal.
835 2596 925 2625 non
955 2588 1060 2625 tem.
1091 2596 1151 2624 cr.

279 2648 351 2687 320:
392 2642 717 2699 ἀδαμάντινον
746 2651 905 2697 τεῖχος
934 2645 1020 2699 τῆς
1054 2655 1155 2697 ψυ-

279 2707 371 2761 χῆς
392 2708 799 2765 προβεβληλιιένος.
829 2712 995 2749 Seneca
1019 2710 1152 2761 Epist.

279 2773 357 2812 82:
388 2773 645 2822 Philosophia
672 2773 973 2812 circumdanda
994 2776 1071 2823 est,
1095 2773 1157 2811 in-

279 2835 570 2885 expugnabilis
611 2846 777 2884 murus,
825 2847 945 2885 quem
984 2836 1157 2885 fortuna

283 2898 420 2935 multis
444 2898 645 2936 machinis
665 2898 897 2937 lacessitum
913 2909 995 2937 non
1021 2902 1157 2936 trans-

282 2960 326 2998 it..
371 2983 413 2987 —
455 2961 693 3010 Aptissima
733 2963 881 3001 autem
927 2961 1038 3000 haec
1077 2971 1156 2999 ex-

284 3020 486 3060 clamatio
518 3025 585 3061 est
615 3023 674 3069 ei,
709 3033 843 3072 quem
864 3033 997 3073 supra
1019 3022 1153 3071 tetigi,

285 3084 416 3122 totius
447 3082 664 3133 Epistolae
686 3082 970 3141 χαρακτῆρι,
1004 3094 1158 3134 quam-

285 3156 420 3196 quam
450 3144 572 3183 multi
603 3146 645 3184 in
677 3157 727 3184 ea
749 3147 1041 3194 offenderunt,
1073 3146 1158 3185 mi-

286 3210 345 3247 ris
376 3208 556 3258 insuper
587 3208 1023 3258 interpretationibus
1053 3219 1158 3260 pro-

287 3270 458 3321 positis,
495 3268 633 3308 velut:
670 3271 704 3319 l)
739 3270 874 3310 «haec
906 3272 960 3311 sit
995 3272 1159 3311 immu-

287 3330 430 3371 tabilis
460 3331 579 3370 lexin
623 3331 660 3380 ⁶2)
693 3334 880 3382 «opponi
912 3334 1028 3372 hunc
1060 3343 1160 3371 mu-

289 3403 389 3432 rum
406 3397 594 3432 aeneum
621 3392 932 3442 (symbolicum
956 3405 990 3433 s.
1012 3405 1161 3433 mora-

288 3454 390 3501 lem)
422 3453 497 3503 illi,
538 3465 673 3505 quem
704 3454 1032 3504 quodammodo
1065 3454 1162 3494 effi-

291 3517 402 3555 ciant
420 3527 510 3563 aes,
525 3518 769 3565 argentum,
784 3527 956 3556 aurum.
980 3517 1033 3563 (V.
1049 3517 1160 3566 5²2..)»

1263 1215 1402 1254 62-67.
1437 1214 1731 1266 Roscia-aea]
1753 1215 1850 1254 Vid.
1870 1214 1925 1254 ad
1946 1214 2083 1266 Epod.

1209 1276 1255 1325 4,
1304 1277 1369 1316 46.
1422 1300 1465 1304 —
1512 1276 1671 1326 melior]
1720 1278 1905 1316 «rationi
1946 1277 2087 1328 magis

1209 1341 1551 1379 consentanea.»
1588 1363 1632 1368 -
1665 1340 1823 1391 Ncnia]
1856 1350 1922 1391 pr.
1951 1350 2088 1378 «car-

1210 1413 1314 1442 men
1332 1401 1516 1442 funebre
1535 1402 1830 1453 praeficarum
1847 1417 1882 1450 ,n
1925 1401 2086 1442 deinde

1211 1465 1388 1504 «omnis
1429 1464 1648 1504 cantilena
1687 1463 1943 1516 popularis»
1983 1464 2084 1516 (Od.

1211 1526 1256 1575 3,
1290 1527 1363 1575 ⁶28,
1397 1527 1462 1566 46.
1514 1527 1744 1567 Phaedrus
1785 1527 1823 1566 3.
1875 1526 1989 1567 Prol.
2019 1527 2084 1566 ⁴0.

1212 1587 1381 1629 fabulas
1426 1600 1529 1629 suas
1572 1592 1702 1629 vocat
1750 1590 1851 1629 viles
1890 1588 2088 1640 nenias),

1213 1652 1345 1690 etiam
1369 1652 1641 1691 «nutricum»
1666 1651 1845 1703 (Arnob.
1864 1653 1903 1700 7,
1927 1662 1972 1703 p.
1991 1651 2085 1691 237.

1213 1714 1365 1765 Lugd.:
1400 1715 1506 1753 lenes
1533 1716 1701 1764 nenias,
1733 1714 1851 1754 unde
1881 1713 2089 1754 Italorum

1211 1776 1429 1828 intimares&
1462 1777 1504 1816 h.
1529 1775 1555 1816 l.
1579 1788 1822 1828 puerorum
1860 1775 1967 1816 illud
2003 1778 2092 1816 Rea:

1212 1840 1292 1878 eris
1323 1841 1406 1878 cet.
1463 1839 1652 1879 «Eadem
1690 1839 1942 1891 prosecto‚»
1986 1848 2091 1890 per-

1214 1902 1293 1951 git,
1329 1903 1450 1940 «erat
1482 1902 1702 1941 sententia
1732 1902 1788 1942 M.
1815 1901 1932 1941 Curii
1970 1901 2092 1940 Den-

1214 1962 1311 2011 tati,
1359 1963 1432 2013 qui
1464 1963 1650 2002 Sabinos
1682 1966 1725 2003 et
1759 1963 1980 2013 Pyrrhum
2011 1961 2093 2001 de-

1212 2025 1335 2072 vicit,
1384 2026 1438 2064 M.
1478 2026 1591 2064 Furii
1631 2024 1822 2073 Camilli,
1871 2023 2092 2064 Gallorum

1214 2087 1418 2134 victoris,
1453 2086 1631 2126 alterius
1661 2086 1854 2134 Romuli,
1888 2085 2094 2126 aliorum-

1215 2160 1300 2198 que
1333 2150 1616 2199 antiquorum
1646 2149 1713 2188 his
1744 2148 1976 2196 similium;
2009 2148 2093 2188 hac

1213 2213 1328 2251 vitae
1368 2223 1520 2251 norma
1568 2211 1827 2261 utebantur,
1869 2215 1918 2251 ut
1955 2212 2093 2251 virtus

1214 2275 1370 2313 honori
1416 2276 1556 2322 esset,
1605 2285 1691 2313 non
1738 2274 1968 2314 divitiae.»
2026 2273 2089 2313 Cf.

1216 2336 1293 2376 Od.
1327 2338 1371 2384 l,
1413 2337 1487 2384 42,
1527 2335 1572 2376 44
1621 2347 1720 2387 sqq.
1766 2358 1810 2363 -—
1856 2334 2090 2386 decantata]

1215 2403 1451 2440 Permanet
1481 2401 1522 2440 in
1553 2401 1708 2440 neniae
1735 2401 1947 2451 imagine:
1983 2400 2094 2438 «hoc

1216 2474 1396 2514 semper
1426 2465 1470 2502 et
1507 2463 1549 2501 in
1581 2463 1728 2501 animo
1760 2466 1804 2503 et
1832 2464 1876 2502 in
1906 2472 1983 2501 ore
2012 2462 2095 2500 ha-

1214 2525 1426 2565 bebant.»
1475 2525 1562 2564 Cic.
1588 2524 1643 2564 de
1665 2526 1779 2565 Orat.
1803 2525 1851 2574 2,
1884 2524 1957 2573 32,
1991 2523 2089 2564 ⁴40:

1215 2589 1276 2627 ita
1303 2588 1490 2627 modicae
1514 2591 1550 2626 et
1575 2598 1739 2636 paucae
1757 2590 1852 2626 sunt
1882 2585 2090 2636 (causae),

1214 2654 1260 2688 ut
1289 2660 1358 2689 eas
1387 2659 1523 2688 omnes
1553 2649 1765 2699 diligentes
1783 2653 1821 2688 et
1839 2659 2039 2688 memores
2057 2651 2095 2687 et

1216 2713 1341 2751 sobrii
1362 2716 1551 2750 oratores
1574 2722 1799 2760 percursas
1819 2715 1856 2750 et
1879 2722 2014 2761 prope
2034 2710 2095 2749 di-

1217 2786 1310 2814 cam
1354 2775 1670 2812 decantatas
1712 2773 1862 2812 habere
1906 2773 2090 2812 debeant.

1221 2858 1265 2863 —
1289 2836 1379 2874 lsne
1409 2835 1510 2884 cet.]
1544 2846 1631 2874 non
1663 2836 1868 2883 Roscius,
1902 2836 1950 2874 ut
1974 2835 2094 2874 ratus

1219 2899 1285 2936 est
1316 2896 1580 2943 Lambinus,
1629 2897 1709 2936 sed
1747 2895 2093 2948 «qualiscunque

1219 2959 1469 2998 divitiarum
1506 2959 1797 3006 admirator»,
1846 2957 2094 2999 cuiusmodi

1219 3023 1451 3061 hominum
1481 3021 1605 3061 solita
1637 3020 1819 3061 consilia
1849 3021 1998 3061 statim
2027 3031 2095 3059 re-

1218 3083 1314 3123 fert.
1351 3105 1398 3111 -—-
1429 3094 1519 3122 rem
1548 3105 1571 3111 -
1598 3094 1688 3122 rem
1716 3105 1739 3111 -
1766 3105 1790 3112 -
1813 3082 1915 3134 rem]
1961 3081 2094 3122 Multa

1220 3156 1323 3186 cum
1352 3146 1394 3184 vi
1424 3147 1491 3184 ter
1516 3145 1635 3184 idem
1655 3143 1943 3193 vocabulum,
1977 3143 2095 3194 quod

1221 3208 1445 3247 notionem
1512 3206 1801 3258 principalem
1865 3206 2093 3256 exprimit,

1221 3270 1395 3321 repetiit
1433 3271 1579 3321 poeta.
1639 3270 1714 3309 Vis
1751 3270 1900 3308 autem
1932 3278 1985 3307 eo
2015 3278 2096 3306 au-

1222 3334 1370 3383 getur,
1405 3331 1524 3382 quod
1554 3330 1624 3371 bis
1654 3331 1697 3369 in
1726 3330 1812 3369 fine
1834 3339 1990 3369 versus
2020 3340 2097 3380 po-

1223 3394 1357 3433 situm
1379 3395 1458 3432 est.
1482 3416 1526 3420 —
1549 3397 1595 3431 ut
1619 3392 1794 3442 propius
1821 3395 1972 3441 spectes
1992 3389 2093 3441 cet.]

1225 3465 1338 3505 «quo
1380 3455 1549 3494 tantum
1587 3453 1775 3503 habeas,
1821 3455 1870 3493 ut
1905 3454 1948 3493 in
1983 3453 2091 3493 XIV.

1223 3515 1450 3556 ordinibus
1481 3517 1594 3555 inter
1623 3516 1815 3566 equites,
1857 3513 1926 3554 vel
1962 3514 2093 3553 etiam
