2231 3787
912 200 1011 239 ΜΒ,
1049 201 1078 238 1.
1142 200 1254 240 SAT.
1289 201 1317 239 Ι,
1968 200 2033 253 ,19

265 333 380 385 Non
419 349 660 404 unquam
701 348 859 385 servo
901 330 1093 385 melius
1136 333 1380 395 vestiret,
1426 333 1493 386 ad
1533 352 1709 405 usque

264 435 592 506 Supremum
632 442 870 506 tempUS,
913 452 982 488 ne
1022 453 1082 488 se
1120 435 1349 506 penuria
1391 436 1563 489 victus

265 537 634 608 Opprimeret‚
675 537 966 591 metuebat.

262 640 455 694 Divisit
491 639 757 703 medium,
800 639 1093 694 fortissima
1131 640 1578 714 Tyndaridarum.

1043 539 1107 590 At
1145 538 1287 592 hunc
1327 538 1521 592 liberta
1560 541 1737 593 securi

1934 642 1953 695 4
1968 644 2035 694 00

263 742 406 808 Quid
445 743 517 795 mi
557 743 719 814 igitur
757 742 993 797 suades?
1036 744 1100 798 Ut
1137 743 1315 796 vivam
1355 744 1637 798 Maenius?
1685 753 1775 798 aut
1814 745 1892 799 sic

305 895 398 935 404.
435 896 595 945 Qaidne
625 896 757 947 iyitai·
788 895 876 935 duo
909 893 1133 944 Lambini,
1168 895 1296 946 prob.
1332 896 1520 946 Reisigio
1553 897 1645 935 Lat.
1680 897 1898 946 Sprachw.
1934 909 1976 949 p.

245 958 341 998 ¹276.
392 982 437 987 —-
484 959 649 999 Mevius
677 956 704 1010 ξ
735 961 778 999 et
820 970 887 1010 pr.
934 957 981 1007 λ,
1029 958 1221 999 Maevius
1262 960 1377 998 Acro
1419 960 1465 998 et
1508 959 1779 1011 Porphyrio,
1828 960 1983 1000 Nevias

246 1021 453 1073 BbScdp,
488 1023 673 1061 Naevius
705 1023 956 1062 Comment.
986 1023 1140 1072 Cruq.,
1167 1022 1244 1062 CF.
1276 1045 1318 1050 -—
1345 1032 1398 1060 an
1432 1022 1489 1060 sic
1510 1022 1556 1070 B,
1591 1020 1640 1070 λ,

248 1083 379 1125 Wolf.

1676 1034 1726 1062 ac
1756 1023 1814 1062 sic
1843 1034 1975 1077 pycp,

191 1198 317 1234 cum,
365 1187 428 1226 uti
473 1187 619 1227 visum
664 1189 734 1226 est
776 1185 990 1227 Webero.
1033 1209 1078 1214 —
1150 1186 1285 1226 fuisse
1309 1184 1495 1226 libertae
1518 1187 1787 1238 suspicatur.
1823 1187 2041 1227 Vid.Zeil-

186 1250 418 1300 fortissima
442 1250 799 1302 Tyndaridarum]
828 1261 984 1301 «quae,
1016 1247 1082 1288 al—

190 1315 284 1353 tera
316 1311 674 1363 Clytaemnestra
708 1314 873 1365 (iuven.
899 1313 945 1362 6,
978 1313 1077 1353 657:

188 1377 316 1417 Mane
374 1376 750 1425 Clytaemnestram
808 1377 948 1416 nullas
997 1388 1082 1415 non

190 1441 303 1480 vicus
368 1440 543 1480 habebit.
558 1440 600 1492 ),
667 1442 907 1492 patronum
976 1451 1083 1480 eun-

188 1503 385 1554 demque
430 1504 577 1543 virum
624 1514 781 1554 suum,
827 1503 883 1544 ob
927 1503 1081 1544 foedas

189 1568 364 1619 patroni
396 1567 554 1608 sordes
587 1568 632 1607 in
664 1579 768 1607 eum
800 1570 1078 1619 exasperata,

188 1631 468 1671 atrocissime
508 1631 695 1678 occidit;
736 1632 837 1671 «das
872 1631 1083 1671 belierzte-

187 1699 245 1734 sie
292 1692 407 1734 Weib
452 1696 756 1744 Tyndarisclier
794 1696 1078 1747 Sippscliaft.»

190 1758 399 1809 (Kirchn.)
423 1759 596 1798 Nomen
618 1759 972 1808 Tyndaridarmn,
991 1770 1081 1810 quo

188 1823 368 1875 proprie
402 1822 622 1873 Tyndarei
655 1822 726 1863 filii
773 1823 1078 1873 designantur,

192 1886 349 1926 Castor
381 1888 425 1926 et
456 1885 631 1934 Pollux,
667 1897 827 1927 omnes
858 1886 1082 1937 Tyndarei

187 1948 376 1998 liberos,
419 1950 554 1989 etiam
596 1948 707 1990 filias
749 1949 1079 2002 complectitur,

191 2015 239 2053 ut
260 2012 492 2061 Helenam,
520 2011 943 2063 Clytaemnestram,
965 2024 1081 2065 quae

187 2077 366 2128 proprie
402 2077 433 2116 T
431 2077 660 2126 yndarides
694 2078 928 2117 vocantur.
989 2079 1082 2117 An-

188 2138 294 2179 thol.
330 2139 513 2179 Planud.
550 2141 623 2180 76:
678 2139 737 2179 Οἱ
765 2144 890 2197 τρεῖς
933 2141 1083 2180 Τυν-

186 2200 440 2259 δαρίδαι,
473 2200 702 2262 Κάστωρ,
724 2199 946 2258 Ἑλένη,
978 2203 1082 2243 Πο-

187 2263 434 2319 λυδεύκης.
469 2267 657 2307 Theocr.
694 2267 883 2318 (Bergk.)
918 2267 990 2315 48,
1028 2269 1077 2307 5:

182 2323 340 2370 Ἁνίκα
361 2331 432 2369 Τυ
447 2327 686 2387 νδαριὸἄ
700 2344 725 2369 v
746 2327 1079 2381 κατεκλάξατο

188 2388 277 2432 τὰν
306 2386 565 2446 ἀγαπατὰν
595 2390 918 2442 Μναστεύσας
940 2388 1083 2432 Ἑλέ-

188 2468 292 2495 ναν
323 2451 350 2495 ὁ
382 2452 615 2513 νεώτερος
641 2451 827 2513 Ἀτρέος
856 2452 976 2505 νῐός.
1011 2456 1074 2494 De

188 2519 367 2560 diverso
409 2518 669 2571 superlativi
708 2521 751 2558 et
791 2519 969 2570 genitivi
1002 2529 1082 2568 ge—

187 2595 296 2624 nere
319 2582 434 2622 conf.
460 2583 588 2622 Hom.
618 2581 739 2622 Iliad.
764 2594 817 2631 χ,
851 2581 949 2621 439;
984 2582 1082 2638 κίρ-

186 2658 314 2696 κος-,
339 2641 674 2702 ἐλαφρότατος
696 2641 953 2698 πετεηνῶν.
992 2644 1082 2684 Me-

186 2708 360 2750 nander
390 2710 480 2748 lnc.
506 2707 611 2748 Fab.
647 2709 714 2748 Fr.
751 2709 795 2757 6,
831 2708 877 2747 9:
918 2704 1080 2748 νόσων

187 2768 530 2822 χαλεπώτατος
551 2768 755 2822 Φθόνος.
783 2770 940 2812 Catull.
966 2771 1005 2820 4,
1032 2772 1047 2811 4
1068 2783 1075 2810 ;

185 2836 380 2877 Phaseias
416 2836 484 2875 ille
504 2858 527 2863 —
556 2858 578 2864 -
607 2836 783 2874 navium
819 2835 1075 2874 celerrimus.

188 2899 340 2939 Florus
373 2898 420 2947 3,
455 2898 527 2947 40,
562 2899 609 2937 02:
655 2897 947 2937 immanissimi
975 2909 1081 2948 yen-

187 2963 293 3003 tium
323 2962 435 3002 Galli
465 2965 591 3011 atque
622 2961 837 3002 Germani.
901 2959 1080 3001 Similli-

188 3035 290 3066 mus
321 3026 472 3064 autem
509 3025 647 3064 nostri
692 3023 816 3064 locus
855 3025 923 3064 est
966 3025 1079 3063 Sue—

188 3091 280 3129 ton.
309 3089 412 3127 Ner.
435 3086 508 3126 33:
543 3088 724 3127 Locusta
751 3088 1080 3128 venenariorum

186 3151 346 3192 inclita.
405 3151 617 3190 Ceterum
639 3150 846 3191 Ummidii
866 3150 1077 3190 libertam

190 3215 323 3255 etiam
366 3214 553 3266 propter
595 3223 762 3254 nomen
800 3224 933 3255 suum
973 3224 1078 3253 cum

191 3276 548 3329 Clytaemnestra
573 3277 824 3327 comparari
847 3277 1005 3328 putant
1027 3277 1076 3316 G.

190 3340 475 3380 Hermannus
494 3340 538 3379 et
558 3338 856 3388 Funkhaenel,
886 3349 1079 3390 quorum

192 3401 262 3443 ille
299 3403 674 3453 Clytaemestrae,
716 3401 788 3440 hic
829 3401 1080 3450 Tyndaridis

194 3475 359 3506 nomen
405 3465 507 3517 (Od.
544 3466 587 3513 4,
637 3464 712 3513 47,
760 3463 849 3513 40.)
889 3464 1076 3503 inditum

1146 1250 1252 1289 sehr.
1281 1250 1312 1300 f.
1343 1249 1556 1289 Alterthzo.
1593 1249 1713 1291 4846.
1746 1262 1790 1302 p.
1825 1251 1903 1290 699
1934 1262 2032 1302 sqq.

1205 1312 1408 1353 slot-lot.
1456 1314 1563 1363 Quid
1592 1314 1650 1353 mi
1682 1314 1811 1365 iyitzcr
1832 1315 1981 1354 suades
1994 1313 2038 1365 P]

1150 1378 1281 1417 «Was
1310 1377 1445 1416 rathst
1474 1378 1529 1416 da
1560 1377 1643 1416 mir
1674 1376 1828 1416 also?»
1880 1378 2040 1427 Quidne

1146 1441 1300 1492 iyitzir,
1343 1439 1464 1491 quod
1496 1439 1718 1480 nonnullis
1749 1439 1936 1491 placuit,
1971 1442 2041 1479 vi-

1147 1505 1280 1544 detur
1310 1504 1538 1544 adversari
1579 1504 1890 1544 consuetudini
1921 1504 2040 1543 Lati-

1147 1579 1246 1608 nae.
1301 1567 1433 1608 Elisio
1456 1569 1609 1607 autem
1632 1569 1700 1607 est
1721 1567 1896 1617 eadem,
1923 1578 2037 1618 quae

1148 1632 1313 1679 Satst,
1347 1632 1398 1679 2,
1432 1631 1501 1670 57.
1539 1654 1584 1658 —
1616 1630 1827 1680 Maenius]
1861 1632 1935 1670 «ut
1971 1631 2040 1669 vi-

1146 1694 1210 1734 vit
1252 1693 1498 1734 Maenius.»
1566 1693 1635 1732 Sic
1682 1693 1822 1744 Epod.
1866 1694 1914 1740 4,
1963 1693 2035 1734 34:

1146 1758 1386 1797 Discinctus
1417 1760 1492 1795 aut
1527 1757 1711 1806 perdam
1757 1757 1849 1808 (ut)
1896 1768 2036 1807 nepos.

1150 1822 1258 1869 «Qui
1301 1820 1356 1860 de
1397 1820 1604 1872 personis
1647 1820 1897 1860 Horatianis
1928 1822 2040 1861 scri-

1146 1885 1348 1934 pserunt,
1385 1884 1508 1922 aiunt
1538 1883 1764 1923 Maenium
1797 1886 1839 1923 et
1871 1886 2040 1924 scurri-

1146 1946 1267 1987 litate
1310 1949 1353 1987 et
1393 1947 1591 1998 ineptatu
1631 1947 1913 1987 notissimum
1954 1948 2042 1988 Ro—

1148 2022 1265 2051 mae.
1328 2011 1407 2050 Hic
1438 2011 1539 2062 post
1569 2010 1889 2061 patrimonium
1910 2009 2041 2050 abro-

1148 2085 1249 2114 sum
1279 2072 1490 2114 Kalendis
1513 2073 1726 2112 Ianuariis
1757 2073 1800 2112 in
1825 2072 2039 2124 Capitolio

1148 2136 1265 2177 clara
1286 2148 1397 2177 voce
1420 2137 1606 2189 optavit,
1641 2140 1690 2175 ut
1712 2135 2037 2186 quadringenta

1147 2211 1439 2241 nummorum
1490 2201 1605 2239 aeris
1651 2199 1782 2239 alieni
1830 2199 2034 2240 haberet.

1148 2266 1400 2314 Quaerente
1433 2264 1654 2315 quodam,
1690 2263 1797 2314 quid
1828 2262 1912 2303 sibi
1943 2263 2039 2304 vel—

1146 2327 1224 2377 let,
1279 2327 1401 2378 quod
1450 2329 1542 2367 tam
1592 2325 1797 2367 sollemni
1842 2326 1913 2365 die
1959 2337 2037 2366 aes

1146 2390 1341 2429 alienum
1373 2391 1549 2441 optaret
1586 2389 1778 2438 habere,
1826 2388 1921 2429 Noli
1952 2390 2038 2429 mi-

1145 2453 1254 2502 rari,
1281 2453 1446 2503 inquit,
1471 2452 1724 2502 octingenta
1748 2450 1910 2491 debeo.
1956 2452 2037 2493 Hic

1146 2517 1287 2557 fertur
1319 2515 1453 2555 domo
1492 2525 1593 2563 sua,
1636 2525 1772 2565 quam
1802 2514 1859 2554 ad
1890 2514 2037 2554 forum

1148 2581 1431 2632 spectantem
1489 2577 1732 2626 habuerat,
1809 2578 2035 2619 divendita

1146 2654 1283 2683 unam
1301 2641 1557 2682 columnam
1585 2641 1669 2682 sibi
1695 2641 1757 2681 ibi
1783 2642 2033 2693 excepisse,

1145 2706 1264 2747 unde
1306 2704 1575 2756 gladiatores
1621 2706 1868 2756 spectaret,
1919 2716 2034 2757 quae

1146 2782 1200 2810 ex
1232 2780 1285 2809 eo
1317 2767 1526 2808 columna
1565 2768 1737 2808 Maenia
1769 2767 2036 2808 nominaba—

1144 2836 1258 2873 tur.»
1284 2833 1391 2884 (Hoc
1412 2830 1603 2882 falsum.)
1633 2833 1840 2870 ponpam.
1865 2830 1923 2870 ad
1943 2832 2033 2871 Sat.

1146 2897 1191 2944 4,
1240 2895 1286 2945 3,
1333 2896 1401 2935 24.
1458 2893 1546 2935 Cfr.
1591 2895 1700 2945 Epp.
1747 2894 1791 2943 4,
1841 2894 1914 2943 45,
1961 2895 2028 2934 ¹26.

1145 2960 1333 3010 <Comm.
1361 2959 1496 3008 Cruq.
1529 2957 1763 3006 Naevium,
1797 2967 1934 3008 quem
1959 2967 2035 3008 ap-

1142 3020 1297 3074 pellat,
1339 3018 1455 3060 male
1486 3031 1568 3072 pro
1599 3030 1735 3059 avaro
1766 3030 1818 3059 ac
1849 3019 2032 3059 sordido

1142 3084 1294 3124 habet.
1356 3085 1519 3133 Immo,
1560 3083 1596 3123 si
1626 3082 1812 3122 Naevius
1841 3082 2031 3133 genuina

1143 3149 1199 3189 sit
1227 3146 1382 3197 lectio,
1430 3148 1479 3186 ut
1515 3157 1564 3185 re
1595 3157 1704 3186 vera
1735 3156 1760 3184 a
1792 3144 2031 3185 Codicibus

1143 3209 1335 3251 multum
1371 3208 1738 3257 commendatur,
1782 3205 2032 3257 intelligen—

1144 3275 1228 3314 dus
1259 3274 1343 3313 erit
1371 3274 1435 3322 is,
1477 3273 1576 3323 qui,
1608 3281 1792 3323 prorsus
1824 3269 2028 3309 diversus

1143 3337 1199 3377 ab
1232 3335 1473 3381 Ummidio,
1507 3334 1564 3374 ob
1593 3334 1777 3374 nimiam
1808 3333 1851 3371 in
1873 3341 2027 3371 servos

1143 3398 1465 3450 indulgentiam
1495 3399 1539 3438 et
1559 3398 1623 3437 rei
1651 3395 1927 3436 domesticae
1959 3393 2027 3433 in—

1143 3463 1314 3502 curiam
1354 3462 1533 3502 notatur
1573 3462 1659 3499 Sat.
1692 3460 1739 3505 02,
1774 3459 1823 3507 ἱ),
1859 3457 1942 3505 68.)
1980 3480 2022 3485 -
