2231 3787
229 279 327 332 242

877 276 1089 316 llORATlI
1120 275 1421 317 SATIRARUM

299 409 429 462 Cum
474 407 653 478 rapies
693 407 743 457 in
786 407 866 459 ius
905 404 1056 457 malis
1095 404 1358 458 ridentem
1399 403 1606 464 alienis,

298 510 410 562 Fiet
429 525 574 579 aper,
604 507 764 560 modo
792 508 919 569 aviS,
948 505 1109 558 modo
1135 523 1321 558 saxum
1349 514 1414 566 et,
1445 522 1567 558 eum
1586 503 1739 567 volet,
1768 504 1942 558 arbor.

299 611 352 664 Si
394 610 529 663 male
572 627 682 663 rem
724 625 914 679 gerere
954 607 1124 659 insani
1165 613 1270 667 est,
1314 613 1499 658 eontra
1535 604 1701 667 bene,
1743 605 1884 667 sani,

298 710 539 765 Putidius
580 709 743 762 multo
783 708 1068 762 cerebrum
1107 715 1209 766 est,
1252 705 1378 757 mihi
1418 705 1604 768 erede,
1649 705 1845 769 Perilli,

1978 706 2044 757 75

298 812 577 871 Dietantis‚
619 809 767 881 quod
807 819 858 862 tu
901 824 1174 878 nunquam
1214 806 1516 860 rescribere
1559 807 1752 878 possis

339 987 403 1025 72.
439 987 532 1024 iura
564 983 620 1022 be
653 986 692 1022 et
727 982 916 1021 Pottierii
949 983 1126 1032 praeter
1156 990 1293 1018 unum
1325 990 1506 1028 omnes,
1543 978 1739 1020 Aldinae.

1804 981 1868 1031 (Ut
1889 991 1985 1029 nos,

284 1051 340 1101 Sp
373 1051 412 1087 et
445 1058 559 1086 unus
591 1044 789 1085 Pottierii
818 1045 867 1083 N.
903 1043 958 1092 6.)
1010 1064 1053 1070 —-
1102 1042 1166 1082 74.
1215 1043 1374 1091 insani,
1421 1047 1569 1083 contra
1600 1043 1696 1084 bene
1731 1044 1823 1083 sani
1852 1047 1910 1083 est
1939 1054 1993 1083 ex

230 1196 472 1250 proderunt
494 1194 720 1234 cautiones
736 1190 805 1231 vel
828 1189 1106 1230 callidissime

230 1260 521 1309 excogitatae;
569 1254 686 1295 mille
732 1253 889 1304 effugia
929 1254 972 1292 et
1009 1251 1108 1291 lati-

231 1321 333 1361 bula
368 1320 563 1359 inveniet
602 1316 692 1357 ille:
741 1318 787 1355 tu
816 1315 980 1366 perdes
1010 1326 1107 1354 rem

232 1388 377 1424 tuam:
412 1381 614 1431 adeoque
646 1379 866 1425 insanisti,
901 1388 1003 1417 eum
1035 1375 1106 1416 tali

231 1445 396 1486 homini
418 1453 625 1483 nummos
648 1439 915 1480 credidisti.»
936 1461 980 1468 -
1007 1440 1108 1479 Cum

231 1509 370 1558 rapies
392 1507 428 1545 ἱιι
452 1505 527 1555 ius]
552 1506 720 1555 Rapere
744 1504 787 1542 in
807 1503 874 1542 ius
897 1501 1006 1541 eollo
1025 1501 1107 1541 ob-

230 1572 345 1610 torto
366 1567 527 1609 licebat
555 1567 598 1605 in
626 1565 811 1617 public-is
831 1565 911 1604 viis
933 1563 1109 1604 debito-

231 1643 349 1679 rem,
384 1632 458 1682 qui
476 1629 689 1669 iudicium
710 1627 968 1675 deserebat,
1002 1637 1109 1665 cau—

233 1697 398 1735 tionem
420 1693 569 1731 datam
599 1690 940 1740 subterfugiens.
997 1687 1106 1729 Male

233 1756 337 1796 olim
361 1754 613 1805 legebatur:
654 1754 698 1792 in
732 1753 829 1790 iura
866 1750 948 1801 (de)
987 1750 1109 1789 malis

230 1820 432 1858 ridentem
452 1817 613 1863 alienis,
651 1825 756 1854 vera
777 1813 906 1852 lectio
928 1812 1109 1851 restitu—

232 1884 274 1921 ta
315 1882 381 1919 est
420 1891 473 1918 ex
503 1879 674 1917 Conim.
717 1877 851 1925 Cruq.
891 1876 934 1914 et
965 1873 1104 1913 Codd.

232 1942 386 1982 Bland.
407 1954 414 1988 ;
435 1950 661 1990 nunquam
684 1937 844 1977 (licitur
864 1937 905 1975 in
927 1937 1023 1974 iura
1039 1947 1111 1974 ra-

227 2015 350 2055 pere,
383 2012 565 2053 semper
594 2001 637 2039 in¹
668 2000 743 2038 ius.
779 1999 842 2038 Cf.
875 1999 961 2037 Sat.
997 1998 1035 2045 4,
1066 1998 1104 2045 9,

234 2068 299 2106 77.
338 2089 381 2094 —
412 2065 567 2103 malis-
588 2062 746 2113 alienis]
778 2060 1005 2100 Manifesto
1027 2070 1108 2111 pe—

234 2130 361 2168 titum
393 2129 459 2167 est
489 2137 539 2165 ex
573 2124 729 2174 Odyss.
764 2136 810 2172 v,
846 2122 951 2162 345:
985 2135 1108 2174 μνη-

234 2188 407 2246 στῆρσι
436 2186 483 2227 δὲ
519 2183 712 2235 Παλλὰς
737 2181 913 2237 Ἀθήνη
941 2179 1109 2232 ”Aesta—

235 2265 351 2293 στον
382 2250 499 2305 γέλω
525 2242 671 2305 ὦρσε,
708 2244 1030 2305 παρέπλαγξεν
1059 2245 1108 2286 δὲ

233 2312 408 2368 νόημα.
472 2313 528 2353 Οἱ
557 2311 593 2352 δ’
616 2306 707 2364 ἤδη
739 2310 1003 2363 γναθμοῖσι,
1032 2322 1108 2363 γε-

234 2376 377 2418 λοίων
420 2372 766 2432 ἀλλοτρίοισιν,
790 2398 813 2403 -
839 2397 883 2402 -
909 2369 1031 2413 ὄσσε
1070 2371 1107 2412 δ’

233 2435 328 2497 ἄρα
357 2440 521 2488 σφεων
555 2433 833 2491 Δακρυόᾳιν
871 2434 1110 2487 πίμπλαν-

233 2515 313 2551 το,
361 2500 477 2555 γόου
520 2499 557 2539 δ’
596 2495 734 2539 ὠίετο
776 2495 949 2550 θυμός.
1030 2498 1110 2540 L'bi

233 2566 503 2605 Eustathius:
560 2558 735 2601 Ἰστεόυ
775 2555 849 2601 ὃτι»
888 2557 942 2601 τὸ
982 2573 1111 2613 γνα-

235 2627 412 2680 θμοῑς
452 2623 622 2680 γελᾷν
659 2620 993 2679 ἀλλοτρίοις
1028 2624 1110 2662 καὶ

236 2688 318 2730 νῦν
333 2684 600 2738 ἐπιπολάζει
618 2686 843 2739 λέγεσθαι
859 2698 1111 2741 παροιμια-

234 2748 344 2802 κῶς.
425 2751 591 2789 Verum
636 2749 839 2788 Horatius
885 2747 1109 2787 diversam

235 2812 471 2863 proverbio
516 2810 880 2861 significationem
929 2808 1106 2856 tribuit3

234 2874 352 2925 apud
391 2875 634 2913 Homerum
675 2873 792 2911 enim
823 2872 916 2910 est:
966 2866 1109 2926 «πρὸς

234 2934 368 2983 βίαν,
414 2935 533 2974 inviti
574 2936 617 2973 et
652 2945 673 2972 a
706 2932 790 2972 dea
821 2933 959 2972 coacti
989 2932 1110 2972 ride-

234 2998 341 3036 bant
370 2997 514 3047 proei,
549 2996 654 3034 dum
676 2995 833 3034 animis
855 2995 1107 3033 maerent:»

235 3062 281 3098 ut
305 3057 414 3109 (coll.
440 3057 517 3097 Od.
543 3057 590 3104 3,
622 3058 686 3103 ll,
720 3058 763 3095 ‘21
786 3067 792 3092 :
828 3057 939 3095 voltu
968 3056 1108 3104 invito)

236 3120 437 3172 exposuit
478 3117 736 3165 Lambinus,
783 3119 933 3168 utique
965 3119 1110 3157 minus

235 3183 456 3234 apposite:
503 3191 589 3219 non
628 3181 743 3219 enim
786 3180 871 3219 hoc
908 3179 1025 3219 cadit
1067 3180 1109 3219 in

236 3244 486 3284 debitorem
523 3245 609 3282 tam
647 3240 913 3281 malitiosum
944 3253 995 3281 ae
1031 3253 1111 3281 ve-

234 3309 491 3347 teratorem.
551 3304 626 3344 Est
656 3304 784 3354 igitur
803 3303 846 3342 h.
870 3302 896 3342 l.
925 3303 1106 3352 dictum,

237 3371 283 3407 ut
314 3367 419 3407 illud
449 3367 604 3418 Lysiae
636 3366 678 3404 in
708 3365 938 3416 Epitaphio
969 3364 1006 3415 g.
1032 3364 1106 3405 24:

239 3430 330 3470 Καὶ
350 3426 434 3480 τὰς
464 3428 553 3482 μὲν
573 3423 742 3479 ψυχὰς
762 3421 1013 3483 ἀλλοτρίας
1033 3423 1111 3466 διὰ

237 3488 321 3531 τὸν
352 3489 564 3532 θάνατον
594 3487 859 3543 κεκτῆσθαι
888 3487 1004 3537 κτλ.;
1037 3490 1112 3529 Se-

1172 1201 1308 1229 necae
1333 1188 1469 1230 Clem.
1497 1191 1511 1229 4
1534 1221 1541 1238 ,
1567 1191 1643 1229 4¹⁴2:
1676 1192 1891 1230 incurrere
1918 1190 1963 1228 in
1975 1200 2047 1240 pe-

1168 1251 1304 1290 ricula
1344 1252 1460 1290 iuvat
1489 1255 1527 1291 eb
1562 1252 1702 1292 aliena
1731 1253 1878 1292 anima
1905 1251 2044 1301 abuti,

1173 1314 1330 1353 «vitam
1386 1313 1622 1365 prodigere
1678 1316 1908 1365 tamquam
1959 1323 2048 1353 non

1169 1386 1348 1423 suan13»
1382 1377 1512 1416 Cons.
1538 1376 1595 1416 ad
1624 1375 1746 1416 Helv.
1771 1376 1817 1416 3:
1861 1374 2049 1416 veterani

1169 1439 1358 1488 quamvis
1399 1439 1573 1489 confossi
1613 1439 1823 1488 patienter
1870 1449 1922 1477 ac
1962 1438 2048 1477 sine

1167 1502 1323 1552 gemitu
1349 1501 1458 1540 velat
1486 1501 1626 1540 aliena
1654 1511 1836 1550 corpora
1860 1500 2050 1540 exsecari

1165 1564 1413 1613 patiuntur:
1459 1563 1579 1614 quod
1621 1563 1809 1614 praeivit
1846 1562 2044 1614 Thucyd.

1171 1626 1217 1675 11,
1250 1626 1328 1665 70:
1380 1628 1483 1676 τοῖς
1524 1624 1614 1677 μὲν
1647 1621 1870 1677 σώμασιν
1900 1620 2047 1664 ἀλλο-

1169 1685 1446 1745 τριωτάτοις
1468 1683 1585 1744 ὑπὲρ
1600 1685 1688 1740 τῆς
1703 1684 1886 1738 πόλεως
1901 1685 2051 1745 χρῶν-

1169 1763 1268 1799 ται,
1290 1747 1347 1807 τῇ
1368 1746 1535 1807 γνώμῃ
1557 1748 1606 1790 δὲ
1630 1747 1902 1808 οἰκειοτάτῃ
1923 1748 2042 1799 xvi„

1168 1813 1246 1853 ubi
1263 1812 1489 1853 Goellerus
1507 1813 1807 1854 consulendus
1820 1815 1901 1854 est.
1922 1812 2045 1853 Conf.

1170 1878 1303 1915 Isoer.
1336 1877 1497 1926 Paneg.
1521 1875 1559 1926 g.
1584 1876 1658 1915 86:
1693 1869 1854 1931 ὥσπερ
1885 1873 1936 1916 ἐν
1964 1869 2050 1914 ἀλ-

1170 1937 1377 1994 λοτρίαις
1421 1942 1611 1989 ψυχαῖς
1651 1936 1904 1990 μέλλοντες
1948 1950 2050 1978 κιν-

1169 1998 1395 2041 δυνεύειν.
1430 2001 1486 2040 de
1531 2011 1639 2052 pace
1685 2001 1723 2052 g.
1759 2002 1837 2040 42:
1889 1993 2050 2058 ὥσπερ

1170 2063 1220 2104 ἐν
1249 2058 1475 2120 ἀλλοτρίᾳ
1505 2061 1561 2120 τῇ
1594 2061 1730 2103 πόλει
1749 2060 2050 2104 κινδυνεύον-

1169 2138 1258 2175 τες,
1318 2127 1469 2176 Itaque
1500 2125 1623 2164 malis
1650 2126 1787 2165 ridere
1817 2126 1963 2165 alienis
1982 2126 2051 2165 est

1172 2189 1253 2227 «ita
1283 2187 1452 2235 ridere,
1487 2198 1538 2226 ac
1560 2188 1594 2227 si
1617 2188 1714 2238 quis
1736 2187 1791 2226 ad
1811 2187 2050 2228 ridendum

1171 2252 1372 2290 uteretur
1392 2249 1535 2289 bucca
1566 2261 1655 2289 non
1684 2260 1785 2299 sua,
1825 2249 1905 2290 sed
1940 2248 2050 2289 alie-

1171 2324 1275 2361 Πομ)
1323 2312 1456 2362 idque
1488 2312 1704 2362 signifieat
1732 2323 1820 2352 non
1849 2314 1964 2360 tam,
2002 2313 2051 2351 ut

1171 2385 1325 2415 rursus
1356 2373 1424 2413 alii
1464 2373 1641 2424 volunt,
1690 2385 1792 2414 «ore
1836 2386 1887 2414 ae
1929 2372 2050 2414 voltu

1172 2437 1419 2476 deformato
1451 2436 1649 2485 ridere,»
1696 2448 1779 2476 nee
1814 2437 1929 2476 voltu
1964 2435 2050 2487 fal-

1171 2511 1262 2538 sum
1303 2500 1491 2538 renidere
1538 2499 1655 2547 (Tae.
1692 2501 1802 2539 Ann.
1841 2499 1891 2548 4,
1938 2498 2046 2549 60.),

1173 2571 1308 2612 quam
1354 2560 1519 2599 «effuse
1564 2561 1766 2609 ridere,»
1811 2562 2048 2612 propterea

1172 2621 1293 2673 quod
1323 2622 1469 2661 certus
1496 2624 1563 2662 est
1592 2622 1898 2662 adversarium
1926 2621 2049 2662 litem

1172 2683 1449 2734 perditurum
1491 2694 1608 2723 esse.
1669 2685 1774 2724 Mire
1815 2683 2050 2735 explicavit

1173 2747 1304 2786 etiam
1337 2747 1605 2797 Lennepius:
1642 2758 1754 2786 «non
1785 2748 1875 2787 suis
1905 2745 2045 2795 malis,

1171 2809 1252 2850 sed
1282 2807 1505 2856 animalis,
1541 2808 1667 2848 cuius
1697 2807 1788 2858 ille,
1829 2809 1938 2848 dum
1967 2808 2048 2849 abs

1170 2874 1212 2911 te
1244 2872 1287 2910 in
1319 2871 1384 2909 ius
1412 2871 1602 2921 rapitur,
1637 2870 1830 2911 sormam
1860 2869 2046 2918 induit;»

1171 2934 1281 2973 mire
1314 2933 1447 2972 etiam
1479 2933 1638 2972 Graser
1673 2933 1813 2972 Serm.
1847 2933 1968 2972 Soer.
2000 2942 2045 2984 p.

1171 2996 1215 3035 91
1235 3007 1242 3033 ;
1278 2993 1595 3033 «crassitudine
1619 2992 1742 3034 elatis
1763 2995 1807 3033 et
1825 2993 2048 3042 tumidis,»

1172 3057 1355 3107 propter
1393 3053 1583 3095 Platonis
1624 3054 1727 3095 illud
1764 3055 1818 3095 de
1862 3057 1969 3107 Rep.
2005 3055 2045 3096 8.

1172 3129 1213 3169 p.
1237 3117 1330 3156 556.
1362 3117 1422 3156 D:
1468 3113 1647 3167 πολλὰς
1675 3112 1837 3165 ἔχοντι
1865 3113 2049 3175 σάρκας

1171 3175 1441 3235 ἀλλοτρίας,
1489 3179 1534 3219 id
1570 3181 1658 3229 est,
1708 3181 1914 3232 «propter
1947 3179 2050 3231 pin-

1172 3240 1409 3292 guedinem
1439 3251 1838 3293 supervacaneas.»

1227 3303 1373 3343 73-76.
1425 3303 1514 3343 Fiet
1554 3314 1657 3354 aper
1699 3302 1803 3354 eet.]
1845 3301 2047 3353 Virgilius

1175 3365 1416 3404 Homerum
1447 3365 1640 3406 imitatus
1671 3365 1827 3415 Georg.
1861 3363 1908 3413 4,
1941 3363 2044 3405 407:

1172 3427 1205 3465 F
1208 3427 1259 3466 iet
1288 3426 1396 3466 enim
1424 3427 1555 3466 subito
1584 3437 1653 3466 sus
1693 3426 1888 3466 horridus
1922 3430 2048 3466 atra-

1173 3499 1250 3538 que
1297 3491 1417 3541 tigris
1465 3490 1799 3541 Squamosusque
1840 3490 1968 3529 draco
2010 3493 2049 3530 et
