2231 3787
231 252 332 306 4026

835 252 1051 294 HORATII
1080 253 1447 295 EPISTOLARUM

300 386 362 437 Et
399 382 599 437 Moschi
639 400 884 438 causam:
932 400 1052 438 cras
1092 392 1216 437 nato
1257 383 1491 437 Caesare
1531 382 1697 435 festus

298 488 400 539 Dat
435 485 649 540 veniam
688 502 1046 557 somnumque
1086 485 1234 549 dies;
1275 484 1492 555 impune
1531 483 1713 538 licebit
1986 484 2053 537 40

301 588 573 642 Aestivam
611 605 861 643 sermone
900 587 1133 658 benigno
1172 585 1398 640 tendere
1435 593 1664 640 noctem.

338 740 376 778 9.
410 740 463 778 Et
490 739 646 778 Moschi
675 749 848 778 cau-sam
876 736 1194 788 hSchp,LCt‚
1226 735 1451 777 Bentleius
1482 738 1527 776 et
1546 735 1602 775 O:
1633 736 1688 776 Et
1707 746 1885 776 causam
1906 737 1999 778 Μο-

282 800 365 839 schi
398 801 480 840 ΡΜ.
531 820 575 826 -
623 800 689 838 Μ.
731 800 938 839 Festivam
968 798 1077 838 Cod.
1111 799 1397 839 Lovaniensis
1429 800 1473 838 et
1501 797 1644 838 Berol.
1669 798 1715 848 4,
1752 798 1864 838 mire
1894 809 1999 851 pro-

283 863 417 903 bante
448 862 722 902 Bormansio.
753 884 792 891 -
821 862 1040 901 eoetendere
1071 861 1212 902 Codd.
1246 860 1347 913 aliq.
1383 860 1430 912 (ζ)
1465 862 1508 902 et
1536 860 1648 902 Edd.
1673 862 1780 901 vett.
1816 861 1880 912 (Ut
1898 872 1994 911 nos,

283 936 438 964 ornnes
469 925 609 964 nostri
640 925 684 964 et
717 923 944 973 Pottierii.)

229 1067 395 1096 vacuus
426 1056 620 1096 amicum
643 1056 923 1105 exhortatur,
957 1058 1005 1095 ut
1034 1067 1111 1096 ne-

228 1119 354 1169 gotiis
376 1118 641 1169 quotidianis
661 1117 733 1158 illo
756 1121 876 1158 certe
898 1118 969 1158 die
991 1120 1110 1170 post-

227 1182 381 1232 positis
402 1192 558 1221 secum
580 1182 716 1221 Genio
746 1181 990 1232 indulgeat:
1025 1192 1109 1221 nec
1140 1201 1143 1210 ‹

226 1254 334 1282 vero
378 1244 421 1283 in
465 1244 533 1284 his
572 1243 818 1295 quidquam
861 1243 1111 1295 reprehen-

228 1307 362 1346 sionis
392 1307 529 1355 inest‚
573 1307 697 1357 quasi
736 1307 985 1357 Torquatus
1014 1307 1110 1358 ipse

231 1369 386 1409 fuisset
415 1369 549 1408 homo
571 1367 641 1408 vel
671 1379 812 1409 vanus
832 1367 903 1409 vel
934 1379 1109 1408 avarus.

229 1433 341 1471 Sane
387 1431 509 1471 miris
555 1431 811 1471 huiusmodi
859 1431 1108 1480 blanditiis,

229 1493 391 1545 quibus
422 1493 494 1533 hic
524 1505 612 1533 non
644 1496 738 1534 erat
778 1493 925 1544 locus,
973 1493 1112 1534 absti-

228 1555 364 1596 nebat
392 1558 523 1608 po'eta
554 1555 683 1608 longe
714 1557 952 1596 humanior
978 1557 1113 1596 inter-

227 1618 450 1670 pretibus,
486 1619 560 1670 qui
589 1619 632 1659 h.
656 1618 683 1659 l.
708 1620 752 1659 in
778 1620 987 1671 Torquati
1008 1618 1114 1659 levi-

228 1683 367 1721 tatem
389 1682 433 1720 et
463 1681 620 1721 sordes
642 1682 861 1721 acerrime
892 1681 1112 1721 invehun-

229 1747 315 1783 tur.
359 1744 448 1783 Hos
470 1746 592 1784 recte
616 1743 820 1784 refutavit
843 1744 978 1784 etiam
999 1745 1113 1784 Doe-

231 1804 471 1845 derleinius
503 1806 545 1845 in
574 1807 728 1855 Bayer.
752 1806 831 1858 qel.
855 1805 959 1845 Anz.
985 1805 1107 1846 4836.

228 1879 272 1919 p.
315 1868 409 1908 861.
469 1868 583 1916 Quid
624 1868 790 1908 multa‘?
838 1868 964 1908 Idem
1007 1868 1112 1909 dicit

230 1941 282 1970 ac
311 1929 528 1971 Iuvenalis
561 1932 604 1970 44
626 1963 634 1980 ,
669 1932 739 1971 481
761 1943 769 1970 ;
804 1931 885 1971 Sed
912 1943 1024 1972 nunc
1045 1932 1111 1971 di-

230 1994 326 2033 latis
355 1998 496 2033 averte
523 1996 691 2045 negotia
719 1994 831 2033 caris
859 1995 913 2033 Et
940 1998 1112 2046 ¹aratam

231 2058 415 2106 requiem
431 2057 541 2096 dona
560 2057 646 2097 tibi.
670 2080 714 2085 —
734 2058 838 2097 leves
857 2058 960 2110 spes]
984 2057 1106 2098 Pind.

230 2121 400 2170 Fragm.
431 2120 516 2158 inc.
552 2119 622 2159 4311
647 2131 654 2158 :
701 2118 883 2170 ἐλπίδες
912 2119 1112 2176 ἐγρηγο-

230 2178 383 2239 ρότων
413 2179 626 2222 ἐνύπνια.
663 2205 707 2210 —-
739 2183 974 2222 certamina
1004 2183 1113 2222 divi-

230 2244 402 2296 tiarum]
436 2244 498 2285 Cf.
520 2246 608 2284 Sat.
635 2245 680 2293 ’1,
716 2245 760 2293 4,
797 2245 875 2285 442
907 2256 1006 2296 sqq.
1050 2246 1114 2284 Ia-

233 2307 412 2347 cobsius
434 2318 537 2347 cum
558 2305 805 2347 Wielandio
827 2307 910 2359 (die
938 2308 1114 2359 leidiyen

230 2369 390 2410 Fehden
419 2380 491 2408 um
525 2369 637 2409 Mein
666 2370 753 2408 und
788 2369 913 2421 Dein)
952 2369 1115 2409 intelli-

231 2433 291 2483 git
315 2430 435 2472 «lites
456 2430 664 2480 aliorum,
698 2431 861 2483 quibus
883 2434 1113 2483 tamquam

231 2495 444 2546 patronus
481 2495 726 2545 occupatus
765 2493 938 2534 fuerit.»
995 2496 1115 2535 Doe-

233 2556 472 2597 derleinius
502 2555 529 2596 l.
553 2555 605 2596 l.:
656 2557 746 2596 «die
771 2556 1010 2596 Aussiehten
1028 2558 1115 2596 und

232 2620 546 2671 Bemiihunyen,
585 2630 642 2659 zu
677 2621 806 2659 denen
843 2620 906 2659 die
936 2619 1112 2659 divitiae

232 2683 534 2734 Bereehtiyuny
562 2683 648 2721 und
675 2682 810 2733 Beruf
844 2682 992 2734 geben,
1040 2682 1122 2733 auf
1145 2712 1148 2760 1

231 2746 319 2785 und
353 2756 425 2785 um
455 2745 777 2785 Ehrenstellen».
829 2766 874 2773 —
919 2746 1117 2786 Diintze-

232 2818 309 2847 rus
326 2809 476 2847 autem
493 2808 659 2847 divitias
679 2808 996 2859 interpretatur
1013 2808 1116 2847 «ho-

234 2871 377 2910 mines
417 2870 625 2919 divites»,
668 2869 766 2911 coll.
806 2871 965 2910 vicinia
1000 2870 1110 2921 (Sat.

233 2933 280 2981 2,
320 2933 366 2980 5,
411 2933 537 2982 406.)‚
570 2933 792 2984 remiyium
832 2934 953 2984 (Epp.
980 2933 1025 2980 11,
1061 2932 1110 2980 6,

234 2993 336 3044 63.)‚
381 2993 613 3034 similibus.
659 3018 704 3023 ——
747 2994 926 3046 Moschi]
970 2994 1110 3042 «Hic⁷

235 3059 535 3106 Pergamenus
552 3057 704 3096 rhetor
720 3057 993 3104 notissimus,
1009 3067 1112 3096 reus

237 3118 438 3158 veneficii
468 3117 566 3168 suit,
601 3120 726 3159 cuius
749 3129 932 3159 causam
954 3129 1007 3157 ex
1028 3119 1114 3169 pri-

237 3181 320 3220 mis
360 3183 464 3220 tunc
506 3183 706 3221 oratores
747 3182 956 3231 egerunt,
1004 3181 1113 3220 Tor-

237 3245 397 3294 quatus
426 3243 520 3291 hic,
554 3242 608 3282 de
640 3253 729 3293 quo
760 3253 877 3282 nunc
910 3242 1035 3292 dicit,
1071 3244 1114 3283 et

241 3307 412 3346 Asinius
449 3304 626 3346 Pollio.»
678 3307 830 3345 Ponpfl.
884 3306 1016 3345 Recte
1053 3306 1114 3345 si-

240 3369 415 3419 gnificat
433 3370 640 3417 Diintzer‚
658 3366 965 3420 perdifficilem
985 3370 1112 3410 istam

241 3442 421 3472 causam
451 3433 633 3483 propter
658 3441 863 3482 magnam
882 3430 1114 3471 hominum

240 3495 639 3545 exspectationem,
673 3494 747 3545 qui
770 3494 862 3534 eius
886 3495 1024 3535 exitus
1049 3505 1116 3535 es-

1172 1057 1240 1096 set
1260 1055 1456 1106 futurus,
1481 1066 1752 1108 magnopere
1774 1056 1897 1097 cordi
1916 1056 2053 1098 fuisse

1172 1119 1392 1170 Torquato
1433 1117 1616 1169 gloriam
1656 1130 1710 1158 ex
1748 1119 1814 1159 rei
1854 1118 1910 1159 ab
1953 1120 2053 1172 ipso

1173 1180 1344 1221 defensi
1388 1179 1665 1221 absolutione
1709 1182 1950 1233 appetenti.
2003 1205 2049 1211 —

1172 1254 1269 1282 cras
1287 1265 1310 1272 -
1328 1266 1352 1272 -
1372 1244 1473 1293 Dat]
1504 1244 1567 1283 De
1596 1255 1639 1284 v.
1662 1254 1760 1283 cras
1789 1254 1894 1283 cum
1923 1255 2052 1295 prae-

1174 1306 1286 1347 senti
1324 1317 1366 1346 v.
1399 1305 1526 1346 Hand
1556 1307 1680 1346 Turs.
1714 1307 1765 1346 II.
1798 1317 1841 1358 p.
1874 1307 1969 1347 432.
2005 1331 2050 1336 —-

1170 1373 1271 1409 nato
1303 1368 1494 1420 Caesare]
1534 1369 1603 1408 Sic
1633 1368 1753 1409 nude
1785 1368 1953 1409 dictum
1980 1369 2055 1410 vix

1173 1431 1299 1471 aliter
1345 1430 1525 1482 intelligi
1572 1432 1721 1482 potest
1768 1441 1903 1483 quam
1948 1442 2052 1471 cum

1175 1494 1348 1534 Comm.
1375 1494 1527 1544 Cruq.‚
1550 1494 1771 1542 Massono,
1795 1493 2054 1534 Weicherto

1176 1556 1246 1608 (de
1268 1558 1314 1596 L.
1339 1557 1473 1596 Vario
1494 1567 1538 1608 p.
1563 1556 1691 1607 346),
1725 1558 1908 1597 Frankio
1930 1558 1974 1597 F.
1999 1557 2050 1597 H.

1172 1631 1215 1672 p.
1239 1619 1334 1659 ⁶203.
1369 1619 1424 1659 de
1456 1619 1527 1659 die
1558 1618 1690 1659 natali
1723 1620 1925 1660 Caesaris
1954 1621 2048 1660 Au-

1174 1683 1312 1733 gusti,
1337 1682 1413 1733 qui
1433 1681 1585 1722 incidit
1609 1682 1653 1721 in
1673 1682 1743 1721 IX.
1763 1681 1855 1723 Kal.
1875 1681 2052 1722 Octobr.

1175 1744 1255 1796 (23.
1280 1744 1322 1784 d.
1348 1745 1482 1796 Sept.)
1534 1743 1644 1784 Vide
1665 1743 1848 1784 Kalend.
1872 1744 1987 1786 Maff.
2012 1746 2057 1784 in

1172 1809 1310 1847 Inscr.
1330 1818 1391 1847 m.
1410 1808 1502 1846 Lat.
1522 1808 1572 1846 ΙΙ.
1592 1817 1636 1858 p.
1661 1806 1755 1847 398.
1789 1808 1905 1847 Scite
1926 1807 2058 1858 igitur

1172 1868 1398 1909 blanditur
1430 1870 1628 1920 Augusto
1658 1869 1813 1909 dicens
1843 1880 1892 1910 se
1922 1870 2056 1909 etiam

1173 1933 1376 1981 noctem,
1420 1942 1534 1983 quae
1575 1931 1695 1971 diem
1729 1932 1822 1972 eius
1862 1931 2058 1972 natalem

1172 1993 1438 2045 praecedat,
1460 1992 1587 2034 hilari
1609 1994 1811 2033 convivio
1833 2005 1977 2045 usque
2000 1993 2057 2034 ad

1172 2055 1321 2096 lucem
1351 2058 1682 2096 transacturum
1703 2066 1817 2096 esse.
1874 2057 2053 2096 Sueton.

1175 2119 1325 2158 Octav.
1348 2119 1424 2158 57:
1463 2119 1634 2169 Equites
1662 2119 1841 2159 Romani
1869 2119 2056 2159 natalem

1175 2181 1261 2220 eius
1280 2184 1423 2231 sponte
1443 2185 1568 2230 atque
1589 2192 1787 2221 consensu
1806 2181 1928 2221 biduo
1954 2193 2058 2222 sem-

1170 2254 1248 2293 per
1277 2243 1552 2283 celebrarunt.
1600 2244 1853 2284 Haeserunt
1873 2243 2056 2295 quidem

1176 2305 1376 2357 plerique
1408 2307 1453 2345 in
1481 2317 1552 2346 vv.
1585 2306 1794 2345 Aestivam
1813 2328 1837 2335 -
1855 2328 1879 2335 -
1897 2310 2057 2346 noctem

1175 2369 1367 2420 ideoque
1389 2369 1669 2420 interpretati
1689 2370 1793 2409 sunt
1813 2368 1868 2408 de
1896 2369 1943 2409 C.
1962 2367 2057 2408 Iulii

1178 2431 1381 2471 Caesaris
1399 2430 1627 2471 dictatoris
1646 2429 1792 2480 natali,
1812 2429 1903 2470 Kal.
1921 2431 2052 2471 Amit.

1175 2493 1203 2534 l.
1226 2493 1254 2534 l.
1277 2505 1321 2546 p.
1346 2493 1450 2535 394:
1481 2505 1539 2534 IV.
1573 2505 1735 2534 1D.1VL.
1762 2494 1843 2544 (4⁶2.
1869 2493 1940 2534 dle
1960 2492 2054 2543 Iul.)

1173 2568 1268 2598 LVD.
1296 2567 1392 2597 FER.
1426 2567 1547 2605 QVOD.
1575 2567 1671 2597 Hoc.
1700 2567 1790 2596 DIE.
1821 2567 1858 2597 c.
1883 2566 2052 2597 CAESAR.

1175 2630 1267 2661 EST.
1300 2630 1444 2660 NATVS.
1497 2619 1585 2659 Sed
1621 2618 1704 2659 sub
1744 2618 1868 2660 caelo
1905 2618 2056 2658 Italico

1175 2682 1243 2722 illa
1277 2693 1456 2734 quoque
1478 2694 1591 2731 nox,
1625 2694 1739 2734 quae
1760 2682 1940 2734 proprie
1963 2682 2057 2721 erat

1177 2745 1492 2795 auctumnalis‚
1539 2746 1626 2786 dici
1667 2746 1843 2797 poterat
1871 2745 2053 2792 aestiva,

1178 2810 1225 2847 ut
1269 2807 1476 2859 Calpurn.
1519 2809 1535 2847 4
1560 2840 1567 2855 ,
1616 2809 1662 2847 4:
1713 2808 1907 2846 Nondum
1950 2807 2058 2847 Solis

1176 2881 1300 2920 equos
1320 2871 1483 2909 declivis
1510 2870 1677 2921 mitigat
1705 2874 1864 2919 aestas,
1902 2871 2055 2920 Quam—

1173 2933 1236 2972 vis
1255 2937 1292 2972 et
1319 2933 1498 2971 madidis
1528 2932 1765 2973 incumbant
1786 2933 1911 2982 prela
1938 2943 2056 2972 raee-

1175 2995 1253 3034 mis
1281 2996 1334 3034 Et
1363 2999 1551 3045 spument
1578 3007 1712 3035 rauco
1740 2995 1945 3046 ferventia
1965 3005 2057 3034 mu-

1176 3061 1241 3096 sta
1270 3069 1456 3097 susurro.
1508 3060 1650 3108 Atque
1672 3058 1806 3097 medio
1825 3056 2055 3107 Septembri

1175 3131 1255 3172 pro
1301 3131 1502 3161 «summo
1548 3121 1698 3160 aestu»
1746 3119 1854 3159 dixit
1899 3121 2050 3159 Iuven.

1177 3182 1249 3232 44,
1286 3184 1363 3223 429
1394 3195 1460 3234 sq.
1499 3207 1543 3211 —
1573 3181 1753 3234 veniam]
1787 3184 1831 3222 et
1870 3183 2054 3233 propter

1176 3246 1359 3297 Augusti
1390 3244 1558 3285 natales
1581 3246 1624 3285 et
1645 3245 1748 3295 quia
1770 3245 1885 3292 erat,
1917 3245 1966 3283 ut
1987 3246 2054 3283 est

1177 3309 1219 3348 in
1249 3307 1338 3348 Kal.
1363 3307 1476 3348 Maff.
1502 3306 1528 3347 l.
1559 3307 1585 3347 l.
1613 3319 1655 3359 p.
1680 3306 1770 3346 398.
1798 3306 1841 3344 et
1870 3316 1912 3356 p.
1938 3304 2049 3353 407.‚

1176 3372 1228 3410 N.
1250 3372 1292 3410 P.
1321 3370 1388 3420 (z
1416 3369 1610 3410 nefastus
1632 3368 1778 3420 pi·ior{›;
1804 3367 1950 3418 priore
1971 3367 2052 3417 igi-

1179 3434 1248 3472 tur
1283 3431 1367 3472 diei
1406 3435 1532 3484 parte
1572 3432 1638 3471 ius
1677 3431 1761 3470 dici
1792 3442 1815 3469 a
1844 3431 2050 3481 praetore

1179 3506 1264 3534 non
1309 3495 1495 3545 poterat.
1543 3517 1584 3522 —
1630 3492 1832 3544 somnum]
1879 3491 2051 3532 «licebit
