2231 3787
866 221 962 259 Ans
994 221 1233 260 POETMJA.

215 349 393 402 Latior
434 349 677 420 amplecti
723 367 905 403 murus
946 351 1178 420 vinoque
1220 349 1411 401 diurno

216 450 419 504 Placari
464 451 663 504 Genius
705 452 850 505 sestis
892 453 1109 523 impune
1149 450 1367 505 dicbus.

214 553 456 606 Accessit
493 553 840 623 numerisque
882 553 1165 624 modisque
1208 552 1419 606 licentia
1460 553 1656 615 maior3

217 653 468 707 Indoctus
509 653 639 725 quid
680 654 821 707 onim
863 664 1079 724 saperet
1120 654 1365 725 liberque
1407 654 1651 707 laborum

213 755 460 808 Rusticus
501 755 708 808 urbano
749 756 1026 808 confusus,
1071 757 1239 826 turpis
1281 756 1548 809 honesto?

217 856 304 910 Sic
344 857 555 928 priscae
599 865 911 927 motumque
952 866 1004 909 et
1042 857 1307 909 luxuriem
1348 856 1553 909 addidit
1592 859 1687 910 arti

218 957 435 1012 Tibicen
474 958 738 1028 traxitque
779 976 946 1028 vagus
987 976 1085 1028 per
1124 957 1327 1028 pulpita
1367 967 1601 1021 vestcmg

1871 961 1974 1013 <9113

1872 999 1900 1013 ,Ι

202 1094 282 1133 teri
306 1093 514 1141 Pottierii,
549 1103 706 1132 omnes
730 1094 840 1132 Feae
864 1094 907 1132 et
936 1093 1074 1132 nostri
1099 1091 1389 1143 BbSTEcdp.)
1420 1113 1462 1120 —
1489 1093 1583 1132 ⁴209.
1608 1095 1770 1133 Laxior
1790 1096 1925 1136 Bent—

203 1155 313 1195 leius
344 1156 611 1195 coniectura.
650 1179 690 1183 —
727 1157 904 1206 iinplccti
935 1158 979 1195 B.

146 1286 218 1323 ro,
249 1277 394 1324 putere
423 1274 590 1313 diurno.
620 1294 663 1301 —
688 1274 859 1314 Placari
881 1275 1034 1315 Genius

150 1336 252 1388 cet]
286 1336 348 1376 Cf.
374 1337 481 1387 Epp.
507 1337 554 1383 2,
585 1337 622 1385 11,
651 1337 742 1378 144.
771 1358 814 1365 —-
850 1337 1030 1389 impune]

151 1410 259 1439 «nec
275 1400 507 1438 moreium
526 1409 609 1438 nec
625 1397 720 1450 lege
740 1399 783 1438 id
800 1402 977 1440 vetante
995 1412 1031 1444 ;»

150 1462 278 1501 «sine
309 1463 434 1501 metu
465 1460 648 1501 alicuius
672 1464 715 1501 et
738 1464 1031 1502 reverentia.»

150 1525 290 1565 Comi.
326 1524 456 1569 CRUQ.
494 1547 539 1552 —
587 1526 850 1574 numerisque
877 1526 1035 1564 modis-

150 1586 240 1638 que]
265 1586 512 1636 «rhythmis
536 1598 589 1627 ac
613 1586 1031 1628 modulationibus.»

151 1650 298 1689 GLoss.
334 1648 510 1689 Codicis
533 1650 577 1689 T.
604 1649 668 1689 Cf.
688 1651 796 1701 Epp.
819 1651 856 1699 Ξ,
876 1651 915 1699 ¹2,
938 1650 1030 1690 4402.

153 1734 197 1740 —
221 1712 412 1750 Indoctus
433 1711 537 1762 cet]
571 1712 685 1751 «Hos
708 1724 865 1753 versus
888 1725 1032 1764 neque

151 1773 392 1814 eiiciendos
438 1774 562 1824 (cum
607 1773 838 1825 Paldamo)
887 1786 1033 1826 neque

150 1836 507 1888 transponendos
555 1837 675 1887 (post
711 1848 753 1875 v.
792 1836 886 1877 224.
931 1848 1033 1876 cum

150 1897 357 1950 Engelio)
408 1909 510 1939 esse
562 1898 687 1939 facile
738 1900 1031 1951 perspicitur,

151 1961 397 2002 dummodo
428 1961 485 2000 ad
517 1972 591 2006 ea,
630 1973 820 2012 quorum
853 1973 1035 2002 causam

152 2023 372 2072 indicant,
421 2023 685 2063 referantur.
757 2025 865 2064 Sunt
907 2025 1037 2075 igitur

153 2097 257 2127 cum
288 2085 471 2135 decem,
505 2087 580 2136 qui
608 2086 898 2138 praecedunt,
930 2098 1036 2126 ver-

153 2149 276 2191 sibus
295 2148 616 2200 coniungendi3
641 2149 883 2189 ostendunt
900 2150 1034 2199 enim,

154 2223 234 2252 cur
254 2211 423 2252 musica
445 2211 626 2251 scenica
649 2222 737 2251 non
757 2212 880 2263 prius
901 2223 925 2251 a
946 2213 1038 2263 pri-

154 2285 231 2315 sca
248 2272 316 2313 illa
333 2271 611 2325 simplicitate
629 2272 884 2323 desciverit,
904 2284 1039 2324 quam

155 2348 242 2388 quo
275 2337 478 2387 tempore
509 2334 724 2388 populus,
759 2336 923 2388 quippe
949 2346 1039 2375 ma-

155 2400 251 2451 gnis
281 2399 477 2440 victoriis
507 2401 689 2451 potens,
723 2397 866 2438 mollis
898 2400 941 2438 et
970 2397 1040 2437 lu—

154 2462 360 2502 xuriosus
383 2461 524 2502 factus
546 2461 642 2502 dies
662 2463 908 2512 noctesque
930 2472 1040 2501 con-

155 2525 280 2565 viviis
319 2525 362 2564 et
403 2523 808 2576 compotationIbus
847 2523 1039 2575 benigne

156 2598 204 2628 se
240 2589 429 2626 tractare
470 2587 736 2638 coepisset.»
782 2585 954 2637 Hilgers
994 2587 1042 2626 dc

158 2652 206 2701 Q.
232 2651 280 2690 H.
314 2651 359 2689 F.
381 2650 513 2699 Epist.
538 2651 594 2689 ad
623 2649 701 2691 Pis,
726 2660 769 2700 p.
791 2648 858 2690 39.
895 2649 1042 2697 «Quo-

156 2712 291 2753 modo
323 2713 493 2762 enim,»
535 2712 697 2763 inquit,
734 2710 943 2751 «indocta
974 2713 1042 2750 at-

157 2786 245 2826 que
290 2775 401 2815 mire
443 2774 626 2815 confusa
666 2775 778 2813 haec
808 2773 1042 2813 multitudo

157 2849 291 2878 verae
322 2849 374 2877 ac
405 2837 618 2889 simplicis
640 2837 837 2877 musicae
859 2847 1044 2877 sensum

160 2912 212 2941 ac
241 2900 455 2940 iudicium
484 2900 776 2940 retinuisset?
819 2900 961 2939 Immo
985 2900 1046 2938 in-

160 2963 278 3014 genti
295 2973 405 3003 sono
423 2963 701 3014 strepituque
719 2960 927 3001 tibiarum
942 2972 1046 3012 gau-

160 3025 298 3065 debat
326 3023 509 3064 turba.»
546 3048 590 3052 —
624 3023 808 3073 liberque
838 3024 1045 3074 laborum]

162 3097 292 3127 «cum
321 3086 482 3126 dlebus
512 3085 632 3126 festis
663 3085 718 3125 ab
751 3097 886 3138 opere
920 3088 1047 3126 rusti-

161 3161 214 3190 co
246 3150 535 3201 requiescens
560 3150 690 3188 unice
706 3147 980 3200 voluptatem
1002 3152 1046 3190 et

163 3211 395 3253 oculorum
417 3212 682 3263 auriumque
701 3209 1044 3252 oblectationem

163 3276 402 3327 quaereret
430 3273 607 3314 indocta
630 3268 953 3326 (ἀπαίδευτος)
976 3274 1044 3314 illa

164 3341 209 3378 et
236 3338 456 3389 permixta
488 3349 541 3377 ex
576 3337 782 3377 omnibus
814 3338 1044 3378 hominum

165 3399 404 3451 generibus
424 3399 702 3440 multitudo.»
733 3400 795 3440 Cf.
816 3400 893 3440 Od.
917 3400 956 3449 3,
978 3401 1042 3450 47,

170 3463 217 3502 ⁴6
236 3475 243 3501 :
279 3463 380 3503 Cum
399 3463 568 3513 famulis
588 3474 760 3513 operum
775 3463 930 3502 solutis.
956 3464 1041 3503 Sat.

312 3540 462 3577 HonAr.
495 3549 585 3576 vor„
619 3540 660 3575 II.
715 3550 778 3576 En.
810 3549 892 3576 mi.
926 3539 984 3576 ΙΙΙ.

1100 1275 1142 1323 2,
1168 1275 1206 1323 2,
1239 1275 1310 1314 119
1333 1286 1339 1312 ῑ
1375 1286 1546 1325 operam
1566 1287 1710 1316 vacuo.
1750 1278 1857 1328 lipp.
1878 1278 1916 1325 ¹2,
1946 1280 1976 1324 t,

1100 1336 1202 1377 1140:
1237 1338 1417 1377 levantes
1436 1343 1619 1387 tempore
1644 1340 1745 1390 festo
1767 1340 1926 1390 Corpus
1946 1345 1982 1380 ct

1096 1401 1232 1450 ipsum
1261 1401 1463 1440 animum.
1501 1402 1550 1440 V.
1584 1401 1686 1441 liber
1717 1414 1818 1442 cum
1842 1404 1976 1454 genit.

1099 1465 1167 1502 est
1197 1464 1469 1504 constructio
1503 1464 1593 1504 sere
1624 1466 1813 1516 poetica.
1863 1467 1977 1516 Virg.

1099 1528 1206 1565 Aen.
1234 1527 1304 1574 «10,
1341 1526 1442 1567 sitit:
1476 1527 1607 1566 libera
1634 1528 1734 1578 fati,
1770 1527 1837 1567 alii
1867 1529 1982 1579 fatis,

1099 1588 1178 1627 sed
1201 1587 1304 1628 illud
1328 1588 1756 1637 sirmatArusianus;
1784 1592 1984 1631 Lucanus

1100 1651 1146 1698 6,
1181 1650 1252 1690 3011
1277 1663 1284 1689 :
1324 1651 1454 1691 libera
1485 1649 1622 1703 {egsum
1653 1655 1809 1701 Roma3
1858 1653 1984 1693 Silius

1100 1713 1139 1759 ὃ,
1164 1713 1267 1752 ’242ῑ
1305 1718 1443 1764 erepto
1473 1717 1680 1754 metuendi
1710 1715 1841 1754 libera
1871 1716 1984 1755 caclo

1101 1775 1351 1825 (iuventus).
1383 1797 1426 1804 —
1461 1777 1609 1826 turpis]
1650 1776 1853 1816 «infimae
1886 1788 1984 1816 sor-

1101 1836 1155 1875 tis
1188 1837 1436 1877 homines.»

1156 1899 1250 1939 ι214.
1275 1901 1370 1939 Ἣῦ.
1411 1903 1588 1950 motum]
1621 1903 1835 1954 κίνησιν,
1869 1902 1987 1942 Leb-

1100 1962 1396 2014 hafliykcit.
1431 1963 1655 2014 Significat
1681 1965 1810 2015 igitur
1832 1976 1986 2005 nume-

1102 2035 1175 2063 ros
1218 2025 1468 2076 modosque
1508 2025 1750 2066 celeriores
1781 2029 1825 2067 et
1855 2027 1988 2068 salta-

1101 2087 1269 2126 tionem
1286 2088 1353 2127 his
1370 2089 1772 2130 accommodatam:
1794 2102 1843 2130 ex
1862 2093 1988 2142 parte

1104 2149 1237 2188 etiam
1282 2149 1336 2189 de
1379 2150 1612 2190 tibicinum
1652 2151 1988 2202 gesticulatione

1103 2211 1412 2262 accipiendum
1457 2212 1652 2261 videtur,
1700 2215 1746 2253 ut
1782 2213 1987 2265 colligere

1102 2272 1203 2313 licet
1242 2285 1295 2313 ex
1328 2273 1571 2315 Aristotelis
1612 2274 1711 2316 loco
1744 2287 1846 2316 mox
1879 2276 1990 2316 affe-

1104 2336 1261 2376 rendo.
1300 2360 1343 2364 —
1383 2337 1614 2389 luxuriem]
1650 2337 1753 2378 Plin.
1781 2339 1830 2378 H.
1855 2339 1987 2386 N.46,

1105 2399 1172 2448 36,
1198 2399 1249 2438 66
1270 2411 1277 2437 :
1305 2404 1533 2449 postquam
1556 2401 1743 2440 varietas
1762 2402 1932 2441 accessit
1954 2406 1990 2440 ct

1104 2464 1252 2501 cantus
1289 2471 1452 2511 quoquc
1483 2462 1702 2503 luoeuria
1733 2465 1816 2503 cet.
1871 2464 1991 2503 Ilaec

1106 2535 1213 2564 sane
1245 2524 1499 2564 referuntur
1530 2526 1662 2565 etiarn
1693 2526 1749 2565 ad
1774 2528 1992 2566 Romano-

1107 2597 1207 2625 rum
1230 2587 1449 2627 musicam
1469 2589 1710 2628 scenicam.
1737 2588 1800 2629 Cf.
1822 2589 1910 2629 Cic.
1932 2589 1988 2628 dc

1108 2650 1238 2698 Legg.
1264 2649 1313 2696 ἓ,
1346 2649 1410 2698 45,
1431 2649 1503 2688 39;
1541 2650 1619 2689 Illa
1654 2651 1818 2700 quidem
1851 2651 1991 2702 (thea-

1108 2711 1214 2760 tra),
1260 2722 1367 2760 quae
1403 2711 1587 2751 solebant
1625 2714 1839 2762 quondam
1876 2725 1991 2753 com-

1101 2773 1213 2823 plera
1249 2774 1466 2813 severitate
1508 2775 1693 2815 iucunda
1731 2777 1917 2816 Liuianis
1956 2781 1994 2816 ct

1107 2836 1337 2875 Naevianis
1364 2838 1522 2887 modis,
1554 2849 1664 2877 nunc
1694 2842 1737 2877 ut
1758 2839 1901 2878 cadem
1921 2850 1994 2878 ca:-

1108 2899 1289 2948 sultant,
1322 2903 1367 2938 ut
1397 2900 1574 2940 cervices
1594 2901 1814 2950 oculosque
1828 2902 1994 2951 parilcr

1109 2972 1202 3000 cum
1242 2962 1462 3002 modorum
1495 2963 1746 3014 flea-ionibus
1775 2967 1993 3012 torquent!

1114 3047 1156 3051 -
1190 3024 1335 3075 vayus]
1376 3025 1536 3065 «modo
1567 3025 1866 3075 dextrorsum,
1901 3036 1993 3065 mo-

1111 3086 1166 3126 do
1211 3087 1540 3137 sinistrorsum,
1588 3089 1773 3128 chorum
1805 3099 1991 3139 praece-

1111 3149 1265 3189 dens.»
1290 3150 1385 3190 Adi.
1417 3162 1551 3202 vayus
1582 3162 1687 3191 sane
1723 3152 1825 3189 κατ’
1858 3151 1993 3207 εἰρω-

1110 3212 1262 3261 νείαν,
1305 3214 1352 3252 ut
1384 3212 1508 3252 facile
1540 3212 1792 3252 recorderis
1823 3213 1993 3253 Aristo—

1111 3274 1207 3315 telis
1238 3277 1358 3315 Poe't.
1386 3276 1482 3327 (Ἑὸ.)
1515 3276 1588 3324 27,
1619 3275 1668 3314 3:
1708 3271 1890 3327 πολλὴν
1920 3277 1993 3316 κί-

1110 3351 1250 3391 νησιν
1280 3335 1552 3388 κινοῦνται,
1600 3332 1704 3377 οἷον
1735 3338 1785 3377 οἱ
1812 3336 1993 3388 φαῦλοι

1111 3397 1316 3454 αὐληταὶ
1360 3397 1667 3453 κυλιόμενοι,
1719 3396 1784 3439 (ἲν
1826 3398 1994 3441 δίσκον

1111 3462 1193 3523 δέῃ
1224 3464 1507 3516 ,ιιιμεῖσθαμ
1549 3463 1629 3503 καὶ
1660 3457 1878 3514 ἕλκοντες
1909 3460 1993 3503 τὸν

1631 3541 1650 3550 Α

1606 3541 1646 3576 4ae
