2231 3787
279 241 378 292 7702

1083 241 1221 282 HORA
1229 242 1295 281 Til

348 370 619 425 Caedibus
658 380 709 424 et
746 371 886 424 victu
930 371 1086 424 foedo
1127 370 1386 424 deterruit
1424 369 1699 441 OrpheuS,

348 474 531 527 Dictus
572 472 638 525 ob
679 472 780 526 hoc
818 472 984 526 lenire
1025 472 1187 541 tigres
1227 470 1555 542 rabidosque
1596 471 1812 536 leones3

345 575 530 628 Dictus
570 583 621 627 et
659 573 946 644 Amphion,
990 571 1272 625 Thebanae
1312 571 1557 626 conditor
1595 572 1760 634 arciS‚

347 677 485 730 Saxa
524 691 741 727 movere
782 690 914 726 sono
956 671 1238 726 testudinis
1277 681 1329 726 et
1366 690 1528 743 prece
1566 673 1762 726 blanda

344 777 554 830 Ducere
594 791 701 845 quo
741 773 912 828 vellet.

346 875 567 930 Publica
604 875 822 947 privatis
864 891 1178 938 secernere,

348 977 644 1032 Concubitu
685 975 973 1048 prohibere
1012 994 1174 1048 vagO,

1988 673 2090 725 395

988 773 1106 827 Fuit
1143 773 1277 829 haec
1321 774 1583 845 sapientia
1621 774 1920 846 quondam,

1221 892 1375 930 sacra
1412 875 1673 946 profaniS,

1217 976 1348 1031 dare
1388 977 1505 1030 iura
1544 976 1769 1040 maritiS,

382 1143 475 1183 393.
500 1143 621 1181 linire
642 1142 731 1192 (sic)
754 1142 873 1192 tiyris
892 1142 938 1180 B.
967 1161 1010 1168 —
1036 1141 1286 1190 rapidosque
1306 1142 1379 1190 Tc,
1404 1144 1433 1181 t.
1469 1142 1535 1193 (Ut
1554 1153 1650 1191 nos,
1682 1141 1840 1194 BbSd.)
1868 1165 1913 1171 —-
1937 1143 2030 1184 394.

327 1207 439 1245 arcis
464 1207 522 1245 Tc
553 1207 594 1244 et
620 1215 685 1255 pr.
710 1203 754 1251 b,
780 1204 987 1254 quattuor
1007 1203 1256 1243 Hochederi
1277 1202 1452 1255 aliique,
1477 1205 1564 1245 LCt
1585 1206 1629 1244 et
1647 1204 1895 1246 Bentleius:
1922 1206 2038 1246 urbis

273 1356 450 1398 quoque
495 1342 722 1396 praeclara
764 1342 1031 1394 pantheismi
1069 1342 1152 1382 do-

273 1409 409 1449 ctrina
457 1406 755 1445 tribueretur:
802 1400 918 1454 Ζεὺς
965 1400 1151 1462 πρῶτος

271 1471 454 1524 γένετο,
488 1466 603 1519 Ζεὺς
635 1462 842 1517 ὕστατος
863 1462 1150 1524 ἁρχικέραυ-

271 1546 376 1583 νος.
410 1527 526 1581 Ζεὺς
555 1527 769 1582 κεφαλή,
816 1526 932 1579 Ζείς
960 1531 1146 1581 μέσσα·

269 1593 382 1645 Διὸς
411 1592 448 1633 δ’
481 1593 533 1634 ἐκ
565 1590 721 1632 πάντα
751 1593 969 1633 τέτυκται
988 1604 997 1613 ·
1033 1588 1150 1642 Ζεὺς

271 1658 414 1709 πιόιή
458 1651 675 1708 ἀνέμων,
729 1651 843 1705 Ζεί·ς
891 1649 1148 1707 ἀκαμάτου

270 1716 420 1776 ,τυρὸς
451 1714 604 1775 ὁρμή·
649 1713 765 1767 Ζεὺς
807 1715 986 1758 πόντου
1018 1715 1147 1773 ῥίζα,

269 1779 386 1832 Ζεὺς
405 1776 540 1833 ἥλιος
562 1774 645 1832 ἠδὲ
662 1778 856 1832 σελήνη.
884 1780 974 1830 (Ed.
996 1781 1145 1820 Herm.

269 1856 311 1896 p.
346 1844 455 1893 457.)
487 1844 636 1895 Eurip.
670 1843 801 1882 Rhesi
831 1854 870 1881 v.
896 1842 1001 1882 943:
1048 1841 1149 1882 Μυ-

270 1908 481 1963 στηρίων
519 1904 568 1945 δὲ
608 1902 702 1944 τῶν
732 1899 1019 1961 ἀπορρήτων
1050 1918 1148 1954 φα-

268 1965 355 2019 νὰς
386 1963 596 2019 3Ἐὁειξεν
634 1962 848 2024 Ὀρφεύς.
923 1968 1144 2019 Aristoph.

267 2033 375 2071 Ran.
411 2031 539 2070 4032:
568 2024 768 2086 Ὀρφεὺς
791 2029 880 2081 μὲν
909 2025 1000 2086 γὰρ
1030 2027 1150 2068 τελε-

268 2091 354 2142 τάς
396 2092 438 2131 θ’
479 2087 595 2144 ἡμῖν
633 2089 870 2143 κατέδειξε
908 2088 1076 2141 φόνων
1110 2093 1147 2130 τ’

267 2150 550 2202 ἀπέχεσθαι.
596 2155 682 2195 Cfr.
710 2154 816 2194 Plat.
851 2156 895 2194 10
923 2165 966 2205 p.
991 2153 1070 2194 534
1091 2154 1146 2193 E:

271 2217 319 2255 οἱ
347 2217 543 2268 ποιηταὶ
574 2212 713 2256 οὐδὲν
742 2211 843 2255 ἄλλ’
871 2211 906 2267 ἢ
926 2215 1150 2272 ἑρμηνεῖς

270 2279 363 2319 εἰσὶ
404 2277 497 2317 τῶν
528 2275 666 2317 θεῶν.
716 2279 837 2318 Ovid.
871 2280 1048 2318 Metam.
1082 2278 1146 2326 44,

271 2342 322 2382 68
343 2353 350 2378 :
388 2341 628 2390 Amissoque
658 2341 795 2381 dolens
814 2352 1031 2380 sacrorum
1055 2344 1152 2380 vate

268 2414 440 2443 suorum
486 2403 719 2454 (Orpheo).
770 2426 814 2431 —-
859 2403 972 2443 victu
1011 2402 1148 2455 foedo]

271 2464 506 2516 glandibus
538 2468 581 2504 et
611 2464 747 2504 ferina
781 2465 938 2513 cruda3
988 2466 1151 2506 «instar

270 2528 508 2567 ferarum.»
543 2527 681 2566 cosm.
708 2528 838 2574 Caco.
866 2548 910 2555 -
937 2527 1148 2579 deterruit]

273 2600 320 2627 «a
353 2587 425 2628 tali
457 2587 663 2628 foeditate
700 2590 861 2629 acriter
891 2589 1149 2629 dehortatus

272 2653 363 2698 est,
412 2650 556 2690 donec
599 2650 653 2689 ab
700 2661 752 2690 ea
790 2651 1031 2691 desuefacti
1076 2662 1150 2691 es-

272 2715 415 2752 sent.»
442 2734 486 2739 -
512 2712 707 2764 Orpheus]
740 2723 763 2751 a
786 2724 873 2763 quo
893 2714 1042 2765 poesis
1063 2714 1150 2765 pri-

272 2773 443 2813 mordia
488 2775 641 2814 Graeci
682 2777 887 2826 repetere
928 2775 1145 2825 solebant,

273 2837 352 2875 etsi
400 2836 531 2876 Linus
575 2838 874 2888 praecessisse
913 2838 1150 2878 videbatur

273 2897 514 2949 Orpheum.
545 2898 606 2937 Cf.
628 2899 932 2939 Schneidewin
950 2901 1145 2940 Eustath.

273 2971 314 3012 p.
340 2958 405 2999 47.
455 2960 596 2999 Prima
639 2963 732 3001 eius
764 2963 928 3001 mentio
959 2962 1054 3002 fieri
1083 2963 1150 3001 vi-

275 3021 405 3061 detur
434 3021 551 3071 apud
584 3022 767 3072 Ibycum
799 3022 886 3062 Rel.
916 3035 958 3075 p.
984 3025 1054 3064 464
1080 3035 1147 3074 sq.

277 3083 426 3123 Schn.:
447 3078 776 3135 ὄνομα-κλυτὸς
789 3079 944 3141 Ὄρφη
960 3086 1147 3135 (vocat).

275 3145 398 3185 Pind.
424 3146 550 3195 Pyth.
575 3146 613 3193 4,
635 3147 735 3185 476:
764 3140 844 3197 Ἐξ
861 3143 1151 3198 Ἀπόλλωνος

277 3205 325 3246 δὲ
358 3205 629 3264 φορμικτὰς
650 3203 821 3248 ἀοιδᾶν
844 3204 1152 3266 πατὴρἯΕμο-

279 3268 356 3308 λεν
401 3265 651 3323 εὐαίνητος
685 3266 897 3327 Ὀρφεύς.
946 3270 1064 3311 Plato
1095 3271 1149 3311 de

278 3331 388 3382 legg.
413 3331 452 3371 3.
476 3344 518 3383 p.
544 3333 636 3372 677.
662 3334 719 3373 D:
753 3331 885 3381 χίλια
914 3330 949 3371 δ’
978 3327 1063 3381 ἀφ’
1093 3324 1150 3373 οὗ

279 3393 470 3445 γέγονεν
492 3388 523 3446 ἦ
539 3392 610 3444 δὶς
629 3393 845 3435 τοσαῦτα
864 3389 963 3447 ἔτη,
985 3390 1044 3433 τὰ
1062 3394 1151 3447 μὲν

280 3453 496 3510 Δαιδάλῳ
526 3454 782 3509 καταφανῆ
805 3457 990 3511 γέγονε,
1023 3453 1081 3496 τὰ
1101 3455 1150 3497 δὲ

1211 1337 1424 1400 Ὀρφεῖ,
1458 1340 1516 1383 τὰ
1546 1342 1596 1384 δὲ
1625 1341 1932 1397 Παλαμήδει,
1964 1340 2091 1385 τὰδὲ

1216 1406 1320 1461 περὶ
1339 1402 1584 1459 μουσικὴν
1603 1404 1811 1463 Μαρσύᾳ
1831 1407 1910 1447 καὶ
1929 1401 2093 1459 Ὀλύμ-

1216 1478 1311 1521 πῳ,
1334 1489 1358 1496 -
1377 1490 1401 1496 -
1423 1469 1526 1525 περὶ
1558 1465 1705 1525 λύραν
1725 1467 1775 1508 δὲ
1799 1464 1890 1520 'Ap
1902 1469 2090 1519 (ρίονι.

1215 1531 1278 1570 De
1310 1531 1485 1581 Orpheo
1517 1531 1569 1570 cf.
1595 1530 1673 1570 Od.
1698 1532 1736 1579 4,
1761 1532 1833 1580 42,
1863 1532 1886 1571 6
1908 1541 2007 1583 sqq.
2043 1554 2089 1560 —

1220 1615 1263 1620 —-
1286 1591 1547 1643 rabidosque]
1572 1591 1705 1632 Multo
1728 1593 1812 1632 hoc
1832 1604 1948 1643 voc.,
1972 1592 2093 1644 quod

1215 1654 1270 1693 ad
1300 1657 1511 1706 utrasque
1541 1654 1707 1695 bestias
1736 1655 1950 1706 pertinet,
1993 1665 2093 1695 me-

1213 1715 1297 1757 lius
1327 1717 1371 1756 b.
1395 1716 1421 1756 l.
1446 1728 1579 1768 quam
1600 1718 1785 1767 rapidos,
1816 1716 1886 1757 vei
1909 1718 2093 1769 propter

1214 1790 1255 1817 v.
1280 1779 1427 1827 lenire,
1461 1781 1508 1818 ut
1536 1781 1659 1818 recte
1682 1779 1992 1819 animadvertit
2011 1781 2093 1819 Go-

1214 1841 1328 1887 nod‚
1361 1840 1489 1881 simul
1522 1841 1712 1881 afferens
1743 1841 1866 1882 Ovid.
1898 1843 1947 1881 A.
1975 1843 2025 1881 A.
2049 1841 2088 1890 3,

1214 1904 1261 1944 8:
1293 1903 1467 1943 rabidae
1507 1903 1694 1953 (saevae)
1727 1904 1860 1942 tradis
1888 1903 1992 1943 ovile
2024 1903 2092 1943 lu-

1207 1977 1306 2016 pae.
1330 1989 1374 1994 —
1397 1965 1613 2017 Amphion]
1638 1965 1716 2005 Od.
1741 1965 1780 2015 3,
1802 1966 1867 2014 44,
1889 1966 1938 2006 2:
1962 1966 2094 2006 Movit

1212 2029 1414 2078 Amphion
1444 2028 1601 2078 lapides
1629 2029 1828 2068 canendo.
1878 2027 1940 2068 Cf.
1978 2028 2087 2080 Epp.

1216 2092 1254 2139 4,
1280 2091 1345 2140 48,
1369 2089 1436 2130 44.
1465 2112 1509 2118 —
1543 2090 1666 2142 arcis]
1709 2091 1800 2130 Hoc
1830 2102 1871 2129 v.
1906 2101 2092 2130 accura-

1215 2155 1300 2193 tius
1340 2151 1559 2204 simulque
1600 2153 1740 2204 magis
1770 2154 1995 2204 poeticum
2023 2153 2091 2193 vi-

1215 2216 1346 2255 detur
1375 2226 1509 2267 quam
1539 2215 1666 2255 urbis.
1700 2216 1888 2255 Externa
1909 2215 2090 2267 quidem

1213 2279 1444 2329 utriusque
1474 2277 1673 2319 lectionis
1693 2278 1930 2320 auctoritas
1950 2289 2089 2331 prope

1213 2350 1294 2390 par
1325 2341 1406 2379 est.

1269 2401 1470 2442 396-404.
1503 2402 1598 2441 Fuit
1625 2402 1725 2442 haec
1752 2403 1958 2452 sapientia
1986 2401 2089 2454 cet.]

1214 2465 1400 2514 Po'e‘tae,
1446 2465 1494 2503 ut
1536 2464 1593 2503 ait
1631 2463 1749 2504 Plato
1779 2465 1822 2504 in
1852 2464 2013 2515 Lyside
2045 2475 2087 2516 p.

1213 2525 1308 2566 244.
1338 2528 1392 2575 Α,
1439 2521 1558 2578 ἡμῖν
1587 2520 1748 2585 ὥσπερ
1778 2527 1975 2584 πατέρες
2003 2524 2090 2579 τῆς

1214 2589 1395 2638 σοφίας
1426 2589 1519 2628 εἰσὶ
1548 2589 1630 2629 καὶ
1661 2584 1910 2642 ἡγεμόνες.
1938 2611 1982 2618 -
2006 2590 2090 2629 Pii-

1214 2651 1321 2690 blica
1350 2651 1452 2703 cet.]
1497 2653 1544 2691 In
1575 2654 1783 2702 quattuor
1811 2662 1975 2703 genera
2003 2651 2089 2692 hoc

1213 2724 1348 2754 versu
1376 2716 1623 2753 memorata
1653 2724 1810 2753 omnes
1830 2724 1903 2754 res
1922 2712 2090 2766 partie-

1212 2775 1376 2816 bantur
1404 2777 1600 2816 Romani.
1638 2799 1680 2804 —-
1714 2775 2088 2828 Concubitu-vago]

1215 2839 1548 2890 «promiscuo»;
1589 2839 1683 2878 sine
1715 2838 1936 2878 connubio
1966 2840 2088 2878 certo

1215 2902 1259 2940 et
1292 2899 1460 2948 stabili,
1509 2899 1626 2939 unde
1668 2911 1858 2940 venerem
1885 2901 2090 2941 incertam

1213 2962 1342 3000 vocat
1371 2962 1456 3001 Sat.
1483 2963 1498 3001 4
1522 2993 1530 3011 ,
1561 2961 1606 3010 3,
1638 2962 1730 3002 409.
1772 2985 1816 2990 -
1861 2963 1963 3002 dare
1990 2963 2090 3002 iura

1212 3022 1390 3074 maritis]
1425 3026 1495 3063 «et
1524 3024 1616 3063 viro
1647 3026 1692 3063 et
1721 3023 1954 3073 mulieri3»
1985 3034 2089 3064 cum

1214 3084 1284 3125 lex
1314 3085 1581 3125 matrimonii
1611 3084 1779 3126 stabilis
1801 3086 2088 3127 constituere-

1215 3149 1298 3186 tur.
1326 3170 1370 3174 —
1403 3147 1509 3198 loyes
1537 3148 1717 3187 incidere
1745 3147 1878 3200 liqno]
1912 3147 2088 3188 «Aereis

1215 3210 1334 3249 enim
1365 3208 1523 3250 tabulis
1553 3211 1718 3261 antiqui
1757 3221 1844 3250 non
1873 3211 1975 3250 sunt
2002 3210 2085 3259 usi,

1215 3271 1295 3312 sed
1325 3271 1542 3312 roboreis.
1585 3273 1630 3312 In
1652 3272 1732 3312 has
1752 3271 2005 3312 incidebant
2023 3270 2088 3312 le-

1216 3345 1321 3386 ges,
1367 3333 1484 3373 unde
1529 3333 1675 3373 adhuc
1715 3334 1897 3374 Athenis
1938 3332 2088 3383 legum

1217 3395 1393 3436 tabulae
1422 3390 1592 3447 ἄξονες
1623 3396 1681 3446 (et
1701 3392 1904 3452 κύρβεις)
1926 3405 2089 3435 vocan-

1215 3459 1330 3497 tur.»
1361 3459 1565 3498 Ponrnva.
1600 3456 1704 3497 Gell.
1728 3458 1753 3497 2
1770 3489 1779 3504 ,
1804 3457 1874 3506 ⁴2,
1901 3457 1916 3496 4
1940 3469 1947 3494 :
1981 3467 2088 3507 quae
