2231 3787
178 314 281 366 258

815 312 1028 352 HORATII
1060 311 1359 352 SATIRARUM

251 446 424 511 Uxore
464 452 518 497 et
556 452 740 514 gnat03
782 440 921 494 mala
960 440 1123 493 multa
1163 448 1414 510 precatus
1452 439 1675 499 Atridis,

249 548 363 599 Non
403 544 490 598 ille
530 554 619 597 aut
657 546 920 596 Teucrum
959 549 1049 593 aut
1087 541 1265 610 ipsum
1308 539 1525 593 violavit
1563 539 1764 595 Ulixen.

249 649 444 700 Verum
483 662 609 715 eg0,
652 652 708 696 ut
745 643 1028 696 haerentes
1074 640 1303 695 adverso
1346 640 1499 694 litore
1537 658 1702 695 naves
1891 643 1994 696 205

252 749 555 818 Eriperem‚
598 744 836 815 prudens
875 743 1082 814 placavi
1123 743 1384 813 sanguine
1423 741 1592 795 divos.

248 851 449 918 Nempe
488 856 602 902 tuo,
644 845 858 898 furiose.
940 845 1082 906 Meo,
1125 843 1224 898 sed
1261 861 1368 897 non
1405 844 1655 898 furiosus.

250 950 353 1014 Qui
393 948 603 1019 species
643 945 774 999 alias
811 945 951 999 veris
994 944 1326 1016 scelerisque
1367 945 1594 999 tumultu

249 1050 540 1104 Permixtas
583 1047 783 1119 capiet,
825 1054 1123 1100 commotus
1162 1045 1471 1110 habebitur,
1516 1054 1703 1117 atque,

287 1193 381 1232 203.
417 1196 513 1230 nato
542 1190 618 1242 hp.
656 1212 700 1218 —
734 1189 828 1229 205.
860 1188 980 1228 navis
1010 1199 1046 1228 c.
1085 1208 1128 1216 -—
1170 1189 1263 1229 207.
1296 1188 1484 1240 furiose?
1519 1190 1728 1229 Diintzer.
1767 1212 1811 1218 —
1844 1190 1939 1230 208.

232 1256 340 1295 veris
371 1253 477 1294 Cod.
510 1251 709 1292 Blandin.
735 1251 986 1301 antiquiss,
1022 1250 1128 1289 Cod.
1154 1249 1317 1290 Buslid.
1345 1251 1546 1303 (uterque
1579 1263 1601 1291 e
1633 1251 1940 1302 correctione),

232 1317 424 1359 Pottierii
454 1316 561 1363 duo,
595 1313 910 1365 Porphyrionis
940 1312 1019 1352 Ed.
1054 1313 1262 1364 princeps
1292 1324 1331 1352 a.
1366 1312 1509 1363 4484„
1556 1313 1822 1354 Lambinus:
1853 1314 1943 1354 veri

232 1382 365 1432 bScp,
399 1379 589 1420 Pottierii
619 1376 849 1428 plerique,
898 1379 936 1423 t,
970 1373 1214 1423 Bentleius‚
1261 1375 1358 1423 FM,
1390 1386 1488 1414 vero
1519 1387 1572 1415 ex
1601 1376 1722 1415 varia
1751 1374 1941 1416 lectione

235 1443 409 1485 Codicis
440 1442 535 1481 Div.
576 1441 622 1479 C.
661 1460 704 1466 —
740 1439 834 1477 ⁶214.
870 1437 1093 1476 immeritos
1121 1448 1216 1475 cum
1255 1438 1363 1488 Scp:
1396 1438 1622 1478 immeritos
1660 1439 1759 1478 dum
1786 1437 1940 1487 baem,

235 1519 329 1546 cum-
360 1505 582 1545 immeritos
610 1500 768 1550 (5).1v,C,
801 1498 958 1546 Bentl.,
994 1499 1104 1538 FMJ.
1131 1521 1176 1526 —
1210 1500 1303 1539 24⁴2.
1331 1500 1388 1539 Tu
1410 1501 1596 1549 prudens
1614 1501 1825 1540 --titulos
1851 1511 1946 1539 culm

235 1569 419 1609 admittis
447 1565 668 1606 Bentleius
700 1564 812 1604 coni.
867 1564 990 1611 («Pro
1021 1560 1205 1600 admittis
1234 1561 1472 1611 Cruquiani
1501 1560 1667 1612 plures,
1699 1573 1814 1602 unus
1843 1560 1946 1602 Pul-

234 1632 384 1671 manni
428 1632 471 1669 et
515 1629 602 1668 duo
647 1627 782 1667 nostri
822 1625 1052 1665 committis.
1100 1621 1170 1671 Id,
1217 1623 1386 1674 opinor,
1430 1625 1577 1663 ortum
1616 1625 1684 1663 est
1723 1635 1777 1663 ex
1804 1624 1945 1664 veteri

179 1734 360 1773 tinuisse.
384 1729 505 1771 Ovid.
521 1730 698 1769 Metam.
713 1727 753 1774 8,
767 1727 838 1766 75¹1
859 1738 866 1764 :
884 1727 978 1765 Non
994 1729 1058 1764 ta-

180 1808 270 1835 men
292 1795 446 1833 idcirco
465 1793 625 1842 ferrum
647 1791 857 1839 Triopeius
871 1788 946 1827 illa
960 1787 1058 1826 Abs-

179 1858 316 1898 tinuit.
336 1878 378 1884 —
409 1853 558 1904 Uxor-e]
582 1864 646 1903 pr.
668 1850 938 1899 concubina,
973 1850 1057 1889 Te-

183 1915 572 1967 emessa—ynam]
592 1915 834 1964 Eurysace.
846 1935 890 1940 —-
904 1911 1054 1962 ipsum]

183 1979 278 2021 «vel
306 1981 452 2031 ipsum
482 1976 671 2023 Ulixem,
715 1977 805 2014 tam
835 1974 918 2014 sibi
949 1985 1056 2013 exo-

181 2053 324 2084 sum.»
347 2063 390 2068 -
417 2040 565 2078 Verum
585 2049 658 2088 090
679 2035 780 2087 cet]
803 2034 1058 2087 Respondet

179 2107 467 2155 Agamemno.
490 2122 534 2128 -
553 2098 739 2150 adverso]
758 2099 879 2145 Sunt,
900 2098 974 2148 qui
996 2098 1058 2136 in-

181 2165 481 2217 terpretentur
503 2161 715 2200 «infausto
746 2160 942 2209 mihique
974 2160 1058 2198 ini—

180 2228 295 2267 mico
325 2226 509 2277 propter
528 2223 571 2261 id
602 2223 769 2273 ipsum,
805 2221 925 2271 quod
946 2221 1056 2260 irata

180 2290 316 2329 Diana
337 2287 399 2327 sic
429 2284 609 2324 iubente
641 2294 777 2323 naves
808 2284 850 2322 in
873 2294 925 2322 eo
948 2283 1057 2322 hae-

179 2349 338 2390 rebant
366 2358 512 2398 neque
540 2347 582 2385 in
604 2345 740 2385 altum
768 2345 952 2396 provehi
973 2355 1058 2395 po—

179 2413 339 2457 terant3
367 2408 733 2458 L'nheilsqestade.»
760 2407 922 2446 Verum
944 2406 1055 2446 haec

179 2472 416 2518 sententia,
447 2471 496 2508 ut
516 2469 695 2519 opinor,
728 2467 950 2518 aliquanto
973 2467 1059 2507 cla—

179 2536 269 2575 rius
292 2532 477 2584 exprimi
508 2529 722 2577 debebat,
757 2539 937 2568 omnem
966 2539 1058 2568 am-

179 2596 438 2647 biguitatem
470 2592 667 2631 devitare
689 2591 724 2630 si
753 2589 933 2629 volebat
953 2594 1058 2641 poe·-

180 2660 236 2697 ta.
272 2656 486 2704 Quocirca
507 2663 624 2692 nunc
646 2650 940 2703 explicamus:
977 2662 1057 2690 «ex

178 2717 406 2758 Aulidensi
434 2715 586 2763 litore,
621 2712 742 2765 quod
762 2714 940 2761 Troiae,
967 2723 1055 2763 quo

179 2782 285 2819 tunc
314 2777 610 2818 tendebamus
641 2778 684 2815 et
719 2775 795 2814 ubi
831 2785 950 2814 nunc
980 2785 1057 2815 su-

179 2851 279 2881 mus
312 2839 520 2890 (dialogus
548 2839 667 2877 enim
696 2838 850 2876 Troiae
881 2835 1056 2876 habitus

180 2901 368 2951 fingitur.
422 2900 484 2940 Cf.
507 2910 549 2938 v,
575 2898 701 2948 491),
736 2909 759 2938 e
781 2899 961 2948 regione
981 2908 1059 2948 op-

179 2963 374 3013 positum
405 2963 485 3001 est.
553 2958 676 2999 Conf.
716 2959 838 2998 Ovid.
875 2960 1051 2999 Metam.

182 3023 257 3071 44,
290 3025 335 3062 5:
385 3021 562 3060 Zanclen
599 3021 857 3068 adversaque
892 3021 1059 3060 moenia

178 3084 318 3134 Rhegi.
378 3081 471 3121 Val.
503 3080 641 3121 Flacc.
674 3081 720 3129 2,
754 3080 857 3121 405:
904 3092 1057 3131 aspera

179 3145 214 3184 si
243 3149 279 3184 te
306 3145 438 3184 Pleias
477 3144 517 3182 in
547 3144 746 3181 adversae
775 3143 967 3182 tenuisset
1004 3143 1058 3181 li-

180 3209 268 3245 tore
301 3205 487 3244 Thraces.
515 3224 558 3231 —
585 3204 818 3253 Eriperem]
847 3204 938 3243 Hoc
958 3214 1057 3242 ver-

179 3266 289 3307 bum
312 3267 424 3314 vim,
459 3277 545 3316 qua
567 3265 622 3306 ad
646 3264 932 3305 deducendas
954 3264 1055 3304 inde

180 3338 316 3368 naves
347 3339 457 3379 opus
489 3327 636 3375 fuerit,
669 3337 827 3377 magna
859 3337 960 3366 cum
992 3326 1056 3366 es-

180 3389 334 3429 ficacia
379 3389 596 3440 exprimit.
648 3410 692 3415 —
734 3399 817 3427 non
857 3388 1053 3439 furiosus]

180 3451 259 3490 Hic
279 3450 427 3490 finitur
447 3449 643 3500 dialogus
664 3448 793 3490 fictus
816 3450 930 3491 inter
947 3452 1057 3502 Aga-

181 3521 467 3552 memnonem
498 3514 542 3552 et
570 3510 777 3552 Stoicum.

1175 1722 1270 1763 208.
1303 1722 1397 1762 209.
1429 1725 1581 1773 species
1599 1725 1707 1764 alias
1723 1723 1846 1776 veris]
1869 1734 2000 1776 «spe-

1121 1786 1233 1833 cies,
1266 1787 1559 1836 φαντασίας,
1593 1787 1824 1837 opiniones
1851 1787 1999 1826 animo

1121 1849 1386 1898 conceptas,
1423 1849 1860 1900 Vorstellunqen,
1893 1849 1999 1889 alias

1120 1921 1145 1949 a
1174 1910 1291 1950 veris
1322 1920 1373 1949 ac
1402 1911 1535 1950 rectis
1575 1909 1678 1961 (vel,
1720 1912 1769 1950 ut
1804 1909 2002 1950 habebat

1120 1971 1251 2023 gloss.
1268 1972 1374 2012 Cod.
1390 1971 1588 2012 Blandin.
1603 1973 1850 2024 antiquiss„
1871 1983 2001 2013 «con-

1121 2035 1274 2074 trarias
1305 2035 1535 2085 veritati»)‚
1569 2034 1698 2075 falsas
1720 2037 1763 2075 et
1793 2035 2000 2075 confusas

1121 2107 1173 2135 ea
1203 2097 1364 2136 mentis
1399 2098 1634 2147 agitatione
1674 2099 1718 2137 et
1758 2097 1999 2137 conturba-

1120 2158 1262 2206 tione,
1294 2168 1407 2208 quae
1430 2157 1636 2198 facillime
1659 2158 1731 2198 vel
1752 2159 1810 2199 ad
1829 2158 2000 2200 scelera

1121 2219 1439 2259 committenda
1488 2231 1569 2260 nos
1617 2220 1821 2272 abripit.»
1892 2221 2000 2272 (Hoc

1122 2282 1241 2322 enim
1292 2283 1402 2321 scita
1448 2281 1736 2333 brachylogia
1784 2283 2002 2334 significat

1118 2344 1280 2383 sceleris
1309 2344 1518 2383 tumultus.
1524 2343 1541 2395 )
1600 2345 1668 2384 Sic
1697 2345 1807 2396 Epp.
1839 2346 1886 2394 4,
1920 2345 1997 2395 46,

1120 2406 1199 2445 2οε
1247 2405 1380 2444 aliam
1408 2406 1593 2455 sapiente
1629 2406 1827 2456 bonoque.
1887 2407 1997 2459 Epp.

1120 2468 1170 2515 2,
1206 2467 1252 2515 4,
1286 2466 1395 2506 240:
1443 2467 1551 2505 alius
1586 2469 1781 2518 Lysippo.
1849 2467 1916 2508 Ad
1954 2479 1998 2508 v.

1120 2527 1299 2567 tumultu
1328 2526 1406 2567 cfr.
1442 2527 1519 2567 Od.
1544 2529 1590 2577 2,
1617 2529 1690 2578 ⁴6,
1725 2529 1796 2568 40:
1830 2530 2002 2569 miseros

1119 2589 1319 2628 tumultus
1357 2590 1521 2629 Mentis,
1593 2591 1699 2630 Mire
1745 2589 1995 2642 Gargallus:

1120 2651 1322 2699 celerique
1350 2652 1540 2691 tumultu.
1604 2653 1745 2700 Quam
1774 2652 1899 2693 facile
1925 2663 2001 2692 au-

1121 2713 1211 2751 tem
1242 2722 1267 2750 a
1298 2712 1624 2752 correctoribus
1654 2713 1915 2765 importunis
1932 2725 2001 2753 ve-

1118 2774 1179 2812 ris
1214 2775 1399 2824 propter
1433 2784 1473 2812 v.
1505 2774 1745 2824 scelerisque
1783 2776 1827 2815 in
1861 2776 1995 2826 genit.

1121 2835 1230 2884 sing.
1254 2835 1415 2874 mutari
1435 2836 1653 2885 potuerit,
1688 2837 1915 2877 neminem
1935 2837 2001 2877 fu-

1120 2898 1193 2948 git.
1255 2898 1335 2945 Qui
1366 2899 1580 2948 genitivus
1612 2900 1836 2950 quomodo
1858 2899 1999 2953 expli-

1121 2958 1290 2998 candus
1322 2959 1401 3007 sit,
1443 2971 1575 3000 nemo
1605 2961 1752 3002 adhuc
1781 2963 1998 3003 extricare

1119 3022 1284 3073 potuit:
1338 3022 1373 3071 4)
1421 3023 1551 3071 alias,
1605 3024 1836 3065 «diversas
1883 3025 2000 3065 inter

1120 3094 1225 3130 se;»
1271 3083 1308 3132 2)
1344 3082 1474 3125 «alias
1505 3085 1560 3124 ab
1599 3087 1672 3135 iis,
1720 3097 1834 3137 quae
1862 3096 1997 3126 verae

1120 3146 1242 3192 sunt,
1276 3144 1321 3184 id
1352 3148 1440 3194 est,
1473 3145 1605 3187 falsas
1637 3148 1681 3186 et
1710 3147 1915 3188 confusas
1935 3151 2000 3187 tw-

1118 3206 1250 3245 multu
1293 3207 1382 3247 veri
1424 3208 1686 3258 scelerisque,
1731 3219 1768 3250 s.
1800 3209 1911 3248 recti
1953 3210 1998 3249 et

1119 3268 1284 3318 pravi»;
1309 3271 1442 3320 atque
1461 3270 1523 3309 sic
1543 3269 1875 3321 intelligendum
1896 3280 1996 3310 esse

1119 3329 1380 3379 significavit
1422 3330 1671 3380 Bentleius,
1722 3330 1996 3381 distinguens

1119 3390 1249 3440 alias,
1271 3391 1376 3431 veri.
1424 3391 1462 3441 3)
1488 3392 1663 3442 «species
1682 3391 1792 3431 alias
1809 3392 1899 3431 veri
1920 3392 1997 3443 (di-

1118 3462 1273 3492 versas
1303 3462 1328 3491 a
1365 3452 1485 3502 vero)
1532 3454 1577 3492 et
1616 3453 1766 3502 species
1806 3453 1990 3503 sceleris,

1119 3513 1142 3551 i.
1170 3524 1207 3553 e.
1232 3511 1496 3563 scelestas,»
1527 3514 1647 3554 varie
1679 3515 1724 3554 et
1751 3513 1995 3556 admodum
