2231 3787
852 250 946 288 ΗΒ.
989 250 1034 287 ll.

1099 250 1208 287 sAr.
1244 249 1312 286 vi.
1893 246 1988 297 :32¹7

248 379 425 433 Rebus
472 379 577 447 agit
615 379 811 432 laetum
852 378 1153 440 convivam,
1200 396 1321 431 cum
1363 377 1537 431 subito
1579 379 1762 447 ingens

248 481 531 534 Valvarum
569 481 823 552 strepitus
860 479 1010 534 lectis
1051 480 1285 533 excussit
1323 488 1626 550 utrumque.

247 584 476 638 Currere
515 601 612 654 per
648 592 814 636 totum
853 582 1030 654 pavidi
1070 581 1348 643 conclave,
1389 582 1669 653 magisque

249 686 530 739 Exanimes
572 685 865 756 trepidare.
909 684 1064 737 simul
1111 684 1303 738 domus
1347 683 1451 737 alta
1489 683 1732 737 Molossis

253 787 535 840 personuit
571 787 811 840 canibus

888 789 1018 840 Tum
1058 786 1314 840 rusticus:
1358 784 1511 838 Haud
1551 784 1677 837 mihi
1717 786 1820 837 vita

1896 784 1914 836 ’1
1940 784 1996 836 1ἷὰ

252 891 341 942 Est
380 907 516 960 opus
556 888 680 949 hac,
722 889 815 948 ait,
859 898 909 942 et
948 888 1154 954 valeas3
1202 905 1287 942 me
1329 887 1460 941 silva
1500 904 1774 957 cavusque

249 993 412 1044 Tutus
453 990 519 1045 ab
563 989 767 1044 insidiis
808 991 952 1044 tenui
994 990 1252 1044 solabitur
1291 1007 1439 1044 ervo.

232 1189 412 1230 lambens
441 1200 596 1229 omnes
628 1189 715 1228 mei
747 1191 790 1228 et
820 1189 1025 1228 Pottierii.
1078 1189 1121 1228 In
1155 1189 1186 1228 E
1217 1189 1518 1240 superscripta
1551 1190 1618 1227 est
1648 1186 1789 1237 glossa
1816 1198 1942 1236 prae-

231 1253 437 1305 yzcstans.)
471 1275 514 1280 ——
551 1253 642 1290 445.
676 1252 778 1290 haut
808 1252 884 1291 SE.
921 1274 965 1279 —
1000 1250 1094 1292 416.
1126 1251 1263 1291 valeat
1292 1251 1375 1291 LC.

179 1432 316 1473 Codd.
350 1432 578 1483 praetulit,
626 1430 815 1471 verbum
847 1432 914 1471 est
956 1431 1054 1470 Sta-

178 1496 366 1543 tianum,
414 1493 533 1545 quod
574 1493 801 1542 Horatius,
849 1493 1052 1543 quamvis

176 1559 270 1610 ipse
293 1567 470 1608 quoque
503 1557 668 1606 fingere
689 1555 926 1607 potuisset,
959 1555 1002 1595 h.
1023 1554 1050 1594 l.

175 1622 328 1672 utpote
370 1619 499 1660 nimis
539 1619 766 1671 poeticum
806 1618 876 1657 vix
921 1629 1052 1659 usur—

176 1684 340 1734 passet.

231 1809 430 1848 att-1017.
478 1807 579 1860 ayit]
614 1807 825 1859 «praebet
856 1817 905 1846 se
940 1805 1053 1846 hila-

176 1881 272 1910 rem
292 1871 577 1917 convivam3»
611 1881 721 1918 non,
755 1871 803 1908 ut
823 1868 914 1918 alii,
950 1869 1055 1908 «tin-

174 1933 234 1984 git
277 1943 348 1982 se,
397 1931 616 1973 simulat.»
652 1954 696 1960 —-
735 1931 866 1971 subito
910 1932 1054 1983 ingens

175 1995 278 2047 cet]
325 1995 616 2046 Cogitandum
662 1994 717 2034 de
763 1995 928 2042 servis,
977 1995 1052 2045 qui

174 2057 256 2099 sub
274 2057 517 2098 diluculum
534 2056 742 2097 conclave
761 2058 908 2108 scopis
922 2067 1053 2108 spon-

175 2121 343 2171 giisque
387 2121 614 2172 purgaturi
658 2122 806 2167 erant;
860 2130 1050 2170 quorum

175 2184 360 2234 strepitu
399 2181 528 2223 simul
568 2183 813 2222 excitantur
853 2181 1048 2228 molossi,

175 2245 335 2285 domus
365 2245 590 2284 custodes.
658 2245 902 2285 Mercurius
932 2243 1051 2294 apud

175 2308 352 2347 Lucian.
388 2306 495 2346 Dial.
530 2308 662 2346 Deor.
695 2305 772 2355 ι24,
808 2306 851 2344 11:
899 2298 1049 2344 ἕωθεν

173 2368 262 2421 μὲν
295 2365 385 2425 γὰρ
419 2365 748 2420 ε’ξαιάστάντα
782 2369 965 2424 σαίρειν
995 2362 1049 2406 τὸ

175 2427 451 2483 συμπόσιον
480 2429 554 2471 δεῖ
579 2432 659 2471 καὶ
686 2427 1050 2487 διαστρώσαντα

174 2491 261 2546 τὴν
291 2492 478 2534 κλισίαν
513 2489 826 2534 εὐθετίσαντά
861 2505 908 2533 τε
937 2486 1051 2532 ἕκα-

176 2569 266 2597 στα
287 2554 582 2614 παρεστάναι
604 2554 665 2611 τῷ
687 2556 777 2597 Διί.
801 2556 880 2597 Α11ἰ
901 2556 956 2596 de
974 2556 1051 2596 do-

174 2630 274 2660 mus
297 2621 424 2659 ianua
442 2621 803 2671 interpretantur,
822 2620 967 2659 minus
983 2629 1051 2658 re-

174 2685 269 2730 cte,
303 2683 338 2723 si
369 2682 474 2733 quid
502 2683 646 2722 video.
675 2705 719 2710 —
744 2682 922 2722 Currere
942 2680 1046 2732 cet]

175 2745 287 2784 Cum
309 2745 454 2784 minus
471 2744 587 2784 clare
607 2745 807 2796 exposita
830 2742 1048 2784 nonnullis

173 2807 375 2847 videatur
403 2809 516 2849 haec
545 2808 674 2860 fugae
700 2819 859 2857 scena,
892 2808 947 2847 ita
972 2819 1051 2847 ex-

175 2869 380 2920 ponenda
429 2873 517 2910 est:
571 2871 801 2911 «Primum
850 2870 1049 2923 trepidus

176 2942 256 2981 per
271 2932 479 2972 conclave
497 2933 704 2973 discurrit
718 2935 908 2985 uterque
931 2945 1045 2982 mus,

177 3003 278 3032 mox
309 3004 356 3034 se
391 2995 434 3034 in
477 2996 705 3046 antiquum
750 2996 908 3037 urbani
951 2996 1050 3037 lati-

176 3054 331 3095 bulum
373 3057 591 3104 condunt;
642 3058 856 3110 denique,
903 3058 979 3099 ubi
1024 3071 1048 3099 a

176 3118 316 3157 servis
347 3121 581 3169 purgatum
603 3122 669 3160 est
690 3119 944 3170 triclinium,
978 3133 1050 3161 ru-

177 3180 312 3220 sticus
344 3191 391 3220 se
423 3181 650 3232 proripit.»
683 3205 719 3212 -
757 3184 958 3236 Molossis]
981 3185 1044 3224 Cf.

176 3241 313 3293 Epod.
343 3243 393 3291 6,
427 3244 465 3282 5.
504 3267 546 3271 —
580 3243 702 3283 Haud
732 3246 830 3284 mihi
858 3247 947 3286 vita
975 3247 1048 3286 Est

1119 1441 1220 1481 opus
1248 1431 1338 1482 hac]
1373 1432 1522 1471 «l-lanc
1554 1432 1644 1471 tam
1675 1429 1893 1470 infelicem
1926 1430 1994 1469 vi-

1119 1495 1209 1533 tam
1242 1505 1322 1544 ego
1353 1504 1561 1545 respuo.»
1613 1494 1757 1533 «Solch
1777 1494 1843 1532 ein
1866 1492 1997 1532 Leben

1116 1557 1231 1596 kann
1263 1557 1323 1595 ich
1342 1567 1425 1607 yar
1442 1556 1551 1595 nicht
1571 1556 1800 1595 brauchen!
1816 1570 1833 1589 n
1866 1554 1992 1594 Hand

1118 1621 1241 1660 Turs.
1267 1620 1334 1658 111.
1360 1630 1402 1670 p.
1427 1619 1493 1658 ²29.
1535 1618 1735 1669 Xenopli.
1760 1616 1926 1657 Hellen.
1951 1618 1990 1664 2,

1119 1681 1166 1731 4,
1200 1682 1275 1722 23:
1315 1677 1455 1721 αὐτοί
1484 1692 1534 1720 τε
1563 1675 1893 1733 ἀνελογίζοντο
1914 1679 1994 1719 καὶ

1119 1740 1231 1795 τοὺς
1260 1738 1437 1793 ἄλλους
1458 1741 1710 1784 ἐδίδασκον
1731 1738 1798 1792 ὦς
1829 1738 1993 1782 οὐδὲν

1118 1805 1346 1847 δέοιντο
1391 1804 1572 1847 τούτων
1610 1802 1703 1845 τῶν
1732 1800 1908 1845 κακῶν.
1946 1829 1989 1833 -

1116 1870 1270 1921 valeas]
1305 1869 1543 1910 Lambinus
1582 1867 1809 1920 praetulit:
1856 1868 1995 1907 valeat

1117 1933 1230 1973 haec
1265 1933 1373 1981 vita,
1423 1933 1488 1972 «ei
1532 1931 1776 1971 valedico.»
1826 1931 1992 1970 Verum

1117 1995 1245 2047 longe
1277 1997 1475 2047 praestat
1504 1999 1541 2035 et
1570 1997 1616 2034 tu
1644 1995 1805 2042 valeas,
1838 1994 1881 2033 in
1903 2004 1991 2044 quo

1117 2060 1212 2111 ipso
1261 2059 1403 2099 inest:
1456 2059 1525 2098 «in
1569 2059 1857 2109 perpetuum3
1909 2067 1991 2107 ego

1118 2123 1236 2162 enim
1258 2122 1345 2161 huc
1361 2121 1584 2161 rediturus
1602 2130 1829 2171 nunquam
1846 2129 1989 2159 sum.»

1120 2207 1164 2212 —
1184 2184 1296 2236 ervo]
1315 2185 1389 2224 Est
1404 2183 1637 2234 leguminis
1654 2193 1809 2233 genus,
1825 2183 1992 2221 Graece

1117 2239 1317 2301 ὄροβος,
1370 2245 1497 2286 nobis
1539 2243 1880 2284 Kiehererbse
1922 2242 1990 2282 vel

1113 2310 1260 2349 Erve.
1298 2333 1341 2337 —
1376 2310 1547 2360 Operae
1582 2308 1777 2360 pretium
1815 2305 1992 2345 videtur

1116 2381 1398 2422 comparare,
1451 2381 1566 2421 quae
1616 2368 1752 2408 verba
1802 2368 1991 2419 scriptor

1118 2434 1346 2474 Hebraeus
1391 2443 1444 2472 ex
1500 2430 1644 2471 indole
1690 2430 1831 2481 gentis
1882 2441 1989 2469 suae

1116 2496 1230 2536 muri
1260 2496 1424 2536 rustico
1454 2494 1676 2534 tribuerit:
1723 2494 1862 2542 Quare
1883 2503 1991 2542 pro—

1114 2559 1243 2599 tulisti
1279 2562 1428 2598 contra
1464 2557 1600 2597 locum
1637 2555 1861 2595 silvestrem
1889 2565 1990 2594 con-

1114 2620 1361 2661 tumeliam?
1405 2620 1555 2660 Melior
1590 2622 1647 2658 est
1685 2618 1843 2657 bucella
1880 2617 1991 2656 sicca

1114 2696 1209 2724 eum
1234 2695 1359 2734 pace,
1392 2694 1522 2732 quam
1550 2682 1696 2721 domus
1718 2680 1844 2730 plena
1875 2679 1991 2718 victi-

1114 2757 1284 2786 marum
1301 2756 1397 2785 cum
1415 2744 1578 2796 iuryio:
1608 2743 1810 2793 siquidem
1830 2753 1990 2781 omnem

1113 2809 1338 2858 hominem,
1371 2808 1442 2858 qui
1471 2807 1542 2847 tibi
1563 2806 1895 2856 appropinquat,
1926 2805 1992 2855 fu-

1114 2872 1178 2923 9is
1203 2871 1418 2920 velociter,
1451 2874 1489 2910 et
1515 2870 1710 2921 festinas,
1741 2871 1787 2907 ut
1815 2867 1990 2906 abscon-

1116 2937 1192 2975 das
1221 2939 1258 2974 te
1283 2945 1337 2973 ex
1365 2943 1448 2972 imo
1478 2931 1647 2971 latibulo
1676 2931 1720 2969 in
1750 2930 1886 2975 aliud;
1915 2940 1990 2980 eqo

1115 3001 1255 3036 autem
1283 2997 1327 3035 in
1355 3006 1458 3035 camo
1486 3006 1576 3034 meo
1596 2993 1806 3032 inveniam
1824 2991 1991 3031 cantica

1114 3064 1152 3100 et
1180 3059 1518 3106 exsultationem,
1562 3057 1749 3096 decorem
1786 3053 1988 3100 Carmeli,

1111 3121 1355 3173 fertilissimi
1374 3121 1525 3170 campi.
1568 3121 1614 3159 R.
1638 3118 1876 3158 Baracliiae
1893 3117 1991 3156 Nik-

1115 3185 1215 3224 dani
1261 3181 1501 3224 Parabolae
1546 3180 1753 3232 volpium.
1826 3182 1987 3228 pragae

1116 3247 1234 3287 4664.
1258 3258 1300 3298 p.
1326 3245 1390 3286 45.
