2231 3787
199 295 301 346 ὅθ’.)

806 294 1018 333 HORATII
1050 293 1415 334 EPISTOLARUM

275 426 584 495 Cognomen
624 434 800 477 vertas
841 425 891 476 in
935 425 1103 477 risum
1143 431 1195 475 et
1232 421 1408 474 fabula
1446 420 1560 473 lias.

274 526 483 579 Viribus
522 526 688 580 uteris
728 543 825 596 per
863 525 1049 585 clivOS,
1092 522 1335 583 flumina,
1377 521 1569 584 lamas,

1960 523 1977 573 Ἰ’1
1992 525 2024 571 (a)

275 628 452 682 Victor
490 627 748 698 propositi
789 626 943 679 simul
985 642 1048 678 ac
1086 624 1398 695 perveneris
1438 622 1584 684 illue,

277 731 363 782 Sic
402 729 634 800 positum
674 727 917 780 servabis
957 743 1120 787 onuS,
1163 743 1230 778 ne
1268 725 1402 778 forte
1444 723 1544 777 sub
1585 723 1667 776 ala

275 834 311 883 F
317 829 611 884 asciculum
649 837 831 899 portes
869 827 1155 889 librorum,
1197 836 1254 879 ut
1292 826 1523 879 rusticus
1563 843 1786 897 agnum,

272 932 335 985 Ut
372 931 560 983 vinosa
597 929 807 1000 glomus
845 929 1068 982 furtivae
1109 927 1334 999 Pyrrhia
1371 926 1551 989 lanae,

317 1064 380 1104 44.
413 1065 570 1116 ylomos
598 1063 767 1115 bchp,
793 1065 891 1104 LCt.
929 1063 1102 1115 (glomus
1132 1063 1173 1111 S,
1197 1064 1256 1112 κ.)

203 1166 336 1205 RII'S.
373 1166 474 1214 QVI.
504 1165 803 1205 VOCITATVR.
827 1163 1079 1204 ASELLVS.

205 1250 252 1256 —
283 1227 444 1278 fabula]
478 1227 540 1267 Cf.
566 1227 704 1278 Epod.
731 1227 774 1266 Μ
798 1258 806 1274 ,
837 1227 888 1266 8;
923 1226 1085 1265 Fabula

205 1294 365 1340 quanta
407 1290 499 1340 fui!
555 1290 706 1328 luven.
756 1289 829 1337 40,
880 1289 986 1328 467:
1039 1289 1087 1327 Ut

202 1353 345 1402 pueris
366 1351 538 1401 placeas
567 1355 605 1390 et
634 1351 882 1391 declamatio
910 1352 1003 1402 fias.

262 1415 406 1454 40-115.
446 1414 607 1453 Viribus
623 1414 726 1465 eet]
749 1414 938 1462 locatur,
959 1413 1086 1463 quasi

206 1476 511 1516 difficillimum
542 1477 769 1527 inceptum
801 1476 915 1515 foret
939 1487 993 1515 ex
1013 1477 1089 1514 Sa-

203 1539 308 1578 bino
340 1541 525 1578 Romam
554 1539 806 1590 pervenire.
845 1559 889 1565 —
939 1537 1085 1588 lamas]

208 1600 412 1640 «lacunas
431 1602 622 1641 maiores
634 1601 910 1641 continentes
924 1611 1087 1651 aquam

207 1661 402 1713 pluviam
445 1673 525 1702 seu
574 1661 830 1702 caelestem.
891 1663 1085 1702 Ennius:

207 1724 422 1763 Silvarum
464 1725 616 1774 saltus,
663 1725 845 1764 latebras
873 1726 1090 1774 lamasque

208 1787 405 1825 lutosas.»
478 1790 622 1827 Aer-ou
671 1790 715 1827 et
763 1788 902 1828 Comi.
956 1788 1086 1832 CRvo.

211 1850 370 1887 «Lama
392 1851 460 1888 est
478 1860 658 1899 vorago.
706 1845 861 1902 λαμὸς
882 1850 1001 1889 enim
1023 1852 1090 1888 est

209 1909 464 1960 ingluvies».
485 1913 640 1950 Ponpn.
678 1912 874 1962 («Lamae
894 1915 997 1950 sunt
1016 1921 1091 1950 vo-

209 1972 382 2022 ragines
431 1975 475 2012 et
522 1972 667 2013 fossae
711 1973 949 2012 fluviorum
993 1967 1090 2010 ἀπὸ

208 2032 294 2074 τοῦ
319 2035 422 2073 temo
438 2035 465 2073 i.
486 2045 525 2075 e.
550 2034 606 2074 ab
629 2034 832 2085 ingluvie.
866 2046 969 2074 nam
989 2035 1091 2074 temo

211 2096 369 2136 dicitur
397 2095 625 2146 ingluvies.
673 2096 792 2137 unde
822 2098 993 2137 Lamiae
1023 2096 1092 2136 di-

211 2160 371 2198 cuntur
428 2158 728 2199 devoratrices
787 2169 1089 2211 puerorum.»

213 2220 275 2260 Gl.
307 2220 413 2260 Cod.
439 2221 503 2270 E.)
565 2222 677 2261 Cum
722 2222 895 2261 nonnisi
937 2223 981 2261 in
1020 2220 1090 2261 illo

211 2283 335 2322 Ennii
377 2283 597 2324 versiculo
644 2286 687 2324 et
727 2285 797 2324 hic
827 2285 1089 2336 reperiatur,

212 2345 387 2384 videtur
434 2345 606 2397 linguae
656 2348 848 2387 rusticae
892 2346 1093 2386 vocabu—

211 2405 326 2455 lum,
359 2407 530 2448 Asellae
562 2411 728 2449 rustico
768 2411 922 2460 utique
953 2410 1093 2449 notis—

215 2469 402 2517 simum3
437 2481 524 2520 quo
557 2482 662 2511 usus
688 2471 828 2512 semel
860 2474 927 2511 est
959 2473 1091 2511 etiam

214 2531 378 2570 Dantes
423 2531 516 2583 (Ins.
550 2534 623 2582 u20,
663 2534 769 2583 70.)‚
821 2536 974 2585 utpote
1019 2535 1093 2584 qui

214 2592 313 2632 talia
344 2594 387 2632 in
417 2595 551 2634 vitam
581 2607 793 2635 revocare
828 2595 1094 2646 linguaeque

215 2666 321 2695 suae
353 2658 490 2708 copiis
521 2658 687 2698 addere
723 2662 909 2699 amaret.
963 2660 1096 2699 Cete-

217 2728 316 2757 rum
346 2730 453 2759 num
484 2731 537 2760 ex
567 2722 733 2760 Horatii
754 2720 851 2761 loco
872 2720 976 2760 illud
994 2731 1095 2760 mu-

217 2782 363 2820 tuatus
394 2782 470 2830 sit,
512 2781 640 2822 valde
682 2783 892 2833 equidem
922 2782 1090 2822 dubito.

222 2862 264 2868 —
303 2843 440 2882 Victor
475 2845 694 2896 propositi]
739 2841 972 2902 ἐγκρατὴς
1008 2841 1094 2884 τοῦ

221 2902 424 2943 σκοποῦ.
476 2929 521 2933 ——
567 2907 635 2946 Sic
671 2909 856 2957 positum
898 2906 1093 2958 servabis]

221 2966 315 3004 «Sic
334 2977 474 3016 pones
496 2969 553 3016 et,
587 2980 690 3008 cum
711 2970 928 3020 posueris,
963 2970 1096 3008 etiam

221 3028 283 3066 sic
313 3027 535 3077 servabis,
570 3041 623 3069 ne
656 3033 768 3070 cet.»
814 3031 995 3082 Expono
1016 3031 1096 3080 igi-

222 3092 313 3136 tur,
346 3091 394 3127 ut
413 3090 529 3140 Virg.
553 3093 659 3130 Aen.
685 3092 724 3139 3,
752 3092 832 3131 ⁶236
854 3104 862 3129 z
895 3096 1098 3140 tectosque

216 3162 294 3199 pet·
322 3151 492 3191 herbam
511 3153 747 3202 Disponunt
775 3165 886 3193 enses
914 3158 951 3193 et
980 3158 1098 3193 scuta

221 3214 392 3253 latentia
421 3215 620 3261 condunt,
654 3215 694 3254 id
719 3217 807 3263 est,
843 3217 923 3255 «ita
951 3217 1098 3268 dispo-

222 3278 347 3323 nunt,
395 3278 443 3316 ut
485 3278 719 3326 tegantur»
766 3279 809 3315 et
841 3278 1094 3327 «condunt,

223 3340 269 3376 ut
298 3337 506 3377 lateant.»
563 3338 617 3377 V.
657 3338 835 3387 positum
880 3341 1096 3380 artissime

223 3410 323 3438 cum
363 3411 402 3439 v.
438 3400 619 3439 servabis
654 3402 937 3441 coniunctum
970 3403 1090 3441 mini-

225 3471 294 3499 me
334 3461 549 3511 significat
588 3462 736 3502 nescio
776 3473 909 3512 quam
949 3464 1098 3514 singu—

224 3521 361 3562 larem
402 3522 674 3563 voluminum
714 3525 970 3573 posituram,
1020 3526 1099 3565 sed

1146 1164 1283 1214 ipsius
1337 1164 1520 1202 actionis
1578 1164 1816 1214 imaginem
1867 1163 2027 1204 clarius

1147 1225 1275 1265 nobis
1307 1227 1408 1265 ante
1430 1225 1581 1266 oculos
1601 1226 1736 1277 ponit.
1785 1227 2026 1275 «Decore,»

1148 1288 1311 1338 inquit,
1376 1287 1592 1327 «dextera
1652 1290 1801 1328 teneto
1859 1287 2028 1328 libellos

1148 1351 1267 1399 tum,
1309 1360 1412 1388 cum
1443 1349 1500 1389 ad
1529 1351 1777 1400 Augustum
1806 1350 2028 1390 admissus

1150 1412 1260 1460 eris,
1299 1422 1355 1451 ne
1386 1411 1497 1451 forte
1528 1413 1694 1452 rustico
1725 1411 1871 1463 aliquo
1903 1415 2030 1463 gestu

1150 1474 1190 1513 ei
1234 1474 1374 1514 risum
1416 1485 1643 1514 moveas.»
1710 1474 1865 1524 (Minus
1906 1477 2028 1514 recte

1149 1537 1258 1575 Dan.
1283 1537 1486 1576 Heinsius
1513 1537 1731 1577 coniecit:
1765 1537 2028 1587 Sepositum.)

1150 1598 1270 1637 Haec
1299 1599 1357 1637 ita
1387 1599 1581 1638 imitatus
1613 1602 1682 1640 est
1700 1599 1906 1640 Martialis
1927 1601 1967 1649 5,
1989 1601 2028 1647 6,

1153 1661 1231 1700 46:
1272 1661 1358 1700 Nec
1380 1662 1630 1710 porreaeeris
1657 1663 1759 1712 ista,
1804 1663 1874 1702 secl
1902 1665 2032 1702 teneto

1152 1722 1221 1761 Sie
1258 1726 1476 1771 tamquam
1515 1724 1618 1763 -nihil
1647 1726 1799 1775 offeras
1828 1734 2028 1776 aqasque.

1156 1807 1201 1812 —
1232 1788 1280 1824 ut
1306 1785 1486 1825 rusticus
1525 1786 1695 1838 aqnum]
1739 1788 1833 1826 Iam
1876 1785 2032 1838 triplex

1154 1848 1362 1899 proponit
1399 1847 1654 1900 exemplum
1694 1848 1750 1888 ab
1780 1847 1923 1889 Asella
1955 1848 2035 1888 mi-

1154 1911 1272 1949 nime
1303 1911 1595 1951 imitandum:
1631 1912 1667 1961 4)
1700 1912 1941 1961 imaginem
1962 1921 2036 1950 ru-

1155 1973 1253 2012 stici
1290 1983 1453 2023 agnum
1498 1972 1582 2013 sub
1614 1973 1740 2013 axilla
1771 1973 1827 2013 ad
1856 1984 2035 2013 merca-

1155 2036 1250 2074 tum
1299 2034 1502 2084 ferentis,
1563 2035 1795 2075 ridiculam
1851 2039 2036 2087 propter

1157 2096 1388 2135 continuos
1432 2095 1648 2136 bestiolae
1692 2100 1840 2137 motus
1877 2099 1922 2137 et
1956 2108 2034 2136 cu-

1155 2169 1251 2198 ram
1281 2158 1499 2205 hominis,
1533 2170 1588 2198 ne
1614 2160 1657 2199 in
1680 2158 1826 2200 solum
1847 2159 2031 2209 desiliat,

1157 2232 1212 2260 ne
1257 2220 1313 2260 ab
1357 2222 1453 2272 ipso
1496 2221 1683 2262 fortasse
1723 2221 1948 2270 laedatur3
1994 2222 2033 2273 2)

1158 2284 1439 2333 «Pyrrhiam,
1500 2282 1702 2323 ancillam
1753 2284 1797 2323 in
1841 2283 2033 2335 quadam

1156 2346 1298 2385 Titinii
1339 2344 1508 2393 sabula,
1557 2357 1672 2397 quae
1708 2346 1851 2386 furata
1889 2345 2035 2385 lanam

1158 2408 1364 2448 dominae
1409 2419 1541 2457 suae,
1587 2409 1773 2460 propter
1816 2406 2036 2448 temulen-

1156 2472 1263 2510 tiam
1306 2471 1364 2510 ita
1408 2471 1620 2520 gestavit,
1666 2472 1714 2509 ut
1750 2468 1863 2510 facili
1900 2480 2033 2521 opera

1158 2533 1615 2585 deprehenderetur.»
1638 2535 1790 2572 Senon.
1832 2533 2037 2572 Titinium

1157 2597 1277 2636 hunc
1307 2596 1554 2644 Fabricius,
1588 2595 1727 2636 Bothe
1750 2596 1883 2646 (poet.
1909 2595 2032 2635 Com.

1157 2671 1200 2711 p.
1231 2660 1335 2709 58.)‚
1383 2657 1453 2697 alii
1492 2659 1673 2698 nomine
1710 2657 1875 2697 veteris
1915 2660 2035 2697 certe

1158 2723 1223 2762 rei
1257 2720 1463 2773 publicae
1503 2722 1706 2771 tempore
1738 2720 1920 2759 minime
1950 2721 2037 2759 Ro-

1159 2795 1291 2823 mano
1321 2785 1484 2822 vocant
1517 2783 1698 2822 Vectium
1728 2782 1944 2830 Titinium,
1983 2792 2035 2821 ex

1159 2845 1264 2886 falsa
1319 2844 1509 2884 lectione
1562 2843 1680 2895 apud
1725 2844 1774 2891 Q.
1820 2843 2037 2883 Serenum

1160 2907 1445 2946 Samonicum
1474 2917 1515 2945 v.
1551 2904 1684 2945 4046:
1727 2904 1838 2944 Allia
1862 2915 2038 2954 praece-

1154 2969 1219 3018 pit
1261 2968 1382 3007 Titini
1422 2967 1622 3007 sententia
1649 2967 1756 3005 necti
1786 2965 1855 3017 (al.
1893 2966 2037 3018 Veni),

1162 3031 1240 3080 Qui
1279 3029 1406 3069 veteri
1433 3029 1572 3068 claras
1602 3031 1804 3078 eaepressit
1830 3039 1946 3068 more
1973 3032 2039 3068 to-

1159 3095 1294 3143 9atas.
1333 3115 1376 3119 —
1421 3090 1583 3141 vinosa]
1616 3088 1801 3130 Ridiculi
1831 3100 1964 3129 causa
1994 3090 2039 3130 in

1162 3153 1405 3194 comoediis
1446 3164 1498 3193 ac
1538 3153 1684 3192 mimis
1727 3151 2039 3191 huiuscemodi

1163 3216 1349 3256 feminas
1390 3214 1683 3263 inducebant,
1732 3215 1779 3252 ut
1815 3214 1883 3253 est
1921 3213 2037 3252 Lena

1162 3279 1203 3317 in
1228 3277 1365 3318 Plauti
1387 3276 1642 3318 Cistellaria.
1667 3299 1710 3304 ——
1737 3275 1912 3327 glomus]
1933 3275 1962 3314 F
1966 3285 2040 3313 or-

1163 3352 1235 3379 ma
1280 3340 1462 3391 atomus,
1495 3340 1532 3388 i,
1578 3338 1736 3377 idonea
1778 3336 2039 3376 auctoritate

1165 3404 1298 3441 caret.
1335 3401 1491 3451 (Reisig
1510 3402 1602 3440 Lat.
1623 3398 1838 3448 Sprachw.
1863 3409 1905 3449 p.
1926 3397 2036 3447 429.)

1164 3465 1398 3503 Praeterea
1439 3465 1559 3502 recte
1598 3459 1847 3501 Bentleius:
1897 3460 2039 3499 «Satis

1165 3526 1363 3577 profecto
1411 3526 1492 3565 erit
1533 3523 1768 3574 Pyrrhiae‚
1822 3523 1858 3562 si
1903 3532 2038 3561 unum
