2231 3787
288 189 386 241 762

1071 192 1281 233 HORATH

357 323 487 377 Cum
528 322 691 375 semel
737 322 1008 376 imbuerit.
1052 339 1332 393 speramus
1372 321 1606 375 carmina
1646 319 1768 391 fingi

360 425 522 475 Posse
563 421 775 475 linenda
814 422 977 476 cedro
1018 432 1070 475 et
1108 423 1208 475 levi
1250 421 1513 475 servanda
1553 421 1849 492 cupresso?

354 526 453 575 Aut
492 523 752 594 prodesse.
792 523 974 575 volunt
1019 531 1109 575 aut
1147 521 1414 575 delectare
1455 527 1669 592 poetae,

356 628 456 677 Aut
494 625 647 677 simul
691 633 743 677 et
783 622 1016 677 iucunda
1056 631 1108 676 et
1148 622 1341 675 idonea
1379 621 1561 676 dicere
1599 622 1754 676 vitae.

359 725 632 795 Quidquid
674 724 1001 795 praecipies,
1043 732 1157 776 esto
1197 723 1400 782 brevis,
1441 732 1499 776 ut
1535 724 1638 777 cito
1677 722 1818 776 dicta

1997 722 2099 774 335

353 826 654 896 percipiant
694 825 854 878 animi
894 823 1096 878 dociles
1137 832 1458 894 teneantque
1498 822 1709 885 fideles;

392 1036 484 1076 334.
517 1047 723 1086 speremus
752 1037 796 1079 T,
829 1035 918 1089 p‘yg‘

947 1047 1072 1076 «cum
1105 1034 1197 1076 aliis
1229 1035 1468 1086 quinque.»
1502 1036 1735 1085 (speramus
1763 1032 1937 1082 BbScd,
1981 1034 2040 1084 κ.)

341 1121 382 1126 —-
416 1098 509 1138 337.
543 1099 668 1138 Hunc
700 1109 880 1138 versum
911 1097 994 1139 sibi
1025 1099 1285 1150 suspectum
1315 1096 1497 1138 seclusit
1527 1095 1762 1137 Bentleius.
1791 1116 1835 1124 —
1869 1107 2044 1146 corpore

285 1293 346 1333 ts
382 1292 676 1333 Ecclesiastic.
712 1293 777 1342 42,
810 1293 881 1332 ⁴0:
915 1288 981 1343 (ὗς
1009 1288 1099 1349 γὰρ
1130 1286 1158 1331 ὁ

282 1351 462 1405 χαλκὸς
494 1352 664 1401 ῖοῦται,
698 1367 755 1395 οι
763 1367 852 1405 τως
889 1369 919 1407 η
952 1355 1184 1411 πονηρία·

282 1413 449 1457 αυτοῦ.
487 1419 654 1457 Seneca
685 1418 819 1469 Epist.
852 1419 891 1467 7,
934 1419 981 1458 6:
1028 1417 1158 1457 Mali—

280 1491 386 1531 ynus
414 1491 546 1519 comes
576 1480 767 1529 quamvis
794 1480 972 1519 candido
1002 1483 1038 1520 et
1057 1480 1158 1518 sim-

276 1541 379 1590 plici
409 1541 640 1592 rubiginem
668 1553 788 1580 suam
807 1542 1019 1592 adfricuit.
1051 1542 1159 1581 Dio-

282 1614 380 1654 nys.
402 1605 532 1654 Long.
554 1603 605 1643 44
623 1615 630 1641 :
654 1601 943 1661 φιλαργυρία
962 1601 1158 1656 νόσημα

279 1664 587 1721 μικροποιόν.
622 1666 918 1716 Hieronymus
950 1667 1083 1718 Epist.
1109 1666 1154 1704 4.
1147 1677 1154 1684 ·

281 1729 410 1766 otium
441 1729 559 1777 quasi
590 1729 797 1777 quaedam
826 1729 958 1767 animi
993 1728 1155 1779 rubiqo.

286 1811 330 1816 —
358 1790 522 1839 peculi]
570 1790 647 1827 Hic
682 1792 920 1838 usurpatur
951 1790 1006 1830 de
1038 1791 1158 1829 omni

281 1850 469 1899 pecunia
500 1850 679 1899 propria
711 1848 922 1888 industria
947 1861 998 1890 ac
1020 1852 1160 1900 parci-

282 1911 429 1949 monia
451 1910 582 1949 etiam
601 1921 625 1948 a
645 1909 784 1949 libero
807 1910 983 1950 homine
1006 1913 1155 1962 parta;

282 1972 460 2023 proprie
493 1971 547 2010 de
579 1982 708 2011 servo
738 1972 854 2023 Virg.
890 1972 976 2012 Ecl.
1010 1973 1154 2021 4,33ῑ

282 2035 366 2073 Nec
395 2045 484 2083 spes
513 2034 715 2073 libertatis
743 2039 836 2073 erat
863 2046 936 2074 nec
963 2047 1069 2074 cura
1089 2046 1160 2085 pe-

281 2097 376 2135 culi.
414 2119 458 2124 —
490 2095 725 2146 speramus]
769 2096 1033 2137 indicativus
1067 2096 1158 2136 cla-

282 2159 371 2198 rius
402 2158 617 2208 significat
645 2157 887 2198 absurdam
909 2158 1002 2198 fore
1024 2157 1157 2198 talem

281 2230 409 2271 spem
453 2230 586 2270 quam
624 2219 810 2259 aliorum
850 2219 978 2260 lectio
1018 2231 1159 2270 spere-

279 2292 385 2320 mus.
422 2305 465 2310 —
505 2283 626 2321 cedro
656 2307 680 2313 -
709 2305 732 2312 -
765 2282 984 2334 cupresso]
1029 2283 1159 2322 Dios-

283 2343 420 2383 corid.
447 2345 484 2392 4,
509 2345 602 2383 406.
637 2345 822 2385 cedrum
857 2343 951 2384 τῶν
979 2342 1158 2402 νεκρῶν

282 2403 407 2458 ζωή-ν
436 2410 581 2456 vocat,
616 2410 659 2448 et
679 2410 1013 2465 κυπαριττίνας
1041 2406 1159 2461 μνή-

279 2482 375 2521 μας
419 2472 637 2509 memorat
682 2471 768 2509 iam
807 2470 925 2510 Plato
957 2472 1086 2522 Legg.
1114 2472 1153 2511 5.

281 2543 323 2583 p.
348 2531 441 2572 744.
468 2532 514 2571 C.
535 2531 657 2570 Ovid.
679 2532 857 2580 Trist.3,
878 2533 1004 2579 4,43;
1042 2534 1158 2583 Quod

282 2604 410 2643 neque
451 2604 541 2632 sum
584 2595 704 2633 cedro
751 2596 887 2645 slwvus
938 2593 1151 2644 (libellus)

280 2667 353 2695 nec
391 2657 557 2705 pumice
589 2657 699 2696 levis.
750 2656 930 2697 Martial.
965 2657 1009 2705 3,
1033 2658 1080 2705 Ξ,
1105 2658 1151 2696 7;

282 2718 411 2757 Cedro
431 2731 542 2758 nunc
557 2720 647 2759 licet
666 2719 847 2759 ambules
869 2719 1039 2770 (libelle)
1059 2731 1156 2770 per·

280 2786 440 2820 unctus.
473 2783 518 2829 5,
544 2783 590 2828 6,
617 2782 686 2822 44:
724 2784 838 2831 Quae
876 2784 997 2821 cedro
1035 2784 1157 2822 deco—

281 2848 379 2882 raca
405 2855 680 2893 purpuraque
707 2845 850 2895 Niyris
874 2846 1036 2896 pagina
1064 2856 1156 2884 cre-

279 2906 337 2944 vit
366 2905 578 2944 umbilicis.
623 2907 787 2946 Vitruv.
820 2908 867 2954 Ξ,
901 2907 948 2953 9,
984 2907 1053 2946 43ε
1087 2908 1156 2946 Ex

281 2968 401 3006 cedro
431 2968 582 3015 oleum,
626 2969 734 3016 quod
773 2969 957 3007 cedrium
987 2969 1153 3016 dicitur,

284 3030 491 3077 nascitur,
527 3040 605 3078 quo
635 3030 820 3078 reliquae
848 3041 912 3069 res
941 3041 1035 3069 cum
1061 3034 1156 3069 sunt

283 3096 450 3141 unctae,
482 3093 542 3130 uti
573 3092 697 3131 eliam
726 3092 844 3139 libri,
878 3104 906 3130 a
935 3094 1052 3133 tineis
1072 3097 1109 3132 et
1128 3104 1155 3131 a

281 3156 396 3194 carie
425 3166 507 3193 non
535 3155 769 3193 laeduntur.
809 3154 871 3193 Cf.
897 3154 1001 3194 Plin.
1027 3156 1076 3194 H.
1103 3157 1153 3196 N.

284 3217 358 3263 46,
383 3215 455 3263 40,
479 3217 530 3256 78
552 3227 617 3266 sq.
660 3231 678 3249 α
693 3216 753 3255 Ex
783 3218 1042 3267 cupressino
1074 3228 1154 3257 au-

281 3281 371 3317 tem
393 3277 506 3328 ligno
528 3278 683 3318 confici
708 3276 911 3317 solebant
931 3278 1150 3330 capsulae,

283 3341 323 3378 in
342 3339 503 3389 quibus
523 3339 854 3390 reponebantur
869 3341 1031 3391 scripta
1051 3346 1156 3392 poe-

284 3403 426 3440 tarum
458 3403 607 3441 contra
640 3403 823 3442 tineas.»
856 3402 994 3442 Coun.
1021 3403 1149 3449 Caro.

1279 1290 1479 1331 333-337.
1524 1290 1605 1330 Aut
1627 1291 1821 1340 prodesse
1850 1290 1952 1343 cet.]
1984 1289 2100 1331 Dilu-

1225 1352 1321 1392 cide
1353 1354 1573 1392 monstrat
1593 1351 1749 1404 triplex
1775 1351 2006 1393 consilium
2026 1363 2100 1392 se-

1224 1415 1298 1466 qui
1326 1416 1503 1466 poe‘tas3
1553 1425 1693 1454 «nam
1723 1416 1799 1454 aut
1828 1414 1989 1455 docere
2018 1425 2100 1454 vo-

1223 1475 1338 1525 lunt,
1371 1478 1418 1516 ut
1437 1475 1662 1524 didactici‚
1696 1479 1771 1516 aut
1790 1475 2030 1527 delectare,
2053 1478 2101 1516 ut

1224 1538 1595 1589 epigrammatum
1624 1537 1896 1578 ludicrorum
1918 1539 2102 1590 scripto-

1222 1611 1318 1649 res,
1352 1602 1427 1639 aut
1455 1602 1716 1651 utrumque,
1749 1603 1797 1640 ut
1827 1601 1962 1652 epici,
1995 1601 2102 1641 dra-

1223 1663 1392 1710 matici,
1424 1661 1574 1712 lyrici3
1612 1662 1647 1701 si
1679 1661 1776 1712 quis
1806 1661 1893 1702 hoc
1922 1662 2101 1702 tertium

1224 1694 1406 1772 obtinei,
1429 1724 1654 1776 perfectus
1676 1726 1743 1764 est
1763 1726 1936 1775 poeta.»
1970 1724 2101 1774 (Stra-

1223 1786 1282 1826 bo
1300 1788 1338 1833 4,
1360 1788 1397 1835 4,
1419 1787 1492 1826 40;
1517 1781 1629 1826 οὐδὲ
1648 1782 1738 1842 γὰρ
1755 1781 1931 1838 ἀληθές
1953 1785 2098 1834 ἐστιν,

1226 1842 1252 1885 ὅ
1283 1859 1434 1898 φησιν
1459 1842 1831 1904 Ερατοσθένης,
1865 1841 1940 1887 ὅτι
1960 1860 2100 1901 ποιη-

1223 1904 1310 1960 τῆς
1340 1906 1432 1958 πᾶς
1460 1907 1746 1960 στοχάζεται
1763 1912 2098 1963 ψυχαγωγίας,

1225 1970 1281 2010 ου’
1313 1969 1651 2022 διδασκαλίας·
1683 1967 1911 2012 τάναντία
1940 1969 2032 2030 γὰρ
2054 1973 2103 2012 οἱ

1224 2030 1583 2089 φρονιιιώτατοι
1609 2031 1702 2073 τῶν
1723 2035 1828 2092 περὶ
1848 2029 2101 2087 ποιητικῆς

1224 2107 1268 2134 τι
1297 2092 1644 2149 φθεγξαμένων
1673 2093 1864 2154 πρώτην
1888 2109 1995 2137 τινα
2022 2095 2100 2138 λε’-

1223 2170 1366 2211 γουσι
1385 2156 1686 2208 φιλοσοφίαν
1705 2156 1793 2212 τὴν
1812 2156 2098 2212 ποιητικήν.)

1223 2218 1359 2260 Simul
1390 2223 1435 2259 et
1463 2220 1651 2260 docendi
1682 2223 1726 2261 et
1754 2220 2002 2262 delectandi
2032 2220 2100 2261 le-

1223 2292 1300 2332 ges
1331 2283 1558 2334 proponit,
1597 2283 1641 2323 in
1671 2283 1874 2324 docendo
1902 2282 2100 2323 brevita-

1223 2347 1338 2392 tem,
1383 2344 1426 2383 in
1457 2343 1745 2394 delectando,
1786 2357 1841 2386 ne
1866 2345 2100 2386 aberretur

1223 2417 1247 2445 a
1277 2407 1461 2446 veritate
1492 2407 1688 2458 poetica,
1730 2419 1786 2448 ne
1815 2409 2097 2449 monstruosa

1223 2465 1549 2520 φαντάσματα
1588 2469 1821 2520 fingantur.
1864 2470 1954 2521 (vv.
1987 2469 2098 2510 333-

1223 2530 1333 2580 340.)
1360 2551 1404 2558 -
1433 2531 1813 2583 cito-Percipiant]
1834 2529 2096 2572 Incredibile

1222 2595 1291 2633 est
1319 2593 1375 2633 ab
1407 2594 1646 2645 interprete
1684 2595 1780 2634 Sec.
1813 2594 1919 2634 XIX.
1950 2595 2096 2634 iuncta

1222 2666 1321 2695 esse
1350 2667 1422 2694 vv.
1445 2656 1525 2695 cito
1555 2656 1679 2695 dicta.
1717 2679 1760 2684 —
1796 2655 1922 2695 Omne
1950 2666 2097 2706 super-

1219 2728 1399 2757 vacuum
1420 2717 1522 2763 cet.]
1562 2718 1637 2758 «Ut
1656 2716 1711 2756 de
1733 2727 1837 2756 vase
1859 2717 1946 2757 iam
1965 2716 2096 2769 pleno

1221 2791 1334 2830 aqua
1362 2781 1543 2829 insuper
1562 2779 1699 2819 affusa
1723 2778 1894 2828 defluit,
1928 2780 1986 2819 ita
2006 2781 2096 2820 ani-

1221 2852 1343 2880 mum
1374 2842 1613 2892 praecepto
1643 2839 1790 2891 aliquo
1820 2841 1906 2880 iam
1936 2840 2095 2893 imple-

1220 2906 1340 2948 tum,
1387 2903 1558 2951 omnia,
1602 2914 1716 2954 quae
1753 2906 1984 2955 praeterea
2014 2904 2095 2944 ad-

1220 2964 1406 3010 duntur,
1455 2966 1619 3017 quippe
1671 2977 2004 3016 supervacanea,
2050 2966 2093 3005 id

1220 3030 1314 3076 est,
1362 3029 1493 3068 nimia
1538 3039 1589 3068 ac
1632 3029 1912 3078 verbosiora,
1959 3040 2094 3080 quam

1221 3103 1405 3132 necesse
1437 3094 1528 3141 est,
1561 3103 1647 3132 non
1680 3094 1883 3144 tangunt,
1917 3092 1997 3133 sed
2028 3091 2093 3132 fa-

1219 3154 1349 3194 stidio
1381 3154 1619 3193 afficiunt.»
1664 3155 1796 3194 Recte
1816 3164 1998 3195 sensum
2019 3164 2093 3193 ex-

1221 3217 1382 3268 pressit
1412 3214 1589 3256 Boileau
1617 3217 1665 3256 A.
1687 3219 1730 3258 P.
1755 3217 1824 3258 Ch.
1849 3218 1865 3256 4
1887 3230 1895 3256 :
1931 3217 2030 3257 Tout
2048 3227 2092 3257 ce

1219 3280 1344 3329 qu'on
1387 3279 1447 3318 dit
1484 3280 1532 3318 de
1565 3283 1657 3328 trop
1694 3283 1750 3319 est
1775 3279 1874 3330 fade
1901 3281 1940 3319 et
1964 3276 2090 3318 rebu-

1219 3346 1322 3391 tant,
1342 3341 1515 3391 L'esprit
1534 3342 1719 3381 rassasie
1734 3342 1770 3381 le
1785 3341 1927 3391 rejette
1945 3340 1973 3380 ὰ
1991 3340 2089 3379 l'in-

1216 3407 1339 3443 stant.
1387 3403 1436 3442 V.
1468 3414 1644 3444 manare
1684 3404 1802 3444 idem
1832 3402 1923 3443 sere
1953 3403 2088 3454 signi-
