2231 3787
346 266 445 318 7Ιὸ

1144 268 1354 310 HORATII

413 396 654 450 Perfidus
695 397 866 458 lxion,
909 398 962 449 lo
1002 413 1157 467 vaga,
1199 397 1360 450 tristis
1401 398 1636 450 Orestes

412 499 463 551 Si
504 497 631 569 quid
674 498 1004 569 inexpertum
1043 514 1237 550 scenae
1276 496 1558 550 committis
1595 504 1647 549 et
1685 494 1852 548 audes
2043 494 2140 546 425

412 601 700 653 Personam
742 599 967 651 formare
1006 614 1220 659 novam,
1262 605 1506 650 servetur
1543 595 1609 649 ad
1649 595 1841 658 imum,

411 699 594 765 Qualis
633 699 698 752 ab
741 699 949 768 incepto
989 697 1336 768 processerit,
1378 705 1430 751 et
1466 696 1567 750 sibi
1605 703 1824 751 constet.

339 933 418 973 alia
458 943 645 985 persona
685 943 784 972 eam
829 932 882 971 ita
924 930 1205 971 cohortatur:

339 996 379 1035 Γ
375 998 576 1048 ι’γνωσκε
608 988 905 1049 τάνθρώπεια
934 990 1044 1046 μηδ’
1069 986 1210 1049 ὑπερ-

339 1053 704 1114 μετρωςᾌλγει
732 1056 830 1097 κτλ.
857 1077 902 1085 —-
927 1057 1107 1107 Perfidus
1126 1055 1210 1094 Lei-

340 1121 405 1172 on]
438 1119 581 1160 Schol.
604 1119 802 1172 Apollon.
825 1119 900 1159 Rh.
929 1119 968 1165 3,
992 1119 1064 1158 62:
1105 1113 1209 1168 Ἰξί-

338 1195 403 1221 ων
447 1179 673 1236 γαμήσας
716 1182 833 1222 Δίαν
871 1178 956 1234 τὴν
990 1175 1209 1230 Ἠϊονέως

337 1244 575 1301 θυγατέρα
606 1241 758 1284 πολλὰ
787 1240 1020 1291 ὑπέσχετο
1040 1240 1210 1282 δώσειν

338 1301 463 1346 ἕδνα.
506 1301 760 1357 Ἕλθόντος
787 1303 837 1346 δὲ
859 1305 935 1346 ἐπὶ
956 1302 1103 1345 ταῦτα
1125 1301 1207 1343 τοῦ

333 1364 575 1419 Ἠϊονέως,
621 1368 852 1426 βέρεθρον
891 1363 1100 1419 ποιήσας
1128 1366 1209 1405 καὶ.

338 1429 674 1489 πυρακτώσας,
719 1427 942 1481 σκεπάζει
983 1425 1104 1470 αὐτὸ
1134 1426 1210 1467 λε-

337 1499 471 1545 πτοῖς
518 1491 678 1546 ξύλοις
725 1494 806 1533 καὶ
854 1489 985 1532 κόνει
1031 1486 1175 1546 λεπτῇ
1197 1502 1205 1510 ·

337 1552 558 1609 ἐμπεσών
577 1555 626 1597 δὲ
650 1552 676 1595 ὁ
694 1551 906 1606 Ἠϊονεὺς
926 1549 1207 1594 ἀπόλλυται·

338 1617 495 1659 λύσσα
536 1617 586 1659 δὲ
630 1616 692 1672 τῷ
726 1613 882 1669 Ἰξίονι
913 1616 1104 1658 ἐνέπεσε
1132 1611 1211 1655 διὰ

337 1680 481 1722 τοῦτο
501 1680 599 1721 κτλ.
644 1681 707 1722 Cf.
732 1681 810 1722 Od.
833 1681 873 1729 3,
906 1681 967 1727 ll,
991 1681 1058 1719 ⁶21¹.
1081 1678 1206 1719 Diod.

337 1745 418 1784 Sic.
445 1744 484 1793 4,
508 1744 574 1784 69.
603 1767 646 1772 —
675 1744 718 1782 Io
737 1741 862 1794 vaya]
883 1742 1064 1792 Argiva,
1096 1741 1210 1780 Iovis

336 1806 479 1859 pellex
496 1817 519 1845 a
541 1807 705 1846 Iunone
727 1806 770 1845 in
790 1803 991 1844 exsilium
1012 1801 1135 1854 pulsa
1168 1803 1210 1842 in

336 1869 588 1919 bovemque
613 1868 777 1907 mutata
799 1866 946 1917 (quam
967 1860 1210 1920 μεταμόρ-

336 1942 495 1980 φωσιν
543 1929 733 1969 artifices
781 1927 946 1977 antiqui
1000 1925 1209 1966 cornibus

338 1992 562 2032 dumtaxat
595 2002 647 2031 ex
675 1991 768 2030 eius
789 1989 929 2029 fronte
952 1998 1211 2028 excrescen-

338 2054 454 2094 tibus
489 2053 769 2104 significant]‚
813 2053 995 2103 propter
1033 2050 1209 2090 Iunonis

337 2116 669 2157 insectationem
691 2123 976 2165 summopere
999 2113 1140 2160 anxia,
1163 2114 1211 2151 ut

339 2181 565 2230 comparet
602 2178 643 2216 in
674 2174 880 2226 Aeschyli
915 2174 1206 2222 Prometheo,

338 2242 545 2293 Idemque
577 2240 887 2290 argumentum
913 2238 1212 2277 tractaverant

338 2305 616 2345 Chaeremon
638 2303 682 2341 et
698 2302 869 2341 Accius.
895 2299 957 2339 Cf.
979 2298 1100 2339 Ovid.
1122 2300 1211 2340 Me-

338 2369 439 2406 tam.
466 2366 510 2413 l,
539 2363 617 2405 583
638 2374 736 2414 sqq.
782 2363 1064 2403 Monumenta
1095 2361 1210 2401 hanc

336 2429 391 2468 ad
417 2428 648 2468 heroinam
669 2426 909 2477 spectantia
933 2425 1210 2465 enumeravit

336 2490 551 2531 Braunius
572 2489 614 2528 in
634 2488 739 2528 Ann.
762 2488 859 2526 Inst.
882 2487 1059 2526 archeol.
1085 2486 1205 2527 4839.

338 2565 379 2604 p.
404 2551 497 2592 328.
526 2574 570 2579 —
604 2551 731 2590 tristis
761 2549 931 2601 Orestes]
967 2547 1030 2590 Cf.
1054 2549 1140 2588 Sat.
1163 2549 1204 2596 2,

337 2614 376 2663 3,
411 2613 483 2653 133
505 2624 603 2664 sqq.
634 2613 752 2662 Virg.
775 2613 883 2651 Aen.
907 2610 953 2659 3,
984 2610 1055 2651 331
1080 2622 1088 2648 :
1120 2621 1207 2649 sce—

335 2679 465 2718 lerum
493 2676 617 2726 furiis
635 2675 819 2726 ayilatus
838 2674 1009 2713 Orestes.
1044 2672 1208 2722 (Tristis

335 2742 484 2779 autem
514 2736 583 2777 vel
614 2748 636 2776 a
668 2737 803 2776 Furiis
833 2736 1040 2786 agitatus,
1083 2735 1207 2774 cuius

337 2802 479 2851 imago
501 2802 567 2839 cst
589 2800 630 2839 in
646 2799 880 2849 Inghirami
898 2798 1005 2837 Gall.
1026 2797 1114 2836 Om.
1134 2798 1204 2836 111.

336 2874 377 2914 p.
401 2862 492 2909 59„
538 2860 606 2900 vel
644 2859 828 2912 supplex
859 2859 991 2899 modo
1022 2857 1206 2911 Apollini

337 2924 514 2974 Pythio,
548 2923 680 2963 modo
711 2923 873 2962 Dianae
895 2922 1129 2969 Tauricae,
1153 2920 1203 2960 V.

334 2987 445 3026 Mon.
469 2986 574 3025 ined.
604 2986 699 3024 Inst.
723 2985 899 3025 archeol.
924 2985 974 3024 ΙΙ.
1002 2985 1040 3024 Τ.
1066 2984 1149 3033 43.)

391 3047 602 3087 ⁴25-428.
650 3048 694 3086 Si
734 3048 831 3095 quid
861 3045 961 3097 cet.]
1009 3046 1207 3085 Refertur

335 3110 388 3149 ad
421 3121 461 3148 ν.
488 3109 579 3148 419.
619 3109 684 3147 «Si
726 3106 886 3159 μῦθον
917 3109 1008 3158 ipse
1040 3106 1204 3158 fingere

335 3171 496 3219 audes,
530 3173 629 3211 ante
661 3171 803 3210 omnia
832 3180 1014 3209 necesse
1037 3172 1127 3217 est,
1161 3171 1206 3208 ut

339 3233 451 3274 nulla
498 3235 592 3274 eius
628 3244 732 3284 pars
770 3232 838 3271 alii
869 3234 1124 3284 repugnet.»
1159 3254 1204 3260 -

336 3295 609 3347 inexpertum]
643 3295 976 3345 «argumentum
1010 3293 1205 3333 nondum

334 3358 389 3397 ab
421 3356 503 3397 alio
533 3359 661 3409 poeta
694 3358 969 3396 tractatum.»
1003 3378 1043 3384 —
1076 3366 1207 3395 serre-

334 3424 403 3458 tur
432 3418 535 3470 cet.]
566 3419 639 3458 Est
669 3417 785 3469 quod
818 3416 1073 3476 Aristoteles
1103 3417 1207 3458 dicit

336 3481 453 3521 Poet.
483 3481 546 3530 ⁴5,
570 3480 615 3521 6:
650 3480 873 3537 τέταρτον
903 3478 987 3530 (ὡν
1009 3476 1083 3519 δεῖ
1099 3491 1206 3520 στο-

1272 925 1522 982 χάζεσθαι)
1566 928 1622 970 τὸ
1663 925 1871 984 ὁμαλόν,
1915 933 1963 972 ut
1990 944 2143 991 χαρα-

1273 990 1442 1048 κτῆρες
1458 992 1539 1032 sibi
1557 995 1828 1034 constent.—-
1845 995 2024 1047 Difficile
2039 996 2142 1050 cet.]

1273 1054 1518 1104 «Verum,»
1551 1055 1712 1106 inquit,
1746 1055 1936 1108 «difficile
1963 1062 2021 1098 cst
2042 1070 2145 1109 pro-

1264 1115 1359 1165 prie
1377 1117 1613 1156 communia
1631 1117 1807 1157 dicere.»
1843 1118 1963 1167 Quae
1982 1131 2054 1159 vv.
2075 1120 2144 1160 vi-

1271 1176 1433 1217 dentur
1462 1178 1586 1228 quasi
1620 1189 1835 1219 conversa
1866 1190 1919 1219 ex
1949 1181 2139 1222 Graeco:

1271 1235 1481 1288 χαλεπὸν
1523 1235 1582 1279 τὰ
1624 1236 1763 1280 κοινὰ
1810 1238 2011 1282 ῖδιῶσαι.
2053 1241 2139 1295 (Cf.

1273 1301 1477 1352 llermog.
1503 1302 1606 1360 περὶ
1634 1300 1848 1356 μεθόδου
1873 1301 2144 1358 δεινότητος

1273 1363 1342 1403 ed.
1366 1363 1488 1403 Walz
1523 1375 1565 1416 p.
1590 1364 1700 1416 434.)
1737 1388 1781 1395 -
1814 1367 2062 1420 communia]
2093 1368 2145 1410 Ut

1271 1428 1508 1466 communia
1529 1427 1569 1467 in
1591 1428 1683 1468 iure
1709 1426 1820 1468 civili
1840 1431 2055 1470 vocantur
2073 1441 2140 1479 ea,

1272 1498 1386 1539 quae
1409 1489 1609 1529 omnium
1624 1492 1739 1537 sunt,
1759 1489 1877 1531 velut
1892 1494 1983 1541 aer,
2002 1502 2142 1541 mare,

1271 1549 1421 1599 litora,
1454 1561 1658 1603 quaeque
1701 1563 1725 1592 a
1771 1552 1886 1595 nullo
1926 1556 2029 1594 sunt
2066 1565 2144 1594 oc-

1272 1614 1432 1664 cupata
1461 1623 1513 1653 ac
1542 1624 1751 1666 possessa
1781 1617 1824 1656 et
1843 1617 2030 1668 possunt
2048 1615 2144 1657 fieri

1270 1674 1400 1726 primi
1437 1675 1651 1727 cuiusque
1683 1678 1963 1729 occupantis,
2008 1679 2073 1720 sic
2100 1679 2144 1718 in

1270 1736 1396 1787 poesi
1426 1738 1470 1776 et
1499 1735 1748 1789 eloquentia
1777 1740 2015 1780 communia
2042 1741 2146 1781 sunt

1272 1798 1417 1837 omnia
1459 1809 1533 1847 ea,
1572 1799 1734 1850 quibus
1770 1798 1880 1842 alius
1910 1812 2052 1853 aeque
2081 1802 2146 1843 uti

1271 1860 1419 1911 potest
1447 1861 1579 1911 atque
1607 1872 1709 1912 ego,
1741 1862 1784 1902 h.
1808 1861 1836 1903 l.
1865 1864 2145 1916 potissimum

1272 1917 1370 1973 ἤθη
1400 1921 1620 1972 generalia
1646 1923 1876 1976 (abstracta
1895 1937 2008 1978 quae
2029 1937 2145 1967 nunc

1271 1982 1580 2036 appellamus),
1627 1988 1674 2026 ut
1710 1989 1812 2027 sunt
1840 1987 2030 2029 hominis
2057 1989 2145 2029 ira-

1272 2044 1426 2094 cundi,
1449 2045 1655 2097 crudelis,
1679 2048 1853 2099 ferocis,
1877 2049 2018 2090 callidi
2038 2061 2145 2103 pro-

1272 2106 1443 2155 ditoris,
1490 2108 1568 2147 viri
1606 2111 1810 2160 generosi
1845 2111 1926 2152 sed
1961 2111 2143 2153 infelicis

1271 2171 1356 2209 cet.
1390 2168 1503 2208 Talia
1521 2172 1671 2211 autem
1687 2172 1729 2212 in
1740 2175 2000 2224 argumento
2021 2185 2146 2226 pror-

1270 2243 1346 2273 sus
1377 2231 1500 2282 ficto,
1533 2233 1577 2273 id
1607 2237 1696 2283 est,
1728 2246 1816 2275 non
1846 2246 1900 2276 ex
1919 2235 2145 2288 mytholo-

1271 2296 1338 2346 gia
1359 2296 1570 2347 repetito,
1588 2298 1762 2347 proprie
1779 2298 1915 2338 dicere
1933 2297 2145 2350 (concreta

1271 2358 1483 2409 reddere,
1527 2359 2053 2413 individualisiren),
2099 2361 2143 2402 id

1271 2423 1358 2470 est,
1398 2422 1455 2460 ita
1486 2420 1677 2462 formare
1709 2424 1753 2462 et
1781 2423 2053 2475 exprimere,
2096 2424 2144 2464 ut

1269 2483 1352 2524 sibi
1390 2485 1593 2524 constent
1628 2494 1680 2525 ac
1719 2485 1914 2526 veritatis
1942 2486 2142 2538 poeticae

1269 2547 1464 2598 speciem
1495 2557 1600 2598 prae
1631 2558 1678 2588 se
1710 2547 1872 2598 serant,
1905 2558 2013 2589 sane
2033 2548 2144 2590 diffi-

1269 2607 1479 2649 cillimum
1500 2611 1582 2648 est.
1627 2609 1740 2649 Raro
1761 2611 1879 2651 enim
1898 2612 2044 2662 poeta,
2068 2611 2143 2662 qui

1270 2671 1485 2711 eiusmodi
1537 2668 1844 2729 χαρακτῆρας
1895 2682 2050 2713 secum
2096 2672 2142 2714 in

1269 2733 1476 2774 omnibus
1496 2734 1800 2785 conspirantes
1817 2744 1868 2774 ex
1891 2733 2141 2776 notionibus

1269 2794 1547 2848 generalibus
1568 2795 1651 2835 sibi
1672 2795 1899 2847 componit
1918 2797 2051 2847 atque
2068 2806 2142 2836 ar-

1269 2860 1525 2910 gumentum
1565 2868 1741 2909 quoque
1772 2868 1956 2909 prorsus
1985 2858 2141 2910 imagi-

1269 2921 1440 2961 narium
1471 2921 1708 2970 excogitat,
1742 2919 1817 2960 ubi
1839 2931 1916 2960 eos
1937 2918 2137 2971 collocet,

1268 2981 1647 3034 quemadmodum
1679 2982 1780 3022 fecit
1797 2981 1966 3034 Agatho
1986 2976 2141 3022 in'Zdv—

1268 3045 1343 3085 θει
1363 3043 1431 3084 illo
1453 3044 1508 3084 ab
1524 3042 1756 3085 Aristotele
1772 3045 2033 3094 memorato,
2051 3054 2138 3084 una

1269 3119 1371 3148 cum
1404 3106 1547 3147 indole
1578 3109 1757 3148 actuosa
1797 3102 1905 3158 (σὺν
1932 3103 1996 3161 τῷ
2024 3103 2139 3164 δρα-

1269 3171 1465 3227 στηρίῳ)
1491 3169 1677 3210 eandem
1701 3167 1780 3209 illis
1801 3168 2068 3210 evidentiam
2087 3179 2140 3208 ac

1268 3234 1497 3272 veritatem
1529 3230 1746 3284 praebere
1775 3231 1959 3283 poterit,
2004 3239 2138 3282 quam

1268 3305 1348 3346 per
1377 3305 1424 3334 se
1456 3295 1541 3333 iam
1572 3293 1738 3334 habent
1766 3292 1945 3334 Homeri
1969 3294 2014 3333 et
2030 3292 2139 3332 Tra-

1267 3357 1467 3408 gicorum
1486 3356 1728 3396 Atticorum
1742 3364 1974 3408 personae.
2006 3353 2134 3404 Quid,

1268 3417 1387 3471 quod
1417 3417 1521 3458 illud
1551 3428 1730 3470 quoque
1751 3416 1953 3458 accidere
1973 3416 2134 3468 potest,

1266 3482 1333 3530 ut,
1358 3480 1393 3521 si
1410 3479 1639 3522 describas
1659 3479 1841 3521 heroem
1859 3477 2132 3530 «impigrum,
