2231 3787
832 277 929 316 LIB.
965 278 1012 316 11.
1074 279 1185 317 SAT.
1220 279 1325 317 VIII.
1894 280 1986 331 351

255 408 559 464 Pei-vellunt
597 406 956 468 stomachum,
999 407 1160 469 siser,
1203 407 1357 467 allec,
1402 409 1606 462 saecula
1647 411 1769 479 (joa.

253 512 346 564 His
384 509 475 563 ubi
515 509 738 563 sublatis
777 526 913 581 puer
951 508 1053 562 alte
1092 510 1296 564 cinctus
1335 528 1584 565 acernam
1938 516 1994 567 10

255 613 503 683 Gausape
542 629 818 682 purpureo
857 628 1098 665 mensam
1137 612 1410 682 pertersit,
1452 622 1505 667 et
1542 613 1674 668 alter

253 713 494 784 Sublegit
532 713 896 784 quodcunque
936 714 1135 767 iaceret
1175 714 1357 768 inutile
1396 715 1654 787 quodque

290 911 328 950 9.
362 911 491 950 hallec
521 922 564 959 0,
608 912 723 950 halec
753 911 794 950 F.
831 910 1019 961 (Habent
1049 911 1150 950 allec
1179 910 1336 962 hSEp.)
1374 934 1417 939 —
1453 912 1517 951 40.
1549 912 1632 965 ubi]
1673 918 1718 953 ul
1748 915 1793 960 E,
1829 916 1936 956 Cod.

237 976 420 1025 Franeq.
456 977 498 1014 et
529 973 598 1014 alii
630 975 756 1014 Feae.
792 975 972 1025 Recepit
1003 974 1361 1024 Cuningliamius.

178 1150 397 1199 pungunt,
432 1148 689 1187 suscitant.»
721 1148 822 1185 Aca.
860 1169 904 1173 —
937 1145 1052 1197 siser]

178 1210 460 1260 Rapunzel.
509 1208 614 1248 Plin.
640 1209 690 1248 H.
715 1210 763 1247 N.
788 1208 862 1255 20,
898 1208 968 1246 ⁴7:
1002 1207 1056 1245 si-

176 1283 242 1310 ser
261 1295 285 1301 -
305 1297 328 1302 -
348 1272 604 1311 stomachum
624 1271 803 1318 eoecitat,
835 1269 1053 1320 fastidium

177 1334 400 1385 absteryel,
433 1345 486 1373 eas
515 1337 629 1372 aceto
659 1332 918 1381 laserpiciato
938 1343 1054 1370 sum-

170 1401 290 1446 ptum
320 1400 394 1435 aul
422 1406 476 1435 ea)
508 1396 651 1445 pipere
679 1399 717 1434 et
748 1395 880 1434 malso
908 1395 972 1433 vel
1001 1406 1054 1434 ea}

174 1470 294 1510 qaro.
345 1459 535 1498 Auctore
559 1457 686 1497 Celso
710 1457 768 1507 ((2,
801 1458 869 1496 24.
904 1459 947 1496 et
967 1456 1051 1507 24..)

175 1522 247 1561 etsi
274 1521 377 1560 mali
404 1521 492 1560 suci
509 1542 559 1549 --
576 1521 784 1559 stomacho
814 1524 959 1570 aptum
979 1523 1047 1559 est.

179 1606 222 1611 —
270 1582 394 1634 allec]
439 1583 733 1622 Fischlalce.
789 1605 833 1610 —
884 1583 1052 1633 faecula

175 1645 283 1697 Coa]
331 1644 580 1696 «liquamen
626 1647 670 1685 et
715 1645 1048 1685 condimentum

175 1719 228 1747 ex
259 1709 336 1749 Coi
364 1709 450 1747 vini
483 1708 605 1748 faece
637 1710 885 1760 paratum.»
924 1707 1046 1748 Conf.

174 1771 260 1810 Sat.
284 1771 330 1819 2,
363 1769 410 1818 4,
443 1770 509 1810 73.
560 1771 702 1810 Etiam
734 1771 846 1810 haec
877 1771 1047 1810 stoma-

174 1832 308 1872 chum
352 1833 585 1872 excitantia
627 1834 757 1873 nimis
803 1832 1050 1872 cumularat

173 1895 308 1933 homo
341 1902 544 1935 scaevus.
597 1896 867 1947 Comparant
910 1896 1049 1935 Sene-

174 1967 272 1996 cam
303 1956 358 1997 de
389 1956 563 1996 Provid.
589 1957 634 2005 3,
668 1958 716 1996 6:
770 1959 878 2007 Quid
918 1957 1050 2009 erqo?

171 2019 331 2069 felicior
359 2023 458 2058 esset
490 2019 766 2070 (Fabricius),
800 2043 823 2049 -
843 2043 866 2049 -
886 2021 920 2060 si
949 2033 1050 2060 con—

172 2081 314 2130 chyliis
341 2082 481 2131 superi
510 2086 633 2132 alque
661 2083 785 2133 inferi
812 2084 945 2122 maris
979 2085 1050 2134 pi-

171 2143 344 2194 9ritiam
364 2143 560 2182 stomachi
582 2145 823 2184 nauseantis
843 2146 1050 2196 eriqerel?

174 2205 207 2243 si
248 2205 404 2255 inqenti
447 2216 667 2254 pomorum
715 2211 827 2246 strue
869 2209 1051 2259 cinqeret

166 2267 334 2317 primae
360 2267 523 2317 formae
549 2267 688 2317 feras,
734 2274 880 2319 captas
917 2271 1050 2310 mulla

173 2330 296 2369 caede
324 2328 596 2369 venantium?
625 2331 791 2370 Verum
823 2332 893 2371 hic
915 2333 1050 2383 signi-

175 2391 363 2431 ficantur
393 2392 494 2440 puri
532 2390 586 2430 illi
618 2393 747 2430 calilli
780 2394 879 2443 (Sat.
917 2395 964 2442 2,
999 2394 1045 2444 4,

173 2453 256 2503 75.)
314 2453 509 2492 minores
564 2453 841 2504 rapqurum,
901 2455 1048 2497 allecis

174 2517 278 2564 cet.‚
311 2515 424 2554 inter
444 2526 554 2565 quos
576 2516 775 2556 medium
806 2516 954 2557 locum
977 2529 1049 2558 oc-

106 2588 112 2592 ·
174 2576 366 2628 cupabat
395 2578 487 2628 apri
517 2575 617 2617 lanx
646 2579 815 2629 ingens.

229 2640 294 2679 40.
331 2640 395 2678 Μ.
429 2640 509 2679 alte
536 2641 705 2692 cin-ctus]
742 2642 811 2681 Sic
856 2642 1045 2683 Phaedr.

172 2701 217 2749 2,
251 2702 297 2750 5,
332 2702 375 2740 Μ
397 2713 405 2739 :
438 2702 507 2740 Ea:
529 2702 750 2742 alticinctis
767 2715 876 2743 unus
895 2706 1050 2745 atrien-

172 2763 293 2802 sibus.
336 2764 514 2803 Sueton.
541 2764 673 2815 Calig.
699 2767 772 2806 326:
816 2771 978 2818 togatos
997 2791 1050 2798 --

173 2826 229 2864 ad
244 2826 365 2875 pedes
383 2829 494 2865 stare
513 2828 738 2868 succinctos
763 2828 885 2869 linteo
899 2841 1051 2880 passus

174 2890 244 2926 est.
306 2886 527 2937 Significat
555 2889 686 2938 igitur
715 2891 939 2932 ministros
961 2893 1050 2932 cin-

176 2950 270 2987 ctos
300 2947 433 2987 fuisse
465 2950 624 2990 tunicis
657 2949 799 2992 linteis
827 2964 967 3004 prope
988 2955 1052 2993 in-

173 3020 283 3061 quen
312 3010 367 3048 ad
397 3010 636 3051 obscoenum
655 3013 861 3054 subductis
881 3016 981 3066 (sat.
1008 3018 1046 3067 11,

174 3072 220 3118 2,
253 3070 354 3121 ⁶26),
395 3081 481 3120 qua
519 3072 574 3111 de
605 3084 653 3112 re
682 3075 798 3115 ridet
841 3077 1049 3118 Servilius

174 3144 217 3172 v.
242 3133 308 3172 70.
360 3134 531 3173 Etenim
560 3135 603 3174 in
643 3135 728 3176 hoc
764 3148 942 3190 quoque
981 3142 1048 3181 in-

176 3194 372 3245 eptiebat
401 3195 685 3246 NasidIenus‚
720 3200 839 3251 quod
868 3202 951 3242 isto
973 3203 1050 3242 ha-

174 3253 270 3294 bitu
303 3254 550 3307 voluptario
587 3259 888 3302 Maecenatem
922 3263 1049 3303 vole-

175 3315 254 3356 bat
272 3316 516 3365 delectare,
551 3329 685 3369 quem
704 3319 905 3362 habitum
926 3334 1050 3374 egre-

177 3378 244 3428 gie
288 3378 498 3420 describit
546 3379 666 3420 Philo
712 3381 766 3422 de
810 3384 896 3423 vita
943 3397 1050 3425 con-

178 3439 330 3491 templ.
368 3442 445 3481 Ed.
485 3443 672 3493 Mangey
712 3445 756 3483 T.
795 3446 824 3484 Ι.
862 3457 904 3496 p.
944 3446 1046 3487 478:

178 3498 428 3542 διακονικὰ
458 3499 756 3561 ἀνδράποδα,
800 3502 1049 3565 εὐμορφό-

1118 1157 1236 1184 τατα
1293 1147 1373 1186 καὶ
1431 1149 1834 1205 περικαλλέστατα
1854 1186 1863 1203 ,
1928 1152 1994 1207 ὥς

1117 1202 1362 1261 ἆ(ριγ,ιιε’να
1405 1205 1496 1258 οὐχ
1541 1207 1804 1268 ὑπηρεσίας
1852 1210 1992 1259 ἕνεκα

1115 1267 1323 1322 μᾶλλον,
1362 1266 1398 1324 ἢ
1426 1271 1511 1313 τοῦ
1542 1276 1754 1323 φανέντα
1784 1275 1871 1330 τὴν
1900 1279 1994 1321 τῶν

1115 1333 1372 1386 θεωμένων
1403 1330 1524 1384 ὄψιν
1553 1332 1738 1389 ἡδῦναι.
1800 1339 1993 1383 Τούτων

1118 1396 1168 1435 οἱ
1214 1395 1304 1448 μὲν
1354 1396 1518 1449 παῖδες
1572 1394 1640 1439 ἔτι
1685 1395 1818 1453 ὄντες
1863 1406 1993 1445 οἰνο-

1115 1455 1315 1507 χοοῦσι,
1349 1455 1677 1518 ὑδροφοροῦσι
1707 1462 1758 1504 δὲ
1786 1464 1994 1514 βούπαι-

1114 1521 1191 1572 ὄες
1221 1520 1502 1574 λελουμένοι
1531 1525 1611 1565 καὶ
1646 1524 1990 1581 λελειασμένοι,

1115 1607 1138 1613 -
1157 1608 1220 1615 --
1240 1581 1445 1635 χιτῶνας
1474 1598 1524 1625 τε
1554 1582 1884 1643 ἆραχνοϋφεῑς
1913 1595 1994 1634 καὶ

1114 1644 1370 1697 ἑκλεύκους
1428 1646 1851 1703 ἑπαναζ(οσά,ιιενοι
1872 1686 1881 1704 ,
1933 1654 1992 1696 τὰ

1112 1711 1201 1763 μὲν
1217 1707 1494 1766 εζιιῖῑρόσθια
1514 1716 1764 1772 κατωτέρω
1785 1715 1880 1758 τῶν
1898 1715 1992 1760 ὑπὸ

1113 1772 1252 1828 γόνυ,
1292 1770 1350 1813 τὰ
1379 1773 1429 1813 δὲ
1458 1773 1661 1817 κατόπιν
1689 1777 1863 1835 μικρὸν
1895 1778 1991 1822 ὑπὸ

1112 1840 1214 1887 τοῖς
1256 1838 1513 1890 γονατίοις.
1576 1841 1626 1879 Et
1669 1841 1870 1882 similiter
1910 1846 1991 1885 Se-

1113 1911 1225 1940 neca
1256 1899 1310 1939 de
1332 1900 1493 1940 Brevit.
1516 1913 1557 1941 v.
1584 1903 1657 1941 ⁴2:
1692 1904 1891 1944 Convicia
1910 1918 1994 1946 me-

1111 1963 1273 2002 hercule
1301 1963 1450 2002 liorum
1476 1963 1721 2014 (hominum
1750 1966 1994 2009 luxurioso-

1112 2024 1225 2075 rum)
1271 2035 1355 2064 non
1390 2028 1603 2075 posuerim
1648 2029 1755 2068 inter
1793 2033 1993 2071 vacantia

1113 2091 1324 2137 tempora,
1357 2099 1452 2127 cum
1478 2089 1663 2139 videam,
1686 2113 1709 2119 —
1729 2114 1752 2120 -
1774 2103 1902 2142 quam
1925 2095 1991 2133 di—

1113 2149 1286 2200 ligyenter
1318 2150 1574 2191 exoletorum
1615 2164 1787 2194 suorum
1830 2156 1993 2195 tunicas

1111 2212 1369 2261 succingant.
1397 2234 1444 2240 -
1469 2215 1680 2266 acernam]
1705 2216 1781 2255 «Et
1810 2216 1895 2257 hoc
1916 2229 1993 2257 no-

1112 2275 1177 2313 tat
1206 2273 1300 2312 eius
1331 2274 1582 2323 sorditiem,
1617 2277 1736 2327 quod
1765 2289 1846 2328 pro
1879 2280 1991 2319 divi-

1113 2335 1181 2374 tiis
1212 2346 1299 2374 non
1330 2334 1536 2375 habuerit
1569 2347 1774 2378 mensam
1806 2341 1991 2381 citream

1113 2398 1189 2435 aut
1231 2396 1615 2437 vermiculatam.»
1673 2400 1812 2439 Comi.
1857 2403 1987 2448 Can.

1112 2457 1218 2497 Plin.
1254 2458 1302 2497 H.
1336 2459 1385 2497 N.
1420 2459 1493 2506 46,
1534 2460 1607 2499 26:
1659 2461 1992 2512 Acer—operum

1113 2520 1319 2571 elcyanlia
1354 2532 1406 2560 ac
1443 2520 1667 2562 subtilitate
1703 2525 1807 2563 citro
1845 2537 1991 2565 secun-

1113 2583 1226 2621 dum.
1264 2605 1308 2610 —
1343 2583 1549 2635 Gausape]
1588 2595 1655 2635 pr.
1689 2583 1873 2626 linteum
1908 2586 1990 2626 vil-

1112 2643 1280 2693 losum,
1334 2646 1532 2696 zottiqe
1585 2647 1987 2697 Livinenquehle.

1113 2705 1302 2746 Lucilius
1323 2705 1441 2757 apud
1462 2708 1595 2747 Prisc.
1622 2709 1667 2757 9,
1701 2709 1750 2758 9,
1783 2711 1856 2749 50:
1889 2712 1992 2750 Par-

1106 2780 1240 2819 pareo
1269 2770 1385 2808 tersit
1413 2774 1509 2808 tunc
1538 2770 1646 2809 latas
1673 2783 1860 2822 gausape
1879 2783 1991 2812 men-

1111 2842 1192 2871 sas.
1252 2830 1498 2871 Ridiculum
1541 2833 1688 2872 inesse
1727 2834 1905 2873 videtur
1946 2835 1989 2874 in

1111 2904 1266 2933 mensa
1289 2892 1439 2932 villore
1460 2904 1685 2945 purpureo
1717 2896 1865 2936 tamen
1887 2907 1990 2947 gau-

1112 2966 1219 3007 sape
1250 2956 1465 3006 pertersa.
1535 2956 1597 2995 De
1627 2955 1765 2996 forma
1804 2969 1990 3008 qausape

1113 3016 1190 3056 cfr.
1223 3017 1368 3067 Reisig
1397 3018 1489 3055 Lat.
1513 3017 1728 3067 Sprachw.
1751 3030 1795 3070 p.
1821 3019 1914 3059 428.
1939 3041 1983 3047 —

1108 3079 1318 3130 pertersit]
1352 3079 1524 3119 Etenim
1554 3090 1717 3119 acerna
1747 3079 1836 3130 illa,
1871 3081 1989 3132 apud

1112 3140 1220 3180 alios
1274 3142 1410 3180 citrea
1459 3152 1613 3182 mensa
1663 3153 1716 3182 ex
1764 3144 1986 3183 Horatiani

1111 3203 1324 3254 temporis
1365 3214 1490 3243 more
1531 3202 1648 3243 nullo
1689 3207 1836 3256 tapete
1876 3207 1989 3244 inter

1112 3264 1392 3305 coenandum
1415 3267 1623 3317 cooperta
1647 3268 1760 3314 erat,
1791 3277 1878 3316 quo
1900 3267 1988 3305 sci-

1112 3325 1212 3366 licet
1248 3327 1341 3377 ipsa
1379 3337 1558 3378 quoque
1595 3328 1737 3367 nitore
1769 3338 1848 3366 suo
1880 3338 1987 3366 con-

1110 3388 1234 3427 vivas
1265 3386 1524 3428 oblectaret.

1169 3450 1306 3489 tta-47.
1340 3450 1536 3501 Subleqit]
1559 3459 1851 3500 quaecunque
1868 3447 1988 3488 abie-

1114 3514 1265 3550 cerant
1306 3513 1543 3559 convivae,
1592 3521 1713 3559 ossa,
1761 3511 1986 3561 putamina
