2231 3787
570 865 1118 920 10.GEORG1US
1169 863 1558 917 BAITERUs

996 1057 1035 1095 S.
1077 1058 1126 1095 D.

880 1227 1234 1278 Lectori.

261 1512 318 1564 In
356 1509 517 1563 huius
555 1504 842 1561 voluminis
880 1520 1012 1559 cura
1051 1520 1175 1558 cum
1208 1501 1394 1557 Orellii
1435 1502 1671 1558 schedae
1711 1521 1798 1558 me
1838 1503 1987 1558 def&
2032 1565 2036 1569 ,

155 1646 378 1708 cissent,
419 1649 827 1715 peropportune
866 1637 995 1692 mihi
1035 1637 1256 1701 accidit,
1297 1646 1356 1691 ut
1382 1637 1621 1709 Sauppio
1661 1655 1784 1691 meo
1825 1637 1988 1691 inter-u

157 1779 385 1834 cedente
419 1779 538 1833 CAR.
564 1780 706 1831 Fan).
735 1777 1069 1829 FUNKHAENEL
1107 1789 1324 1827 mecum
1356 1771 1802 1833 communicaret,
1844 1787 1986 1842 quae

159 1915 275 1986 ipse
329 1930 428 1967 suo
481 1909 730 1983 exemplo
776 1908 1029 1964 editionis
1069 1906 1377 1962 Orellianae
1419 1906 1659 1978 (primae)
1700 1905 1992 1959 adnotave-

158 2057 264 2111 rat,
318 2064 494 2120 eaque
543 2063 603 2099 re
650 2044 897 2117 plurimis
947 2042 1081 2097 locis
1119 2058 1301 2095 meum
1341 2040 1409 2095 de
1449 2039 1653 2094 Horatii
1691 2038 1874 2093 verbis
1914 2038 1994 2090 in-

161 2182 522 2254 terpretandis
561 2180 822 2235 iudicium
858 2177 945 2233 vel
984 2177 1225 2231 firmaret
1261 2175 1347 2230 vel
1386 2174 1708 2246 corrigeret,
1751 2190 1849 2244 pro
1884 2189 1993 2244 quo

161 2314 431 2370 beneficio
481 2314 700 2386 publice
749 2329 972 2383 quoque
1020 2311 1137 2364 viro
1178 2310 1399 2380 egregio
1438 2308 1637 2379 gratias
1676 2323 1777 2380 ago
1818 2306 1996 2360 iustis-

164 2449 345 2502 simas.

271 2581 430 2635 Aliud
452 2580 709 2636 auxilium
734 2578 863 2633 mihi
890 2577 1064 2633 attulit
1089 2577 1288 2633 GALLUS
1314 2577 1616 2635 Moluium,
1658 2572 1740 2627 vir
1765 2573 1996 2628 maxime

167 2715 530 2778 reverendUS‚
583 2715 875 2769 Sacrorum
920 2712 1141 2767 antistes
1190 2720 1243 2766 et
1279 2708 1724 2766 bibliothecarius
1775 2707 1828 2760 in
1867 2707 1998 2761 Ere-

168 2850 420 2903 mitarum
460 2848 764 2912 Coenobio,
807 2846 900 2919 qui
941 2864 1101 2900 suum
1141 2844 1399 2900 Codicem
1438 2842 1665 2905 Horatii,
1713 2859 1879 2914 quem
1915 2840 1999 2894 lit-

171 2991 286 3036 tera
335 2983 388 3034 E
437 2982 778 3054 designatum
817 2979 1053 3036 Orellius
1090 2977 1523 3042 Einsiedlensem,
1572 2975 1771 3031 rectius
1811 2973 2000 3029 Kirch-

172 3133 338 3171 nerus
380 3116 576 3185 (Novae
617 3117 858 3181 Quaestt.
899 3115 1080 3168 Horat.
1121 3131 1172 3185 p.
1210 3113 1311 3182 52.)
1351 3110 1719 3165 Morellz'anum
1757 3109 2000 3162 nomina-

173 3250 269 3311 vit,
324 3250 377 3302 in
423 3265 574 3302 meos
624 3266 756 3302 usus
807 3248 913 3303 huc
964 3246 1258 3301 transmisit
1307 3245 1537 3316 eiusque
1576 3241 1837 3297 tractandi
1877 3258 2003 3312 per-

177 3391 394 3454 petuam
444 3382 572 3436 mihi
624 3388 943 3452 potestatem
995 3380 1143 3443 fecit,
1197 3379 1325 3432 dum
1365 3379 1416 3431 in
1458 3394 1624 3448 opere
1664 3373 2002 3430 conficiendo
