2231 3787
194 243 294 294 504-

793 243 1007 283 HORATH
1037 243 1404 284 EPISTOLARUM

265 372 538 435 Caesaris3
579 380 761 425 oratus
802 371 966 425 multa
1003 389 1191 443 prece,
1234 372 1402 424 nitere
1440 387 1617 441 porro.

265 473 433 535 Vade,
475 473 617 532 vale,
662 490 792 527 cave
831 491 898 527 ne
939 473 1133 526 titubes
1173 472 1532 542 mandataque
1571 471 1799 542 frangas.

303 624 368 663 118.
415 624 558 663 nitere.
589 634 719 673 porro
754 623 861 662 Vade
890 619 1113 661 Bentleius
1143 621 1295 669 tacite,
1336 619 1524 661 fortasse
1567 632 1621 660 ex
1650 631 1776 661 mero
1808 631 1964 673 opera-

249 697 349 725 rum
380 697 545 725 ΘΓΓΟΓΒ.

193 817 335 857 verbii
367 817 550 856 modum
581 817 750 856 dictum
782 817 863 855 est.
901 838 945 843 —
988 825 1076 853 mo-

195 880 300 931 rari]
331 881 557 918 Morantur
576 888 671 926 nos,
698 887 812 928 quae
835 874 1071 915 delectant.

196 944 244 981 A.
278 943 323 981 Ρ.
358 941 450 980 32¹.

252 1065 315 1103 48.
350 1064 414 1104 49.
460 1063 666 1115 Caesaris]
717 1063 840 1102 Hanc
884 1062 1074 1101 nominis

194 1125 484 1177 positionem,
548 1136 633 1177 qua
683 1119 1075 1179 ἑμᾳατικώτερον

193 1187 265 1235 fit,
300 1190 531 1239 comparat
559 1189 671 1227 Voss
703 1186 759 1226 ad
779 1187 897 1237 Virg.
932 1187 1008 1226 Ge.
1033 1185 1073 1234 3,

195 1249 275 1289 46:
321 1251 427 1289 Mox
470 1254 608 1289 tamen
653 1250 845 1288 ardentes
874 1248 1077 1298 accingar

195 1312 330 1351 dicere
371 1323 543 1363 puynas
585 1312 790 1352 Caesaris.
839 1333 887 1339 —
933 1313 1078 1349 oratus

192 1376 326 1414 inulta
348 1375 487 1426 prece]
540 1373 733 1422 «Quodsi
763 1371 911 1412 multis
943 1372 1075 1411 etiam

191 1437 401 1488 precibus
426 1436 663 1477 illiusmodi
684 1436 888 1475 homines
910 1437 952 1474 te
975 1445 1078 1473 ora—

192 1500 360 1546 verint,
407 1500 452 1537 ut
491 1498 598 1548 quid
637 1499 834 1547 Augusto
865 1498 1075 1548 apportes

195 1561 279 1600 sibi
323 1561 470 1609 dicas,
523 1563 569 1599 tu
612 1559 700 1599 noli
743 1559 905 1610 loquax
950 1569 1073 1607 esse,

196 1622 277 1662 sed
321 1633 409 1673 quo
456 1624 497 1661 te
543 1622 651 1661 iussi
683 1622 890 1661 continuo
921 1631 1074 1672 perge,

195 1685 339 1725 donec
369 1685 427 1724 ad
455 1685 604 1736 ipsum
634 1687 677 1724 te
709 1684 911 1723 admittat
940 1683 1078 1722 ostia-

198 1748 333 1786 rius.»
360 1770 405 1775 -—
428 1748 560 1786 nitere
572 1746 720 1798 porro]
753 1746 943 1786 sehiebe
964 1745 1077 1784 dich

194 1813 468 1849 vorwa'rts.
536 1811 605 1848 Sic
652 1811 701 1848 ut
749 1810 983 1859 iungamus
1035 1809 1079 1846 et

195 1874 324 1910 tenor
364 1871 571 1911 versiculi
614 1872 798 1921 requirit
847 1873 890 1910 et
937 1870 1077 1919 magis

197 1934 355 1981 etiam,
404 1933 526 1984 quod
568 1945 609 1972 V.
641 1933 772 1971 nitere
810 1943 898 1971 non
929 1931 1077 1970 addito

199 1995 412 2035 adverbio
453 2006 588 2035 sensu
619 1995 755 2033 caret.
815 1994 927 2032 Nam
958 1991 1080 2042 quod

200 2059 243 2097 in
287 2058 396 2098 Edd.
436 2057 702 2097 Bentleianis
742 2054 860 2095 nulla
891 2056 1079 2094 annota—

201 2122 318 2160 tione
340 2119 572 2160 subiuncta
592 2118 917 2170 interpungitur
936 2128 943 2155 :
977 2127 1080 2155 ora-

203 2189 267 2222 tus
295 2184 428 2222 multa
454 2194 598 2232 prece,
631 2183 775 2220 nitere.
811 2191 944 2230 porro
970 2180 1080 2218 Vade

203 2246 287 2284 cet.
336 2255 471 2284 caeco
523 2255 629 2284 casu
672 2243 836 2282 factum
880 2241 1077 2287 videtum

203 2309 286 2347 etsi
331 2319 474 2360 nuper
511 2306 758 2359 philologus
796 2305 1080 2345 doctissimus

200 2372 285 2410 hac
323 2371 367 2409 in
403 2382 452 2409 re
483 2370 676 2409 Britanni
706 2368 968 2419 sapientiam
999 2366 1081 2405 ad-

201 2433 387 2472 miratus
417 2434 506 2480 est,
541 2432 668 2482 quasi
698 2430 766 2470 ille
798 2441 912 2470 unus
943 2432 1080 2470 totam

201 2493 442 2546 Epistolam
485 2496 608 2533 recte
647 2491 925 2532 intellexerit.
985 2493 1081 2531 Non

204 2556 393 2608 explicat
421 2554 490 2595 ille
522 2555 702 2606 quidem
723 2566 765 2593 v.
788 2555 919 2593 nitere
947 2553 1083 2594 abso—

202 2619 291 2658 lute
320 2620 534 2670 positum,
579 2617 661 2657 sed
700 2628 772 2656 vv.
801 2627 932 2666 porro
958 2617 1080 2666 vade,

204 2681 360 2722 «lectis
391 2682 457 2721 his
488 2679 728 2727 mandatis,
775 2690 911 2730 perge
942 2679 1080 2726 iter;»

205 2744 249 2783 id
292 2744 412 2795 quod
449 2744 650 2782 Latinum
690 2753 777 2781 non
806 2741 996 2780 videtur.
1033 2763 1078 2768 —-

203 2807 328 2858 cave]
370 2805 523 2845 ultima
551 2804 691 2844 brevi.
752 2805 841 2854 (aln
877 2800 1082 2841 vocalem

207 2870 420 2908 exeuntes
449 2867 694 2906 verborum
727 2866 893 2905 formas
922 2863 1082 2903 iambi-

207 2942 281 2971 cas
304 2928 525 2981 quaslibet
544 2930 659 2968 vitae
681 2925 956 2967 consuetudo
975 2936 1082 2976 pas-

208 3005 254 3032 sa
307 2994 373 3032 est
421 2994 626 3042 correpta
674 2989 825 3029 ultima
881 2998 1083 3040 pronun-

207 3055 346 3093 tiari.»
393 3054 603 3102 misem.)
662 3053 758 3092 Vid.
807 3051 863 3091 ad
907 3052 993 3090 Sat.
1031 3049 1077 3095 Ξ,

208 3116 254 3163 3,
279 3115 343 3155 38.
373 3137 415 3143 —
442 3126 490 3154 ne
508 3114 653 3153 titubes
675 3113 777 3164 cet.]
800 3111 1001 3162 Plerique
1023 3110 1081 3148 ita

208 3176 450 3228 explicant,
502 3178 548 3214 ut
585 3185 738 3214 rursus
778 3173 933 3212 leviter
961 3171 1082 3210 ludat

1138 815 1183 853 in
1207 812 1385 854 ‘Asellae
1417 815 1703 865 cognomine:
1741 815 1910 863 «Cave,
1943 825 2016 863 ne,

1139 876 1185 915 ut
1215 876 1376 916 accidit
1404 875 1550 917 asellis
1581 877 1711 916 nimis
1741 877 1910 917 onustis
1931 908 1940 923 ,
1971 878 2019 916 tu

1139 948 1318 989 quoque
1358 937 1524 978 titubes
1562 939 1775 989 humique
1806 949 2020 989 procum-

1138 998 1246 1048 bas,
1277 998 1354 1038 ubi
1383 998 1546 1039 lamam
1581 999 1920 1050 transgredieris
1948 996 2018 1038 vel

1138 1072 1220 1112 per
1241 1060 1402 1100 clivum
1425 1061 1699 1109 descendes,
1731 1062 1880 1112 itaque
1904 1072 2019 1112 quae

1139 1122 1218 1162 tibi
1248 1123 1506 1163 concredidi
1536 1122 1834 1174 qualicunque
1855 1122 2020 1162 damno

1140 1185 1326 1234 afficias,
1361 1184 1495 1225 veluti
1526 1196 1661 1236 capsa
1687 1184 1861 1234 collisa,
1893 1183 2021 1224 volu-

1140 1247 1334 1288 minibus
1377 1248 1484 1299 ipsis
1530 1247 1833 1288 madefactis.»
1909 1245 2018 1286 Alii:

1142 1311 1318 1359 «Cave,
1353 1321 1408 1349 ne
1439 1311 1625 1361 propter
1654 1310 1836 1349 nimiam
1856 1309 2021 1349 intem—

1139 1373 1447 1424 pestivamque
1471 1371 1751 1412 timiditatem
1769 1381 1922 1412 coram
1937 1373 2023 1410 Au-

1141 1437 1267 1486 gusto
1298 1434 1376 1474 tibi
1408 1435 1542 1474 blaeso
1572 1434 1714 1474 titubet
1741 1434 1888 1484 linqua
1906 1443 2018 1472 sono.

1143 1496 1278 1547 (Ovid.
1315 1499 1364 1536 A.
1403 1499 1452 1536 A.
1488 1498 1526 1545 4,
1558 1497 1669 1547 598.)
1729 1496 1842 1536 Cum
1872 1496 2023 1534 autem

1141 1560 1246 1600 satis
1284 1560 1395 1598 mire
1437 1559 1606 1599 dictum
1643 1560 1764 1599 esset
1802 1556 2024 1597 «volumi-

1141 1633 1196 1661 na
1227 1622 1387 1661 tradita
1424 1622 1672 1672 franqere‚»
1712 1618 1865 1660 malim
1904 1629 2023 1658 nunc

1142 1694 1245 1724 cum
1266 1684 1489 1723 Diintzero
1520 1685 1761 1732 utrumque
1784 1676 2022 1738 τροπικῶς

1141 1746 1448 1797 interpretari:
1501 1745 1670 1792 «Cave,
1704 1755 1760 1783 ne
1792 1754 1873 1795 per
1904 1753 2025 1782 erro-

1140 1820 1239 1848 rem
1269 1808 1403 1847 animi
1433 1807 1558 1858 pravi
1590 1805 1835 1857 quidquam
1863 1806 1908 1845 in
1937 1804 2024 1844 hoc

1141 1870 1315 1920 negotio
1375 1869 1627 1909 committas
1686 1879 1738 1907 ac
1785 1868 2025 1919 propterea

1142 1932 1257 1971 male
1305 1932 1564 1981 exsequaris
1607 1930 1818 1969 mandata
1862 1938 2022 1976 mea;»

1143 1993 1524 2045 quemadmodum
1558 1992 1746 2031 dicimus
1774 1991 1940 2041 foedus,
1969 1991 2025 2042 fi-

1143 2058 1257 2105 dem,
1304 2056 1425 2103 iura,
1470 2055 1576 2105 le9es
1616 2054 1828 2105 frangere.
1889 2053 1941 2092 Et
1976 2063 2020 2091 v.

1141 2119 1320 2158 titubare
1362 2116 1484 2156 haud
1525 2126 1626 2155 raro
1671 2116 1914 2166 usurpatur
1942 2124 2024 2165 pro

1141 2194 1183 2221 v,
1210 2190 1439 2220 «errorem
1459 2178 1738 2218 committere
1753 2192 1789 2226 ,»
1813 2178 1862 2215 ut
1885 2174 2021 2216 Plaut.

1143 2242 1304 2284 Pseud.
1330 2241 1377 2289 4,
1403 2242 1448 2289 4,
1473 2240 1548 2280 32:
1586 2240 1639 2279 At
1665 2240 1758 2279 vide
1784 2249 1835 2278 ne
1863 2238 2022 2287 titubes,

1146 2306 1272 2343 «dass
1315 2305 1372 2343 du
1398 2303 1531 2342 niehts
1558 2302 1794 2342 versiehst.»
1845 2301 2022 2339 Terent.

1145 2368 1302 2407 Heaut.
1325 2366 1366 2415 ἱ),
1399 2365 1446 2414 3,
1471 2365 1576 2404 42οῑ
1608 2365 1724 2404 CLm.
1775 2364 1925 2402 Verum
1950 2362 2026 2401 illa

1143 2441 1194 2469 ne
1221 2429 1320 2477 quid
1340 2427 1494 2467 titubet.
1528 2428 1594 2465 SY.
1627 2426 1864 2465 Pet-doctast
1880 2424 2021 2475 probe.

1146 2493 1235 2532 Cic.
1270 2490 1325 2529 de
1356 2490 1475 2529 Orat.
1499 2488 1546 2538 3,
1580 2488 1656 2536 50,
1691 2487 1791 2526 492:
1836 2480 1885 2526 In
1914 2497 2025 2537 qua-

1144 2563 1306 2602 cunque
1347 2552 1400 2590 sit
1434 2555 1561 2600 parte
1603 2549 1838 2589 titubatum.
1897 2547 2026 2588 Haud

1145 2616 1301 2655 inscite
1332 2613 1454 2653 idem
1483 2614 1680 2652 Diintzer
1709 2612 1852 2660 notat,
1889 2611 2026 2650 Hora-

1146 2679 1254 2717 tium
1283 2675 1485 2728 proprias
1517 2684 1620 2714 suas
1643 2673 1928 2723 cogitationes
1958 2670 2025 2710 fe-

1146 2739 1266 2779 stivis
1296 2738 1365 2777 his
1402 2735 1625 2776 mandatis
1655 2733 1791 2774 veluti
1819 2732 2021 2779 velasse;

1145 2801 1308 2852 quippe
1331 2799 1405 2849 qui
1424 2796 1671 2848 significare
1692 2794 1894 2843 voluerit,
1922 2804 2023 2834 sese

1144 2861 1362 2914 poematis
1402 2860 1493 2899 suis
1522 2860 1718 2909 Augusto
1750 2858 1896 2898 missis
1924 2855 2021 2896 nul-

1144 2923 1233 2963 lam
1264 2922 1444 2962 omnino
1465 2920 1714 2961 molestiam
1745 2920 1901 2960 fautori
1925 2930 2024 2969 ope—

1143 2996 1198 3023 ra
1226 2984 1457 3023 vehemente
1487 2980 1868 3033 (Zudrinylichkeit)
1899 2981 2024 3020 exhi-
2081 3007 2088 3011 -

1144 3046 1253 3086 bere
1300 3045 1436 3095 velle,
1485 3046 1611 3096 quasi
1649 3056 1752 3085 eum
1788 3043 1845 3083 ad
1876 3055 1928 3083 ea
1957 3042 2023 3083 le-

1146 3109 1290 3160 genda
1320 3109 1500 3159 cogeret
1529 3110 1731 3158 tempore
1767 3105 1847 3157 ipsi
1877 3105 2022 3145 minus

1147 3172 1411 3222 opportuno.
