2231 3787
821 210 917 248 ΜΒ.
952 210 982 247 1.
1047 209 1206 248 1·:1›1s'r.
1245 210 1271 246 1.
1852 204 1952 254 377

206 342 432 395 Stultitia
472 340 729 394 caruisse.
807 339 988 401 VicleS‚
1032 356 1172 409 quae
1212 338 1444 391 maxima
1483 338 1658 391 credis

207 445 337 496 Esse
378 442 540 503 mala,
584 443 835 511 exiguum
875 457 1098 494 censum
1139 449 1459 510 turpemque
1509 439 1806 510 repulsam,

205 547 415 610 Quanto
458 544 665 597 devites
705 543 864 596 animi
906 543 1207 614 capitisque
1246 541 1448 595 labore.

206 647 436 718 impiger
475 656 745 700 extremos
786 646 958 699 curris
999 652 1264 699 mercator
1304 643 1370 697 ad
1411 643 1594 702 Indos,
1887 644 1954 695 45

204 751 306 803 Per
344 766 492 802 mare
532 748 849 819 pauperiem
892 747 1121 818 sugicnS,
1164 764 1263 818 per
1302 763 1451 808 saxa,
1493 762 1592 816 per
1630 745 1806 816 ignes:

245 915 310 956 44.
360 917 571 965 Quantum
614 915 657 955 b.
711 940 753 943 —
802 916 943 955 animo
989 915 1170 965 Cruquii
1217 913 1355 955 Codd.
1391 917 1480 954 tres
1529 914 1629 963 (non
1662 913 1814 965 optimi
1846 911 1901 953 illi

188 979 487 1030 Blandiniani).
527 1002 570 1007 —
604 978 759 1030 labore]
786 979 946 1030 periclo
977 988 1043 1030 pr.
1079 976 1121 1017 d.

132 1131 251 1171 nulla
286 1131 563 1170 mitescere
599 1133 714 1178 arte,
757 1129 815 1168 sic
853 1127 1017 1167 immi-

134 1200 230 1234 tem
272 1198 308 1234 et
352 1193 656 1244 implacabilem
686 1193 772 1232 eius
800 1192 883 1230 viri
920 1191 1017 1229 ani-

133 1269 247 1298 mum
277 1269 372 1298 esse.
402 1280 446 1285 —
470 1255 675 1304 culturae]
707 1255 796 1294 Cic.
822 1255 950 1293 Tusc.
974 1254 1013 1301 ⁶2,

134 1324 173 1368 ὅ,
200 1321 274 1360 43;
310 1320 485 1360 Cultura
506 1319 638 1358 animi
660 1317 922 1369 philosophia
942 1320 1013 1356 est.

137 1383 326 1423 Brunck.
352 1384 396 1422 P.
422 1383 576 1421 Gnom.
600 1392 643 1433 p.
669 1372 1017 1429 32οῑἍῑταντας

135 1441 164 1499 ἡ
218 1443 463 1495 παίδευσις
510 1439 724 1500 ἡμέρους
772 1446 912 1482 ποιεῖ.
969 1465 1014 1471 —-

130 1509 360 1560 patientem
388 1507 614 1547 commodet
652 1505 812 1557 aurem]
848 1504 1018 1545 «liben-

135 1574 203 1611 ter
233 1572 277 1610 et
305 1570 439 1621 gratis
470 1568 730 1621 praebeat.»
780 1569 867 1608 Sat.
895 1569 940 1616 t,
976 1568 1013 1616 l,

134 1635 180 1674 ⁶22!
203 1646 211 1672 ε
243 1644 374 1683 neque
402 1643 444 1672 se
470 1632 560 1683 fore
584 1632 757 1682 posthac
790 1632 890 1670 Tam
907 1630 1018 1681 faci-

135 1697 213 1736 lem
242 1696 373 1744 dicat,
418 1695 524 1734 votis
551 1698 598 1734 ut
622 1693 824 1744 praebeat
853 1704 1013 1732 aurem.

140 1782 184 1786 —
211 1757 374 1809 prima]
408 1758 535 1808 iunge
568 1757 701 1796 etiam
731 1767 835 1795 cum
864 1767 904 1795 v.
927 1755 1019 1794 vir-

137 1826 214 1861 tus.
267 1819 441 1869 Quintil.
465 1819 512 1869 8,
537 1819 584 1869 3,
617 1818 661 1859 44
684 1831 691 1857 ε
724 1819 869 1858 Prima
887 1819 1021 1858 virtus

136 1888 193 1924 est
235 1884 335 1923 vitio
379 1893 538 1922 carere.
618 1881 860 1934 Abruptior
904 1892 1017 1932 quae

137 1946 312 1986 videtur
366 1942 556 1999 γνώμη,
624 1946 682 1985 ita
743 1945 1020 1984 connectitur

138 2021 239 2050 cum
278 2007 676 2060 praecedentibus:
727 2009 818 2047 «Ac
856 2017 1018 2058 reapse

136 2072 310 2112 virtutis
347 2082 398 2110 ac
437 2072 679 2123 sapientiae
724 2069 1018 2122 primordium

139 2133 243 2173 illud
275 2136 361 2182 est,
407 2135 456 2172 ut
492 2145 599 2173 vera
637 2132 904 2173 docentibus
939 2143 1021 2171 au-

140 2208 237 2236 rem
304 2196 573 2247 praebentes
632 2196 735 2235 vitia
800 2195 1020 2246 fugiamus

139 2258 556 2311 praeiudicatasque
602 2258 830 2308 opiniones
881 2257 1021 2307 depo-

142 2331 345 2361 namus.»
382 2344 425 2348 —
460 2319 661 2371 Stultitia]
694 2330 829 2359 sensu
865 2317 1022 2358 morali

143 2385 317 2436 «pravis
347 2384 480 2422 animi
511 2381 793 2430 affectibus,»
828 2392 916 2432 quo
948 2391 1022 2420 so—

141 2445 233 2486 lent
271 2456 488 2497 usurpare
530 2444 660 2484 Stoici
705 2445 748 2483 et
791 2443 1022 2494 aliquoties

142 2510 237 2560 ipse
278 2509 503 2556 Horatius,
545 2509 594 2546 ut
634 2508 720 2546 Sat.
761 2507 806 2555 4,
849 2507 894 2555 2,
937 2505 1018 2546 ⁶24:

142 2574 256 2612 Dum
284 2573 420 2610 vitant
447 2571 560 2610 stulti
584 2571 710 2618 vitia,
746 2570 787 2608 ln
807 2569 1025 2608 contraria

142 2637 332 2674 currunt.
360 2656 402 2661 -
428 2632 624 2684 caruisse]
657 2626 908 2690 ἀορίστως.
957 2631 1020 2672 Cf.

144 2696 223 2736 Od.
250 2697 264 2736 1
288 2728 296 2745 ,
331 2696 346 2735 l
371 2727 378 2745 ,
411 2694 450 2735 4.

198 2757 346 2799 42-44.
384 2759 501 2798 Vides
530 2759 633 2808 cet]
666 2759 786 2798 Haec
816 2756 1027 2809 (Vides-—

141 2820 340 2872 palmae?
381 2832 424 2860 V.
463 2821 553 2872 51.)
602 2832 654 2861 eo
701 2820 877 2861 vinculo
922 2831 1025 2860 cum

145 2882 520 2933 praecedentibus
575 2884 838 2934 iunguntur,
905 2882 1026 2934 quod

149 2944 358 2985 exhibent
407 2945 662 2997 exemplum
710 2947 840 2986 huius
889 2945 1026 2997 ipsius

147 3007 345 3046 stultitiae
374 3007 595 3047 humanae
619 3011 662 3047 et
691 3009 732 3049 in
753 3009 943 3060 pecunia
963 3007 1027 3048 la-

149 3069 453 3110 boriosissime
491 3071 747 3119 quaerenda
784 3074 828 3111 et
862 3072 906 3111 in
947 3082 1028 3123 pe-

149 3132 292 3172 tendis
313 3131 582 3179 honoribus3
607 3132 812 3174 stultitiae
832 3145 884 3174 ea
901 3134 1029 3174 dum-

148 3197 269 3236 taxat
287 3194 457 3234 ratione
478 3193 757 3244 devitandae,
781 3197 829 3236 ut
851 3197 1028 3248 sapien-

149 3259 233 3298 tiae
280 3256 548 3296 documenta
598 3255 787 3297 libenter
838 3257 1029 3310 amplexi

151 3322 357 3361 accurate
390 3319 550 3360 eadem
585 3331 842 3370 sequamur.
905 3321 1032 3360 Cete-

153 3395 251 3424 rum
281 3381 531 3437 γνωμικῶς
563 3384 605 3421 in
637 3383 704 3422 his
736 3393 1031 3434 unumquem-

153 3457 238 3497 que
286 3446 531 3495 lectorum,
590 3457 676 3486 non
726 3447 1030 3486 Maecenatem

1079 1125 1246 1176 solum,
1293 1124 1542 1176 alloquitur.
1604 1125 1829 1165 Sententia
1867 1127 1953 1166 est:

1081 1190 1213 1228 «Tute
1246 1189 1411 1229 sentias
1443 1198 1628 1228 necesse
1660 1190 1751 1237 est,
1792 1190 1958 1239 quanto

1080 1253 1193 1291 cet.»
1230 1275 1275 1281 —
1308 1256 1549 1301 turpemque
1584 1251 1817 1302 repulsam]
1855 1250 1960 1292 Ubi-

1080 1325 1167 1365 que
1198 1316 1385 1365 usurpat
1413 1313 1553 1353 verba
1581 1314 1744 1353 veteris
1774 1314 1838 1352 rei
1872 1325 1960 1365 pu-

1079 1375 1243 1425 blicae,
1271 1387 1356 1416 usu
1376 1375 1587 1426 loquendi
1609 1387 1716 1416 sane
1738 1377 1961 1416 innocenti

1080 1439 1135 1479 ad
1170 1439 1355 1490 Augusti
1385 1438 1668 1479 ‘voluntatem
1702 1449 1802 1479 sese
1835 1449 1962 1478 com-

1078 1513 1267 1557 ponens.
1330 1503 1419 1542 Cic.
1451 1502 1506 1542 de
1538 1502 1658 1542 Offic.
1694 1503 1742 1551 t,
1775 1502 1847 1550 ΞΜ,
1881 1503 1957 1541 74ῑ

1084 1565 1281 1604 Videntur
1316 1565 1403 1616 (qui
1441 1566 1536 1604 sine
1574 1564 1734 1604 idonea
1772 1575 1904 1604 causa
1937 1575 1960 1603 a

1079 1638 1127 1667 re
1170 1626 1346 1678 publica
1386 1628 1686 1676 recesserunt)
1728 1626 1889 1666 labores
1926 1629 1963 1666 et

1078 1690 1307 1739 molestias,
1341 1694 1429 1729 tum
1458 1689 1729 1740 offensionum
1759 1693 1796 1728 et
1824 1688 1963 1739 repul-

1079 1766 1225 1793 sarum
1269 1754 1391 1803 quasi
1435 1754 1649 1803 quandam
1688 1753 1964 1803 ignominiam

1081 1817 1225 1857 timere
1255 1821 1292 1856 et
1320 1816 1556 1867 infamiam.
1593 1838 1638 1844 -
1672 1816 1804 1854 animi
1842 1815 1964 1864 capi-

1082 1881 1214 1930 tisque
1229 1879 1385 1931 labore]
1406 1889 1608 1919 «summa
1630 1889 1733 1918 cum
1760 1877 1964 1918 molestia

1082 1947 1125 1985 et
1155 1944 1289 1984 animi
1320 1944 1364 1982 et
1385 1942 1631 1994 corporis;»
1664 1942 1727 1982 sic
1750 1942 1869 1980 enim
1891 1952 1966 1980 ex-

1080 2006 1342 2060 ponendum
1381 2016 1422 2044 v.
1461 2004 1632 2054 capitis,
1680 2005 1724 2043 et
1764 2003 1964 2054 apposite

1082 2070 1138 2109 ad
1160 2071 1363 2109 nostrum
1381 2077 1639 2108 sermonem
1655 2066 1789 2105 Voss:
1823 2065 1965 2105 Denlce

1079 2133 1160 2172 wie
1189 2131 1392 2183 anystlich
1421 2131 1476 2169 du
1504 2129 1635 2168 solche
1663 2128 1739 2168 mit
1766 2128 1966 2168 Herzweh

1081 2196 1249 2235 meidest
1294 2194 1380 2233 und
1421 2192 1634 2243 Kopfweh.
1697 2193 1780 2231 Pro
1825 2190 1966 2229 labore

1084 2257 1153 2297 alii
1199 2255 1340 2297 Codd.
1386 2254 1506 2306 apud
1553 2255 1687 2293 Feam
1732 2264 1755 2292 e
1802 2251 1966 2304 duplici

1084 2319 1216 2371 gloss.
1241 2316 1311 2357 vel
1343 2317 1483 2356 dolore
1511 2314 1582 2355 vel
1606 2315 1780 2365 periclo.

1140 2379 1288 2421 45-47.
1326 2379 1508 2429 Impiger
1538 2377 1641 2428 cet]
1677 2376 1871 2416 «Eodem
1901 2375 1967 2415 la—

1085 2446 1195 2485 bore
1226 2442 1477 2492 iisdemque
1499 2439 1705 2492 periculis
1725 2451 1807 2491 per
1828 2440 1967 2479 totam

1084 2508 1222 2547 vitam
1252 2504 1530 2555 defungeris,
1565 2502 1728 2554 quibus
1750 2502 1968 2541 mercato-

1086 2581 1160 2610 res
1199 2568 1338 2608 nostri
1375 2578 1475 2607 sese
1514 2576 1737 2618 exponere
1778 2563 1965 2604 solent.»

1087 2632 1166 2673 Od.
1191 2632 1239 2680 3,
1272 2629 1350 2679 24,
1388 2630 1464 2669 36:
1509 2640 1640 2679 neque
1666 2628 1837 2679 fervidis
1863 2628 1969 2666 Pars

1085 2695 1248 2736 inclusa
1276 2692 1485 2733 caloribus
1512 2691 1662 2733 Mundi
1698 2702 1770 2731 nec
1809 2691 1969 2730 Boreae

1085 2758 1308 2810 finitimum
1328 2756 1438 2795 latus
1457 2756 1732 2802 Durataeque
1751 2753 1835 2792 solo
1856 2753 1969 2792 nives

1086 2822 1367 2861 Mercatorem
1405 2818 1592 2869 abiqunt.
1620 2839 1665 2844 —
1690 2820 1896 2857 extremos
1914 2837 1934 2843 -
1950 2836 1969 2842 -

1089 2885 1144 2923 ad
1171 2882 1305 2934 Indos]
1349 2879 1664 2933 hyperbolice,
1713 2889 1882 2930 «usque
1913 2877 1969 2916 ad

1089 2949 1232 2986 terras
1253 2945 1635 2991 remotissimas;»
1659 2952 1763 2982 nam
1794 2951 1898 2981 cum
1925 2940 1969 2979 in

1088 3009 1219 3061 poeta
1235 3018 1494 3054 versemur,
1527 3006 1613 3044 hoc
1635 3016 1723 3044 non
1745 3003 1800 3042 ad
1820 3003 1971 3042 vivum

1089 3069 1388 3111 resecandum
1410 3070 1492 3118 est,
1512 3069 1560 3106 ut
1574 3066 1791 3115 fecerunt,
1814 3065 1889 3116 qui
1914 3063 1969 3103 de

1091 3132 1287 3185 Ceylone
1319 3130 1459 3172 insula
1492 3130 1753 3181 cogitarunt.
1788 3128 1888 3167 Sen.
1913 3125 1968 3165 de

1088 3195 1217 3235 brev.
1231 3195 1307 3234 vit.
1323 3194 1366 3233 2:
1390 3193 1529 3232 Alium
1542 3191 1759 3232 mercandi
1768 3198 1970 3240 praeceps

1090 3258 1297 3308 cupiditas
1323 3256 1438 3295 circa
1467 3265 1605 3294 omnes
1631 3258 1790 3301 terras,
1828 3249 1969 3290 omnia

1089 3321 1234 3360 maria
1261 3330 1330 3369 spe
1364 3319 1471 3358 lucri
1504 3318 1629 3357 ducit.
1668 3339 1711 3343 -—
1743 3316 1820 3354 Per
1852 3323 1971 3352 mare

1093 3407 1115 3412 —
1136 3406 1183 3433 -,
1209 3394 1289 3433 per
1319 3392 1452 3430 saaca,
1482 3391 1558 3430 per
1588 3376 1714 3429 iquos]
1749 3386 1855 3427 «per
1876 3385 1971 3425 gra-

1096 3446 1272 3486 vissima
1319 3454 1522 3495 quaeque
1568 3437 1806 3492 pericula.»
1861 3439 1969 3477 Pro-
