2231 3787
948 215 1045 254 LlB.
1083 216 1109 254 l.

1175 216 1351 255 sAT.1.
2003 218 2067 268 43

303 343 459 396 Panis
501 352 733 401 ematur,
777 345 918 405 oluS,
963 345 1067 399 vini
1112 347 1403 406 sextarius,
1448 347 1615 403 adde.

301 446 434 510 Quis
478 446 710 500 humana
749 447 850 501 sibi
892 447 1076 502 doleat
1113 457 1305 501 natura
1346 450 1568 521 negatis.
2009 454 2064 503 μ’)

298 549 376 600 An
416 549 638 620 vigilare
678 558 824 603 metu
865 551 1196 608 exanimem,
1240 560 1540 624 noctesque
1581 553 1809 625 diesque

298 650 611 705 Formidare
652 651 824 706 malos
864 653 1036 715 sureS,
1081 653 1358 715 incendia,
1401 672 1616 717 serVOS‚

297 754 371 806 Ne
411 761 461 807 te
501 754 794 826 compilent
832 755 1124 826 fugienteS,
1167 755 1269 811 hoe
1310 757 1497 811 iuvat?
1538 759 1741 812 Horum

297 856 526 929 Semper
565 876 666 929 ego
707 858 937 929 optarim
975 859 1359 930 pauperrimus
1399 877 1523 914 esse
1563 861 1846 915 bonorum.

295 960 356 1010 At
396 959 438 1011 si
481 960 759 1014 condoluit
798 969 1059 1015 tentatum
1099 961 1298 1033 frigore
1337 980 1564 1034 eorpus,
1995 970 2063 1019 80

331 1149 396 1188 77.
430 1150 583 1197 malos,
619 1150 734 1200 sures
774 1151 816 1189 F.
855 1173 900 1178 —
936 1150 1002 1190 79.
1037 1156 1226 1201 optarem
1263 1152 1415 1205 BbSep
1449 1153 1551 1203 (non
1583 1155 1639 1199 dl.
1681 1179 1722 1183 ——
1758 1168 1842 1196 esse
1870 1158 2005 1196 malo*

276 1222 371 1251 rum
400 1213 447 1252 B.
476 1235 523 1241 —-

217 1397 409 1425 nummos
439 1397 677 1437 aurumque
704 1388 914 1437 recondit,
948 1387 1109 1427 >nescius

215 1450 276 1489 uti
307 1451 552 1501 Compositis
578 1455 844 1501 metuensque
871 1450 983 1491 velut
1011 1462 1108 1490 con-

213 1514 373 1565 tingere
401 1525 584 1553 sacrum.
648 1515 741 1554 Hoc
773 1525 954 1566 quoque
983 1513 1106 1554 velut

214 1578 256 1616 in
301 1577 594 1629 proverbium
636 1577 757 1617 abiit.
821 1577 909 1617 Cfr.
944 1576 1103 1617 Iacobs

214 1641 333 1680 Lect.
376 1641 543 1681 Venus.
584 1652 629 1692 p.
671 1640 765 1681 384.
813 1664 858 1669 -
896 1640 1104 1690 pictis--

213 1703 394 1755 tabellis]
436 1714 587 1754 «quae
629 1702 799 1743 nullum
838 1702 973 1743 alium
1019 1703 1101 1742 nisi

211 1767 332 1806 visus
364 1778 550 1807 sensum
582 1766 852 1806 delectant.»

265 1831 414 1871 73-79.
470 1843 552 1881 quo
580 1832 734 1883 vuleal]
769 1830 851 1870 «ad
883 1830 991 1882 quid
1023 1831 1101 1870 tibi

211 1894 509 1945 parandum.»
544 1895 652 1945 Quid
669 1895 811 1934 voleat
832 1895 978 1934 minus
997 1897 1099 1946 apte

209 1957 501 2007 significaret:
544 1959 729 2009 «quanti
767 1958 1031 1998 aestimetur
1056 1959 1097 1997 in

209 2022 484 2061 commercio
526 2021 828 2073 quotidiano.»
901 2020 1100 2061 Alacrior

208 2085 362 2135 utique
394 2085 443 2124 fit
463 2085 628 2133 oratio,
664 2085 701 2123 si
722 2084 835 2123 haec
856 2095 937 2136 pro
960 2085 1099 2124 inter-

207 2148 511 2197 rogationibus
553 2147 721 2187 habeas
764 2159 901 2199 quam
942 2150 1095 2188 eontra

208 2221 310 2250 oum
342 2210 452 2259 aliis,
489 2210 626 2250 veluti
656 2211 873 2251 Meinekio
906 2213 951 2250 et
982 2212 1100 2251 Diin-

206 2275 343 2313 tzero.
405 2273 627 2324 Equidem
665 2284 876 2324 magnam
911 2274 1098 2314 Bentleii

207 2336 518 2375 auctoritatem
557 2347 739 2386 sequor.
784 2360 828 2365 —
868 2338 1095 2389 senarius]

207 2400 424 2449 quantum
454 2399 549 2437 viro
585 2399 858 2449 temperanti
888 2400 931 2438 in
976 2399 1096 2439 diem

206 2460 381 2500 sufficit.
399 2484 444 2489 —
463 2461 564 2510 Quis
582 2462 771 2500 humana
783 2461 885 2513 cet.]
903 2463 1092 2511 «vestes.

206 2523 442 2571 balneum,
490 2535 599 2564 usus
634 2523 877 2564 mulieris.»
939 2525 1092 2565 SCHOL.

206 2586 451 2626 Menander
488 2587 619 2627 Mein.
664 2588 731 2626 Fr.
778 2587 902 2626 Com.
940 2588 1009 2626 lv.
1048 2598 1092 2638 p.

206 2649 300 2688 456.
345 2649 438 2699 (Ed.
482 2650 588 2689 min.
631 2660 674 2700 p.
718 2648 862 2699 924.):
907 2644 1094 2706 Τάργύ-

203 2723 309 2768 ριον
361 2707 483 2751 εἶναι
533 2708 790 2768 μειράκιόν
843 2724 925 2751 σοι
973 2713 1094 2762 φαί-

203 2786 334 2814 νεται
383 2769 448 2815 Οὐ
498 2773 594 2814 τῶν
642 2770 923 2828 ἀναγκαίων
981 2776 1091 2815 καθ’

203 2831 390 2894 ἡμέραν
428 2835 585 2890 μόνον
627 2834 783 2891 Τιμὴν
820 2844 1092 2895 παρασχεῖν

203 2897 424 2948 δυνατόν,
450 2895 629 2958 ἄρτων,
653 2896 886 2950 ἀλφίτων,
902 2898 1089 2953 Ὄξους,

202 2960 393 3011 ἐλαίου,
434 2961 658 3016 μείζονος
687 2963 725 3004 δ’
758 2960 909 3006 ἄλλου
940 2964 1086 3017 τινός.

207 3049 252 3054 -
283 3027 418 3065 malos
444 3027 574 3077 fures]
602 3027 791 3068 XVolfius
814 3030 1092 3080 comparavit

202 3085 506 3145 κακούργους
535 3087 729 3141 κλῶπας
751 3091 918 3131 Herod.
944 3093 960 3130 4
986 3123 993 3140 ,
1019 3091 1086 3131 44.

203 3153 272 3191 Sic
302 3154 391 3192 Sat.
418 3153 433 3191 4
458 3183 466 3200 ,
499 3152 546 3201 6,
581 3153 657 3192 68;
689 3154 808 3193 ‘mala
838 3155 989 3193 lustr-a.
1037 3155 1085 3201 ⁴2,

203 3215 241 3262 4,
267 3215 340 3254 56:
363 3214 484 3254 mala
500 3215 723 3254 noiomo.
744 3217 784 3264 2,
805 3215 845 3264 3,
872 3215 949 3255 435
969 3227 976 3254 :
998 3226 1090 3254 mct-

200 3276 495 3316 lis--Furii3.
567 3277 644 3317 Est
683 3278 814 3328 igitur
847 3277 1088 3318 «molestos

202 3349 254 3378 ac
284 3337 618 3379 detestabiles.»
670 3340 755 3379 Fea
775 3340 973 3380 distinxit
991 3353 1088 3381 ma-

201 3402 282 3450 los,
313 3402 427 3453 fares
448 3404 632 3454 propter
654 3402 741 3441 Sat.
768 3404 783 3441 4
805 3434 813 3451 ,
837 3402 885 3451 4,
916 3403 963 3442 3:
996 3415 1089 3443 ma—

201 3464 265 3503 lus
294 3476 345 3503 ae
376 3463 446 3515 (al.
480 3465 567 3514 aut)
600 3464 685 3514 fur.

1172 1386 1275 1427 fleat
1311 1386 1511 1441 γενικῶς
1551 1390 1783 1441 improbos
1824 1392 1958 1442 atque
1991 1394 2054 1432 iu·

1170 1450 1384 1492 honestos
1411 1452 1631 1492 homines.
1661 1475 1706 1481 ——
1729 1454 1881 1506 servos]
1916 1457 2058 1495 Locus

1169 1524 1388 1565 perquam
1427 1515 1733 1557 memorabilis
1772 1518 1827 1556 de
1866 1519 2057 1567 fugitivis

1167 1578 1235 1616 est
1276 1578 1396 1629 apud
1427 1579 1598 1618 Arrian.
1635 1580 1775 1630 Epiot.
1811 1581 1861 1630 3,
1893 1582 1969 1629 ⁶26,
2006 1583 2052 1621 4;

1166 1636 1278 1690 Πῶς
1323 1639 1498 1681 ἐκεῖνοι
1549 1639 1814 1695 φεύγοντες
1857 1639 2056 1685 ἀπολεί-

1166 1715 1315 1743 πουσι
1374 1701 1488 1755 τοὺς
1558 1702 1798 1756 δεσπότας
1815 1719 1829 1751 ,·
1895 1708 2055 1757 ποίοις

1164 1762 1334 1823 ἀγροῖς
1368 1766 1682 1819 πεποιθότες,
1725 1770 1885 1820 ποίοις
1927 1771 2055 1811 οἰκέ-

1163 1842 1292 1880 ταις;
1335 1854 1359 1861 -
1388 1854 1412 1861 -
1442 1831 1535 1871 Καὶ
1586 1833 1657 1882 τίς
1707 1830 1898 1872 πώποτε
1941 1831 2054 1890 ὅρα-

1164 1896 1309 1946 πέτης
1354 1892 1475 1949 λιμῷ
1517 1890 1786 1943 <ingemm-
1834 1897 1884 1935 Et
1921 1908 2054 1948 pror-

1163 1968 1239 1997 sus
1275 1960 1322 1997 ut
1363 1959 1434 1999 hic
1480 1958 1587 1999 ibid.
1629 1959 1667 2009 ἓ.
1712 1961 1787 1999 42:
1824 1958 2053 2015 περὶτῶν

1162 2018 1429 2077 δουλαρίων
1460 2023 1623 2079 τρέλιιε,
1655 2018 1726 2075 μὴ
1759 2021 1945 2080 κλέψῃ,
1979 2021 2050 2075 μὴ

1161 2082 1317 2142 φύγῃ,
1349 2082 1420 2137 μὴ
1452 2081 1697 2143 ἀποθάνῃ.
1736 2110 1779 2114 —
1814 2087 2049 2138 compilent]

1162 2148 1400 2197 Compilare
1439 2149 1623 2197 aliquem
1664 2149 1798 2188 etiam
1837 2150 1878 2188 in
1918 2160 2050 2200 prosa

1161 2221 1226 2250 or.
1261 2211 1350 2250 Cio.
1386 2211 1442 2250 de
1475 2212 1545 2250 Or.
1580 2212 1626 2259 ⁶2,
1662 2212 1737 2260 66,
1772 2211 1874 2251 268:
1917 2212 2053 2251 malui

1159 2275 1382 2323 compilari
1414 2286 1543 2324 quam
1570 2275 1726 2314 venire.
1790 2275 1837 2322 Q.
1876 2275 1966 2314 Cic.
1992 2275 2048 2315 de

1160 2338 1253 2376 Pet.
1288 2348 1410 2376 cons.
1460 2339 1509 2385 2,
1557 2338 1604 2376 8:
1658 2348 1868 2386 caupones
1913 2349 2052 2377 omnes

1158 2399 1402 2448 compilare.
1437 2421 1484 2427 —
1522 2399 1740 2449 sumentes]
1773 2398 1937 2449 duplex
1969 2400 2049 2450 igi—

1159 2461 1231 2499 tur
1251 2460 1483 2510 damnum,
1517 2462 1561 2500 et
1580 2461 1701 2511 quod
1723 2472 1837 2511 quae
1860 2465 2049 2512 possunt

1159 2533 1316 2562 secum
1346 2523 1553 2562 auferunt
1584 2525 1627 2562 et
1657 2523 1777 2574 quod
1818 2523 2048 2574 aufugiunt

1158 2586 1257 2636 ipsi.
1310 2610 1353 2614 —
1396 2587 1702 2635 pauperrimus
1727 2608 1750 2614 -
1779 2608 1802 2614 -
1828 2587 2044 2636 bonorimi]

1159 2648 1328 2688 Eadem
1379 2651 1712 2689 construetione
1762 2650 1851 2688 Sat.
1893 2651 1942 2699 2,
1994 2650 2042 2697 3,

1159 2711 1260 2751 ‘lli-¹2:
1306 2713 1475 2762 Pauper
1500 2735 1523 2740 —
1545 2712 1726 2763 argenti.
1781 2711 2044 2768 Είρωνείαν

1158 2785 1259 2814 esse
1287 2777 1410 2814 reete
1433 2774 1640 2826 quidem,
1674 2774 1755 2814 sed
1786 2775 1956 2825 putide,
1980 2777 2044 2815 si-

1156 2837 1380 2887 gnificavit
1423 2838 1614 2888 scriptor
1656 2837 1830 2877 Codicis
1862 2840 1918 2887 Β,
1962 2850 2044 2890 pro

1154 2900 1358 2939 bonorum
1403 2911 1593 2939 exarans
1636 2901 1862 2940 malorum.
1931 2900 2042 2941 Illud

1155 2963 1219 3002 sio
1250 2963 1565 3015 explicandum
1597 2965 1685 3003 est:
1722 2963 1907 3004 «harum
1928 2963 2044 3004 solli-

1154 3026 1401 3066 citudinum
1433 3037 1485 3065 ae
1515 3025 1823 3066 molestiarum
1855 3038 1908 3066 ex
1943 3026 2038 3075 illis,

1154 3100 1269 3140 quae
1315 3100 1394 3129 vos
1440 3088 1556 3128 bona
1608 3090 1807 3136 voeatis,
1860 3101 2043 3141 semper

1153 3153 1434 3192 orientium.»

1207 3215 1355 3254 80-83.
1407 3213 1629 3265 condoluit]
1656 3214 1850 3253 «tactum
1873 3215 1942 3252 est
1963 3212 2040 3252 do-

1151 3276 1293 3326 lore»,
1338 3288 1362 3316 a
1393 3288 1434 3317 v.
1468 3277 1775 3324 condolescere,
1819 3287 1903 3315 non
1937 3287 2038 3315 eon-

1151 3341 1306 3389 dolere,
1353 3342 1402 3379 ut
1441 3342 1510 3379 est
1540 3339 1658 3391 apud
1691 3337 1871 3379 Foroell.
1936 3338 2033 3378 Vid.

1150 3403 1332 3442 Kiibner
1372 3402 1429 3442 ad
1471 3404 1561 3442 Cic.
1596 3403 1724 3441 Tusc.
1760 3402 1807 3449 4,
1853 3400 1929 3448 48,
1963 3400 2031 3441 44.

747 3464 835 3503 Sed
857 3464 916 3503 ibi
948 3467 1085 3513 signi—
1154 3487 1197 3493 —
1243 3470 1446 3505 tentatum
1480 3465 1661 3516 friyore]
1705 3463 1843 3502 «febri
1882 3474 2036 3502 eorre-
