<?xml version="1.0" encoding="UTF-8"?>
<!DOCTYPE html PUBLIC "-//W3C//DTD XHTML 1.0 Transitional//EN"
    "http://www.w3.org/TR/xhtml1/DTD/xhtml1-transitional.dtd">
<html xmlns="http://www.w3.org/1999/xhtml" xml:lang="en" lang="en">
 <head>
  <title>
</title>
<meta http-equiv="Content-Type" content="text/html;charset=utf-8" />
  <meta name='ocr-system' content='tesseract 3.04.00' />
  <meta name='ocr-capabilities' content='ocr_page ocr_carea ocr_par ocr_line ocrx_word'/>
</head>
<body>
  <div class='ocr_page' id='page_1' title='image "./qhoratiusflaccus02horauoft_0678.png"; bbox 0 0 2231 3787; ppageno 0'>
   <div class='ocr_carea' id='block_1_1' title="bbox 290 260 390 311">
    <p class='ocr_par' dir='ltr' id='par_1_1' title="bbox 290 260 390 311">
     <span class='ocr_line' id='line_1_1' title="bbox 290 260 390 311; baseline 0.03 -3"><span class='ocrx_word' id='word_1_1' title='bbox 290 260 390 311; x_wconf 70' lang='lat'>‹534-</span> 
     </span>
    </p>
   </div>
   <div class='ocr_carea' id='block_1_2' title="bbox 897 259 1504 299">
    <p class='ocr_par' dir='ltr' id='par_1_2' title="bbox 897 259 1504 299">
     <span class='ocr_line' id='line_1_2' title="bbox 897 259 1504 299; baseline -0.003 0"><span class='ocrx_word' id='word_1_2' title='bbox 897 259 1107 299; x_wconf 23' lang='lat' dir='ltr'>ilolzl-x&#39;l&#39;ll</span> <span class='ocrx_word' id='word_1_3' title='bbox 1143 259 1504 299; x_wconf 65' lang='lat' dir='ltr'>1⁴]l‘1s&#39;1&#39;(›1,.xssUM</span> 
     </span>
    </p>
   </div>
   <div class='ocr_carea' id='block_1_3' title="bbox 358 386 1985 667">
    <p class='ocr_par' dir='ltr' id='par_1_3' title="bbox 358 386 1985 667">
     <span class='ocr_line' id='line_1_3' title="bbox 361 386 1767 462; baseline -0.004 -19"><span class='ocrx_word' id='word_1_4' title='bbox 361 392 445 444; x_wconf 60' lang='lat' dir='ltr'>vis</span> <span class='ocrx_word' id='word_1_5' title='bbox 486 391 757 462; x_wconf 86' lang='lat' dir='ltr'>complere</span> <span class='ocrx_word' id='word_1_6' title='bbox 798 390 946 444; x_wconf 87' lang='lat' dir='ltr'>libris</span> <span class='ocrx_word' id='word_1_7' title='bbox 987 400 1038 444; x_wconf 89' lang='lat' dir='ltr'>et</span> <span class='ocrx_word' id='word_1_8' title='bbox 1077 390 1286 443; x_wconf 72' lang='lat' dir='ltr'>vatibus</span> <span class='ocrx_word' id='word_1_9' title='bbox 1326 388 1527 441; x_wconf 80' lang='lat' dir='ltr'>addere</span> <span class='ocrx_word' id='word_1_10' title='bbox 1567 386 1767 443; x_wconf 70' lang='lat' dir='ltr'>calcar,</span> 
     </span>
     <span class='ocr_line' id='line_1_4' title="bbox 360 478 1708 563; baseline -0.007 -15"><span class='ocrx_word' id='word_1_11' title='bbox 360 495 422 548; x_wconf 91' lang='lat' dir='ltr'>Ut</span> <span class='ocrx_word' id='word_1_12' title='bbox 461 492 636 546; x_wconf 87' lang='lat' dir='ltr'>studio</span> <span class='ocrx_word' id='word_1_13' title='bbox 676 493 878 546; x_wconf 88' lang='lat' dir='ltr'>maiore</span> <span class='ocrx_word' id='word_1_14' title='bbox 920 501 1100 563; x_wconf 84' lang='lat' dir='ltr'>petant</span> <span class='ocrx_word' id='word_1_15' title='bbox 1127 478 1394 543; x_wconf 27' lang='lat' dir='ltr'>*Helicona</span> <span class='ocrx_word' id='word_1_16' title='bbox 1432 489 1708 541; x_wconf 87' lang='lat' dir='ltr'>virentem.</span> 
     </span>
     <span class='ocr_line' id='line_1_5' title="bbox 358 590 1985 667; baseline -0.004 -20"><span class='ocrx_word' id='word_1_17' title='bbox 358 595 518 648; x_wconf 87' lang='lat' dir='ltr'>Multa</span> <span class='ocrx_word' id='word_1_18' title='bbox 558 595 776 667; x_wconf 84' lang='lat' dir='ltr'>quidem</span> <span class='ocrx_word' id='word_1_19' title='bbox 819 594 971 647; x_wconf 85' lang='lat' dir='ltr'>nobis</span> <span class='ocrx_word' id='word_1_20' title='bbox 1011 593 1234 646; x_wconf 80' lang='lat' dir='ltr'>facimus</span> <span class='ocrx_word' id='word_1_21' title='bbox 1274 590 1414 643; x_wconf 86' lang='lat' dir='ltr'>mala</span> <span class='ocrx_word' id='word_1_22' title='bbox 1453 607 1617 660; x_wconf 88' lang='lat' dir='ltr'>saepe</span> <span class='ocrx_word' id='word_1_23' title='bbox 1657 594 1873 659; x_wconf 82' lang='lat' dir='ltr'>poetae,</span> <span class='ocrx_word' id='word_1_24' title='bbox 1914 620 1985 626; x_wconf 82' lang='lat'><em>-</em></span> 
     </span>
    </p>
   </div>
   <div class='ocr_carea' id='block_1_4' title="bbox 359 690 1880 767">
    <p class='ocr_par' dir='ltr' id='par_1_4' title="bbox 359 690 1880 767">
     <span class='ocr_line' id='line_1_6' title="bbox 359 690 1880 767; baseline -0.007 -15"><span class='ocrx_word' id='word_1_25' title='bbox 359 698 421 752; x_wconf 83' lang='lat' dir='ltr'>Ut</span> <span class='ocrx_word' id='word_1_26' title='bbox 447 698 623 751; x_wconf 72' lang='lat' dir='ltr'>vineta</span> <span class='ocrx_word' id='word_1_27' title='bbox 649 705 861 767; x_wconf 79' lang='lat' dir='ltr'>egomet</span> <span class='ocrx_word' id='word_1_28' title='bbox 885 694 1111 748; x_wconf 78' lang='lat' dir='ltr'>caedam</span> <span class='ocrx_word' id='word_1_29' title='bbox 1139 710 1259 746; x_wconf 90' lang='lat' dir='ltr'>mea</span> <span class='ocrx_word' id='word_1_30' title='bbox 1285 724 1355 730; x_wconf 94' lang='lat'>—</span> <span class='ocrx_word' id='word_1_31' title='bbox 1379 735 1388 754; x_wconf 95' lang='lat'>,</span> <span class='ocrx_word' id='word_1_32' title='bbox 1419 710 1542 746; x_wconf 88' lang='lat' dir='ltr'>cum</span> <span class='ocrx_word' id='word_1_33' title='bbox 1569 691 1661 744; x_wconf 88' lang='lat' dir='ltr'>tibi</span> <span class='ocrx_word' id='word_1_34' title='bbox 1684 690 1880 744; x_wconf 88' lang='lat' dir='ltr'>librum</span> 
     </span>
    </p>
   </div>
   <div class='ocr_carea' id='block_1_5' title="bbox 2002 690 2104 742">
    <p class='ocr_par' dir='ltr' id='par_1_5' title="bbox 2002 690 2104 742">
     <span class='ocr_line' id='line_1_7' title="bbox 2002 690 2104 742; baseline -0.02 -1"><span class='ocrx_word' id='word_1_35' title='bbox 2002 690 2104 742; x_wconf 55' lang='lat'>2220</span> 
     </span>
    </p>
   </div>
   <div class='ocr_carea' id='block_1_6' title="bbox 359 793 1864 858">
    <p class='ocr_par' dir='ltr' id='par_1_6' title="bbox 359 793 1864 858">
     <span class='ocr_line' id='line_1_8' title="bbox 359 793 1864 858; baseline -0.006 -5"><span class='ocrx_word' id='word_1_36' title='bbox 359 799 593 853; x_wconf 86' lang='lat' dir='ltr'>Sollicito</span> <span class='ocrx_word' id='word_1_37' title='bbox 634 798 824 850; x_wconf 84' lang='lat' dir='ltr'>damus</span> <span class='ocrx_word' id='word_1_38' title='bbox 863 804 954 849; x_wconf 88' lang='lat' dir='ltr'>aut</span> <span class='ocrx_word' id='word_1_39' title='bbox 992 795 1161 858; x_wconf 79' lang='lat' dir='ltr'>fesso3</span> <span class='ocrx_word' id='word_1_40' title='bbox 1202 812 1326 848; x_wconf 89' lang='lat' dir='ltr'>cum</span> <span class='ocrx_word' id='word_1_41' title='bbox 1364 793 1654 854; x_wconf 82' lang='lat' dir='ltr'>laedimur,</span> <span class='ocrx_word' id='word_1_42' title='bbox 1697 811 1864 845; x_wconf 89' lang='lat' dir='ltr'>unum</span> 
     </span>
    </p>
   </div>
   <div class='ocr_carea' id='block_1_7' title="bbox 357 895 2025 971">
    <p class='ocr_par' dir='ltr' id='par_1_7' title="bbox 357 895 2025 971">
     <span class='ocr_line' id='line_1_9' title="bbox 357 895 2025 971; baseline -0.004 -18"><span class='ocrx_word' id='word_1_43' title='bbox 357 901 410 954; x_wconf 81' lang='lat' dir='ltr'>Si</span> <span class='ocrx_word' id='word_1_44' title='bbox 450 900 570 971; x_wconf 87' lang='lat' dir='ltr'>quis</span> <span class='ocrx_word' id='word_1_45' title='bbox 609 899 903 952; x_wconf 89' lang='lat' dir='ltr'>amicorum</span> <span class='ocrx_word' id='word_1_46' title='bbox 942 906 1024 951; x_wconf 91' lang='lat' dir='ltr'>est</span> <span class='ocrx_word' id='word_1_47' title='bbox 1061 914 1226 950; x_wconf 88' lang='lat' dir='ltr'>ausus</span> <span class='ocrx_word' id='word_1_48' title='bbox 1265 895 1669 967; x_wconf 76' lang='lat' dir='ltr'>reprehendere</span> <span class='ocrx_word' id='word_1_49' title='bbox 1708 912 1952 957; x_wconf 80' lang='lat' dir='ltr'>versum3</span> <span class='ocrx_word' id='word_1_50' title='bbox 2021 899 2025 902; x_wconf 82' lang='grc'><strong><em>’</em></strong></span> 
     </span>
    </p>
   </div>
   <div class='ocr_carea' id='block_1_8' title="bbox 357 997 1760 1060">
    <p class='ocr_par' dir='ltr' id='par_1_8' title="bbox 357 997 1760 1060">
     <span class='ocr_line' id='line_1_10' title="bbox 357 997 1760 1060; baseline -0.005 -4"><span class='ocrx_word' id='word_1_51' title='bbox 357 1003 487 1056; x_wconf 89' lang='lat' dir='ltr'>Cum</span> <span class='ocrx_word' id='word_1_52' title='bbox 526 1001 643 1054; x_wconf 88' lang='lat' dir='ltr'>loca</span> <span class='ocrx_word' id='word_1_53' title='bbox 680 1001 785 1053; x_wconf 90' lang='lat' dir='ltr'>iam</span> <span class='ocrx_word' id='word_1_54' title='bbox 824 1000 1045 1053; x_wconf 87' lang='lat' dir='ltr'>recitata</span> <span class='ocrx_word' id='word_1_55' title='bbox 1083 997 1410 1052; x_wconf 86' lang='lat' dir='ltr'>revolvimus</span> <span class='ocrx_word' id='word_1_56' title='bbox 1450 997 1760 1060; x_wconf 84' lang='lat' dir='ltr'>irrevocati3</span> 
     </span>
    </p>
   </div>
   <div class='ocr_carea' id='block_1_9' title="bbox 357 1098 1580 1171">
    <p class='ocr_par' dir='ltr' id='par_1_9' title="bbox 357 1098 1580 1171">
     <span class='ocr_line' id='line_1_11' title="bbox 357 1098 1580 1171; baseline -0.004 -15"><span class='ocrx_word' id='word_1_57' title='bbox 357 1104 489 1156; x_wconf 91' lang='lat' dir='ltr'>Cum</span> <span class='ocrx_word' id='word_1_58' title='bbox 527 1102 881 1156; x_wconf 81' lang='lat' dir='ltr'>lamentamur</span> <span class='ocrx_word' id='word_1_59' title='bbox 919 1118 1024 1153; x_wconf 91' lang='lat' dir='ltr'>non</span> <span class='ocrx_word' id='word_1_60' title='bbox 1064 1117 1327 1171; x_wconf 90' lang='lat' dir='ltr'>apparere</span> <span class='ocrx_word' id='word_1_61' title='bbox 1366 1098 1580 1152; x_wconf 91' lang='lat' dir='ltr'>labores</span> 
     </span>
    </p>
   </div>
   <div class='ocr_carea' id='block_1_10' title="bbox 357 1199 1569 1272">
    <p class='ocr_par' dir='ltr' id='par_1_10' title="bbox 357 1199 1569 1272">
     <span class='ocr_line' id='line_1_12' title="bbox 357 1199 1569 1272; baseline -0.003 -15"><span class='ocrx_word' id='word_1_62' title='bbox 357 1206 577 1257; x_wconf 79' lang='lat' dir='ltr'>Nostros</span> <span class='ocrx_word' id='word_1_63' title='bbox 618 1213 670 1257; x_wconf 88' lang='lat' dir='ltr'>et</span> <span class='ocrx_word' id='word_1_64' title='bbox 708 1203 854 1257; x_wconf 88' lang='lat' dir='ltr'>tenui</span> <span class='ocrx_word' id='word_1_65' title='bbox 894 1202 1125 1255; x_wconf 86' lang='lat' dir='ltr'>deducta</span> <span class='ocrx_word' id='word_1_66' title='bbox 1165 1207 1416 1272; x_wconf 79' lang='lat' dir='ltr'>poemata</span> <span class='ocrx_word' id='word_1_67' title='bbox 1452 1199 1569 1264; x_wconf 86' lang='lat' dir='ltr'>fi10;</span> 
     </span>
    </p>
   </div>
   <div class='ocr_carea' id='block_1_11' title="bbox 2005 1200 2108 1253">
    <p class='ocr_par' dir='ltr' id='par_1_11' title="bbox 2005 1200 2108 1253">
     <span class='ocr_line' id='line_1_13' title="bbox 2005 1200 2108 1253; baseline -0.019 0"><span class='ocrx_word' id='word_1_68' title='bbox 2005 1200 2108 1253; x_wconf 69' lang='lat'>2⁶25</span> 
     </span>
    </p>
   </div>
   <div class='ocr_carea' id='block_1_12' title="bbox 393 1349 2049 1404">
    <p class='ocr_par' dir='ltr' id='par_1_12' title="bbox 393 1349 2049 1404">
     <span class='ocr_line' id='line_1_14' title="bbox 393 1349 2049 1404; baseline -0.003 -9"><span class='ocrx_word' id='word_1_69' title='bbox 393 1357 488 1395; x_wconf 64' lang='lat'>222.</span> <span class='ocrx_word' id='word_1_70' title='bbox 521 1355 816 1404; x_wconf 76' lang='lat' dir='ltr'>reprehendere</span> <span class='ocrx_word' id='word_1_71' title='bbox 843 1352 1010 1401; x_wconf 88' lang='lat' dir='ltr'>bE,Cs:</span> <span class='ocrx_word' id='word_1_72' title='bbox 1045 1353 1291 1402; x_wconf 77' lang='lat' dir='ltr'>reprendere</span> <span class='ocrx_word' id='word_1_73' title='bbox 1320 1352 1440 1400; x_wconf 88' lang='lat' dir='ltr'>S‚Lt,</span> <span class='ocrx_word' id='word_1_74' title='bbox 1474 1349 1719 1399; x_wconf 87' lang='lat' dir='ltr'>Bentleius,</span> <span class='ocrx_word' id='word_1_75' title='bbox 1755 1351 1840 1390; x_wconf 87' lang='lat' dir='ltr'>FM.</span> <span class='ocrx_word' id='word_1_76' title='bbox 1880 1373 1921 1378; x_wconf 89' lang='lat'>-—</span> <span class='ocrx_word' id='word_1_77' title='bbox 1955 1350 2049 1391; x_wconf 68' lang='lat'>⁶223.</span> 
     </span>
    </p>
   </div>
   <div class='ocr_carea' id='block_1_13' title="bbox 339 1414 1204 1467">
    <p class='ocr_par' dir='ltr' id='par_1_13' title="bbox 339 1414 1204 1467">
     <span class='ocr_line' id='line_1_15' title="bbox 339 1414 1204 1467; baseline -0.003 -11"><span class='ocrx_word' id='word_1_78' title='bbox 339 1419 566 1457; x_wconf 80' lang='lat' dir='ltr'>inrevocati</span> <span class='ocrx_word' id='word_1_79' title='bbox 594 1417 658 1456; x_wconf 91' lang='lat' dir='ltr'>bE</span> <span class='ocrx_word' id='word_1_80' title='bbox 690 1418 733 1456; x_wconf 85' lang='lat' dir='ltr'>et</span> <span class='ocrx_word' id='word_1_81' title='bbox 764 1417 948 1467; x_wconf 88' lang='lat' dir='ltr'>quartus</span> <span class='ocrx_word' id='word_1_82' title='bbox 980 1414 1204 1454; x_wconf 88' lang='lat' dir='ltr'>Schmidii.</span> 
     </span>
    </p>
   </div>
   <div class='ocr_carea' id='block_1_14' title="bbox 275 1554 1169 3540">
    <p class='ocr_par' dir='ltr' id='par_1_14' title="bbox 276 1554 1169 3166">
     <span class='ocr_line' id='line_1_16' title="bbox 284 1554 1169 1607; baseline -0.005 -10"><span class='ocrx_word' id='word_1_83' title='bbox 284 1558 420 1597; x_wconf 87' lang='lat' dir='ltr'>multa</span> <span class='ocrx_word' id='word_1_84' title='bbox 453 1558 546 1597; x_wconf 89' lang='lat' dir='ltr'>eius</span> <span class='ocrx_word' id='word_1_85' title='bbox 577 1556 766 1607; x_wconf 86' lang='lat' dir='ltr'>negotia.</span> <span class='ocrx_word' id='word_1_86' title='bbox 800 1557 895 1596; x_wconf 90' lang='lat' dir='ltr'>Non</span> <span class='ocrx_word' id='word_1_87' title='bbox 918 1554 1054 1594; x_wconf 88' lang='lat' dir='ltr'>credo</span> <span class='ocrx_word' id='word_1_88' title='bbox 1079 1555 1169 1593; x_wconf 89' lang='lat' dir='ltr'>Ho-</span> 
     </span>
     <span class='ocr_line' id='line_1_17' title="bbox 286 1617 1168 1669; baseline -0.003 -10"><span class='ocrx_word' id='word_1_89' title='bbox 286 1621 445 1659; x_wconf 85' lang='lat' dir='ltr'>ratium</span> <span class='ocrx_word' id='word_1_90' title='bbox 477 1618 746 1669; x_wconf 87' lang='lat' dir='ltr'>significare,</span> <span class='ocrx_word' id='word_1_91' title='bbox 778 1620 828 1657; x_wconf 90' lang='lat' dir='ltr'>ut</span> <span class='ocrx_word' id='word_1_92' title='bbox 851 1617 1045 1657; x_wconf 88' lang='lat' dir='ltr'>studium</span> <span class='ocrx_word' id='word_1_93' title='bbox 1068 1628 1168 1668; x_wconf 92' lang='lat' dir='ltr'>spe-</span> 
     </span>
     <span class='ocr_line' id='line_1_18' title="bbox 283 1680 1167 1732; baseline -0.005 -10"><span class='ocrx_word' id='word_1_94' title='bbox 283 1681 579 1729; x_wconf 87' lang='lat' dir='ltr'>ctaculorum,</span> <span class='ocrx_word' id='word_1_95' title='bbox 606 1693 694 1732; x_wconf 90' lang='lat' dir='ltr'>quo</span> <span class='ocrx_word' id='word_1_96' title='bbox 713 1680 929 1732; x_wconf 87' lang='lat' dir='ltr'>flagrabat</span> <span class='ocrx_word' id='word_1_97' title='bbox 945 1682 1167 1730; x_wconf 71' lang='lat' dir='ltr'>Augustus</span> 
     </span>
     <span class='ocr_line' id='line_1_19' title="bbox 285 1741 1168 1793; baseline -0.002 -10"><span class='ocrx_word' id='word_1_98' title='bbox 285 1746 417 1793; x_wconf 61' lang='lat' dir='ltr'>(Suet.</span> <span class='ocrx_word' id='word_1_99' title='bbox 443 1746 534 1783; x_wconf 84' lang='lat' dir='ltr'>Oct.</span> <span class='ocrx_word' id='word_1_100' title='bbox 559 1743 664 1793; x_wconf 63' lang='lat'>45),</span> <span class='ocrx_word' id='word_1_101' title='bbox 704 1742 983 1793; x_wconf 88' lang='lat' dir='ltr'>aliquatenus</span> <span class='ocrx_word' id='word_1_102' title='bbox 1013 1741 1168 1781; x_wconf 89' lang='lat' dir='ltr'>mode-</span> 
     </span>
     <span class='ocr_line' id='line_1_20' title="bbox 285 1803 1166 1854; baseline -0.001 -9"><span class='ocrx_word' id='word_1_103' title='bbox 285 1810 406 1846; x_wconf 83' lang='lat' dir='ltr'>retur</span> <span class='ocrx_word' id='word_1_104' title='bbox 436 1817 488 1845; x_wconf 90' lang='lat' dir='ltr'>ac</span> <span class='ocrx_word' id='word_1_105' title='bbox 519 1805 646 1845; x_wconf 87' lang='lat' dir='ltr'>simili</span> <span class='ocrx_word' id='word_1_106' title='bbox 677 1805 812 1845; x_wconf 89' lang='lat' dir='ltr'>modo</span> <span class='ocrx_word' id='word_1_107' title='bbox 836 1805 983 1844; x_wconf 82' lang='lat' dir='ltr'>foveat</span> <span class='ocrx_word' id='word_1_108' title='bbox 1002 1803 1166 1854; x_wconf 74' lang='lat' dir='ltr'>lyricos</span> 
     </span>
     <span class='ocr_line' id='line_1_21' title="bbox 285 1866 1165 1918; baseline -0.003 -10"><span class='ocrx_word' id='word_1_109' title='bbox 285 1872 395 1909; x_wconf 68' lang='lat' dir='ltr'>cet:</span> <span class='ocrx_word' id='word_1_110' title='bbox 444 1879 528 1908; x_wconf 87' lang='lat' dir='ltr'>nec</span> <span class='ocrx_word' id='word_1_111' title='bbox 558 1879 666 1907; x_wconf 75' lang='lat' dir='ltr'>vero</span> <span class='ocrx_word' id='word_1_112' title='bbox 697 1869 840 1918; x_wconf 88' lang='lat' dir='ltr'>agitur</span> <span class='ocrx_word' id='word_1_113' title='bbox 870 1868 924 1906; x_wconf 84' lang='lat' dir='ltr'>(le</span> <span class='ocrx_word' id='word_1_114' title='bbox 955 1866 1057 1915; x_wconf 88' lang='lat' dir='ltr'>illis,</span> <span class='ocrx_word' id='word_1_115' title='bbox 1092 1867 1165 1916; x_wconf 87' lang='lat' dir='ltr'>qui</span> 
     </span>
     <span class='ocr_line' id='line_1_22' title="bbox 282 1928 1164 1982; baseline -0.005 -11"><span class='ocrx_word' id='word_1_116' title='bbox 282 1932 446 1982; x_wconf 81' lang='lat' dir='ltr'>scripta</span> <span class='ocrx_word' id='word_1_117' title='bbox 489 1942 570 1971; x_wconf 90' lang='lat' dir='ltr'>sua</span> <span class='ocrx_word' id='word_1_118' title='bbox 615 1930 913 1970; x_wconf 85' lang='lat' dir='ltr'>bibliothecae</span> <span class='ocrx_word' id='word_1_119' title='bbox 945 1928 1164 1969; x_wconf 87' lang='lat' dir='ltr'>Palatinae</span> 
     </span>
     <span class='ocr_line' id='line_1_23' title="bbox 282 1991 1167 2044; baseline -0.005 -11"><span class='ocrx_word' id='word_1_120' title='bbox 282 1993 552 2041; x_wconf 77' lang='lat' dir='ltr'>offerebant,</span> <span class='ocrx_word' id='word_1_121' title='bbox 587 1992 749 2044; x_wconf 88' lang='lat' dir='ltr'>quibus</span> <span class='ocrx_word' id='word_1_122' title='bbox 781 2004 861 2044; x_wconf 90' lang='lat' dir='ltr'>pro</span> <span class='ocrx_word' id='word_1_123' title='bbox 884 1992 1011 2031; x_wconf 92' lang='lat' dir='ltr'>donis</span> <span class='ocrx_word' id='word_1_124' title='bbox 1041 1991 1167 2030; x_wconf 88' lang='lat' dir='ltr'>retri-</span> 
     </span>
     <span class='ocr_line' id='line_1_24' title="bbox 281 2054 1164 2105; baseline -0.002 -11"><span class='ocrx_word' id='word_1_125' title='bbox 281 2056 488 2095; x_wconf 83' lang='lat' dir='ltr'>buendus</span> <span class='ocrx_word' id='word_1_126' title='bbox 530 2057 585 2095; x_wconf 88' lang='lat' dir='ltr'>sit</span> <span class='ocrx_word' id='word_1_127' title='bbox 614 2055 736 2095; x_wconf 81' lang='lat' dir='ltr'>favor</span> <span class='ocrx_word' id='word_1_128' title='bbox 765 2056 963 2105; x_wconf 76' lang='lat' dir='ltr'>Augusti.</span> <span class='ocrx_word' id='word_1_129' title='bbox 1016 2054 1164 2093; x_wconf 81' lang='lat' dir='ltr'>Lectio</span> 
     </span>
     <span class='ocr_line' id='line_1_25' title="bbox 284 2115 1165 2168; baseline -0.001 -12"><span class='ocrx_word' id='word_1_130' title='bbox 284 2120 470 2168; x_wconf 75' lang='lat' dir='ltr'>impende</span> <span class='ocrx_word' id='word_1_131' title='bbox 506 2121 656 2157; x_wconf 89' lang='lat' dir='ltr'>autem</span> <span class='ocrx_word' id='word_1_132' title='bbox 688 2129 863 2157; x_wconf 90' lang='lat' dir='ltr'>merum</span> <span class='ocrx_word' id='word_1_133' title='bbox 897 2119 965 2156; x_wconf 87' lang='lat' dir='ltr'>est</span> <span class='ocrx_word' id='word_1_134' title='bbox 993 2115 1165 2166; x_wconf 82' lang='lat' dir='ltr'>glosse-</span> 
     </span>
     <span class='ocr_line' id='line_1_26' title="bbox 283 2178 1160 2230; baseline -0.003 -10"><span class='ocrx_word' id='word_1_135' title='bbox 283 2192 367 2220; x_wconf 89' lang='lat' dir='ltr'>ma.</span> <span class='ocrx_word' id='word_1_136' title='bbox 396 2203 439 2208; x_wconf 83' lang='lat'><strong>—</strong></span> <span class='ocrx_word' id='word_1_137' title='bbox 472 2191 622 2219; x_wconf 83' lang='lat' dir='ltr'>munus</span> <span class='ocrx_word' id='word_1_138' title='bbox 645 2180 834 2230; x_wconf 84' lang='lat' dir='ltr'>Apolline</span> <span class='ocrx_word' id='word_1_139' title='bbox 862 2178 1049 2230; x_wconf 33' lang='lat' dir='ltr'>ditqvnunz]</span> <span class='ocrx_word' id='word_1_140' title='bbox 1082 2178 1160 2217; x_wconf 86' lang='lat' dir='ltr'>Od.</span> 
     </span>
     <span class='ocr_line' id='line_1_27' title="bbox 289 2240 1160 2293; baseline -0.001 -12"><span class='ocrx_word' id='word_1_141' title='bbox 289 2245 296 2281; x_wconf 89' lang='lat' dir='ltr'>l</span> <span class='ocrx_word' id='word_1_142' title='bbox 319 2275 326 2284; x_wconf 87' lang='grc'>,</span> <span class='ocrx_word' id='word_1_143' title='bbox 351 2243 418 2282; x_wconf 86' lang='grc'>31.</span> <span class='ocrx_word' id='word_1_144' title='bbox 456 2243 566 2293; x_wconf 89' lang='lat' dir='ltr'>Epp.</span> <span class='ocrx_word' id='word_1_145' title='bbox 592 2244 630 2290; x_wconf 94' lang='grc'>4,</span> <span class='ocrx_word' id='word_1_146' title='bbox 655 2242 694 2290; x_wconf 89' lang='grc'>3,</span> <span class='ocrx_word' id='word_1_147' title='bbox 723 2243 790 2281; x_wconf 84' lang='grc'>47.</span> <span class='ocrx_word' id='word_1_148' title='bbox 843 2242 922 2281; x_wconf 91' lang='lat' dir='ltr'>Dio</span> <span class='ocrx_word' id='word_1_149' title='bbox 946 2243 1068 2281; x_wconf 88' lang='lat' dir='ltr'>Cass.</span> <span class='ocrx_word' id='word_1_150' title='bbox 1093 2240 1160 2288; x_wconf 77' lang='lat'>53,</span> 
     </span>
     <span class='ocr_line' id='line_1_28' title="bbox 289 2298 1161 2355; baseline -0.002 -12"><span class='ocrx_word' id='word_1_151' title='bbox 289 2307 327 2343; x_wconf 87' lang='lat' dir='ltr'>l:</span> <span class='ocrx_word' id='word_1_152' title='bbox 377 2303 432 2345; x_wconf 85' lang='grc' dir='ltr'>τὸ</span> <span class='ocrx_word' id='word_1_153' title='bbox 473 2300 788 2344; x_wconf 74' lang='grc' dir='ltr'><em>Ἀπολλώνιον</em></span> <span class='ocrx_word' id='word_1_154' title='bbox 832 2301 886 2343; x_wconf 85' lang='grc' dir='ltr'>τό</span> <span class='ocrx_word' id='word_1_155' title='bbox 927 2316 976 2343; x_wconf 80' lang='grc' dir='ltr'>τε</span> <span class='ocrx_word' id='word_1_156' title='bbox 1017 2302 1067 2343; x_wconf 77' lang='grc' dir='ltr'>ἐν</span> <span class='ocrx_word' id='word_1_157' title='bbox 1097 2298 1161 2355; x_wconf 74' lang='grc' dir='ltr'>τῷ</span> 
     </span>
     <span class='ocr_line' id='line_1_29' title="bbox 286 2362 1163 2422; baseline 0 -17"><span class='ocrx_word' id='word_1_158' title='bbox 286 2365 506 2420; x_wconf 69' lang='grc' dir='ltr'><em>Παλατίῳ</em></span> <span class='ocrx_word' id='word_1_159' title='bbox 524 2368 604 2407; x_wconf 78' lang='grc' dir='ltr'>καὶ</span> <span class='ocrx_word' id='word_1_160' title='bbox 626 2363 681 2406; x_wconf 88' lang='grc' dir='ltr'>τὸ</span> <span class='ocrx_word' id='word_1_161' title='bbox 702 2367 970 2419; x_wconf 73' lang='grc' dir='ltr'><em>τεμένισμα</em></span> <span class='ocrx_word' id='word_1_162' title='bbox 985 2362 1040 2405; x_wconf 86' lang='grc' dir='ltr'>τὸ</span> <span class='ocrx_word' id='word_1_163' title='bbox 1059 2365 1163 2422; x_wconf 69' lang='grc' dir='ltr'>περὶ</span> 
     </span>
     <span class='ocr_line' id='line_1_30' title="bbox 279 2425 1163 2482; baseline 0 -14"><span class='ocrx_word' id='word_1_164' title='bbox 279 2425 401 2470; x_wconf 64' lang='grc' dir='ltr'><em>αὐτὸ</em></span> <span class='ocrx_word' id='word_1_165' title='bbox 446 2428 532 2480; x_wconf 80' lang='grc' dir='ltr'>τάς</span> <span class='ocrx_word' id='word_1_166' title='bbox 576 2442 625 2470; x_wconf 71' lang='grc' dir='ltr'>τε</span> <span class='ocrx_word' id='word_1_167' title='bbox 668 2425 927 2482; x_wconf 77' lang='grc' dir='ltr'><em>ἀποθήκας</em></span> <span class='ocrx_word' id='word_1_168' title='bbox 963 2427 1058 2468; x_wconf 76' lang='grc' dir='ltr'>τῶν</span> <span class='ocrx_word' id='word_1_169' title='bbox 1086 2428 1163 2477; x_wconf 80' lang='grc' dir='ltr'>βι-</span> 
     </span>
     <span class='ocr_line' id='line_1_31' title="bbox 277 2489 1159 2549; baseline 0 -18"><span class='ocrx_word' id='word_1_170' title='bbox 277 2491 426 2540; x_wconf 76' lang='grc' dir='ltr'>βλίων</span> <span class='ocrx_word' id='word_1_171' title='bbox 464 2489 717 2545; x_wconf 74' lang='grc' dir='ltr'><em>ἐξεποίησε</em></span> <span class='ocrx_word' id='word_1_172' title='bbox 754 2493 835 2532; x_wconf 84' lang='grc' dir='ltr'>καὶ</span> <span class='ocrx_word' id='word_1_173' title='bbox 875 2492 1159 2549; x_wconf 71' lang='grc' dir='ltr'><em>καθιέρωσε.</em></span> 
     </span>
     <span class='ocr_line' id='line_1_32' title="bbox 281 2553 1163 2606; baseline 0 -13"><span class='ocrx_word' id='word_1_174' title='bbox 281 2557 330 2604; x_wconf 80' lang='lat' dir='ltr'>(a.</span> <span class='ocrx_word' id='word_1_175' title='bbox 357 2566 398 2593; x_wconf 92' lang='lat' dir='ltr'>u.</span> <span class='ocrx_word' id='word_1_176' title='bbox 426 2566 463 2594; x_wconf 91' lang='lat' dir='ltr'>c.</span> <span class='ocrx_word' id='word_1_177' title='bbox 488 2555 599 2606; x_wconf 73' lang='lat'>726.)</span> <span class='ocrx_word' id='word_1_178' title='bbox 639 2556 683 2594; x_wconf 86' lang='lat' dir='ltr'>ln</span> <span class='ocrx_word' id='word_1_179' title='bbox 707 2566 807 2594; x_wconf 86' lang='lat' dir='ltr'>eam</span> <span class='ocrx_word' id='word_1_180' title='bbox 828 2557 979 2594; x_wconf 89' lang='lat' dir='ltr'>autem</span> <span class='ocrx_word' id='word_1_181' title='bbox 1001 2553 1163 2594; x_wconf 91' lang='lat' dir='ltr'>biblio—</span> 
     </span>
     <span class='ocr_line' id='line_1_33' title="bbox 278 2616 1161 2669; baseline -0.001 -12"><span class='ocrx_word' id='word_1_182' title='bbox 278 2619 456 2658; x_wconf 81' lang='lat' dir='ltr'>thecam</span> <span class='ocrx_word' id='word_1_183' title='bbox 488 2629 576 2658; x_wconf 90' lang='lat' dir='ltr'>non</span> <span class='ocrx_word' id='word_1_184' title='bbox 606 2617 939 2669; x_wconf 87' lang='lat' dir='ltr'>recipiebantur</span> <span class='ocrx_word' id='word_1_185' title='bbox 960 2619 1040 2657; x_wconf 89' lang='lat' dir='ltr'>nisi</span> <span class='ocrx_word' id='word_1_186' title='bbox 1062 2616 1161 2656; x_wconf 86' lang='lat' dir='ltr'>libri</span> 
     </span>
     <span class='ocr_line' id='line_1_34' title="bbox 279 2680 1161 2730; baseline -0.002 -10"><span class='ocrx_word' id='word_1_187' title='bbox 279 2680 514 2729; x_wconf 87' lang='lat' dir='ltr'>meliores,</span> <span class='ocrx_word' id='word_1_188' title='bbox 574 2682 796 2730; x_wconf 76' lang='lat' dir='ltr'>scriptores</span> <span class='ocrx_word' id='word_1_189' title='bbox 843 2681 1027 2729; x_wconf 81' lang='lat' dir='ltr'>classici,</span> <span class='ocrx_word' id='word_1_190' title='bbox 1080 2692 1161 2719; x_wconf 85' lang='lat' dir='ltr'>non</span> 
     </span>
     <span class='ocr_line' id='line_1_35' title="bbox 276 2742 1161 2792; baseline 0.001 -11"><span class='ocrx_word' id='word_1_191' title='bbox 276 2743 511 2792; x_wconf 71' lang='lat' dir='ltr'>protelarii,</span> <span class='ocrx_word' id='word_1_192' title='bbox 534 2745 583 2782; x_wconf 88' lang='lat' dir='ltr'>ut</span> <span class='ocrx_word' id='word_1_193' title='bbox 604 2744 661 2782; x_wconf 86' lang='lat' dir='ltr'>ait</span> <span class='ocrx_word' id='word_1_194' title='bbox 683 2742 788 2783; x_wconf 91' lang='lat' dir='ltr'>Gell.</span> <span class='ocrx_word' id='word_1_195' title='bbox 815 2743 880 2792; x_wconf 84' lang='grc'>49,</span> <span class='ocrx_word' id='word_1_196' title='bbox 905 2743 945 2792; x_wconf 87' lang='grc'>8,</span> <span class='ocrx_word' id='word_1_197' title='bbox 971 2744 1035 2782; x_wconf 80' lang='grc'>45.</span> <span class='ocrx_word' id='word_1_198' title='bbox 1069 2744 1161 2782; x_wconf 90' lang='lat' dir='ltr'>Hoc</span> 
     </span>
     <span class='ocr_line' id='line_1_36' title="bbox 279 2805 1160 2857; baseline 0 -13"><span class='ocrx_word' id='word_1_199' title='bbox 279 2807 405 2855; x_wconf 83' lang='lat' dir='ltr'>igitur</span> <span class='ocrx_word' id='word_1_200' title='bbox 428 2806 532 2845; x_wconf 90' lang='lat' dir='ltr'>dicit</span> <span class='ocrx_word' id='word_1_201' title='bbox 554 2818 561 2844; x_wconf 90' lang='lat'>:</span> <span class='ocrx_word' id='word_1_202' title='bbox 593 2807 660 2845; x_wconf 90' lang='lat' dir='ltr'>«Si</span> <span class='ocrx_word' id='word_1_203' title='bbox 682 2805 904 2846; x_wconf 89' lang='lat' dir='ltr'>bonorum</span> <span class='ocrx_word' id='word_1_204' title='bbox 924 2807 1160 2857; x_wconf 82' lang='lat' dir='ltr'>poetarum</span> 
     </span>
     <span class='ocr_line' id='line_1_37' title="bbox 279 2868 1159 2919; baseline 0.001 -13"><span class='ocrx_word' id='word_1_205' title='bbox 279 2879 441 2917; x_wconf 84' lang='lat' dir='ltr'>augere</span> <span class='ocrx_word' id='word_1_206' title='bbox 487 2869 552 2908; x_wconf 85' lang='lat' dir='ltr'>vis</span> <span class='ocrx_word' id='word_1_207' title='bbox 595 2879 877 2908; x_wconf 85' lang='lat' dir='ltr'>numerum.»</span> <span class='ocrx_word' id='word_1_208' title='bbox 913 2890 958 2896; x_wconf 94' lang='lat'><em>—</em></span> <span class='ocrx_word' id='word_1_209' title='bbox 992 2868 1159 2919; x_wconf 81' lang='lat' dir='ltr'>addere]</span> 
     </span>
     <span class='ocr_line' id='line_1_38' title="bbox 279 2930 1155 2980; baseline 0.002 -12"><span class='ocrx_word' id='word_1_210' title='bbox 279 2931 320 2968; x_wconf 89' lang='lat' dir='ltr'>in</span> <span class='ocrx_word' id='word_1_211' title='bbox 366 2940 497 2980; x_wconf 82' lang='lat' dir='ltr'>prosa</span> <span class='ocrx_word' id='word_1_212' title='bbox 544 2940 607 2968; x_wconf 90' lang='lat' dir='ltr'>or.</span> <span class='ocrx_word' id='word_1_213' title='bbox 652 2931 893 2978; x_wconf 70' lang='lat' dir='ltr'>admovere,</span> <span class='ocrx_word' id='word_1_214' title='bbox 942 2930 1155 2978; x_wconf 85' lang='lat' dir='ltr'>adhibere,</span> 
     </span>
     <span class='ocr_line' id='line_1_39' title="bbox 278 2990 1158 3041; baseline 0.001 -11"><span class='ocrx_word' id='word_1_215' title='bbox 278 2991 411 3030; x_wconf 85' lang='lat' dir='ltr'>etiam</span> <span class='ocrx_word' id='word_1_216' title='bbox 432 2990 603 3030; x_wconf 79' lang='lat' dir='ltr'>subdere</span> <span class='ocrx_word' id='word_1_217' title='bbox 621 2991 787 3041; x_wconf 82' lang='lat' dir='ltr'>calcar,</span> <span class='ocrx_word' id='word_1_218' title='bbox 820 2993 862 3031; x_wconf 93' lang='lat' dir='ltr'>h.</span> <span class='ocrx_word' id='word_1_219' title='bbox 887 2991 914 3031; x_wconf 81' lang='lat' dir='ltr'>l.</span> <span class='ocrx_word' id='word_1_220' title='bbox 940 2993 1158 3032; x_wconf 83' lang='lat' dir='ltr'>«excitare</span> 
     </span>
     <span class='ocr_line' id='line_1_40' title="bbox 279 3054 1158 3103; baseline -0.001 -10"><span class='ocrx_word' id='word_1_221' title='bbox 279 3065 434 3093; x_wconf 87' lang='lat' dir='ltr'>eorum</span> <span class='ocrx_word' id='word_1_222' title='bbox 474 3054 677 3099; x_wconf 85' lang='lat' dir='ltr'>studia;»</span> <span class='ocrx_word' id='word_1_223' title='bbox 725 3065 856 3103; x_wconf 85' lang='lat' dir='ltr'>quam</span> <span class='ocrx_word' id='word_1_224' title='bbox 893 3055 1158 3094; x_wconf 86' lang='lat' dir='ltr'>sententiam</span> 
     </span>
     <span class='ocr_line' id='line_1_41' title="bbox 278 3115 1154 3166; baseline 0.003 -14"><span class='ocrx_word' id='word_1_225' title='bbox 278 3117 403 3155; x_wconf 89' lang='lat' dir='ltr'>ornat</span> <span class='ocrx_word' id='word_1_226' title='bbox 419 3117 538 3166; x_wconf 85' lang='lat' dir='ltr'>grata</span> <span class='ocrx_word' id='word_1_227' title='bbox 552 3115 756 3154; x_wconf 78' lang='lat' dir='ltr'>Heliconis</span> <span class='ocrx_word' id='word_1_228' title='bbox 768 3117 938 3154; x_wconf 66' lang='lat' dir='ltr'>virentis</span> <span class='ocrx_word' id='word_1_229' title='bbox 950 3116 1154 3165; x_wconf 79' lang='lat' dir='ltr'>imagine.</span> 
     </span>
    </p>

    <p class='ocr_par' dir='ltr' id='par_1_15' title="bbox 275 3177 1158 3540">
     <span class='ocr_line' id='line_1_42' title="bbox 333 3177 1158 3229; baseline -0.002 -12"><span class='ocrx_word' id='word_1_230' title='bbox 333 3177 528 3217; x_wconf 58' lang='lat' dir='ltr'>elil-228.</span> <span class='ocrx_word' id='word_1_231' title='bbox 553 3178 688 3216; x_wconf 76' lang='lat' dir='ltr'>Multa</span> <span class='ocrx_word' id='word_1_232' title='bbox 705 3178 809 3228; x_wconf 66' lang='lat' dir='ltr'>cet]</span> <span class='ocrx_word' id='word_1_233' title='bbox 829 3178 1036 3218; x_wconf 76' lang='lat' dir='ltr'>«Duobus</span> <span class='ocrx_word' id='word_1_234' title='bbox 1059 3189 1158 3229; x_wconf 87' lang='lat' dir='ltr'>pro-</span> 
     </span>
     <span class='ocr_line' id='line_1_43' title="bbox 277 3239 1158 3291; baseline 0.002 -13"><span class='ocrx_word' id='word_1_235' title='bbox 277 3241 429 3291; x_wconf 83' lang='lat' dir='ltr'>positis</span> <span class='ocrx_word' id='word_1_236' title='bbox 443 3241 618 3291; x_wconf 80' lang='lat' dir='ltr'>egregie</span> <span class='ocrx_word' id='word_1_237' title='bbox 638 3241 759 3280; x_wconf 83' lang='lat' dir='ltr'>hisce</span> <span class='ocrx_word' id='word_1_238' title='bbox 774 3239 977 3280; x_wconf 78' lang='lat' dir='ltr'>versibus</span> <span class='ocrx_word' id='word_1_239' title='bbox 990 3241 1158 3280; x_wconf 79' lang='lat' dir='ltr'>satista-</span> 
     </span>
     <span class='ocr_line' id='line_1_44' title="bbox 277 3301 1157 3352; baseline 0 -11"><span class='ocrx_word' id='word_1_240' title='bbox 277 3304 332 3342; x_wconf 81' lang='lat' dir='ltr'>cit</span> <span class='ocrx_word' id='word_1_241' title='bbox 357 3303 575 3349; x_wconf 83' lang='lat' dir='ltr'>Horatius,</span> <span class='ocrx_word' id='word_1_242' title='bbox 594 3301 734 3349; x_wconf 83' lang='lat' dir='ltr'>alteri,</span> <span class='ocrx_word' id='word_1_243' title='bbox 759 3303 1065 3352; x_wconf 75' lang='lat' dir='ltr'>utAuguStum</span> <span class='ocrx_word' id='word_1_244' title='bbox 1087 3314 1157 3342; x_wconf 92' lang='lat' dir='ltr'>ur-</span> 
     </span>
     <span class='ocr_line' id='line_1_45' title="bbox 276 3364 1157 3412; baseline 0.003 -10"><span class='ocrx_word' id='word_1_245' title='bbox 276 3364 517 3405; x_wconf 82' lang='lat' dir='ltr'>banissime</span> <span class='ocrx_word' id='word_1_246' title='bbox 543 3366 747 3412; x_wconf 80' lang='lat' dir='ltr'>excuset,</span> <span class='ocrx_word' id='word_1_247' title='bbox 775 3365 810 3404; x_wconf 92' lang='lat' dir='ltr'>si</span> <span class='ocrx_word' id='word_1_248' title='bbox 833 3365 1055 3405; x_wconf 83' lang='lat' dir='ltr'>interdum</span> <span class='ocrx_word' id='word_1_249' title='bbox 1079 3367 1157 3405; x_wconf 87' lang='lat' dir='ltr'>mi—</span> 
     </span>
     <span class='ocr_line' id='line_1_46' title="bbox 275 3428 1157 3479; baseline -0.001 -12"><span class='ocrx_word' id='word_1_250' title='bbox 275 3438 431 3467; x_wconf 84' lang='lat' dir='ltr'>norem</span> <span class='ocrx_word' id='word_1_251' title='bbox 451 3438 584 3478; x_wconf 84' lang='lat' dir='ltr'>quam</span> <span class='ocrx_word' id='word_1_252' title='bbox 603 3438 682 3478; x_wconf 85' lang='lat' dir='ltr'>par</span> <span class='ocrx_word' id='word_1_253' title='bbox 698 3429 793 3466; x_wconf 83' lang='lat' dir='ltr'>erat</span> <span class='ocrx_word' id='word_1_254' title='bbox 814 3438 967 3466; x_wconf 78' lang='lat' dir='ltr'>curam</span> <span class='ocrx_word' id='word_1_255' title='bbox 990 3428 1157 3479; x_wconf 77' lang='lat' dir='ltr'>impen-</span> 
     </span>
     <span class='ocr_line' id='line_1_47' title="bbox 277 3488 1154 3540; baseline 0.003 -14"><span class='ocrx_word' id='word_1_256' title='bbox 277 3489 411 3528; x_wconf 78' lang='lat' dir='ltr'>disset</span> <span class='ocrx_word' id='word_1_257' title='bbox 441 3491 603 3540; x_wconf 77' lang='lat' dir='ltr'>po‘ctis:</span> <span class='ocrx_word' id='word_1_258' title='bbox 647 3488 789 3530; x_wconf 77' lang='lat' dir='ltr'>alteri,</span> <span class='ocrx_word' id='word_1_259' title='bbox 824 3492 870 3528; x_wconf 90' lang='lat' dir='ltr'>ut</span> <span class='ocrx_word' id='word_1_260' title='bbox 898 3492 1051 3540; x_wconf 70' lang='lat' dir='ltr'>poetas</span> <span class='ocrx_word' id='word_1_261' title='bbox 1074 3490 1154 3530; x_wconf 77' lang='lat' dir='ltr'>sibi</span> 
     </span>
    </p>
   </div>
   <div class='ocr_carea' id='block_1_15' title="bbox 1219 1553 2111 3542">
    <p class='ocr_par' dir='ltr' id='par_1_16' title="bbox 1219 1553 2111 3542">
     <span class='ocr_line' id='line_1_48' title="bbox 1231 1553 2109 1605; baseline -0.002 -11"><span class='ocrx_word' id='word_1_262' title='bbox 1231 1553 1335 1595; x_wconf 90' lang='lat' dir='ltr'>solis</span> <span class='ocrx_word' id='word_1_263' title='bbox 1351 1553 1581 1605; x_wconf 84' lang='lat' dir='ltr'>placentes</span> <span class='ocrx_word' id='word_1_264' title='bbox 1597 1554 1872 1604; x_wconf 85' lang='lat' dir='ltr'>nimiumque</span> <span class='ocrx_word' id='word_1_265' title='bbox 1886 1556 2109 1593; x_wconf 85' lang='lat' dir='ltr'>amatores</span> 
     </span>
     <span class='ocr_line' id='line_1_49' title="bbox 1232 1617 2111 1668; baseline -0.001 -12"><span class='ocrx_word' id='word_1_266' title='bbox 1232 1617 1397 1668; x_wconf 87' lang='lat' dir='ltr'>proprii</span> <span class='ocrx_word' id='word_1_267' title='bbox 1418 1617 1580 1667; x_wconf 87' lang='lat' dir='ltr'>ingenii</span> <span class='ocrx_word' id='word_1_268' title='bbox 1602 1619 1646 1656; x_wconf 92' lang='lat' dir='ltr'>et</span> <span class='ocrx_word' id='word_1_269' title='bbox 1665 1617 1829 1667; x_wconf 85' lang='lat' dir='ltr'>scripta</span> <span class='ocrx_word' id='word_1_270' title='bbox 1845 1627 1922 1656; x_wconf 84' lang='lat' dir='ltr'>sua</span> <span class='ocrx_word' id='word_1_271' title='bbox 1947 1617 2111 1667; x_wconf 91' lang='lat' dir='ltr'>impor-</span> 
     </span>
     <span class='ocr_line' id='line_1_50' title="bbox 1231 1678 2108 1730; baseline 0 -12"><span class='ocrx_word' id='word_1_272' title='bbox 1231 1682 1335 1719; x_wconf 89' lang='lat' dir='ltr'>tune</span> <span class='ocrx_word' id='word_1_273' title='bbox 1379 1682 1576 1730; x_wconf 77' lang='lat' dir='ltr'>August-0</span> <span class='ocrx_word' id='word_1_274' title='bbox 1614 1690 1757 1729; x_wconf 89' lang='lat' dir='ltr'>aeque</span> <span class='ocrx_word' id='word_1_275' title='bbox 1797 1681 1930 1729; x_wconf 89' lang='lat' dir='ltr'>atque</span> <span class='ocrx_word' id='word_1_276' title='bbox 1972 1678 2108 1718; x_wconf 85' lang='lat' dir='ltr'>cuivis</span> 
     </span>
     <span class='ocr_line' id='line_1_51' title="bbox 1230 1740 2106 1788; baseline -0.001 -7"><span class='ocrx_word' id='word_1_277' title='bbox 1230 1742 1300 1781; x_wconf 87' lang='lat' dir='ltr'>alii</span> <span class='ocrx_word' id='word_1_278' title='bbox 1334 1741 1627 1782; x_wconf 87' lang='lat' dir='ltr'>obtrudentes</span> <span class='ocrx_word' id='word_1_279' title='bbox 1658 1740 1731 1781; x_wconf 90' lang='lat' dir='ltr'>tali</span> <span class='ocrx_word' id='word_1_280' title='bbox 1755 1741 1890 1781; x_wconf 89' lang='lat' dir='ltr'>modo</span> <span class='ocrx_word' id='word_1_281' title='bbox 1911 1741 2106 1788; x_wconf 84' lang='lat' dir='ltr'>irrideat,</span> 
     </span>
     <span class='ocr_line' id='line_1_52' title="bbox 1230 1804 2111 1855; baseline 0 -12"><span class='ocrx_word' id='word_1_282' title='bbox 1230 1807 1278 1844; x_wconf 89' lang='lat' dir='ltr'>ut</span> <span class='ocrx_word' id='word_1_283' title='bbox 1308 1816 1439 1844; x_wconf 90' lang='lat' dir='ltr'>nemo</span> <span class='ocrx_word' id='word_1_284' title='bbox 1471 1816 1627 1844; x_wconf 89' lang='lat' dir='ltr'>eorum</span> <span class='ocrx_word' id='word_1_285' title='bbox 1653 1815 1785 1855; x_wconf 87' lang='lat' dir='ltr'>aegre</span> <span class='ocrx_word' id='word_1_286' title='bbox 1808 1804 1850 1843; x_wconf 92' lang='lat' dir='ltr'>id</span> <span class='ocrx_word' id='word_1_287' title='bbox 1872 1804 1988 1843; x_wconf 85' lang='lat' dir='ltr'>ferre</span> <span class='ocrx_word' id='word_1_288' title='bbox 2010 1813 2111 1855; x_wconf 88' lang='lat' dir='ltr'>pos-</span> 
     </span>
     <span class='ocr_line' id='line_1_53' title="bbox 1230 1866 2108 1918; baseline -0.001 -12"><span class='ocrx_word' id='word_1_289' title='bbox 1230 1868 1318 1913; x_wconf 85' lang='lat' dir='ltr'>set,</span> <span class='ocrx_word' id='word_1_290' title='bbox 1343 1867 1507 1918; x_wconf 87' lang='lat' dir='ltr'>quippe</span> <span class='ocrx_word' id='word_1_291' title='bbox 1531 1878 1633 1906; x_wconf 91' lang='lat' dir='ltr'>cum</span> <span class='ocrx_word' id='word_1_292' title='bbox 1655 1878 1703 1906; x_wconf 92' lang='lat' dir='ltr'>se</span> <span class='ocrx_word' id='word_1_293' title='bbox 1721 1866 1776 1906; x_wconf 91' lang='lat' dir='ltr'>ab</span> <span class='ocrx_word' id='word_1_294' title='bbox 1797 1877 1952 1906; x_wconf 91' lang='lat' dir='ltr'>eorum</span> <span class='ocrx_word' id='word_1_295' title='bbox 1975 1876 2108 1916; x_wconf 84' lang='lat' dir='ltr'>grege</span> 
     </span>
     <span class='ocr_line' id='line_1_54' title="bbox 1229 1929 2110 1980; baseline 0 -13"><span class='ocrx_word' id='word_1_296' title='bbox 1229 1940 1317 1968; x_wconf 91' lang='lat' dir='ltr'>non</span> <span class='ocrx_word' id='word_1_297' title='bbox 1348 1933 1600 1977; x_wconf 87' lang='lat' dir='ltr'>semoveat,</span> <span class='ocrx_word' id='word_1_298' title='bbox 1634 1929 1714 1969; x_wconf 88' lang='lat' dir='ltr'>sed</span> <span class='ocrx_word' id='word_1_299' title='bbox 1744 1940 1828 1968; x_wconf 87' lang='lat' dir='ltr'>una</span> <span class='ocrx_word' id='word_1_300' title='bbox 1852 1940 1900 1969; x_wconf 91' lang='lat' dir='ltr'>se</span> <span class='ocrx_word' id='word_1_301' title='bbox 1922 1929 2017 1980; x_wconf 89' lang='lat' dir='ltr'>ipse</span> <span class='ocrx_word' id='word_1_302' title='bbox 2039 1939 2110 1968; x_wconf 87' lang='lat' dir='ltr'>ca-</span> 
     </span>
     <span class='ocr_line' id='line_1_55' title="bbox 1228 1990 2110 2031; baseline 0 -2"><span class='ocrx_word' id='word_1_303' title='bbox 1228 1990 1367 2030; x_wconf 70' lang='lat' dir='ltr'>villari</span> <span class='ocrx_word' id='word_1_304' title='bbox 1397 1992 1644 2031; x_wconf 83' lang='lat' dir='ltr'>videatur.»</span> <span class='ocrx_word' id='word_1_305' title='bbox 1677 1993 1850 2031; x_wconf 76' lang='lat' dir='ltr'>RlnnEL.</span> <span class='ocrx_word' id='word_1_306' title='bbox 1886 2013 1930 2019; x_wconf 82' lang='lat'>-—</span> <span class='ocrx_word' id='word_1_307' title='bbox 1967 1991 2016 2030; x_wconf 85' lang='lat' dir='ltr'>Ut</span> <span class='ocrx_word' id='word_1_308' title='bbox 2041 1991 2110 2029; x_wconf 82' lang='lat' dir='ltr'>vi-</span> 
     </span>
     <span class='ocr_line' id='line_1_56' title="bbox 1226 2053 2108 2105; baseline 0.001 -13"><span class='ocrx_word' id='word_1_309' title='bbox 1226 2058 1324 2093; x_wconf 83' lang='lat' dir='ltr'>neta</span> <span class='ocrx_word' id='word_1_310' title='bbox 1354 2054 1456 2105; x_wconf 88' lang='lat' dir='ltr'>cet.]</span> <span class='ocrx_word' id='word_1_311' title='bbox 1496 2053 1788 2094; x_wconf 82' lang='lat' dir='ltr'>proverbium</span> <span class='ocrx_word' id='word_1_312' title='bbox 1817 2055 1860 2093; x_wconf 89' lang='lat' dir='ltr'>in</span> <span class='ocrx_word' id='word_1_313' title='bbox 1892 2063 1969 2094; x_wconf 90' lang='lat' dir='ltr'>eos</span> <span class='ocrx_word' id='word_1_314' title='bbox 1999 2053 2108 2093; x_wconf 89' lang='lat' dir='ltr'>dici-</span> 
     </span>
     <span class='ocr_line' id='line_1_57' title="bbox 1229 2116 2110 2168; baseline 0.002 -14"><span class='ocrx_word' id='word_1_315' title='bbox 1229 2118 1323 2164; x_wconf 84' lang='lat' dir='ltr'>tur,</span> <span class='ocrx_word' id='word_1_316' title='bbox 1363 2118 1437 2167; x_wconf 89' lang='lat' dir='ltr'>qui</span> <span class='ocrx_word' id='word_1_317' title='bbox 1468 2117 1631 2156; x_wconf 87' lang='lat' dir='ltr'>mentis</span> <span class='ocrx_word' id='word_1_318' title='bbox 1664 2116 1812 2168; x_wconf 88' lang='lat' dir='ltr'>aliquo</span> <span class='ocrx_word' id='word_1_319' title='bbox 1843 2127 1996 2156; x_wconf 89' lang='lat' dir='ltr'>errore</span> <span class='ocrx_word' id='word_1_320' title='bbox 2026 2116 2110 2156; x_wconf 89' lang='lat' dir='ltr'>ab-</span> 
     </span>
     <span class='ocr_line' id='line_1_58' title="bbox 1227 2178 2109 2230; baseline 0.001 -13"><span class='ocrx_word' id='word_1_321' title='bbox 1227 2179 1342 2230; x_wconf 90' lang='lat' dir='ltr'>repti</span> <span class='ocrx_word' id='word_1_322' title='bbox 1360 2178 1431 2218; x_wconf 91' lang='lat' dir='ltr'>vel</span> <span class='ocrx_word' id='word_1_323' title='bbox 1460 2179 1689 2219; x_wconf 89' lang='lat' dir='ltr'>iracundia</span> <span class='ocrx_word' id='word_1_324' title='bbox 1715 2178 1785 2219; x_wconf 89' lang='lat' dir='ltr'>vel</span> <span class='ocrx_word' id='word_1_325' title='bbox 1815 2178 1995 2220; x_wconf 87' lang='lat' dir='ltr'>stultitia</span> <span class='ocrx_word' id='word_1_326' title='bbox 2025 2178 2109 2219; x_wconf 89' lang='lat' dir='ltr'>sibi</span> 
     </span>
     <span class='ocr_line' id='line_1_59' title="bbox 1227 2240 2109 2292; baseline 0.002 -13"><span class='ocrx_word' id='word_1_327' title='bbox 1227 2241 1309 2292; x_wconf 89' lang='lat' dir='ltr'>ipsi</span> <span class='ocrx_word' id='word_1_328' title='bbox 1331 2243 1507 2281; x_wconf 88' lang='lat' dir='ltr'>nocent.</span> <span class='ocrx_word' id='word_1_329' title='bbox 1560 2240 1714 2281; x_wconf 93' lang='lat' dir='ltr'>Tibull.</span> <span class='ocrx_word' id='word_1_330' title='bbox 1741 2243 1778 2290; x_wconf 93' lang='grc'>4,</span> <span class='ocrx_word' id='word_1_331' title='bbox 1803 2243 1842 2291; x_wconf 72' lang='grc'>2,</span> <span class='ocrx_word' id='word_1_332' title='bbox 1868 2242 1966 2281; x_wconf 83' lang='grc' dir='ltr'>40οε</span> <span class='ocrx_word' id='word_1_333' title='bbox 2001 2242 2109 2292; x_wconf 81' lang='lat' dir='ltr'>Quid</span> 
     </span>
     <span class='ocr_line' id='line_1_60' title="bbox 1226 2303 2108 2355; baseline 0.001 -13"><span class='ocrx_word' id='word_1_334' title='bbox 1226 2315 1372 2343; x_wconf 85' lang='lat' dir='ltr'>messes</span> <span class='ocrx_word' id='word_1_335' title='bbox 1394 2305 1484 2343; x_wconf 84' lang='lat' dir='ltr'>uris</span> <span class='ocrx_word' id='word_1_336' title='bbox 1503 2303 1658 2343; x_wconf 86' lang='lat' dir='ltr'>acerba</span> <span class='ocrx_word' id='word_1_337' title='bbox 1677 2307 1772 2343; x_wconf 83' lang='lat' dir='ltr'>tuas</span> <span class='ocrx_word' id='word_1_338' title='bbox 1787 2303 1808 2343; x_wconf 78' lang='lat' dir='ltr'><em>P</em></span> <span class='ocrx_word' id='word_1_339' title='bbox 1850 2305 2005 2355; x_wconf 89' lang='lat' dir='ltr'>Neque</span> <span class='ocrx_word' id='word_1_340' title='bbox 2025 2303 2108 2343; x_wconf 87' lang='lat' dir='ltr'>ab-</span> 
     </span>
     <span class='ocr_line' id='line_1_61' title="bbox 1228 2365 2104 2418; baseline 0 -12"><span class='ocrx_word' id='word_1_341' title='bbox 1228 2367 1381 2406; x_wconf 88' lang='lat' dir='ltr'>horret</span> <span class='ocrx_word' id='word_1_342' title='bbox 1411 2365 1528 2406; x_wconf 89' lang='lat' dir='ltr'>aliud</span> <span class='ocrx_word' id='word_1_343' title='bbox 1559 2366 1846 2418; x_wconf 78' lang='lat' dir='ltr'>proverbium</span> <span class='ocrx_word' id='word_1_344' title='bbox 1877 2367 2104 2407; x_wconf 84' lang='lat' dir='ltr'>Latinum:</span> 
     </span>
     <span class='ocr_line' id='line_1_62' title="bbox 1226 2428 2108 2480; baseline 0 -12"><span class='ocrx_word' id='word_1_345' title='bbox 1226 2440 1299 2468; x_wconf 82' lang='lat' dir='ltr'>sao</span> <span class='ocrx_word' id='word_1_346' title='bbox 1328 2440 1370 2469; x_wconf 82' lang='lat' dir='ltr'>se</span> <span class='ocrx_word' id='word_1_347' title='bbox 1399 2440 1490 2470; x_wconf 88' lang='lat' dir='ltr'>ense</span> <span class='ocrx_word' id='word_1_348' title='bbox 1519 2429 1744 2478; x_wconf 76' lang='lat' dir='ltr'>laceravit,</span> <span class='ocrx_word' id='word_1_349' title='bbox 1790 2428 1909 2480; x_wconf 88' lang='lat' dir='ltr'>apud</span> <span class='ocrx_word' id='word_1_350' title='bbox 1948 2429 2108 2468; x_wconf 86' lang='lat' dir='ltr'>Hiero-</span> 
     </span>
     <span class='ocr_line' id='line_1_63' title="bbox 1227 2489 2108 2543; baseline -0.002 -12"><span class='ocrx_word' id='word_1_351' title='bbox 1227 2502 1416 2542; x_wconf 81' lang='lat' dir='ltr'>nymum</span> <span class='ocrx_word' id='word_1_352' title='bbox 1436 2492 1514 2543; x_wconf 87' lang='lat' dir='ltr'>Ep.</span> <span class='ocrx_word' id='word_1_353' title='bbox 1540 2491 1607 2531; x_wconf 81' lang='lat'>70.</span> <span class='ocrx_word' id='word_1_354' title='bbox 1632 2502 1674 2542; x_wconf 91' lang='lat' dir='ltr'>p.</span> <span class='ocrx_word' id='word_1_355' title='bbox 1700 2491 1794 2532; x_wconf 64' lang='lat'>427.</span> <span class='ocrx_word' id='word_1_356' title='bbox 1818 2489 1926 2530; x_wconf 89' lang='lat' dir='ltr'>Vall.</span> <span class='ocrx_word' id='word_1_357' title='bbox 1950 2514 1995 2519; x_wconf 81' lang='lat'>—</span> <span class='ocrx_word' id='word_1_358' title='bbox 2017 2491 2108 2531; x_wconf 86' lang='lat' dir='ltr'>Sol-</span> 
     </span>
     <span class='ocr_line' id='line_1_64' title="bbox 1226 2553 2102 2605; baseline 0 -12"><span class='ocrx_word' id='word_1_359' title='bbox 1226 2554 1338 2593; x_wconf 83' lang='lat' dir='ltr'>licito</span> <span class='ocrx_word' id='word_1_360' title='bbox 1369 2555 1519 2594; x_wconf 82' lang='lat' dir='ltr'>damus</span> <span class='ocrx_word' id='word_1_361' title='bbox 1548 2558 1624 2593; x_wconf 78' lang='lat' dir='ltr'>aut</span> <span class='ocrx_word' id='word_1_362' title='bbox 1649 2553 1767 2605; x_wconf 86' lang='lat' dir='ltr'>fesso]</span> <span class='ocrx_word' id='word_1_363' title='bbox 1801 2553 1864 2593; x_wconf 87' lang='lat' dir='ltr'>Cf.</span> <span class='ocrx_word' id='word_1_364' title='bbox 1888 2554 1976 2593; x_wconf 84' lang='lat' dir='ltr'>Sat.</span> <span class='ocrx_word' id='word_1_365' title='bbox 1999 2554 2040 2602; x_wconf 71' lang='lat'>2,</span> <span class='ocrx_word' id='word_1_366' title='bbox 2064 2555 2102 2601; x_wconf 94' lang='grc'>4,</span> 
     </span>
     <span class='ocr_line' id='line_1_65' title="bbox 1229 2616 2106 2666; baseline -0.001 -10"><span class='ocrx_word' id='word_1_367' title='bbox 1229 2617 1303 2657; x_wconf 81' lang='grc'>48;</span> <span class='ocrx_word' id='word_1_368' title='bbox 1336 2617 1417 2656; x_wconf 78' lang='lat' dir='ltr'>nisi</span> <span class='ocrx_word' id='word_1_369' title='bbox 1445 2618 1592 2657; x_wconf 69' lang='lat' dir='ltr'>dextro</span> <span class='ocrx_word' id='word_1_370' title='bbox 1613 2621 1795 2666; x_wconf 83' lang='lat' dir='ltr'>tempore</span> <span class='ocrx_word' id='word_1_371' title='bbox 1812 2616 1952 2655; x_wconf 85' lang='lat' dir='ltr'>Flacci</span> <span class='ocrx_word' id='word_1_372' title='bbox 1975 2616 2106 2656; x_wconf 88' lang='lat' dir='ltr'>Verba</span> 
     </span>
     <span class='ocr_line' id='line_1_66' title="bbox 1222 2678 2106 2729; baseline -0.003 -10"><span class='ocrx_word' id='word_1_373' title='bbox 1222 2690 1300 2729; x_wconf 85' lang='lat' dir='ltr'>per</span> <span class='ocrx_word' id='word_1_374' title='bbox 1329 2683 1534 2719; x_wconf 76' lang='lat' dir='ltr'>attentam</span> <span class='ocrx_word' id='word_1_375' title='bbox 1562 2691 1645 2719; x_wconf 86' lang='lat' dir='ltr'>non</span> <span class='ocrx_word' id='word_1_376' title='bbox 1674 2679 1791 2718; x_wconf 81' lang='lat' dir='ltr'>ibunt</span> <span class='ocrx_word' id='word_1_377' title='bbox 1811 2678 2002 2718; x_wconf 82' lang='lat' dir='ltr'>Caesaris</span> <span class='ocrx_word' id='word_1_378' title='bbox 2030 2689 2106 2717; x_wconf 79' lang='lat' dir='ltr'>aa·</span> 
     </span>
     <span class='ocr_line' id='line_1_67' title="bbox 1225 2741 2106 2793; baseline -0.001 -12"><span class='ocrx_word' id='word_1_379' title='bbox 1225 2753 1327 2781; x_wconf 86' lang='lat' dir='ltr'>rem.</span> <span class='ocrx_word' id='word_1_380' title='bbox 1370 2742 1479 2793; x_wconf 90' lang='lat' dir='ltr'>Epp.</span> <span class='ocrx_word' id='word_1_381' title='bbox 1506 2742 1548 2789; x_wconf 93' lang='grc'>4,</span> <span class='ocrx_word' id='word_1_382' title='bbox 1574 2741 1648 2790; x_wconf 86' lang='grc'>43,</span> <span class='ocrx_word' id='word_1_383' title='bbox 1673 2742 1719 2780; x_wconf 70' lang='lat'>2:</span> <span class='ocrx_word' id='word_1_384' title='bbox 1751 2742 1935 2792; x_wconf 71' lang='lat' dir='ltr'>Auyusto</span> <span class='ocrx_word' id='word_1_385' title='bbox 1963 2741 2106 2780; x_wconf 84' lang='lat' dir='ltr'>reddes</span> 
     </span>
     <span class='ocr_line' id='line_1_68' title="bbox 1224 2802 2102 2855; baseline -0.001 -12"><span class='ocrx_word' id='word_1_386' title='bbox 1224 2805 1396 2855; x_wconf 71' lang='lat' dir='ltr'>siqnata</span> <span class='ocrx_word' id='word_1_387' title='bbox 1422 2804 1658 2852; x_wconf 82' lang='lat' dir='ltr'>volumina,</span> <span class='ocrx_word' id='word_1_388' title='bbox 1697 2803 1808 2851; x_wconf 82' lang='lat' dir='ltr'>Vini,</span> <span class='ocrx_word' id='word_1_389' title='bbox 1849 2803 1896 2842; x_wconf 86' lang='lat' dir='ltr'>Si</span> <span class='ocrx_word' id='word_1_390' title='bbox 1921 2802 2102 2852; x_wconf 85' lang='lat' dir='ltr'>validus,</span> 
     </span>
     <span class='ocr_line' id='line_1_69' title="bbox 1223 2865 2099 2915; baseline 0 -9"><span class='ocrx_word' id='word_1_391' title='bbox 1223 2867 1259 2905; x_wconf 85' lang='lat' dir='ltr'>si</span> <span class='ocrx_word' id='word_1_392' title='bbox 1287 2867 1420 2906; x_wconf 84' lang='lat' dir='ltr'>laetus</span> <span class='ocrx_word' id='word_1_393' title='bbox 1449 2866 1551 2914; x_wconf 88' lang='lat' dir='ltr'>erit,</span> <span class='ocrx_word' id='word_1_394' title='bbox 1598 2866 1633 2904; x_wconf 85' lang='lat' dir='ltr'>si</span> <span class='ocrx_word' id='word_1_395' title='bbox 1662 2865 1836 2914; x_wconf 81' lang='lat' dir='ltr'>denique</span> <span class='ocrx_word' id='word_1_396' title='bbox 1863 2869 2018 2915; x_wconf 85' lang='lat' dir='ltr'>poscet.</span> <span class='ocrx_word' id='word_1_397' title='bbox 2055 2886 2099 2893; x_wconf 98' lang='lat'><strong>—</strong></span> 
     </span>
     <span class='ocr_line' id='line_1_70' title="bbox 1223 2927 2105 2978; baseline 0 -10"><span class='ocrx_word' id='word_1_398' title='bbox 1223 2927 1328 2978; x_wconf 84' lang='lat' dir='ltr'>loca]</span> <span class='ocrx_word' id='word_1_399' title='bbox 1376 2928 1465 2967; x_wconf 88' lang='lat' dir='ltr'>Hac</span> <span class='ocrx_word' id='word_1_400' title='bbox 1509 2927 1824 2978; x_wconf 86' lang='lat' dir='ltr'>significatione</span> <span class='ocrx_word' id='word_1_401' title='bbox 1870 2928 2026 2968; x_wconf 90' lang='lat' dir='ltr'>Cicero</span> <span class='ocrx_word' id='word_1_402' title='bbox 2061 2930 2105 2968; x_wconf 83' lang='lat' dir='ltr'>et</span> 
     </span>
     <span class='ocr_line' id='line_1_71' title="bbox 1225 2989 2102 3042; baseline 0.003 -14"><span class='ocrx_word' id='word_1_403' title='bbox 1225 2989 1514 3038; x_wconf 82' lang='lat' dir='ltr'>Quintilianus</span> <span class='ocrx_word' id='word_1_404' title='bbox 1535 3001 1717 3042; x_wconf 88' lang='lat' dir='ltr'>semper</span> <span class='ocrx_word' id='word_1_405' title='bbox 1736 2993 1919 3031; x_wconf 89' lang='lat' dir='ltr'>utuntur</span> <span class='ocrx_word' id='word_1_406' title='bbox 1938 3002 2102 3042; x_wconf 87' lang='lat' dir='ltr'>genere</span> 
     </span>
     <span class='ocr_line' id='line_1_72' title="bbox 1225 3051 2104 3103; baseline 0.001 -12"><span class='ocrx_word' id='word_1_407' title='bbox 1225 3051 1483 3093; x_wconf 85' lang='lat' dir='ltr'>masculino.</span> <span class='ocrx_word' id='word_1_408' title='bbox 1520 3074 1562 3080; x_wconf 95' lang='lat'><strong>—</strong></span> <span class='ocrx_word' id='word_1_409' title='bbox 1603 3053 1874 3102; x_wconf 79' lang='lat' dir='ltr'>revolvimus]</span> <span class='ocrx_word' id='word_1_410' title='bbox 1921 3053 2104 3103; x_wconf 86' lang='lat' dir='ltr'>«denuo</span> 
     </span>
     <span class='ocr_line' id='line_1_73' title="bbox 1223 3114 2103 3156; baseline 0.001 -2"><span class='ocrx_word' id='word_1_411' title='bbox 1223 3114 1399 3155; x_wconf 85' lang='lat' dir='ltr'>evoluto</span> <span class='ocrx_word' id='word_1_412' title='bbox 1430 3115 1541 3155; x_wconf 91' lang='lat' dir='ltr'>libro</span> <span class='ocrx_word' id='word_1_413' title='bbox 1572 3117 1733 3156; x_wconf 89' lang='lat' dir='ltr'>iterum</span> <span class='ocrx_word' id='word_1_414' title='bbox 1765 3116 2006 3156; x_wconf 87' lang='lat' dir='ltr'>recitamus</span> <span class='ocrx_word' id='word_1_415' title='bbox 2036 3114 2103 3156; x_wconf 91' lang='lat' dir='ltr'>lo-</span> 
     </span>
     <span class='ocr_line' id='line_1_74' title="bbox 1222 3177 2102 3230; baseline 0.001 -14"><span class='ocrx_word' id='word_1_416' title='bbox 1222 3189 1324 3217; x_wconf 90' lang='lat' dir='ltr'>cum</span> <span class='ocrx_word' id='word_1_417' title='bbox 1378 3177 1596 3229; x_wconf 87' lang='lat' dir='ltr'>aliquem,</span> <span class='ocrx_word' id='word_1_418' title='bbox 1659 3179 1732 3229; x_wconf 91' lang='lat' dir='ltr'>qui</span> <span class='ocrx_word' id='word_1_419' title='bbox 1775 3177 2102 3230; x_wconf 89' lang='lat' dir='ltr'>pulcherrimus</span> 
     </span>
     <span class='ocr_line' id='line_1_75' title="bbox 1223 3240 2102 3289; baseline 0 -10"><span class='ocrx_word' id='word_1_420' title='bbox 1223 3240 1350 3280; x_wconf 89' lang='lat' dir='ltr'>nobis</span> <span class='ocrx_word' id='word_1_421' title='bbox 1372 3240 1570 3289; x_wconf 84' lang='lat' dir='ltr'>videtur,</span> <span class='ocrx_word' id='word_1_422' title='bbox 1604 3241 1687 3281; x_wconf 89' lang='lat' dir='ltr'>etsi</span> <span class='ocrx_word' id='word_1_423' title='bbox 1715 3250 1848 3280; x_wconf 89' lang='lat' dir='ltr'>nemo</span> <span class='ocrx_word' id='word_1_424' title='bbox 1873 3241 1958 3280; x_wconf 92' lang='lat' dir='ltr'>hoc</span> <span class='ocrx_word' id='word_1_425' title='bbox 1979 3251 2003 3279; x_wconf 93' lang='lat' dir='ltr'>a</span> <span class='ocrx_word' id='word_1_426' title='bbox 2025 3249 2102 3279; x_wconf 88' lang='lat' dir='ltr'>no-</span> 
     </span>
     <span class='ocr_line' id='line_1_76' title="bbox 1219 3302 2101 3354; baseline -0.002 -11"><span class='ocrx_word' id='word_1_427' title='bbox 1219 3302 1288 3343; x_wconf 88' lang='lat' dir='ltr'>bis</span> <span class='ocrx_word' id='word_1_428' title='bbox 1318 3304 1486 3354; x_wconf 87' lang='lat' dir='ltr'>petiit.»</span> <span class='ocrx_word' id='word_1_429' title='bbox 1525 3326 1567 3331; x_wconf 82' lang='lat'><strong>—</strong></span> <span class='ocrx_word' id='word_1_430' title='bbox 1609 3303 1848 3354; x_wconf 85' lang='lat' dir='ltr'>irrevocati]</span> <span class='ocrx_word' id='word_1_431' title='bbox 1888 3303 2101 3342; x_wconf 87' lang='lat' dir='ltr'>Revocari</span> 
     </span>
     <span class='ocr_line' id='line_1_77' title="bbox 1220 3365 2102 3417; baseline -0.001 -12"><span class='ocrx_word' id='word_1_432' title='bbox 1220 3367 1398 3417; x_wconf 89' lang='lat' dir='ltr'>proprie</span> <span class='ocrx_word' id='word_1_433' title='bbox 1422 3366 1629 3405; x_wconf 89' lang='lat' dir='ltr'>dicuntur</span> <span class='ocrx_word' id='word_1_434' title='bbox 1649 3367 1838 3413; x_wconf 88' lang='lat' dir='ltr'>actores,</span> <span class='ocrx_word' id='word_1_435' title='bbox 1864 3365 1939 3414; x_wconf 91' lang='lat' dir='ltr'>qui</span> <span class='ocrx_word' id='word_1_436' title='bbox 1961 3375 1983 3402; x_wconf 86' lang='lat' dir='ltr'>a</span> <span class='ocrx_word' id='word_1_437' title='bbox 2000 3375 2102 3415; x_wconf 88' lang='lat' dir='ltr'>spe-</span> 
     </span>
     <span class='ocr_line' id='line_1_78' title="bbox 1221 3423 2099 3483; baseline -0.001 -16"><span class='ocrx_word' id='word_1_438' title='bbox 1221 3428 1465 3467; x_wconf 80' lang='lat' dir='ltr'>ctatoribus</span> <span class='ocrx_word' id='word_1_439' title='bbox 1495 3423 1638 3483; x_wconf 69' lang='grc' dir='ltr'><em>ῥῆσιν</em></span> <span class='ocrx_word' id='word_1_440' title='bbox 1668 3426 1859 3477; x_wconf 81' lang='lat' dir='ltr'>aliquam</span> <span class='ocrx_word' id='word_1_441' title='bbox 1883 3427 2099 3476; x_wconf 86' lang='lat' dir='ltr'>insignem</span> 
     </span>
     <span class='ocr_line' id='line_1_79' title="bbox 1222 3490 2093 3542; baseline 0 -13"><span class='ocrx_word' id='word_1_442' title='bbox 1222 3493 1425 3542; x_wconf 83' lang='lat' dir='ltr'>repetere</span> <span class='ocrx_word' id='word_1_443' title='bbox 1470 3490 1689 3530; x_wconf 85' lang='lat' dir='ltr'>iubentur.</span> <span class='ocrx_word' id='word_1_444' title='bbox 1744 3491 1831 3528; x_wconf 67' lang='lat' dir='ltr'>(lic.</span> <span class='ocrx_word' id='word_1_445' title='bbox 1868 3500 1946 3540; x_wconf 86' lang='lat' dir='ltr'>pro</span> <span class='ocrx_word' id='word_1_446' title='bbox 1984 3490 2093 3529; x_wconf 77' lang='lat' dir='ltr'>sest.</span> 
     </span>
    </p>
   </div>
  </div>
 </body>
</html>
