2231 3787
231 274 332 326 3815

838 274 1050 314 llORATII
1083 274 1447 315 EPISTULARUM

304 408 354 459 Si
397 406 523 458 ‹lixit
565 405 740 462 ‹lix-os,
786 404 932 457 lacus
972 414 1025 457 ct
1062 422 1208 456 marc
1249 404 1408 456 sentit
1448 419 1688 456 amorem

304 507 618 560 Festinantis
658 506 797 569 lieri3
839 506 922 559 cui
964 506 1005 558 si
1049 505 1237 557 vitiosa
1275 503 1442 557 libido

302 612 336 662 1³
343 610 507 663 occi-it
549 608 876 678 auspicium:
927 607 1056 660 Cras
1096 605 1412 660 ferramenta
1452 607 1684 660 Teanum

301 711 538 766 Tollotis,
582 710 727 762 fabri.

806 709 997 761 Lectus
1036 706 1259 777 genialis
1299 707 1350 759 in
1389 706 1510 760 aula
1547 717 1653 761 est:

298 813 376 865 Nil
417 813 487 865 ait
525 828 646 864 csse
686 810 859 880 prius,
902 808 1094 863 melius
1134 808 1204 860 nil
1243 808 1450 862 caelibe
1488 810 1622 873 vita,

231 1042 272 1047 —
307 1018 431 1069 dives]
468 1017 565 1067 «qui
604 1017 787 1067 propter
828 1012 1099 1065 opulentiam

226 1081 505 1132 repentinum
546 1076 777 1118 consilium
818 1076 902 1116 illic
943 1075 1100 1116 aedifi-

225 1142 351 1182 candi
374 1141 520 1181 statim
543 1140 725 1190 exsequi
756 1139 943 1189 potest.»
968 1159 1012 1166 -
1038 1138 1101 1177 la-

223 1205 306 1256 cus]
340 1203 550 1243 Lucrinus
580 1212 719 1253 prope
750 1202 890 1240 Baias.
927 1200 990 1240 Cf.
1016 1200 1095 1240 Od.

224 1269 268 1315 Ξ,
310 1269 377 1307 15,
412 1266 449 1305 3.
485 1269 588 1304 —et
616 1264 748 1315 mare]
782 1264 902 1315 quod
933 1264 1096 1304 insanis

223 1326 625 1369 substructionibus
657 1328 859 1377 occupat.
897 1349 940 1353 —
981 1326 1101 1366 sentit

222 1391 420 1440 amorem]
468 1401 596 1429 «mox
641 1389 885 1439 experitur,
932 1389 1098 1439 quanta

223 1454 460 1505 cupiditate
492 1453 649 1503 flagret
678 1452 788 1490 clives
818 1449 908 1500 ille,
942 1450 1099 1490 multo-

222 1528 320 1556 rum
355 1515 679 1565 mancipiorum
722 1513 886 1552 herus.»
936 1512 1098 1552 Sentire

221 1579 280 1621 de.
299 1590 345 1618 re
368 1579 559 1628 ingrata,
592 1578 639 1615 ut
660 1575 738 1615 Od.
760 1575 799 1624 3,
826 1576 862 1624 4,
887 1574 961 1614 33:
995 1575 1099 1615 Con-

221 1645 359 1681 tracta
384 1641 516 1690 pisces
545 1650 734 1689 aequora
762 1638 964 1685 sentiunt3
998 1637 1041 1676 h.
1066 1636 1094 1676 l.

219 1705 402 1756 propter
440 1701 603 1750 moles,
657 1699 818 1751 quibus
857 1700 1094 1739 coartatur.

220 1765 535 1813 Cf.0d.2‚f15,
571 1764 586 1802 4
620 1774 718 1814 sqq.
752 1763 802 1811 2,
827 1762 897 1811 48,
920 1762 972 1801 20
995 1772 1094 1812 sqq.

223 1852 267 1856 —
292 1825 552 1876 Festinamus]
587 1825 694 1864 Cato
718 1824 957 1864 Censorius
979 1823 1098 1874 apud

219 1889 324 1930 Gell.
353 1890 425 1938 46,
460 1888 530 1928 lsi:
565 1888 792 1937 Quiunum
812 1887 911 1936 quid
928 1890 1098 1925 mature

217 1952 434 2003 transigit,
468 1951 502 1989 is
525 1954 750 2000 properat‚·
783 1950 854 1999 qui
882 1949 1017 1988 multa
1038 1948 1097 1987 si·—

221 2017 305 2055 mul
328 2014 468 2062 incipit
488 2023 617 2060 neque
641 2012 828 2063 perficit,
861 2011 896 2050 is
913 2011 1092 2061 festinat.

223 2101 265 2105 —
288 2075 450 2126 vitiosa]
475 2075 562 2114 Cic.
587 2075 714 2113 Tusc.
741 2073 787 2120 4,
814 2072 885 2121 43,
918 2072 994 2112 29:
1032 2073 1096 2111 Vi-

215 2140 374 2178 tiositas
394 2142 450 2177 est
478 2136 640 2175 habitus
659 2140 733 2174 aut
762 2135 924 2185 affectio
944 2135 987 2173 in
1009 2138 1095 2174 tota

213 2202 302 2240 vica
340 2201 575 2239 inconstans
603 2202 640 2238 et
677 2209 704 2237 a
733 2208 773 2237 se
816 2198 909 2247 ipsa
944 2197 1095 2236 dissen—

214 2264 328 2302 tiens.
363 2285 403 2292 -
440 2260 577 2313 libido]
611 2259 862 2312 «quaelibet
890 2259 1092 2300 voluntas

216 2330 383 2365 temere
415 2325 666 2375 suscepta.»
716 2323 913 2362 Donatus
935 2322 991 2361 ad
1013 2323 1093 2361 Te-

216 2391 324 2428 rent.
352 2389 456 2428 Hoc.
482 2389 526 2435 ⁴2,
560 2388 605 2434 2,
640 2386 678 2425 3.
707 2409 751 2413 -
776 2385 934 2425 Feceril
954 2386 1094 2435 auspi-

213 2450 334 2501 cium]
369 2450 526 2490 «Dives
559 2450 637 2489 iste
671 2458 851 2487 caecam
876 2449 918 2487 et
945 2447 1089 2487 morbi

214 2513 403 2553 similem
434 2511 661 2551 libidinem
691 2521 819 2550 suam
851 2511 906 2549 ita
938 2511 1091 2560 sequi-

214 2581 302 2622 tur,
349 2586 399 2614 ac
440 2576 475 2614 si
517 2575 633 2614 esset
665 2574 909 2624 auspicium
941 2573 1092 2612 divini-

215 2643 280 2677 tus
312 2638 462 2676 (latum
494 2637 741 2677 numinisve
773 2635 956 2676 alicuius
997 2636 1088 2675 ius-

214 2710 354 2739 sum.»
408 2700 536 2749 (Virg.
561 2701 668 2738 Aen.
694 2698 741 2747 9,
778 2697 876 2737 1185:
925 2708 982 2736 arn
1011 2708 1089 2736 sua

211 2763 356 2811 cuique
394 2763 490 2801 deus
526 2762 572 2812 fit
608 2761 705 2799 (lira
733 2760 881 2809 cupido
895 2759 931 2811 P)
982 2760 1089 2798 For-

215 2824 414 2864 cellinus:
451 2825 518 2863 «Si
549 2835 651 2864 cum
682 2824 870 2864 incitarit
900 2825 943 2862 et
969 2821 1089 2862 velut

214 2888 304 2926 avis
336 2887 581 2936 auspicium
623 2885 786 2925 laetum
827 2883 1085 2932 obtulerit‚»

214 2960 300 2999 quo
335 2950 585 2997 moneatur,
619 2949 666 2986 ut
687 2948 819 2986 Teani
847 2946 992 2997 potius
1014 2944 1090 2985 vil-

214 3010 301 3050 lam
341 3010 558 3049 aedificet.
605 3030 648 3037 -ι
692 3010 951 3059 ferramenta
986 3009 1089 3048 Tea-

213 3071 324 3122 num]
359 3071 624 3110 «Praevideo
656 3070 772 3119 fore,
813 3073 861 3109 ut
891 3071 1087 3109 Teanum

214 3134 478 3179 Sidicinum,
518 3133 642 3171 XXX.
668 3133 722 3171 M.
748 3134 791 3171 P.
816 3142 840 3170 a
870 3132 982 3171 Baiis
1013 3142 1087 3170 re-

214 3200 408 3243 motum,
444 3193 591 3233 fabros
616 3193 765 3232 iubeat
796 3195 1087 3233 instrumenta

215 3258 388 3298 deferre
413 3257 559 3307 ibique
577 3254 707 3294 aliam
722 3253 868 3294 villam
891 3257 1089 3295 exstrue-

215 3332 306 3360 re.»
347 3321 565 3359 «Primum
589 3317 750 3369 gaudet
770 3318 1000 3357 maritimis
1021 3317 1086 3357 lo—

216 3382 301 3429 cis,
336 3382 544 3420 continuo
574 3381 674 3431 post
704 3378 1085 3418 mediterraneis.»

218 3444 355 3482 Comi.
395 3443 523 3487 Caro.
594 3439 719 3488 Quod
767 3442 915 3480 autem
962 3441 1089 3480 affert

215 3508 378 3544 Acron:
422 3505 642 3543 «Teanum
674 3502 824 3542 civitas
856 3503 923 3541 est
953 3502 1088 3542 Cam-

1164 1014 1346 1064 paniae,
1380 1012 1614 1055 abundans
1645 1016 1821 1067 optimis
1852 1015 1984 1057 fabris
2006 1021 2043 1057 ei

1162 1075 1394 1116 sartoribus
1431 1075 1486 1127 (et
1527 1077 1642 1128 ferro
1679 1079 1791 1118 mira
1830 1079 2040 1118 varietate

1163 1139 1241 1181 Ed.
1266 1140 1376 1179 Ven.
1407 1138 1570 1190 44-84.)»
1603 1151 1656 1180 ex
1688 1142 1851 1181 Horatii
1891 1141 2041 1182 verbis

1163 1212 1299 1252 prave
1340 1200 1572 1242 intellectis
1611 1205 1781 1242 temere
1812 1204 2041 1254 arreptum

1161 1264 1350 1303 videtur.
1378 1284 1423 1291 ——
1452 1264 1482 1302 T
1481 1264 1622 1316 olletis]
1654 1266 1816 1315 Arguta
1847 1264 2041 1305 brevilo-

1163 1327 1341 1377 quentia
1382 1326 1487 1377 ipsis
1526 1326 1671 1367 divitis
1707 1326 1858 1367 verbis
1887 1328 2037 1367 utitur.

1214 1388 1353 1428 87-90.
1376 1389 1523 1427 Lectus
1539 1389 1727 1439 genialis]
1759 1389 1859 1439 «qui
1880 1389 2041 1440 nuptiis

1162 1451 1372 1491 sternitur
1402 1451 1445 1490 in
1475 1451 1693 1490 honorem
1715 1451 1881 1490 Genii.»
1920 1450 2040 1491 Pauli

1162 1512 1342 1552 Diaconi
1363 1513 1465 1552 Exc.
1481 1524 1523 1564 p.
1540 1514 1605 1552 70.
1624 1513 1694 1553 ed.
1710 1513 1910 1553 Lindem.
1927 1514 2039 1554 Cum

1163 1576 1256 1615 eius
1287 1574 1409 1614 locus
1431 1576 1474 1615 in
1495 1576 1604 1615 atrio
1627 1575 1682 1616 sit
1702 1575 1919 1615 adversus
1939 1586 2040 1627 por-

1161 1638 1277 1685 tam,
1310 1637 1436 1676 lectus
1464 1639 1664 1677 adversus
1693 1637 1853 1677 dicitur
1882 1649 1906 1677 a
1937 1639 2040 1677 Pro-

1161 1700 1302 1751 pertio
1333 1700 1381 1748 5,
1417 1700 1493 1747 44,
1526 1700 1612 1750 85,
1645 1699 1815 1739 lectu-lus
1843 1700 2041 1739 adversus

1163 1761 1218 1800 ab
1256 1762 1446 1802 Asconio
1477 1774 1517 1813 p.
1552 1761 1619 1802 43.
1652 1762 1722 1802 ed.
1757 1763 1864 1802 Bait.
1897 1763 2040 1802 Arno-

1161 1824 1261 1864 bius
1284 1826 1328 1864 L.
1352 1825 1392 1864 2.
1418 1835 1458 1876 p.
1486 1824 1553 1864 94.
1579 1825 1731 1875 Lugd.:
1766 1825 1868 1865 Cum
1887 1824 1930 1864 in
1949 1835 2040 1864 mae

1161 1887 1361 1926 trimonia
1380 1887 1627 1936 convenitis,
1660 1891 1759 1938 loqa
1778 1886 1959 1926 sternitis
1977 1886 2038 1926 le-

1159 1950 1289 1988 ctulos
1317 1953 1354 1988 el
1382 1949 1635 1988 *maritorum
1675 1950 1824 1989 Genios
1854 1950 2038 1989 advoca-

1159 2012 1223 2050 tis.
1275 2012 1322 2050 In
1354 2022 1406 2050 eo
1438 2011 1571 2050 etiam
1609 2010 1723 2050 fetae
1762 2011 1872 2051 dicis
1904 2022 2036 2052 causa

1158 2072 1476 2125 aliquantisper
1516 2072 1754 2113 cubabant.
1823 2072 2037 2114 Laberius

1160 2137 1200 2175 in
1241 2134 1558 2187 Compitalibus
1597 2137 1637 2175 2.
1672 2147 1713 2187 p.
1745 2137 1840 2176 240.
1870 2137 2032 2177 Bothe:

1156 2201 1278 2239 Nunc
1307 2204 1351 2239 tu
1373 2200 1580 2249 lentescis,
1611 2211 1721 2239 nuuc
1741 2204 1786 2239 tu
1805 2211 1952 2250 susque
1971 2202 2038 2240 de-

1157 2273 1235 2311 que
1262 2262 1346 2313 fers
1358 2274 1371 2300 .·
1401 2263 1540 2301 Mater
1566 2262 1754 2312 familias
1779 2265 1853 2301 tua
1871 2263 1915 2302 in
1934 2262 2037 2301 lecto

1157 2325 1331 2364 adverso
1370 2325 1490 2363 sedet.
1560 2323 1748 2364 Genialis
1784 2324 1856 2364 hic
1893 2323 2035 2364 lectus

1157 2387 1317 2437 cuique
1336 2385 1519 2426 domum
1542 2386 1719 2425 intranti
1742 2386 1919 2436 signum
1940 2387 2037 2426 erat

1157 2449 1397 2498 coniugum
1427 2460 1508 2499 par
1539 2449 1579 2487 in
1603 2459 1654 2487 ea
1676 2447 1898 2497 habitare3
1932 2458 2035 2488 nam

1155 2510 1342 2550 muliere
1374 2512 1548 2550 mortua
1568 2509 1637 2550 vel
1668 2511 1767 2561 post
1797 2510 2034 2550 divortium

1154 2584 1256 2612 cum
1271 2584 1321 2612 ea
1336 2572 1499 2612 factum
1517 2571 1764 2612 tollebatur.
1786 2572 1849 2613 Cf.
1864 2573 2035 2612 Becker

1155 2635 1302 2675 Gallus
1333 2635 1418 2685 (ed.
1444 2634 1531 2685 alt.)
1565 2636 1614 2674 11.
1639 2645 1680 2686 p.
1705 2635 1757 2674 26
1788 2645 1855 2685 sq.
1894 2657 1938 2662 —
1968 2635 2032 2674 De

1154 2697 1454 2737 enuntiatione
1488 2697 1776 2748 hypothetica
1806 2697 1900 2737 sine
1928 2707 2033 2748 par-

1153 2758 1281 2798 ticula
1313 2759 1347 2797 si
1377 2758 1464 2798 vid.
1489 2769 1623 2809 supra
1656 2758 1713 2797 ad
1742 2769 1784 2799 V.
1808 2757 1874 2797 36.
1912 2779 1956 2785 --
1988 2758 2033 2797 in

1151 2821 1267 2870 aula]
1302 2821 1370 2859 «in
1401 2820 1556 2859 atrio.»
1608 2820 1778 2859 Becker
1809 2819 1953 2859 Gallus
1978 2820 2028 2859 lI.

1151 2893 1194 2933 p.
1231 2881 1322 2920 473.
1360 2904 1403 2909 —--
1436 2882 1581 2921 melius
1624 2881 1683 2920 nil
1725 2881 1880 2921 caelibe
1920 2879 2031 2932 vila]

1154 2943 1300 2983 «Adeo
1328 2942 1471 2983 solent
1502 2944 1802 2984 inconstantes
1825 2954 1924 2984 esse
1954 2944 2032 2983 ho-

1151 3007 1310 3055 mines,
1332 3007 1379 3045 ut
1402 3007 1475 3057 qui
1496 3017 1682 3046 uxorem
1704 3005 1884 3055 habeat,
1903 3016 2031 3057 prae-

1150 3068 1261 3108 ferat
1283 3067 1572 3118 caelibatum,
1606 3067 1784 3108 caelebs
1807 3068 2031 3108 matrimo-

1149 3131 1316 3170 nium.»
1368 3130 1456 3170 Cfr.
1482 3131 1571 3170 Cic.
1595 3130 1651 3169 ad
1671 3131 1756 3170 Att.
1783 3129 1853 3178 44,
1879 3129 1954 3178 43,
1985 3130 2024 3169 5.

1151 3192 1207 3232 de
1240 3193 1397 3240 Quinto
1428 3192 1582 3232 fratre:
1615 3192 1649 3231 A
1679 3193 1867 3231 ducenda
1893 3201 2030 3231 uxore

1149 3255 1207 3294 sic
1237 3255 1454 3304 abhorret,
1499 3258 1545 3294 ut
1582 3254 1710 3294 libero
1739 3254 1883 3293 lectulo
1913 3257 2030 3304 neget

1149 3327 1232 3355 esse
1262 3318 1491 3366 quidquam
1519 3316 1780 3356 iucundius.»
1843 3316 2028 3356 Menan-

1152 3378 1232 3418 der
1261 3389 1303 3429 p.
1333 3378 1428 3418 228.
1462 3379 1539 3418 M:
1580 3372 1734 3427 Ὅστις
1763 3374 2027 3430 πενόμενος

1150 3437 1376 3488 βούλεται
1405 3434 1490 3496 ζῇν
1519 3434 1685 3491 ἡδέως,
1711 3434 1910 3496 ‘Et-{pam
1938 3450 2026 3492 ya-

1150 3501 1371 3554 μούντων
1396 3497 1542 3550 αὐτὸς
1563 3495 1819 3551 ἀπεχέσθω
1839 3497 2020 3554 γάμων.
