2231 3787
795 256 890 296 ΜΒ.
926 257 956 295 1.
1018 256 1180 296 EPIST.
1215 257 1243 295 1.

1837 256 1938 307 389

189 387 408 439 Aestuat
447 396 498 440 et
537 387 673 440 vitae
715 386 1049 440 disconvenit
1089 385 1278 440 ordine
1321 394 1454 449 tote,

186 487 378 550 Diruit‚
422 489 694 546 aedificat,
737 497 904 542 mutat
941 488 1205 560 quadrata
1245 487 1530 542 rotundis?

1843 489 1940 542 ’100

189 591 428 645 Insanire
469 599 625 662 putas
666 590 944 644 sollemnia
984 608 1068 644 mc
1108 607 1287 662 neque
1337 589 1507 649 rides,

184 694 293 746 Nec
332 693 526 747 medici
568 693 746 748 credis
785 711 884 748 nec
924 692 1188 748 curatoris
1229 709 1392 763 egere

185 799 225 849 A
264 804 514 867 praetore
555 794 686 858 dati,
730 813 911 849 rerum
952 794 1113 849 tutela
1152 812 1396 848 mearum

224 939 316 979 400.
359 939 544 979 Distinxi
583 949 685 979 cum
726 937 933 979 Obbario.
996 936 1075 978 Alii
1115 939 1289 989 signum
1326 939 1679 990 interrogationis
1718 943 1887 992 ponunt

167 1004 267 1054 post
295 1013 336 1041 V.
372 1001 466 1042 405.

111 1126 314 1166 subucula
344 1126 446 1178 cet]
487 1127 633 1167 tunica
665 1127 848 1167 interior
878 1125 992 1167 linea

111 1188 182 1230 vel
202 1189 402 1240 byssina.
436 1189 575 1229 Varro
597 1200 666 1240 ap.
691 1191 801 1229 Non.
825 1200 869 1240 p.
895 1188 989 1229 542.

111 1253 263 1293 Mero:
296 1253 574 1301 Posteaquam
595 1252 713 1291 binas
732 1252 897 1291 tunicas
915 1251 995 1291 ha-

112 1316 205 1357 bere
247 1320 491 1366 coeperunt,
538 1316 805 1355 instituerunt
840 1327 995 1356 vocare

110 1378 409 1418 subuculam
431 1378 654 1429 (virorum)
675 1382 712 1418 et
731 1378 994 1418 indusium

112 1440 424 1492 (feminarum).
459 1441 604 1481 «Haec
624 1441 864 1491 interdum,
890 1442 992 1493 quia

110 1504 254 1545 minus
286 1514 385 1544 eam
416 1513 546 1553 curo,
594 1502 755 1543 detrita
787 1505 878 1553 est,
925 1507 994 1543 tu-

108 1567 206 1607 nica
225 1568 379 1607 contra
405 1577 541 1616 pexa,
575 1564 619 1605 id
641 1567 733 1615 est,
767 1576 926 1606 recens
950 1567 994 1605 et

113 1630 278 1682 spissa,
323 1628 434 1669 villis
465 1627 607 1680 planis
639 1629 682 1668 et
721 1627 865 1681 politis
897 1631 994 1669 tex-

110 1694 256 1732 turam
309 1690 561 1742 tegentibus
615 1689 784 1742 (toqam
832 1702 993 1741 pexam

109 1755 233 1795 Mart.
258 1754 304 1803 2,
329 1753 403 1803 44,
430 1753 501 1804 4.),
526 1751 714 1804 talisque
737 1752 994 1805 discrepan-

110 1818 167 1857 tia
204 1815 442 1857 ridiculum
486 1826 592 1856 sane
632 1815 821 1867 praebet
868 1827 994 1868 aspe-

111 1882 256 1927 ctum,
298 1880 342 1918 et
373 1877 573 1919 similiter
602 1877 679 1917 ubi
715 1879 815 1929 toga
845 1879 992 1919 minus

111 1939 360 1992 eleganter,
395 1951 530 1992 quam
560 1951 679 1980 nunc
710 1939 875 1990 solent,
917 1942 992 1992 qui

23 2047 33 2056 ,
111 2004 282 2044 ornatui
313 2004 514 2051 student,
549 2003 737 2044 amictus
769 2014 890 2053 sum,
934 2005 991 2044 ita

109 2068 158 2106 ut
186 2064 301 2105 male
343 2065 451 2105 mihi
488 2065 670 2113 sedeat,
718 2077 771 2105 ex
811 2077 989 2117 unaque

110 2130 236 2180 parte
268 2129 407 2178 magis
439 2127 607 2168 defluat
637 2139 773 2179 quam
804 2140 856 2168 ex
879 2129 992 2169 alte-

109 2202 200 2230 ra.»
254 2191 354 2241 (Sat.
380 2191 426 2238 4,
460 2189 507 2239 3,
541 2189 625 2240 34.)
661 2213 706 2218 —
739 2191 871 2243 Rides]
907 2192 991 2232 «lta

110 2251 339 2301 videlicet,
380 2254 427 2291 ut
458 2262 539 2302 ego
569 2263 658 2291 una
689 2254 839 2292 tecum
869 2254 991 2294 ride-

110 2326 227 2355 am.»
276 2313 458 2355 Martial.
498 2315 547 2361 2,
594 2314 670 2363 58,
716 2315 764 2353 4;
808 2316 992 2355 Pexatus

104 2377 277 2427 pulchre
292 2377 402 2416 rides
415 2387 533 2424 mea,
554 2376 684 2425 Zoile,
715 2377 830 2416 trita.
864 2379 992 2416 Pror-

111 2450 187 2480 sus
217 2438 382 2480 similes
423 2437 643 2478 Plutarchi
689 2438 744 2478 (le
791 2438 906 2479 adul.
948 2442 991 2480 et

110 2513 198 2542 am.
224 2502 356 2542 discr.
385 2501 422 2541 6.
448 2503 491 2541 et
519 2501 694 2541 Ioannis
727 2501 991 2551 Chrysosto-

111 2565 171 2605 mi
214 2563 336 2604 locos
382 2575 483 2604 cum
529 2565 766 2603 Horatiano
808 2563 991 2605 contulit

109 2628 305 2669 Muretus
348 2626 398 2665 v.
438 2627 482 2666 L.
524 2626 595 2675 44,
644 2627 708 2666 45.
761 2628 911 2666 luven.
937 2628 987 2677 3,
1022 2618 1025 2645 ¹

111 2689 188 2731 447
218 2700 317 2741 sqq.

163 2752 254 2793 994
265 2752 330 2792 03.
362 2751 545 2804 Aestuat]
577 2751 777 2793 Verbum
797 2758 990 2795 aestuare
1021 2747 1023 2783 ἶ

110 2826 133 2854 a
164 2813 372 2854 fluctibus
392 2815 528 2855 maris
549 2814 604 2854 ad
626 2816 824 2856 animum
850 2818 990 2858 trans-

111 2876 195 2917 fert
225 2876 358 2915 etiam
389 2877 479 2917 Cic.
503 2878 628 2917 Verr.
652 2879 811 2919 Aecus.
835 2880 883 2928 2,
917 2879 983 2929 30,
1020 2897 1021 2907 ¹

111 2936 182 2978 74:
206 2938 350 2987 Itaque
365 2938 583 2979 aestuabat
602 2939 877 2990 dubitatione,·
897 2953 988 2982 ver-

110 2998 230 3038 sabat
267 3010 308 3039 se
350 3000 392 3038 in
435 3004 657 3050 utramque
693 3007 864 3052 partem
904 3017 986 3045 non

110 3062 243 3102 solum
270 3065 427 3110 mente,
467 3073 613 3102 verum
641 3065 767 3104 etiam
794 3077 982 3117 corpore.

115 3147 160 3152 -—
184 3123 448 3174 disconvenit]
470 3124 660 3165 verbum
680 3127 982 3180 Horatianum‚

112 3189 160 3226 ut
187 3187 250 3239 vi=
294 3188 386 3235 tur,
420 3187 554 3226 etiam
583 3188 693 3239 Epp.
728 3190 773 3237 4,
809 3190 881 3240 44,
916 3193 982 3232 48.

110 3259 215 3300 pro:
233 3186 523 3301 Qiscordat,
557 3249 822 3302 discrepat.»
843 3275 886 3280 —
905 3254 986 3293 Di-

111 3311 217 3361 ruit,
240 3311 432 3363 aedificat
451 3311 554 3363 cet]
577 3310 732 3352 Salust.
759 3313 880 3353 Catil.
905 3315 980 3354 2οῑ

111 3385 221 3414 nova
248 3374 440 3424 diruunt,
473 3374 561 3413 alia
581 3375 814 3426 aedificant.
866 3377 985 3416 Haec
1015 3403 1019 3435 ι

115 3437 158 3475 et
186 3437 417 3488 sequentia
446 3440 580 3476 mutat
610 3438 823 3487 quadrata
844 3443 986 3478 rotun-

114 3497 175 3537 dis
196 3497 351 3551 («ipse,
377 3510 455 3540 cur
475 3499 559 3539 hoc
581 3498 728 3549 saciat,
762 3499 846 3543 sibi
866 3500 985 3541 haud
1014 3475 1020 3531 l

1058 1127 1310 1177 conscius»)
1343 1128 1541 1179 speciem
1562 1127 1732 1168 liabent
1762 1139 1943 1180 prover-

1057 1188 1237 1228 biorum
1275 1188 1331 1229 de
1369 1189 1626 1230 hominibus
1667 1202 1826 1242 parum
1858 1191 1942 1232 sibi

1058 1251 1366 1292 constantibus
1383 1262 1655 1304 semperque
1674 1252 1754 1293 alia
1776 1265 1827 1294 ac
1848 1266 1943 1294 rur-

1058 1325 1133 1355 sus
1164 1313 1246 1354 alia
1278 1316 1428 1354 mente
1451 1315 1749 1356 versantibus.
1813 1317 1943 1358 Cete-

1057 1388 1158 1418 rum
1187 1378 1298 1418 hoc:
1343 1389 1439 1417 mea
1478 1380 1679 1419 sententia
1699 1402 1722 1408 -
1743 1402 1765 1408 -
1787 1380 1939 1431 diruit,

1057 1440 1250 1491 aedificat
1289 1441 1332 1480 in
1362 1441 1527 1480 Horatii
1564 1451 1759 1492 persona
1790 1453 1814 1481 a
1845 1442 1944 1482 tali-

1056 1503 1142 1543 bus
1175 1504 1360 1555 inceptis
1382 1502 1650 1545 alienissima
1672 1506 1941 1547 facetissime

1056 1565 1293 1607 ridiculum
1325 1569 1420 1607 erat
1451 1569 1494 1607 et
1524 1578 1798 1619 magnopere
1827 1569 1942 1609 ami-

1058 1639 1134 1669 cos
1166 1628 1393 1669 oblectare
1425 1629 1637 1670 debebat.
1674 1653 1720 1658 -
1751 1631 1944 1672 Insanire

1056 1715 1078 1720 —
1099 1691 1328 1744 sollemnia]
1363 1691 1578 1732 «delirare
1609 1691 1736 1733 solito
1769 1704 1938 1743 errore,

1057 1755 1443 1806 quemadmodum
1473 1755 1639 1796 faciunt
1669 1766 1826 1796 omnes
1854 1754 1938 1805 alii,

1057 1817 1170 1857 adeo
1201 1819 1249 1857 ut
1287 1829 1434 1869 neque
1467 1818 1694 1869 castigatio
1733 1829 1817 1858 nec
1849 1819 1942 1859 sin-

1056 1879 1218 1931 gularis
1242 1879 1385 1931 aliqua
1410 1891 1516 1920 cura
1547 1881 1654 1921 mihi
1684 1880 1939 1922 adhibenda

1057 1943 1154 1983 sit.»
1207 1942 1271 1983 Cf.
1308 1944 1394 1982 Sat.
1436 1944 1486 1992 2,
1527 1943 1572 1992 3,
1614 1943 1693 1983 420
1724 1954 1792 1994 sq.
1846 1944 1936 1983 Cic.

1056 2005 1114 2045 ad
1133 2007 1219 2045 Att.
1243 2006 1289 2055 7,
1314 2006 1362 2045 6:
1398 2006 1576 2046 Tantum
1601 2006 1733 2058 i9itur
1751 2010 1940 2046 nostrum

1055 2068 1159 2107 illuct
1187 2068 1378 2108 sollemne
1408 2072 1633 2109 teneamus.
1684 2070 1749 2109 De
1778 2068 1939 2110 talibus

1057 2130 1463 2172 constructionibus
1486 2130 1652 2183 (crebra
1678 2132 1827 2183 ferire,
1859 2132 1940 2185 με’-

1054 2205 1196 2247 γιστα
1239 2188 1496 2250 εὐεργετῶν
1540 2194 1658 2246 cet.),
1700 2195 1744 2234 in
1774 2194 1938 2245 quibus

1056 2255 1275 2295 adiectiva
1304 2267 1384 2307 pro
1406 2256 1630 2297 adverbiis
1651 2260 1935 2309 usurpantur,

1055 2316 1142 2357 vid.
1167 2319 1363 2368 Wagner
1393 2318 1449 2357 ad
1479 2319 1597 2369 Virg.
1629 2321 1738 2358 Aen.
1772 2319 1821 2369 3,
1865 2320 1933 2359 56.

1057 2380 1143 2420 Cfr.
1164 2381 1250 2419 Sat.
1270 2382 1316 2429 2,
1342 2381 1385 2430 3,
1411 2380 1486 2420 63:
1515 2381 1688 2421 similem
1705 2382 1934 2432 (errorem)

1054 2443 1252 2482 insanire.
1305 2466 1349 2470 —
1396 2443 1700 2483 curatoris-A
1743 2448 1937 2493 praetore

1024 2527 1025 2532 =
1055 2505 1157 2556 clati]
1190 2504 1253 2545 Cf.
1293 2505 1379 2545 Sat.
1417 2506 1463 2554 2,
1506 2505 1554 2555 3,
1588 2507 1667 2545 217
1699 2518 1767 2557 sq.
1801 2507 1936 2546 Tutor

1055 2568 1186 2608 datur
1208 2567 1450 2619 impuberi,
1484 2570 1663 2608 curator
1682 2568 1840 2620 puberi
1864 2579 1935 2609 us-

1054 2641 1142 2681 que
1175 2630 1231 2669 ad
1259 2630 1386 2669 XXV.
1411 2640 1592 2670 annum.
1625 2630 1713 2670 XII.
1745 2629 1851 2670 Tab.
1883 2631 1929 2678 5,

1053 2693 1101 2732 7:
1136 2693 1181 2732 Si
1209 2692 1393 2743 furiosus
1411 2693 1527 2742 escit,
1561 2697 1815 2745 agnatorum
1833 2704 1933 2744 ssen-

1052 2756 1267 2805 titiumque
1296 2755 1340 2794 in
1369 2766 1414 2795 eo
1444 2756 1707 2806 pecuniaque
1736 2756 1822 2796 eius
1850 2767 1933 2806 po-

1052 2822 1175 2858 testa-s
1194 2822 1290 2858 esto.
1345 2818 1551 2858 «Furioso
1574 2820 1618 2858 et
1638 2818 1835 2858 dementi
1859 2829 1934 2858 eu-

1051 2882 1172 2921 rator
1220 2881 1346 2932 isque
1391 2891 1471 2932 per
1519 2882 1775 2933 praetorem
1819 2880 1933 2920 defi—

1051 2945 1195 2984 ciente
1226 2942 1418 2994 legitimo
1435 2942 1627 2983 dabatur
1647 2954 1700 2983 ex
1721 2942 1817 2994 lege
1838 2944 1928 2983 XII.

1050 3004 1334 3055 Tabularum,
1378 3006 1526 3045 insano
1565 3005 1634 3046 vel
1673 3007 1795 3046 stulto
1836 3004 1930 3046 solo

1049 3070 1268 3119 praetoris
1300 3069 1489 3108 edicto.»
1533 3070 1683 3109 OBBAR.
1722 3093 1765 3097 —
1787 3080 1931 3109 rerum

1050 3131 1178 3170 tutela
1225 3131 1440 3183 mearum]
1491 3143 1579 3171 non
1625 3132 1836 3180 «tutor,»
1882 3132 1931 3169 ut

1049 3192 1174 3232 multi
1221 3192 1399 3243 volunt,
1452 3193 1533 3233 sed
1578 3193 1927 3245 «praesidium»

1048 3253 1158 3295 Illud
1190 3256 1329 3305 enim,
1362 3257 1556 3296 tutorem
1579 3254 1660 3304 (vel
1681 3256 1827 3306 potius
1849 3264 1928 3293 cu—

1047 3318 1258 3367 ratorem)
1286 3316 1455 3358 habere
1477 3319 1622 3357 virum
1641 3328 1782 3368 prope
1805 3315 1931 3366 quin-

1049 3380 1370 3429 quagenarium
1393 3381 1436 3419 et
1455 3390 1563 3419 sana
1584 3380 1733 3418 mente
1755 3376 1929 3428 praedi-

1049 3440 1166 3490 tum,
1208 3452 1341 3481 nemo
1379 3442 1680 3481 Romanorum
1717 3439 1924 3487 dixisset,

1048 3502 1214 3543 nedum
1246 3503 1301 3542 de
1324 3513 1371 3543 se
1404 3503 1499 3554 ipso
1526 3501 1743 3542 Horatius.
1807 3501 1927 3541 Haec
