2231 3787
206 223 307 274 378

805 221 1017 261 HORATll
1050 220 1413 262 EPISTOLARUM

277 355 351 407 Ne
392 370 550 407 cures
589 370 677 414 ea,
720 369 859 423 quae
900 351 1055 405 stulte
1095 351 1304 403 miraris
1343 358 1395 403 ct
1433 359 1608 419 optaS‚

282 456 502 509 Discere
543 463 595 508 et
633 453 821 507 audire
860 462 911 507 et
949 452 1154 506 meliori
1195 451 1419 505 credere
1459 468 1565 504 non
1604 450 1726 503 vis?

280 556 411 620 Quis
451 556 652 609 circum
690 572 858 625 pagos
900 563 952 607 et
989 554 1192 607 circum
1230 552 1467 623 compita
1504 568 1719 623 pugnax

280 659 468 728 Magna
506 657 751 711 coronari
793 663 1094 709 contemnat
1133 653 1411 725 Olympia,
1462 653 1547 707 cui
1589 670 1741 723 speS,

1963 653 2030 704 50

283 760 378 813 Cui
419 761 483 813 sit
523 758 769 813 condicio
810 755 982 810 dulcis
1023 756 1137 809 sine
1177 754 1400 826 pulvere
1440 753 1692 825 palmae?

322 903 386 943 4-7.
420 907 531 951 optes
561 910 784 951 superscr.
811 910 839 938 a
867 898 911 938 b.
942 921 984 926 ——
1009 899 1075 938 52.
1109 901 1166 937 est
1196 901 1418 948 arqentum
1447 907 1555 936 auro
1586 894 1725 936 Codd.
1758 896 1974 936 Torrentii

267 969 307 1004 et
339 975 452 1003 uuus
484 963 698 1009 Pottierii‚
732 965 788 1001 est
818 972 924 1000 auro
956 964 1177 1012 arqentwn
1209 971 1231 999 e
1264 958 1372 999 Cod.
1407 956 1512 998 Coll.
1551 958 1700 997 Trinit.
1732 956 1972 999 Bentleius.

270 1048 312 1054 —
362 1028 427 1066 55.
474 1026 665 1065 Pei-docet
711 1027 747 1072 t,
793 1023 1016 1063 Praedocet
1044 1023 1213 1062 Veneta
1245 1021 1364 1062 4481.
1415 1020 1628 1072 (Prodoeet
1671 1021 1805 1060 etiam
1847 1018 1972 1073 βγκ,)

211 1142 349 1182 xerbii
386 1141 521 1180 habet
558 1141 778 1192 speciem,
826 1142 875 1179 ut
919 1139 996 1179 Od.
1033 1138 1086 1187 4,

216 1204 283 1252 14,
318 1204 383 1244 24.
418 1205 505 1243 Sat.
545 1204 589 1251 4,
637 1204 685 1251 4,
732 1202 797 1241 39.
845 1202 896 1250 2,
944 1201 993 1250 3,
1037 1201 1089 1240 56

212 1279 276 1318 sq.
302 1267 449 1317 Eurip.
478 1265 691 1305 Androm.
716 1264 809 1305 487.
835 1264 889 1304 de
921 1265 1090 1315 impetu

210 1328 428 1369 xiolento:
461 1325 539 1368 διὰ
569 1324 659 1384 γὰρ
689 1323 839 1383 πυρὸς
870 1318 975 1379 ἦλθ’
998 1325 1093 1366 ἑτέ-

212 1405 277 1448 ρῳ
307 1390 448 1439 λέχει.
503 1392 672 1431 Seneca
703 1388 875 1441 Hippol.
901 1389 1005 1428 700:
1042 1389 1091 1427 Te

210 1454 273 1493 vel
299 1465 375 1503 per
405 1454 537 1504 ignes,
565 1464 644 1503 per
671 1463 791 1491 mare
820 1452 1015 1490 insanum
1033 1461 1093 1490 se-

213 1528 324 1566 quar
351 1518 564 1566 Rupesque
585 1520 620 1556 et
650 1526 815 1564 amnes,
846 1515 962 1553 unda
992 1525 1092 1563 quos

213 1583 374 1618 torrens
395 1579 521 1628 rapit.
551 1601 595 1606 —
618 1579 679 1617 Ne
699 1588 817 1617 cures
846 1577 948 1628 cet.]
975 1577 1090 1616 Vere

215 1640 454 1681 Lambinus
476 1642 789 1691 interpretatus
814 1641 904 1688 est,
926 1643 973 1678 ut
991 1650 1088 1687 non,

214 1703 282 1743 vel
303 1704 339 1743 si
361 1703 500 1743 mavis
517 1715 524 1741 :
560 1703 786 1752 Quominus
806 1711 924 1740 cures
942 1723 991 1730 --
1010 1712 1093 1739 non

212 1765 306 1805 ris?
351 1766 489 1813 «Quin
531 1765 575 1804 id
620 1764 751 1812 facis,
799 1763 919 1814 quod
962 1762 1091 1813 longe

214 1826 381 1868 facilius
426 1830 493 1866 est
535 1826 695 1866 talibus
742 1825 993 1874 laboribus,
1045 1828 1093 1864 ut

215 1902 346 1930 verae
379 1890 621 1941 sapientiae
652 1889 905 1940 praeceptis
937 1898 1093 1926 aurem

215 1952 456 2005 praebeas!
502 1950 627 1999 Quod
659 1949 734 1989 ubi
765 1950 946 1997 feceris,
982 1960 1092 2000 opus

217 2026 303 2055 uon
334 2014 522 2053 habebis
560 2023 716 2051 curare
756 2011 873 2050 bona
904 2012 1090 2050 inania.»

218 2077 358 2125 {Hand
379 2078 503 2115 Turs.
526 2075 595 2114 lv.
619 2086 661 2126 p.
686 2073 757 2114 42¹:
785 2073 983 2113 «discere
1006 2083 1093 2111 non

217 2140 280 2178 xis
324 2139 367 2177 in
408 2148 511 2177 eum
548 2136 705 2184 finem,
754 2147 809 2176 ne
848 2146 899 2175 ea
930 2146 1092 2175 cures»

218 2201 318 2250 cet.)
355 2223 399 2227 —
435 2198 620 2247 miraris]
656 2198 829 2248 «magni
859 2196 1016 2246 facis,»
1048 2199 1096 2237 ut

218 2264 324 2314 Epp.
356 2263 394 2309 l,
429 2262 474 2309 6,
511 2262 554 2300 l:
587 2261 658 2300 Nil
687 2261 910 2300 admirari.
939 2284 983 2289 —
1015 2261 1095 2299 Di-

217 2337 325 2364 scere
356 2328 393 2363 et
422 2324 571 2363 audire
602 2323 703 2375 cet.]
744 2324 853 2374 Epp.
880 2324 924 2371 4,
959 2323 1008 2371 8,
1042 2323 1090 2362 8:

216 2388 286 2426 Nil
322 2386 471 2425 audire
501 2386 642 2435 velim,
688 2386 747 2424 nil
790 2385 943 2424 discere
988 2385 1097 2434 quod

219 2450 318 2489 levet
343 2460 531 2500 aegrum.
554 2471 598 2476 —-
618 2448 779 2487 meliori
799 2447 978 2496 credere]
1004 2457 1097 2487 «sa-

223 2512 424 2563 pientiori
456 2510 591 2550 fidem
622 2510 862 2550 tribuere.»
912 2510 1019 2561 Epp.
1046 2509 1092 2557 4,

223 2575 267 2622 2,
317 2574 388 2614 68:
449 2578 486 2613 te
528 2573 763 2613 melioribus
806 2574 922 2623 offer.
986 2571 1092 2612 Plat.

221 2636 343 2688 Apol.
377 2637 495 2676 Socr.
528 2637 600 2675 1¹7:
647 2631 862 2676 ἀπειθεῖν
892 2632 955 2688 τῷ
985 2632 1097 2682 βελ-

222 2700 354 2738 τίονι.
431 2699 543 2748 (Non
587 2708 772 2749 possum
816 2696 1098 2748 interpretari

222 2772 323 2801 cum
362 2760 531 2800 Handio
567 2760 625 2800 ad
660 2761 887 2812 &Vopkens
918 2771 960 2811 p.
1000 2759 1092 2800 449.

223 2824 381 2862 meliori
402 2827 444 2863 te
463 2824 650 2873 credere,
675 2824 766 2863 dich
781 2822 1098 2873 anvertrauen.)

276 2888 421 2927 49-51.
467 2890 566 2938 Quis
596 2889 697 2940 cet.]
728 2887 857 2928 Aliud
896 2887 1099 2938 proponit

223 2949 426 2991 stultitiae
477 2951 723 2997 humanae,
776 2947 898 2989 facile
949 2950 1098 2987 tamen

224 3012 509 3060 devitandae,
550 3011 828 3063 exemplum,
870 3011 954 3049 hac
986 3010 1100 3048 ima-

225 3075 321 3125 gine
354 3085 638 3125 expressum:
687 3074 824 3121 «Quis
855 3083 943 3111 non
978 3071 1100 3111 malit

225 3137 318 3175 sine
357 3134 443 3174 ullo
484 3136 724 3174 certamine
771 3133 1098 3185 Olympioniccs

227 3209 348 3246 csse,
396 3208 529 3248 quarn
574 3198 615 3236 in
657 3196 769 3236 ludis
811 3195 1097 3246 paganalihus

227 3264 268 3300 et
300 3260 603 3313 Compitaliciis
633 3258 770 3299 multo
793 3270 893 3298 cum
917 3259 1095 3308 sudore,

229 3325 384 3374 exiguo
414 3324 558 3372 lucro,
606 3322 721 3362 nullo
759 3322 926 3361 honore
957 3322 1099 3373 depu-

1154 1149 1237 1189 ope
1268 1136 1435 1177 mavolt
1465 1135 1696 1188 tranqussle
1718 1137 1953 1188 pervenire
1976 1137 2032 1176 ad

1153 1200 1289 1240 finem
1317 1199 1561 1248 bonorum,
1596 1210 1731 1250 quam
1750 1198 1865 1250 volgi
1894 1199 2033 1240 instar

1153 1263 1346 1302 maximo
1386 1271 1489 1301 cum
1526 1260 1678 1301 labore
1719 1261 1881 1301 frustra
1911 1272 2034 1301 sem-

1152 1337 1234 1377 per
1264 1325 1424 1365 sectari
1453 1323 1571 1364 bona
1593 1325 1799 1372 externa,
1832 1323 1950 1363 fluxa
1971 1324 2034 1363 at-

1155 1399 1241 1438 que
1273 1387 1461 1426 inania.»
1498 1409 1543 1415 —
1575 1387 1734 1426 circum
1758 1385 1904 1436 pagos]
1947 1386 2033 1426 Lo-

1155 1451 1304 1501 quitur
1333 1450 1389 1490 de
1426 1449 1548 1490 festis
1584 1448 1872 1501 paganalibus
1903 1449 1948 1488 et
1976 1447 2032 1488 de

1156 1511 1475 1563 Compitalibus
1492 1543 1500 1560 ,
1532 1510 1606 1551 ubi
1623 1511 1786 1562 puqiles
1805 1510 2033 1549 catervarii

1155 1575 1377 1624 oppidani,
1428 1575 1536 1613 inter·
1583 1574 1800 1625 anqustias
1844 1573 2033 1611 vicorum

1149 1641 1385 1688 pugnantes
1408 1638 1600 1688 (Sueton.
1626 1637 1718 1676 Oct.
1738 1635 1839 1686 45),
1863 1634 1933 1675 vel
1953 1636 2036 1674 cir-

1155 1701 1414 1750 cumforanei
1451 1700 1626 1739 lanistae
1665 1699 1740 1749 (Id.
1776 1697 1915 1737 Vitell.
1949 1698 2032 1748 42.)

1157 1763 1347 1802 otiosum
1377 1761 1601 1814 popellum
1633 1762 1726 1802 suis
1756 1760 1925 1800 artibus
1947 1761 2035 1800 exi-

1156 1825 1229 1876 gui
1261 1827 1472 1875 quaestus
1504 1835 1639 1864 causa
1661 1822 1954 1863 delectabant.
1982 1847 2027 1852 —

1149 1887 1350 1938 puqtzaae]
1395 1888 1520 1938 «ipse
1552 1885 1704 1925 talium
1735 1885 2031 1926 certaminum

1157 1949 1425 1990 studiosus.»
1462 1972 1506 1976 —
1538 1948 1713 1999 Maqna]
1745 1948 1921 1987 Lucian.
1947 1948 2036 1986 He-

1157 2012 1252 2052 rod.
1280 2013 1294 2050 l
1315 2023 1321 2052 :
1356 2010 1599 2051 ἐνίσταται
1621 2002 1708 2050 οὖν
1723 2004 1958 2061 Ὀλύμπια
1975 2004 2034 2047 τὰ

1156 2070 1369 2126 μεγάλα,
1428 2084 1515 2124 quo
1564 2072 1742 2112 nomine
1792 2071 2035 2121 distingue—

1157 2136 1319 2175 bantur
1350 2134 1549 2186 Olympia
1571 2134 1627 2173 ad
1656 2134 1802 2175 Pisam
1832 2133 2035 2174 celebra-

1158 2201 1201 2238 ta
1232 2197 1287 2237 ab
1319 2196 1412 2237 aliis
1442 2196 1629 2237 aliarum
1663 2195 1844 2236 urbium
1881 2195 2035 2246 Olym-

1158 2261 1266 2312 piis,
1320 2259 1453 2300 veluti
1507 2260 1573 2299 Dii
1624 2260 1668 2299 in
1719 2260 1876 2299 Pieria.
1954 2259 2034 2298 Dio

1160 2324 1388 2374 Chrysost.
1423 2323 1478 2362 de
1515 2333 1652 2373 regno
1703 2323 1773 2362 Or.
1806 2323 1846 2362 2.
1888 2333 1931 2373 p.
1966 2321 2033 2362 73.

1158 2387 1206 2426 R.
1256 2385 1381 2425 Adde
1421 2384 1552 2425 Iacob
1589 2386 1785 2433 Quaestt.
1833 2384 1944 2436 epic.
1987 2394 2031 2434 p.

1160 2448 1225 2488 35.
1269 2471 1313 2476 —
1356 2446 1824 2498 coronari-Olympia]
1865 2447 2034 2486 Graeco

1160 2510 1322 2559 modo,
1380 2506 1746 2559 στεφανοῦσθαι
1787 2503 2032 2560 Ὀλύμπια.

1161 2572 1266 2613 Plat.
1297 2573 1340 2612 in
1372 2573 1474 2612 Ione
1505 2583 1548 2623 p.
1581 2571 1674 2612 530.
1699 2572 1772 2611 B.:
1819 2564 1908 2624 ἆγε
1946 2567 2033 2622 δή,

1162 2629 1292 2685 ὅπως
1330 2635 1413 2674 καὶ
1450 2629 1509 2673 τὰ
1545 2630 1866 2685 Παναθήναια
1896 2629 2035 2684 νική-

1161 2710 1327 2750 σομεν.
1381 2698 1468 2737 Cic.
1496 2697 1587 2737 Cat.
1610 2698 1712 2735 mai.
1737 2697 1783 2744 5,
1819 2695 1892 2736 ⁴4:
1936 2695 2035 2735 vicit

1162 2761 1367 2810 Olympia.
1396 2782 1440 2787 —
1464 2757 1606 2809 dulcis]
1637 2759 1735 2809 Ipsa
1756 2768 1915 2798 versus
1937 2768 2037 2797 cae-

1162 2833 1263 2863 sura
1301 2831 1381 2860 nos
1425 2821 1510 2860 hoc
1553 2831 1649 2859 voc.
1687 2820 1868 2870 iungere
1912 2818 2036 2860 iubet

1163 2895 1265 2923 cum
1294 2895 1336 2922 v.
1365 2883 1559 2933 palmae,
1593 2893 1683 2922 non
1713 2892 1816 2921 cum
1844 2893 1916 2922 vv.
1948 2892 2036 2932 spes

1163 2948 1206 2986 et
1234 2946 1433 2985 condicio.
1495 2946 1600 2985 «Cui
1628 2943 1763 2984 veluti
1785 2946 1907 2984 certo
1928 2954 2036 2995 quo-

1163 3008 1266 3048 dam
1308 3011 1438 3059 pacto
1478 3008 1695 3048 destinata
1732 3007 1787 3047 sit
1824 3006 2032 3053 victoria,

1163 3081 1265 3110 cum
1283 3081 1414 3110 nemo
1433 3081 1535 3109 cum
1550 3069 1860 3110 robustissimo
1872 3066 2033 3108 athleta

1163 3132 1394 3172 decertare
1438 3131 1649 3179 audeat;»
1696 3141 1809 3182 quae
1852 3129 2034 3181 quidem

1163 3197 1256 3235 erat
1286 3195 1469 3235 victoria
1488 3195 1574 3234 sine
1596 3194 1788 3244 pulvere,
1820 3192 1916 3233 sine
1935 3190 2035 3243 pul-

1162 3259 1278 3298 veris
1299 3258 1580 3309 aspersione,
1607 3251 1793 3295 ἀκονιτὶ
1813 3254 1893 3294 καὶ
1914 3247 2035 3306 ἀμα-

1162 3321 1272 3373 χητὶ
1293 3317 1443 3374 νικᾷν.
1476 3318 1581 3359 Plin.
1601 3320 1651 3359 H.
1671 3320 1720 3359 N.
1740 3318 1814 3366 35,
1840 3318 1905 3366 Η,
1931 3316 2028 3357 439;

229 3388 418 3436 gnare-h
452 3386 499 3426 Id
521 3386 702 3426 estsine
724 3385 937 3435 imagine:
972 3386 1096 3424 «Sine
1159 3383 1419 3423 Alcimachus
1461 3381 1639 3433 (pinoeit)
1669 3380 1931 3431 Demippwm,
1963 3379 2034 3428 qui

229 3448 361 3488 dubio
397 3460 530 3489 sanus
567 3449 754 3499 quisque
796 3445 1096 3498 philosophiae
1156 3445 1380 3495 pancratio
1412 3444 1604 3495 Olympia
1621 3444 1730 3483 citra
1754 3441 1937 3493 pulveris
1965 3444 2032 3480 ta-
