2231 3787
202 259 294 311 146

836 256 1051 297 HORATII
1081 255 1382 297 SATIRARUM

263 390 474 443 Diliissa
514 398 634 442 nate
675 389 834 442 licus:
876 395 927 440 at
966 385 1086 440 illae
1126 402 1348 440 currere
1387 384 1440 435 in
1477 381 1687 435 urbem.

263 491 515 545 Canidiae
556 491 767 551 denteS‚
811 489 972 542 altum
1012 489 1255 558 Saganae
1294 484 1629 540 caliendrum

261 592 520 646 Exciderc
560 601 720 662 atque
760 589 956 643 herbas
996 597 1157 660 atque
1197 588 1460 641 incantata
1504 585 1718 640 lacertis

260 694 477 748 Vincula
515 711 637 747 cuin
676 708 868 762 magno
908 690 1130 759 risuque
1169 689 1402 758 iocoque
1441 686 1674 741 videres,

297 859 361 900 4-8.
396 859 639 898 viliendram
682 866 904 908 superscr.
936 867 965 894 u
996 855 1036 893 S.

190 986 318 1023 nilum
349 983 528 1031 displosa
557 985 732 1031 repenle.
775 1002 815 1010 --
846 979 962 1031 ficus]
989 980 1064 1018 ut-

187 1049 286 1097 pote
329 1044 447 1095 qnod
489 1045 543 1084 sit
586 1043 752 1094 lignum
792 1052 1062 1093 magnopere

187 1106 333 1147 fissile.
385 1129 429 1134 -
478 1107 518 1144 in
564 1103 730 1156 urbem]
776 1105 899 1144 Horti
945 1105 1064 1144 enim

186 1168 524 1216 Maecenatiani‚
558 1167 634 1206 ubi
664 1177 798 1207 scena
819 1166 950 1206 huius
972 1168 1065 1205 tra-

187 1231 368 1281 goediae
412 1230 510 1278 suit,
559 1232 682 1269 extra
718 1228 880 1268 urbem
912 1230 1062 1278 erant,

186 1303 457 1343 quamquam
474 1293 516 1331 in
534 1292 734 1343 proxima
745 1291 918 1330 vicinia.
943 1289 1064 1329 Philo

188 1356 241 1395 de
282 1356 382 1405 Leg.
425 1354 480 1393 ad
523 1355 677 1394 Caium
718 1354 763 1392 T.
796 1353 847 1391 V.
890 1363 933 1403 p.
968 1351 1061 1392 443.

187 1418 319 1468 Lips.:
343 1413 790 1468 Διιεταπιεμψάμενος
806 1410 920 1463 τοὺς
936 1411 1065 1453 δυεῖν

186 1479 351 1531 κήπων
395 1475 680 1535 «ἐπιτρόπους
724 1472 808 1517 τοῦ
854 1488 903 1515 τε
943 1476 1066 1515 Μαι-

185 1539 310 1594 κήνα
332 1542 409 1581 καὶ
431 1541 598 1593 Λαμία
614 1552 623 1562 ·
648 1539 853 1592 πλησίον
875 1536 925 1578 δέ
945 1539 1066 1578 εἰσιν

184 1599 403 1655 ἀλλήλων
433 1616 482 1643 τε
512 1604 595 1642 καὶ
624 1599 711 1655 τῆς
742 1599 942 1651 πόλεως.
975 1603 1067 1640 Au-

187 1666 383 1705 ctoribus
429 1667 526 1705 Sex.
565 1665 674 1705 Rufo
721 1666 764 1704 et
808 1666 851 1703 P.
886 1663 1065 1702 Victore

184 1728 466 1780 pertinebant
497 1727 552 1766 ad
588 1727 817 1777 regionem
849 1725 1064 1775 quintam,

187 1789 461 1840 Esquilinam
483 1800 585 1829 cum
609 1788 706 1828 colli
722 1787 926 1827 Viminali
949 1798 1070 1827 com-

187 1853 469 1905 plectentem.
547 1851 639 1900 (Alii
685 1850 929 1902 explicant:
980 1861 1067 1889 «ex

186 1916 323 1954 hortis
355 1912 588 1964 Esquilinis
618 1912 884 1964 plerumque
917 1911 1068 1952 solita-

187 1978 260 2017 riis
290 1977 333 2015 in
363 1976 714 2026 frequentiorem
735 1974 861 2016 Urbis
892 1976 1067 2025 partem

186 2037 480 2087 recurrunt.»)
507 2060 552 2064 —
577 2037 776 2077 Canidiae
806 2039 942 2077 dentes
964 2036 1064 2088 cet]

190 2102 388 2140 «locatur
408 2101 450 2139 in
472 2099 576 2148 has,
611 2100 738 2150 quasi
762 2098 899 2139 altera
922 2099 1068 2138 denti-

188 2162 272 2202 bus
290 2163 500 2213 appositis
518 2162 691 2213 (emptis
708 2163 841 2212 atque
856 2160 1064 2211 insiticiis)

188 2225 249 2264 uti
279 2223 403 2264 solita
436 2225 503 2270 sit,
531 2223 683 2273 altera,
718 2224 839 2275 quod
869 2223 1003 2274 gibba
1023 2222 1063 2273 (l.

188 2286 357 2338 glabra)
389 2286 532 2335 suerit,
559 2285 848 2335 caliendrum,
874 2287 959 2326 hoc
982 2287 1063 2334 est,

190 2347 477 2400 galericulum
531 2347 699 2387 habere
749 2349 1065 2388 consuesset.»

192 2412 345 2450 ponpa.
383 2432 427 2438 -—
460 2409 732 2461 caliendrum]
767 2408 975 2461 «peplum
998 2420 1069 2448 ca-

191 2474 289 2525 pitis
334 2476 407 2513 aut
451 2474 583 2514 crinis
627 2474 941 2525 suppOSIticius
987 2484 1068 2514 seu

1940 687 2011 738 50

1129 976 1489 1030 capillamentum
1530 973 1756 1030 (κόσμιον
1792 974 2009 1030 κεφαλῆς

1129 1040 1270 1080 Gloss.
1305 1039 1491 1090 Philox.‚
1522 1041 1758 1092 Fontanye,
1789 1039 2008 1080 Perracke.

1130 1102 1254 1143 Conf.
1289 1103 1483 1154 Bott-iger
1525 1103 1685 1143 Sabina
1727 1104 1758 1143 I.
1807 1114 1852 1154 p.
1900 1101 2010 1152 444.)

1129 1168 1204 1205 aut
1233 1164 1496 1216 galericulus
1529 1166 1740 1217 capitisve
1771 1175 2014 1204 ornamen-

1129 1230 1237 1267 tum.
1279 1226 1500 1267 Caliendri
1544 1227 1747 1267 meminit
1787 1228 1832 1267 et
1872 1226 2012 1266 Varro

1129 1292 1173 1330 in
1204 1301 1257 1330 eo
1287 1289 1398 1330 libro
1432 1290 1507 1340 qui
1545 1288 1802 1330 inscribitur
1839 1288 2016 1340 Viryula

1129 1353 1294 1401 divina,
1342 1352 1519 1392 dicens:
1570 1352 1660 1402 qu
1702 1362 1813 1390 nunc
1849 1350 2015 1401 postulo

1128 1415 1443 1466 Agamemnona
1462 1425 1620 1463 meum,
1655 1414 1783 1454 tantis
1803 1413 2016 1454 cothurnis

1130 1478 1281 1527 accipit
1319 1477 1491 1517 Critona
1521 1477 1822 1516 caliendrum.»
1870 1475 2011 1515 COMM.

1132 1540 1262 1585 CRUQ.
1310 1540 1492 1577 Praeter
1514 1538 1746 1578 Horatium
1775 1537 1820 1577 et
1847 1538 2015 1576 Varro-

1132 1612 1237 1641 nem
1276 1601 1361 1639 hac
1395 1610 1506 1640 voce
1546 1610 1654 1640 usus
1692 1599 1869 1639 videtur
1896 1609 2014 1639 unus
2043 1599 2045 1601 ’

1130 1662 1351 1702 Arnobius
1397 1662 1435 1702 6.
1469 1673 1513 1713 p.
1546 1662 1641 1701 209.
1690 1682 1734 1689 —
1780 1659 2013 1711 incantata]

1133 1736 1274 1776 «quae
1329 1723 1528 1763 formulis
1572 1723 1755 1773 magicis
1799 1722 1855 1762 ad
1903 1732 2014 1774 opus

1131 1787 1216 1826 hoc
1247 1787 1348 1837 apt-a
1378 1786 1710 1825 reddiderant.»
1746 1808 1792 1813 —
1825 1784 2012 1836 Vincula]

1134 1849 1344 1897 «amoris,
1369 1847 1467 1887 licia
1490 1860 1544 1888 ex
1564 1847 1751 1887 diversis
1773 1845 2012 1895 coloribus,

1132 1910 1293 1961 quibus
1341 1913 1517 1950 mentes
1565 1909 1798 1949 hominum
1845 1908 2017 1949 vincie-

1131 1972 1281 2012 bant.»
1358 1973 1498 2012 Comi.
1547 1972 1678 2017 CRUQ.
1754 1971 1863 2010 Sunt
1911 1970 2016 2010 nodi

1132 2035 1356 2083 amatorii,
1380 2033 1769 2081 Liebesknoten,
1801 2043 2018 2073 verzau-

1132 2097 1266 2136 berle
1294 2096 1523 2135 Nesleln.
1575 2095 1692 2145 Virg.
1725 2093 1816 2134 Ecl.
1849 2095 1898 2144 8,
1935 2094 2011 2134 73:

1133 2159 1267 2198 Tei-na
1310 2159 1381 2198 tibi
1421 2157 1619 2210 (imagini
1661 2156 1874 2208 magicae)
1913 2157 2014 2196 haec
2071 2192 2073 2196 ,

1125 2222 1316 2273 primam
1354 2221 1508 2271 triplici
1538 2220 1704 2259 diversa
1732 2220 1869 2259 colore
1895 2219 2016 2258 Licia

1130 2284 1355 2323 circumdo.
1417 2282 1540 2322 Ovid.
1563 2283 1661 2321 Am.
1688 2282 1734 2329 4,
1768 2281 1814 2330 8,
1847 2281 1894 2321 7:
1928 2280 2018 2320 Scit

1132 2346 1227 2385 bene
1250 2346 1373 2397 (anus
1395 2345 1530 2396 saga),
1565 2344 1665 2394 quid
1682 2354 1883 2395 gramen,
1916 2342 2017 2393 quid

1131 2413 1239 2448 torto
1260 2408 1423 2448 concita
1450 2406 1620 2446 rhombo
1649 2406 1790 2456 Licia,
1824 2405 1924 2457 quid
1941 2415 2016 2444 va-

1131 2472 1213 2511 leat
1240 2472 1358 2511 virus
1386 2469 1568 2510 amantis
1598 2479 1743 2519 equae.
