2231 3787
302 278 402 330 738

1104 279 1317 319 HORATH

372 410 458 462 Sic
498 409 654 462 etiam
696 408 890 461 tidibus
929 424 1090 461 voces
1131 425 1351 461 crevere
1393 408 1611 468 severis,

370 511 431 563 Et
470 509 582 562 tulit
621 509 893 580 eloquium
936 508 1205 562 insolitum
1244 508 1491 561 facundia
1536 525 1822 579 praeceps,

369 611 691 682 Utiliumque
731 628 893 678 sagax
933 627 1112 662 rerum
1152 617 1203 661 et

299 889 584 939 κορυφαῖον,
616 879 676 922 ἂι·
699 881 913 923 Σκύλλαν
944 880 1167 925 asic-Bona

301 971 343 976 —
376 948 539 996 restem]
571 957 755 997 «syrnia-
777 947 1036 997 tragicum.»
1068 947 1166 1006 gir.
1200 962 1202 1000 3

1187 1001 1337 1067 3ροῑι]
1370 1010 1548 1053 fertur.»
1581 1009 1660 1049 sed
1692 1010 1739 1048 ut
1769 1010 1836 1049 est
1866 1008 1983 1060 apud
2013 1008 2103 1049 Cic.

295 1011 404 1061 Epp.
430 1010 473 1057 ἓ,
500 1010 537 1051 4,
562 1009 654 1047 ⁵207.
702 1009 771 1048 Sic
802 1009 1018 1049 Lucianus
1049 1010 1165 1060 Nigr.

297 1074 360 1111 44.
386 1071 557 1111 deridet
589 1071 846 1119 histriones,
895 1074 1041 1111 cetera
1074 1073 1170 1112 ine—
1199 1095 1201 1099 -

294 1137 408 1185 ptos,
424 1131 653 1190 χρυσίδας
672 1130 1168 1185 viucstc‘o'uc-'vovgPars
1197 1130 1200 1216 3

295 1199 386 1235 erat
417 1197 527 1236 haec
559 1191 725 1245 ὅψεως
755 1193 969 1247 κόσμου,
1003 1196 1058 1236 de
1081 1208 1167 1247 quo
1197 1221 1199 1251 3

292 1260 421 1299 Arist.
446 1261 565 1298 Poct.
592 1259 628 1297 6.
1197 1255 1199 1313 3

347 1321 547 1360 stc-219.
579 1320 739 1371 fidibus]
775 1321 881 1369 «Sic,
907 1321 1064 1360 eadem
1088 1332 1167 1361 ne-
1196 1322 1199 1407 3

292 1384 522 1430 cessitate,
577 1383 724 1432 fidibus
767 1383 887 1433 prius
931 1386 1080 1423 sei-eris
1125 1387 1199 1452 ets

291 1444 556 1485 habentibus
596 1454 777 1493 gravem
815 1456 973 1484 sonum
1003 1456 1168 1485 crevere
1196 1455 1197 1475 1

287 1518 404 1547 voces
431 1510 613 1558 propter
642 1507 925 1556 graxitatem,
961 1508 1062 1558 quia
1093 1519 1166 1548 se-
1194 1479 1198 1563 3

289 1570 518 1609 mitonium
551 1572 617 1607 est
647 1569 899 1617 inventum,
933 1571 980 1609 ut
1010 1572 1164 1609 acutae
1194 1566 1197 1584 ³

287 1643 422 1671 voces
436 1630 643 1682 gravibus
658 1634 995 1671 consonarent.»
1009 1633 1160 1672 Senon

288 1694 461 1734 Codicis
500 1695 669 1734 Monac.
702 1695 879 1733 Aristot.
914 1693 1059 1734 Probl.
1096 1694 1161 1743 49,

286 1755 367 1796 49:
416 1751 444 1807 ἡ
480 1751 767 1812 ὑποόωριστὶ
800 1748 920 1807 ἦθος
951 1750 1050 1803 ’ἔχει
1079 1768 1165 1808 με-

286 1816 580 1874 γαλοπρεπὲς
601 1819 682 1857 καὶ
703 1815 959 1870 στάσιμον,
985 1816 1060 1859 διὸ
1082 1819 1164 1858 καὶ

286 1877 707 1936 κιθαρῳδικωῖάτη
748 1879 849 1919 ἐστὶ,
884 1878 978 1919 τῶν
1008 1877 1163 1937 ἁρμο-

282 1940 395 1981 νιῶν
415 1954 423 1963 ·
463 1939 614 1981 ταῦτα
643 1940 680 1980 δ’
712 1936 863 1993 ἄμφω
895 1938 942 1994 (ἡ
976 1938 1163 1983 &zoam-
1192 1964 1195 2006 3

282 2006 406 2062 gnati
451 2004 532 2043 καὶ
576 1999 603 2055 ἦ
654 1999 992 2060 ἑποᾳρυγιστί)
1031 2003 1160 2062 χορῷ

281 2065 371 2118 μὲν
392 2061 701 2122 ἀνάρμοστα,
735 2069 836 2116 τοῖς
856 2064 906 2106 δὲ
921 2062 1019 2106 ἀπὸ
1040 2080 1162 2120 σκη-

283 2126 369 2180 νῆς
387 2125 652 2183 οἰκειότερα
670 2126 767 2166 κτλ.
792 2151 835 2155 -
854 2130 1036 2178 δευενὶε,
1060 2140 1156 2169 voc.

280 2190 544 2242 plerumque
577 2190 632 2229 (le
653 2191 858 2241 personis
881 2193 1157 2242 usurpatum,

280 2254 351 2292 bic
383 2253 437 2292 de
470 2254 563 2291 arte
586 2253 770 2292 musica.
807 2252 871 2292 Cf.
894 2264 934 2292 v.
961 2253 1053 2292 407.
1078 2254 1155 2293 Od.

280 2316 320 2362 ⁶2,
347 2316 384 2363 4,
409 2315 456 2353 9;
490 2325 656 2354 severae
675 2316 798 2353 Musa
828 2316 1084 2365 tragoediae.
1113 2339 1155 2344 —

280 2377 372 2416 tulit
415 2376 634 2425 eloquium]
683 2377 815 2424 «Quo
860 2375 1160 2416 aemularetur

279 2440 498 2479 musicam
516 2439 863 2486 concitatiorem,
887 2439 1035 2489 poesis
1058 2439 1161 2478 cho-

281 2502 371 2541 rica
412 2501 504 2551 ipsa
542 2511 721 2551 quoque
757 2501 1017 2540 concitatior
1046 2501 1159 2541 facta

282 2565 349 2603 est
369 2565 412 2602 et
432 2563 544 2610 tulit,
572 2562 616 2602 id
639 2564 728 2611 est,
763 2563 928 2602 creavit
949 2563 1032 2603 sibi
1055 2564 1155 2614 (Sat.

281 2627 320 2673 2,
345 2627 385 2674 Ξ,
409 2625 492 2675 93.)
525 2628 657 2677 atque
685 2627 925 2677 assumpsit
945 2625 1159 2666 elocutio-

281 2699 385 2728 nem
417 2699 442 2726 a
470 2687 634 2739 volgari
672 2688 993 2729 consuetudine
1029 2688 1157 2740 longe

281 2753 524 2798 remotam,
572 2750 689 2790 unde
731 2750 948 2791 difficilior
977 2762 1158 2803 semper

282 2812 503 2852 intellectu
534 2816 577 2852 et
606 2813 889 2854 oraculorum
919 2813 1071 2855 similis
1092 2814 1158 2855 fa-

283 2877 350 2913 cta
382 2876 468 2922 est,
511 2876 670 2926 partim
709 2874 879 2916 nobiles
909 2887 1158 2928 gravesque

282 2933 476 2990 γνώμας
505 2937 761 2988 proferens,
804 2940 988 2989 partim,
1033 2941 1158 2990 quasi

284 3000 378 3049 ipse
401 2998 562 3038 chorus
584 2998 713 3039 futuri
735 3011 897 3050 gnarus
924 3003 1056 3049 esset,
1081 3011 1158 3041 oc-

285 3059 401 3100 culte
432 3060 701 3111 significans,
743 3073 877 3112 quem
908 3062 1055 3102 sabula
1086 3073 1159 3103 es-

285 3124 353 3162 set
383 3123 548 3162 exitum
580 3122 804 3170 habitura,
844 3126 912 3163 cui
944 3135 1159 3176 persona-

286 3195 385 3224 rum
415 3195 558 3231 mors,
593 3185 662 3224 cui
693 3185 873 3225 victoria
905 3187 991 3226 sato
1022 3187 1160 3228 desti·
1187 3174 1192 3278 3

287 3248 386 3286 nata
418 3249 589 3287 esset.»
622 3269 666 3275 —-
711 3246 912 3296 facundia
945 3250 1158 3299 praeceps]

288 3310 356 3348 Sic
400 3310 534 3348 etiam
571 3309 738 3348 Graeci.
786 3309 908 3349 Phot.
942 3310 1049 3350 Cod.
1081 3311 1156 3351 84:

287 3371 458 3426 τροπαὶ
488 3366 755 3422 ἆπότομοι,
790 3372 934 3422 «tropi
959 3372 1163 3412 audacio-

288 3442 403 3472 res.»
450 3434 543 3472 Non
567 3435 632 3472 est
651 3434 801 3483 igitur,
834 3435 883 3472 ut
902 3432 971 3472 alii
991 3433 1158 3483 volunt,

289 3495 541 3546 «praecipiti
572 3497 695 3546 quasi
720 3506 852 3536 cursu
868 3497 1073 3535 torrentis
1095 3497 1162 3535 in-
1191 3525 1194 3535 ,

1241 608 1419 662 divina
1457 610 1614 662 futuri

1200 894 1203 940 j
1235 888 1325 926 star
1345 897 1495 933 ruens,
1520 884 1723 926 celeriter
1744 885 1927 933 fluens,»
1957 883 2042 932 vel,
2062 886 2108 924 ut

1233 949 1346 987 Acro
1379 949 1496 996 (licit,
1539 958 1679 997 «quae
1711 957 1813 986 cum
1843 946 2007 997 ingenti
2031 946 2109 986 im-

1233 1082 1312 1122 pro
1344 1072 1461 1112 Cael.
1486 1073 1560 1120 45,
1593 1071 1666 1111 35;
1699 1074 1832 1110 mente
1859 1071 1993 1110 nescio
2021 1080 2108 1119 qua

1232 1136 1438 1184 effrenata
1472 1138 1595 1184 atque
1628 1133 1868 1183 praecipiti.
1929 1132 2104 1181 Quintil.

1233 1196 1303 1245 42,
1331 1198 1403 1245 40,
1428 1197 1507 1236 73;
1547 1197 1706 1236 (licendi
1733 1206 1884 1247 aenas,
1917 1196 2027 1245 quod
2046 1218 2108 1225 --

1224 1260 1478 1309 praecipitia
1510 1270 1588 1309 pro
1626 1258 1864 1298 sublimibus
1893 1257 2024 1298 habet.
2057 1281 2102 1287 —

1229 1322 1445 1372 Sortileqis
1464 1344 1486 1350 -
1505 1343 1529 1350 -
1548 1321 1730 1372 Delphis]
1773 1321 1972 1361 Priscum
2009 1331 2107 1360 mo-

1230 1396 1326 1424 rem
1356 1383 1553 1424 Italicum
1601 1383 1859 1433 (recordare
1890 1384 2107 1423 Fortuna-

1229 1457 1328 1486 rum
1358 1447 1597 1486 Antiatium
1630 1449 1672 1486 et
1700 1446 2027 1496 Praenestinae)
2050 1446 2107 1486 ad

1229 1507 1458 1549 oraculum
1471 1507 1735 1560 Delphicum
1751 1508 2108 1565 transfertvay-

1228 1571 1347 1623 σμοὶ
1376 1573 1527 1611 aut-em
1556 1564 1608 1611 εὖ
1634 1571 1716 1611 καὶ
1753 1568 1978 1622 ποικίλως
2007 1583 2105 1622 πως

1228 1634 1310 1674 καὶ
1349 1631 1518 1683 σοφῶς
1560 1628 1823 1690 ᾖνιγμένοι.
1878 1635 2101 1686 Aristoph.

1227 1698 1306 1748 Eq.
1325 1697 1401 1736 495
1418 1708 1485 1747 sq.
1518 1696 1637 1737 Plato
1656 1698 1783 1748 Legg.
1802 1697 1842 1738 4,
1862 1708 1904 1749 p.
1925 1697 2019 1737 749.
2045 1697 2101 1738 C:

1228 1756 1432 1813 ποιηζὴς
1453 1755 1637 1800 ὁπόταν
1659 1758 1709 1800 ἐν
1729 1757 1793 1814 τῷ
1814 1757 1998 1816 τρίποδι
2018 1756 2105 1812 τῆς

1227 1819 1428 1875 Μούσης
1457 1822 1736 1874 καθίζηται,
1768 1818 1876 1862 τότε
1906 1817 1996 1862 οὐκ
2024 1815 2106 1874 ἵμ-

1227 1897 1362 1941 φρων
1407 1883 1551 1924 ἐστίν.
1595 1887 1738 1935 Atque
1770 1884 1856 1924 hoc
1883 1883 2103 1924 versiculo

1228 1945 1358 1987 simul
1397 1946 1613 1997 significat
1651 1946 1891 1986 chororum
1921 1948 1965 1986 et
1994 1945 2105 1987 sub-

1226 2009 1455 2049 limitatem
1487 2011 1530 2047 et
1551 2007 1895 2057 obscuritatem,
1929 2019 2017 2060 qua
2043 2010 2105 2049 in-

1225 2070 1403 2110 terdum
1434 2071 1567 2109 etiam
1597 2070 1787 2121 antiquis
1818 2071 1944 2121 quasi
1976 2071 2104 2112 invo-

1224 2131 1300 2172 luti
1332 2131 1613 2172 videbantur.
1656 2132 1866 2172 Ceterum
1897 2133 2010 2173 haec
2028 2144 2099 2173 vv.

1224 2195 1443 2234 246-249.
1468 2193 1525 2234 ad
1553 2195 1823 2234 Graecarum
1852 2194 2103 2245 tragoedia-

1224 2267 1326 2296 rum
1347 2256 1506 2296 choros
1528 2256 1758 2295 dumtaxat
1785 2255 1941 2296 referri
1970 2267 2103 2309 appa-

1223 2320 1316 2365 ret;
1350 2318 1405 2358 de
1425 2319 1579 2370 paucis
1600 2317 1681 2359 illis
1701 2319 1864 2359 Latinis
1883 2319 1996 2359 haec
2017 2319 2102 2360 dici

1225 2393 1311 2422 non
1333 2383 1550 2433 poterant.
1580 2382 1635 2421 At
1662 2392 1770 2421 vero
1791 2382 2018 2423 neminem
2037 2382 2103 2423 fu-

1223 2455 1328 2495 gere
1373 2445 1519 2495 potest
1555 2443 1600 2483 in
1629 2445 1720 2483 toto
1749 2443 1836 2484 hoc
1866 2444 1922 2484 de
1953 2445 2101 2486 choris

1224 2506 1402 2546 Graecis
1422 2504 1520 2545 loco
1541 2504 1726 2545 mirifice
1747 2506 1927 2546 misceri
1947 2508 1992 2546 et
2010 2505 2102 2547 lau-

1224 2567 1328 2607 dem
1373 2569 1415 2606 et
1453 2566 1601 2607 lenem
1641 2568 1865 2619 quandam
1895 2569 2097 2619 ironiam,

1223 2629 1434 2681 quoniam
1455 2629 1637 2679 quidem
1655 2630 1815 2670 choros
1834 2632 2100 2682 praesertim

1220 2690 1494 2741 Aeschyleos
1527 2692 1703 2732 Horatio
1734 2692 2002 2734 difficiliores
2031 2694 2101 2735 in-

1222 2752 1400 2794 tellectu
1415 2755 1548 2804 atque
1565 2753 1848 2796 obscuriores
1862 2755 1981 2796 visos
1997 2766 2098 2796 esse

1220 2816 1292 2855 vix
1313 2816 1550 2867 quisquam
1573 2815 1764 2866 negabit.
1798 2817 1992 2858 Pertinet
2008 2817 2098 2858 huc

1223 2878 1357 2918 etiam
1385 2878 1593 2927 eloquium
1611 2877 1716 2918 iilud
1737 2879 1960 2929 insolitum,
1985 2881 2098 2921 mire

1222 2940 1446 2979 remotum
1492 2950 1515 2978 a
1565 2949 1774 2980 sermone
1818 2941 2094 2992 quotidiano,

1223 3001 1347 3042 cuius
1382 3001 1602 3053 poeticam
1633 3002 1872 3054 imaginem
1900 3003 2099 3044 referunt

1222 3062 1371 3103 iambi.

1275 3125 1354 3164 Vv.
1379 3125 1607 3166 220-250.
1637 3137 1661 3166 a
1687 3127 1915 3178 tragoedia
1945 3127 2099 3168 transit

1223 3187 1278 3227 ad
1318 3186 1472 3227 drama
1512 3188 1777 3238 satyricum,
1822 3189 1948 3230 cuius
1976 3187 2097 3241 leges

1224 3250 1403 3302 copiose
1451 3252 1747 3301 exponuntur.
1811 3251 1960 3292 «Cum
2008 3261 2097 3291 non

1224 3313 1267 3351 in
1303 3322 1357 3352 eo
1387 3312 1644 3351 versaretur
1686 3312 1835 3364 poesis
1877 3311 2094 3363 satyrica,

1224 3375 1273 3413 ut
1311 3383 1469 3424 graves
1508 3384 1724 3424 personas
1761 3374 1868 3414 risui
1902 3375 1947 3414 et
1989 3383 2098 3414 con-

1226 3436 1411 3486 temptui
1452 3437 1713 3487 exponeret,
1745 3435 1828 3476 sed
1866 3437 1914 3475 ut
1942 3446 2098 3477 serva-

1225 3499 1267 3536 ta
1299 3507 1453 3537 earum
1484 3497 1692 3548 dignitate
1727 3498 1980 3548 satyrorum
2013 3507 2095 3550 pe-
