2231 3787
208 303 304 353 2713

833 300 1044 339 ttoleTll
1077 299 1374 338 §.mimum

841 677 1189 728 SA‘rmA
1247 676 1370 725 1V.

277 798 422 855 [mle
463 810 514 852 et
556 816 663 868 qno
706 797 923 850 Catius?
969 797 1081 847 Non
1122 804 1203 847 est
1242 793 1364 846 mihi
1409 802 1621 864 tempus
1663 793 1835 847 aventi

260 982 325 1020 lV.
380 982 438 1019 De
472 979 613 1024 Cati0,
658 987 792 1028 quem
824 975 905 1015 sibi
940 975 1077 1014 liora-

205 1046 287 1082 tius
311 1043 425 1091 lingit
450 1042 554 1080 artis
571 1039 806 1078 culinariae
831 1041 873 1077 et
894 1047 1077 1076 mensae

205 1105 440 1144 struendae
483 1105 719 1154 praecepta
761 1111 934 1141 summa
977 1110 1078 1139 cum

204 1169 412 1217 gravitate
453 1168 494 1205 et
541 1166 769 1214 tamquam
808 1175 857 1202 ex
906 1162 1077 1213 tripode

206 1229 476 1269 tradentem,
524 1230 656 1276 atque
689 1226 745 1264 ita
777 1224 985 1275 quidem.
1033 1225 1080 1262 ut

204 1302 310 1343 prae
353 1290 483 1329 nimio
525 1287 712 1327 docendi
753 1287 911 1326 ardore
951 1288 1080 1325 natu-

207 1351 341 1392 ralem
391 1361 540 1390 rerum
599 1350 801 1389 ordinem
858 1348 1079 1388 interdum

207 1413 441 1453 confundat
493 1424 542 1451 ac
592 1410 851 1463 perturbet,
905 1411 1075 1450 Comm.

207 1479 338 1527 Crnq.
363 1477 474 1514 haec
497 1474 623 1513 nobis
646 1473 801 1512 refert:
839 1472 952 1511 «Sub
975 1483 1080 1522 per—

206 1551 313 1580 sona
353 1538 460 1577 Catii
493 1538 659 1576 risurus
701 1539 767 1575 est
806 1537 936 1586 poeta
976 1534 1079 1585 Epi—

207 1611 390 1647 cureos‚
414 1602 461 1637 ut
482 1599 522 1637 in
547 1599 744 1649 proxima
769 1598 950 1636 Stoicos.
987 1597 1079 1635 Fuit

206 1667 354 1703 autem
400 1662 453 1701 M.
501 1661 648 1700 Catius
693 1660 957 1710 Epicureus,
1005 1659 1078 1709 qui

207 1729 413 1777 quattuor
452 1722 585 1762 libros
626 1723 799 1773 scripsit
842 1721 896 1759 de
928 1730 1076 1759 rerum

208 1792 359 1828 natura
393 1789 434 1826 et
474 1785 527 1824 de
563 1795 739 1825 summo
768 1783 911 1829 bono;
960 1781 1076 1833 quod

208 1861 309 1890 cum
348 1849 549 1900 Epicurei
590 1848 631 1885 in
671 1845 893 1897 voluptate
937 1855 1079 1896 pone·

208 1915 326 1960 rent,
360 1912 444 1950 hoc
467 1912 552 1953 est,
587 1910 627 1947 in
660 1907 784 1958 gulae
808 1910 851 1947 et
881 1907 1078 1957 corporis

207 1974 406 2019 libidine,
432 1995 453 2000 -
474 1994 496 1999 -
518 1974 641 2020 rogat
663 1970 835 2009 Catium
858 1969 1074 2014 Horatius,

208 2039 251 2075 ut
275 2035 355 2075 sibi
379 2035 492 2074 dicat
515 2043 679 2071 coenae
702 2030 924 2083 parandae
948 2033 991 2069 et
1012 2041 1080 2068 or-

209 2097 424 2137 dinandae
450 2095 706 2146 magistrum
735 2094 917 2143 eiusque
945 2103 1078 2142 prae-

209 2163 380 2211 cepta.»
448 2160 558 2197 Sane
603 2157 773 2196 Catium
818 2153 1073 2201 Insubrem,

207 2223 493 2273 Epicureum,
541 2221 585 2258 ut
632 2219 893 2269 scriptorem
939 2226 1079 2265 nuper

207 2283 447 2324 admodum
493 2283 715 2320 mortuum
757 2279 1079 2318 commemorat

209 2349 361 2387 Cicero
384 2346 490 2395 Epp.
515 2343 570 2382 ad
592 2344 708 2382 Fam.
737 2342 808 2388 45,
835 2341 905 2387 46,
942 2340 978 2379 l.
1023 2339 1074 2389 (a.

209 2421 250 2449 u.
285 2421 322 2448 c.
347 2408 456 2455 709.)
481 2406 557 2445 cfr.
583 2402 756 2453 Quintil.
784 2403 855 2450 40,
890 2403 937 2450 4,
973 2401 1074 2442 424:

208 2472 251 2510 In
290 2469 504 2519 Epicureis
546 2468 643 2507 levis
672 2467 855 2516 quidem,
902 2466 969 2504 sed
996 2476 1078 2503 non

208 2534 454 2572 iniucundus
482 2535 618 2569 tamen
649 2534 795 2568 auctor
825 2533 880 2568 est
920 2528 1074 2568 Catius.

209 2595 293 2635 Sed
325 2592 498 2634 difficile
522 2594 587 2632 est
618 2590 861 2639 intellectu,
896 2601 976 2630 cur
996 2591 1079 2629 llo-

210 2659 369 2701 ratius,
403 2657 436 2695 si
470 2665 515 2693 re
547 2665 649 2692 vera
675 2651 905 2692 consilium
928 2650 1078 2690 habuit

209 2720 448 2770 Epicureos
469 2714 720 2762 deridendi,
755 2715 872 2754 hunc
904 2714 1079 2764 potissi-

210 2790 332 2819 mum
377 2780 547 2818 Catium
595 2778 681 2816 iam
732 2776 804 2816 diu
854 2778 1078 2815 mortuum

212 2843 382 2892 (scripta
424 2841 540 2879 enim
579 2839 753 2878 videtur
797 2839 907 2877 haec
948 2839 1077 2878 satira

211 2904 384 2943 circiter
413 2914 451 2940 a.
485 2913 526 2940 u.
561 2913 597 2940 c.
631 2899 849 2949 722-7224.)
881 2900 1004 2950 quasi
1028 2911 1077 2938 ex

211 2965 358 3004 inseris
388 2963 441 3002 ad
473 2963 589 3002 hunc
620 2973 874 3001 sermonem
909 2960 1081 3001 haben—

212 3027 318 3066 dum
369 3025 647 3071 excitaverit,
699 3024 953 3071 hominem,
1007 3024 1080 3074 qui

212 3091 353 3133 certe,
402 3087 480 3126 etsi
526 3086 642 3132 lei-is,
689 3096 774 3124 non
806 3087 950 3124 tamen
990 3087 1078 3123 tam

211 3148 420 3188 ridiculus
452 3148 583 3187 fuisse
606 3147 797 3193 videtur,
831 3149 878 3185 ut
906 3147 999 3186 sine
1021 3146 1082 3184 ni-

212 3212 297 3251 mia
334 3209 666 3260 exaggeratione
707 3209 921 3259 potuisset
960 3207 1080 3246 deri-

213 3274 306 3313 deri
338 3270 408 3311 tali
440 3270 522 3311 sub
545 3281 756 3321 persona,
790 3269 831 3308 id
854 3272 940 3316 est,
974 3272 1081 3309 tam-

214 3346 348 3386 quam
379 3344 527 3374 merus
557 3333 745 3372 vicarius
776 3333 820 3370 et
855 3326 1080 3371 ὑποδιδοῖ-

215 3394 392 3446 σκαλος
423 3395 624 3445 incogniti
657 3393 839 3433 alicuius
869 3394 973 3433 artis
1004 3404 1081 3432 co-

215 3460 436 3508 quinariae
482 3457 688 3508 magistri.
749 3455 901 3495 Procul
947 3455 1079 3494 dubio

211 3531 373 3560 nomen
407 3521 510 3559 Catii
543 3522 673 3569 atque
696 3519 787 3568 ipse
810 3516 931 3556 locus
953 3517 1080 3557 huius

1145 975 1307 1014 satirae
1331 975 1524 1014 Stoicum
1548 975 1799 1026 Damasippi
1830 973 2019 1026 philoso-

1144 1037 1215 1088 phi
1248 1048 1503 1077 sermonem
1544 1037 1800 1088 excipientis
1840 1038 2021 1077 veteres

1143 1100 1407 1150 interpretes
1438 1098 1493 1138 ad
1523 1099 1682 1138 miram
1714 1099 1826 1138 lianc
1853 1099 2019 1150 opinio-

1144 1172 1247 1201 nem
1288 1161 1482 1201 adduxit.
1546 1161 1654 1201 Nihil
1686 1163 1834 1201 autem
1872 1162 2016 1201 incre-

1144 1223 1318 1264 dibilius
1340 1227 1427 1272 est,
1462 1235 1595 1276 quam
1628 1224 1747 1275 quod
1769 1225 2018 1276 suspicatus

1144 1288 1210 1326 est
1235 1287 1410 1334 Mauso,
1444 1286 1635 1326 derideri
1660 1287 1705 1326 C.
1730 1287 1930 1334 Matium,
1966 1285 2012 1324 C.

1143 1347 1233 1388 Iulii
1266 1349 1468 1388 Caesaris
1492 1349 1711 1395 amicum,
1746 1359 1768 1387 e
1792 1347 2018 1387 Ciceronis

1142 1412 1250 1462 Epp.
1284 1410 1337 1449 ad
1371 1412 1490 1450 Fam.
1528 1412 1598 1457 44,
1641 1412 1707 1450 ⁶27.
1742 1411 1805 1450 ⁵28.
1846 1411 2014 1449 notum.

1142 1473 1226 1512 Sed
1283 1471 1426 1511 nullus
1488 1473 1779 1523 interpretum
1839 1473 2020 1524 praeter

1143 1535 1386 1584 Cruquium
1430 1536 1472 1573 et
1522 1535 1771 1573 Dacierium
1815 1533 2018 1573 animad-

1140 1598 1270 1636 vertit
1307 1595 1363 1635 ad
1403 1595 1467 1643 id,
1514 1595 1634 1647 quod
1672 1595 1802 1636 tradit
1840 1596 2013 1636 Comm.

1143 1660 1274 1709 Cruq.
1296 1659 1351 1698 ad
1372 1671 1412 1697 v.
1434 1658 1504 1698 47:
1542 1659 1723 1698 «Irridet
1745 1670 1847 1699 eum
1863 1690 1872 1707 ,
1896 1657 2015 1710 quod

1142 1721 1197 1760 de
1219 1732 1354 1772 opere
1385 1722 1566 1772 pistorio
1599 1722 1640 1760 in
1670 1732 1750 1761 suo
1780 1719 1891 1760 libro
1913 1721 2019 1760 scri-

1142 1784 1205 1824 bit
1226 1784 1280 1823 de
1303 1795 1350 1823 se
1383 1785 1503 1834 ipso:
1538 1784 1648 1822 Haec
1671 1784 1836 1833 primus
1864 1782 2019 1821 invenit

1141 1850 1179 1885 et
1231 1846 1422 1896 coqnovic
1481 1846 1621 1885 Catius
1674 1846 1912 1885 Miltiades:
1971 1843 2015 1883 id

1142 1907 1262 1958 quod
1292 1918 1474 1958 prorsus
1505 1909 1711 1947 convenit
1740 1918 1843 1947 cum
1863 1919 1904 1946 v.
1929 1905 2014 1951 74„

1142 1970 1217 2009 ubi
1247 1969 1375 2010 fietus
1407 1970 1515 2010 Catii
1547 1971 1757 2020 magister
1786 1980 1888 2008 cum
1919 1978 2018 2007 ma-

1142 2044 1226 2083 gno
1248 2033 1314 2071 sui
1345 2043 1496 2071 amore
1528 2033 1687 2084 repetit
1715 2033 1878 2071 Primus
1897 2035 1934 2070 et
1952 2031 2018 2069 in-

1139 2096 1297 2135 venior.
1358 2095 1409 2133 Et
1439 2094 1578 2143 unde,
1612 2105 1797 2145 quaeso,
1832 2096 2019 2143 nugator

1141 2157 1296 2208 aliquis
1327 2157 1586 2207 arripuisset
1614 2157 1832 2196 Militiadis
1851 2165 2016 2206 cogno—

1142 2231 1265 2267 men,
1298 2219 1379 2257 nisi
1411 2218 1620 2258 traditum
1651 2218 1805 2258 suisset
1841 2216 1896 2257 ab
1935 2228 2016 2256 an-

1141 2281 1396 2332 tiquissimis
1453 2280 1812 2332 interpretibus?
1870 2278 2014 2319 Fuerit

1141 2344 1268 2394 igitur
1289 2343 1435 2382 Catius
1464 2341 1677 2382 Miltiades
1705 2341 1889 2381 libertus
1907 2340 2016 2380 Catii

1142 2417 1166 2446 a
1213 2406 1426 2445 Cicerone
1473 2404 1830 2451 commemorati,
1882 2403 2015 2442 etiam

1141 2470 1245 2508 tunc
1290 2467 1465 2506 circiter
1509 2477 1547 2505 a.
1581 2466 1675 2505 722.
1708 2466 1859 2514 vivus,
1905 2464 2018 2505 scri-

1140 2533 1240 2582 ptor
1277 2529 1331 2569 de
1366 2530 1459 2568 arte
1501 2527 1778 2578 coquinaria,
1824 2536 2015 2578 persona

1142 2590 1325 2631 ridicula
1367 2601 1450 2641 per
1497 2592 1634 2629 totam
1683 2588 1844 2630 Urbem
1894 2590 2011 2627 nota.

1143 2653 1299 2705 <Facile
1329 2653 1475 2702 largiri
1516 2661 1755 2703 possumus
1794 2652 2015 2690 Diintzero

1142 2716 1399 2765 corruptum
1437 2723 1537 2753 esse
1569 2713 1730 2752 mirum
1765 2723 1872 2752 sane
1910 2711 2014 2751 illud

1141 2776 1342 2817 Miltiadis
1396 2785 1664 2826 cognomen,
1730 2785 2014 2825 nequaquam

1142 2850 1249 2878 vero
1271 2839 1415 2877 ortum
1446 2836 1487 2875 id
1518 2847 1616 2876 esse
1644 2848 1695 2875 ex
1725 2837 2013 2887 praenomine

1142 2900 1292 2939 Marci.
1353 2900 1504 2937 Totam
1535 2900 1683 2938 autem
1715 2899 2017 2938 narratiuncu-

1142 2960 1230 3000 lam
1261 2960 1315 2999 de
1347 2964 1438 2999 arte
1468 2958 1535 2998 illa
1566 2960 1817 3010 coquinaria
1836 2971 1860 2999 a
1882 2959 2016 3000 Scho-

1142 3023 1277 3062 liastis
1308 3022 1538 3061 confictam
1561 3033 1682 3069 esse,
1716 3021 1913 3062 nondum
1934 3020 2015 3061 ad-

1144 3084 1304 3131 ducor,
1337 3086 1385 3122 ut
1406 3083 1619 3134 credam.)
1665 3084 1844 3124 Videbis
1867 3086 1910 3124 in
1931 3086 2016 3123 An-

1144 3145 1439 3186 notationibus
1482 3145 1608 3197 plura
1653 3146 1764 3185 tradi
1802 3157 1827 3185 a
1863 3146 2012 3194 Catio,

1144 3207 1304 3259 quibus
1326 3219 1508 3259 prorsus
1526 3209 1741 3247 contraria
1760 3210 1874 3256 sunt,
1899 3218 2014 3258 quae

1143 3270 1260 3322 apud
1290 3270 1398 3311 alios
1428 3271 1667 3321 scriptores
1697 3270 1813 3309 serio
1844 3269 2014 3309 docen-

1143 3335 1231 3371 tur:
1268 3332 1384 3373 unde
1415 3332 1594 3382 insignis
1615 3329 1774 3371 malitia
1795 3331 1925 3371 huius
1946 3341 2015 3370 sa-

1144 3395 1251 3434 tirae
1281 3394 1323 3433 in
1353 3404 1406 3433 eo
1428 3394 1641 3433 contineri
1665 3392 1860 3440 videtur,
1894 3392 2013 3443 quod

1143 3457 1346 3496 Horatius
1375 3457 1611 3507 praecepta
1632 3453 1794 3505 aliquot
1815 3454 1919 3494 artis
1941 3464 2014 3494 cu-

1142 3516 1320 3557 linariae
1338 3528 1361 3556 a
1379 3516 1513 3557 solitis
1531 3516 1811 3556 abhorrentia
1829 3518 1872 3556 et
1891 3526 2014 3567 pror-
