2231 3787
252 230 354 280 256ss

860 225 1073 265 HORATII
1111 224 1474 265 EPISTOLARUM

328 357 571 411 Oderunt
610 355 835 409 hilarem
875 356 1051 408 tristes
1092 355 1406 423 tristemque
1459 352 1650 409 iocosi,

325 458 584 512 Sedatum
622 459 852 519 celereS,
896 457 1089 527 agilem
1127 471 1434 524 navumque
1475 453 1713 515 remissi,

2015 453 2081 502 90

330 559 572 631 [potores
611 558 780 612 bibuli
822 557 998 610 media
1037 556 1104 609 de
1144 563 1299 608 nocte
1340 552 1569 624 Falerni]

328 660 573 715 Oderunt
610 667 860 730 porrecta
898 665 1181 727 negantem
1219 655 1438 726 pocula,
1480 655 1725 726 quamvis

367 802 433 840 90.
458 811 692 848 navumque
711 798 854 847 bSEc,
888 800 942 837 L:
982 809 1246 849 ynavumque
1267 797 1310 845 d,
1347 798 1412 846 Ct,
1447 796 1686 843 Bentleius,
1711 797 1820 836 FMs.
1855 795 1951 835 Vid.
1975 796 2031 835 ad

316 863 421 913 Epp.
448 863 485 906 l,
511 863 549 910 6,
574 862 639 901 u20.
678 881 721 888 —
757 861 824 900 91.
860 862 985 900 Hunc
1015 871 1196 899 versum
1227 871 1314 899 om.
1349 859 1428 908 Eb,
1464 870 1530 910 pr.
1555 859 1597 907 d,
1620 857 1724 909 βζκ,
1758 869 1915 898 omnes
1935 860 2033 898 Pot-

313 924 425 963 tierii
457 925 660 974 (quorum
692 922 868 962 duobus
900 933 922 962 a
956 921 1153 962 secunda
1186 932 1321 961 manu
1352 922 1601 973 adscriptus
1634 923 1732 971 est),
1774 919 1858 960 alii.
1903 943 1946 948 —-
1985 921 2029 960 P.

315 987 461 1035 liquidi
492 998 545 1025 m.
571 988 617 1026 de
645 987 732 1026 luce
762 985 985 1026 Bentleius
1019 986 1179 1036 (liquidi
1210 995 1312 1025 cum
1342 983 1464 1024 libris
1495 982 1661 1034 aliquot
1690 994 1759 1034 ap.
1784 982 2033 1023 Fabricium

264 1088 434 1137 cidas,»
483 1089 606 1138 patet
640 1087 789 1127 locum
820 1087 1040 1127 contraria
1072 1097 1146 1125 ra-

262 1151 379 1188 tione
413 1149 729 1200 exponendum
761 1159 887 1198 esse,
922 1150 968 1187 ut
997 1146 1148 1188 Tibul-

264 1212 331 1252 lus
355 1213 391 1261 l,
417 1213 456 1260 5,
482 1211 555 1251 76:
590 1212 634 1250 in
664 1212 826 1261 liquida
853 1215 927 1250 nat
964 1210 1035 1250 tibi
1065 1210 1149 1249 lin-

266 1279 327 1313 ter
357 1285 497 1323 aqua,
540 1273 616 1313 ubi
648 1273 906 1324 designatur
936 1271 1074 1313 facilis
1106 1273 1150 1311 et

265 1336 496 1388 expeditus
519 1346 692 1375 cursus.
735 1337 797 1375 lta
826 1335 1050 1383 iuvenem,
1075 1333 1151 1384 qui

264 1397 448 1437 tandem
477 1396 622 1448 puella
652 1398 817 1449 potitus
849 1399 937 1445 est,
970 1395 1152 1446 alloqui-

266 1460 338 1498 tur
367 1459 545 1500 Ovidius
575 1462 624 1499 A.
658 1463 708 1499 A.
740 1461 781 1508 2,
815 1459 864 1499 9:
902 1459 1049 1498 mediis
1078 1462 1153 1497 tua

262 1521 390 1571 pinus
418 1522 462 1561 vin
490 1522 614 1560 undis
640 1522 843 1572 Naviyai.
902 1521 1037 1560 Recte
1071 1519 1152 1569 igi-

267 1586 339 1623 tur
376 1584 644 1636 Porphyrio:
695 1584 842 1624 «Cum
882 1592 1152 1635 prosperum

269 1657 451 1686 cursum
481 1647 700 1686 amicitiae
732 1647 903 1685 tenes.»

323 1709 390 1749 89.
415 1708 480 1748 90.
518 1709 701 1749 Oderunt
721 1708 825 1757 cet]
857 1709 949 1748 Iam
972 1717 1155 1746 enume-

271 1772 338 1810 rat
367 1771 584 1819 rationes,
617 1772 803 1821 propter
833 1779 945 1819 quas
976 1767 1152 1808 difficile

272 1833 328 1871 sit
358 1842 461 1870 cum
490 1831 747 1882 potentibus
778 1833 836 1870 ita
866 1832 1059 1879 versari,
1107 1831 1155 1869 ut

272 1893 441 1934 nullum
485 1894 587 1934 inde
632 1893 826 1933 taedium
873 1893 930 1931 ad
969 1903 1050 1932 nos
1082 1903 1155 1931 re-

275 1957 456 1996 dundet.
504 1958 615 1996 Ante
649 1956 796 1995 omnia
826 1953 983 1995 indolis
1014 1955 1156 1994 diver-

276 2020 380 2058 sitas
412 2030 546 2069 saepe
578 2019 621 2057 in
651 2028 784 2058 causa
808 2019 896 2066 est,
929 2019 977 2056 ut
998 2018 1048 2056 iis
1071 2016 1158 2056 dis-

274 2080 535 2132 pliceamus.
572 2079 709 2119 Plaut.
730 2080 947 2130 Amphitr.
970 2078 1012 2128 3,
1035 2079 1080 2128 3,
1106 2078 1152 2118 4:

275 2144 405 2192 :lique
446 2144 506 2181 ita
542 2154 703 2181 servom
736 2154 823 2192 par
850 2143 1014 2181 videtur
1042 2141 1158 2191 frugi

276 2217 360 2244 sese
406 2206 638 2253 instituere,
679 2205 856 2244 Proinde
896 2205 957 2244 eri
986 2209 1031 2243 ut
1060 2205 1155 2252 sint,

278 2268 360 2317 ipse
390 2267 486 2305 vitem
515 2268 589 2314 εἰη·
619 2267 776 2306 voltum
806 2278 826 2306 e
854 2267 969 2306 voltu
993 2277 1160 2316 compa-

278 2334 339 2368 ret
354 2340 367 2375 ,·
418 2329 558 2368 Tristis
599 2330 673 2376 sit,
720 2330 755 2368 si
793 2330 854 2368 eri
893 2330 973 2367 sint
1001 2329 1158 2376 tristes;

278 2391 437 2429 hilarus
465 2392 537 2439 sic,
570 2392 603 2429 si
629 2392 856 2441 qaudeant.
892 2391 989 2430 Tria
1009 2394 1159 2430 autem

281 2453 483 2493 diversae
515 2452 672 2493 indolis
704 2454 911 2504 proponit
932 2452 1157 2504 exempla;

281 2516 421 2566 prima
444 2514 531 2554 duo
553 2526 624 2553 vv.
646 2515 712 2554 89.
734 2517 777 2554 et
798 2515 864 2554 90.
886 2514 1003 2554 nude
1026 2518 1159 2566 atque

282 2574 552 2629 γνωμικῶς,
586 2578 714 2616 tertio
745 2588 815 2615 vv.
840 2588 967 2628 seqq.
1002 2577 1161 2616 adiun-

283 2640 340 2690 git
372 2640 624 2690 imaginem.
664 2661 708 2667 —
754 2640 918 2692 aqilein]
950 2637 1161 2696 δραστή-

282 2713 398 2759 ριον.
438 2725 481 2730 —
515 2702 688 2753 remissi]
727 2700 910 2741 «lentius
941 2714 992 2742 ac
1022 2702 1161 2753 negli-

283 2766 455 2814 gentius
498 2765 540 2803 in
584 2763 791 2804 omnibus
826 2764 962 2805 rebus
992 2766 1162 2805 versari

286 2825 441 2865 Soliti.»

339 2888 483 2926 {il-93.
526 2889 691 2928 Potores
720 2888 823 2939 cet]
856 2889 934 2929 Hic
963 2889 1162 2928 versicu-

285 2950 351 2992 lus
397 2963 499 2991 cum
536 2953 577 2991 in
616 2954 934 3004 antiquissimis
975 2953 1163 3004 quibus—

287 3025 372 3064 que
405 3014 644 3055 Codicibus
672 3015 785 3055 desit
816 3016 883 3065 (cf.
909 3014 1096 3056 Hauthal
1118 3016 1160 3055 in

286 3078 485 3117 Excursu
516 3088 585 3128 ap.
611 3077 854 3118 Obbarium
883 3089 925 3129 p.
951 3078 1028 3117 477
1060 3078 1160 3128 sq),

288 3139 506 3180 Bentleius
529 3141 622 3179 iure
647 3142 839 3187 veretur,
866 3152 947 3180 «nc
968 3141 1163 3191 interpo-

286 3202 434 3243 latoris
457 3201 704 3242 liberalitati
731 3202 990 3241 debeatur.»
1025 3202 1164 3242 Scho-

287 3265 436 3305 liastae
478 3276 655 3316 quoque
697 3276 750 3303 eo
782 3265 977 3304 caruisse
1007 3265 1163 3305 riden-

287 3331 368 3367 tur.
418 3330 527 3367 Nam
560 3339 705 3378 neque
737 3330 848 3366 Acro
886 3338 1030 3377 neque
1062 3330 1164 3367 Por—

287 3390 444 3440 phyrio
477 3390 721 3439 quidquam
749 3390 805 3429 ad
827 3400 930 3429 eum
953 3390 1165 3430 adnotant

1211 1085 1320 1136 silet)
1347 1086 1682 1126 Commentator
1702 1084 1759 1124 ad
1777 1084 1970 1125 verbum
1990 1085 2093 1124 Ode-

1209 1153 1310 1188 runt
1329 1149 1382 1199 (v.
1408 1148 1491 1199 9⁶2.)
1515 1145 1692 1199 supplet
1713 1146 1967 1187 subiectum
1989 1157 2093 1198 «po-

1211 1210 1410 1251 tulenti.»
1454 1210 1597 1249 Etiam
1622 1209 1665 1248 in
1687 1209 1836 1250 verbis
1857 1209 1965 1260 ipsis
1987 1219 2093 1248 non-

1213 1272 1318 1313 nihil
1363 1275 1432 1313 est
1468 1271 1739 1312 offensionis.
1802 1273 1930 1320 «Quo
1974 1272 2093 1311 enim

1213 1335 1431 1384 referes,»
1454 1335 1596 1385 inquit
1611 1333 1834 1374 Bentleius
1849 1365 1858 1383 ,
1885 1332 2016 1373 «illud
2035 1333 2095 1373 bi-

1214 1397 1332 1436 buli‘?
1394 1398 1460 1436 An
1490 1395 1547 1435 ad
1581 1396 1787 1446 potores?
1845 1396 1978 1446 Atqui
2006 1395 2094 1435 hoc

1213 1459 1437 1510 ineptum3
1485 1458 1672 1509 perinde
1720 1459 1839 1498 enim
1879 1459 1947 1498 est
1976 1468 2029 1497 ac
2058 1460 2094 1498 si

1208 1525 1376 1571 potores
1397 1524 1592 1570 potantes
1621 1520 1800 1561 dixeris.
1851 1522 1918 1560 An
1937 1519 1995 1560 ad
2017 1521 2096 1559 Fa-

1214 1584 1342 1632 lerni,
1374 1584 1423 1623 ut
1453 1594 1559 1623 sane
1582 1593 1746 1623 vocum
1775 1582 1884 1623 ordo
1912 1584 1956 1623 et
1975 1593 2097 1623 com-

1216 1646 1374 1698 positio
1404 1645 1547 1697 poe'tis
1576 1646 1736 1685 usitata
1766 1646 1966 1696 flagitat?
2004 1646 2097 1685 Hoc

1215 1719 1324 1748 vero
1354 1708 1442 1747 iam
1463 1708 1678 1759 ineptius;
1711 1707 1869 1747 bibulus
1889 1708 2008 1748 enim
2029 1708 2099 1747 est

1218 1771 1292 1821 qui
1322 1769 1458 1818 bibit,
1499 1780 1588 1809 non
1619 1770 1694 1820 qui
1722 1769 1935 1809 bibitur.»
1981 1770 2099 1809 Con-

1218 1833 1347 1872 fictus
1370 1834 1520 1871 autem
1541 1830 1718 1870 videtur
1745 1831 1811 1881 (ex
1830 1832 1939 1882 Epp.
1965 1832 2004 1881 l,
2029 1830 2094 1880 44,

1219 1894 1290 1934 34:
1328 1895 1456 1943 Quem
1488 1892 1600 1943 (scis)
1634 1892 1815 1932 bibulum
1844 1894 1991 1943 liquidi
2010 1905 2099 1934 me-

1220 1958 1292 1996 dia
1321 1957 1369 1995 cle
1397 1956 1486 1995 luce
1513 1954 1719 2006 Falerni.)
1742 1966 1766 1994 a
1788 1955 2094 2005 grammatIco,

1221 2019 1296 2069 qui
1327 2018 1383 2057 ad
1412 2030 1452 2057 v.
1487 2017 1671 2057 Oderunt
1700 2016 1954 2057 subiectum
1985 2017 2100 2058 desi-

1221 2080 1433 2129 derabat,
1482 2080 1685 2130 quamvis
1727 2091 1779 2119 ex
1817 2079 1968 2120 verbis
1993 2092 2100 2130 por-

1220 2148 1334 2183 recta
1355 2143 1546 2193 -pocula
1574 2141 1698 2182 facile
1726 2141 1922 2193 suppleri
1960 2144 2100 2194 possit

1224 2206 1324 2256 «qui
1354 2206 1614 2256 propinant»
1638 2205 1731 2244 sive
1755 2206 1984 2256 «potores»
2007 2206 2098 2246 sive

1225 2267 1517 2319 «potulenti»,
1551 2266 1669 2317 quod
1711 2265 1930 2318 supplevit
1964 2268 2101 2308 Com-

1222 2332 1358 2371 ment.
1376 2330 1556 2380 Cruquii
1580 2332 1623 2369 et
1650 2328 1711 2368 Gl.
1731 2330 1778 2368 E.
1797 2331 1950 2380 Ipsum
1966 2331 2100 2372 etiam

1221 2393 1412 2433 verbum
1457 2393 1640 2431 Oderunt
1682 2392 1855 2432 nonnisi
1893 2392 1949 2432 ab
1980 2393 2100 2434 initio

1223 2455 1469 2496 sententiae
1500 2455 1740 2506 repetitum
1760 2455 1852 2494 vim
1873 2455 2100 2506 quandam

1224 2519 1413 2567 obtinet,
1460 2520 1560 2569 post
1601 2517 1670 2557 illa
1699 2517 1837 2557 verba
1866 2519 2032 2559 Potores
2059 2519 2095 2559 b.

1222 2595 1277 2622 m.
1302 2583 1349 2621 de
1377 2593 1419 2620 n.
1444 2581 1488 2619 F.
1514 2581 1710 2631 positum
1739 2579 1985 2621 admodum
2004 2580 2102 2621 lan-

1223 2646 1340 2696 guet.
1404 2645 1558 2694 Itaque
1599 2644 1742 2681 totum
1770 2641 1891 2681 illum
1920 2653 2100 2682 versum

1223 2710 1271 2747 ut
1318 2704 1447 2744 valde
1510 2705 1770 2754 suspectum
1818 2702 2098 2745 seclusimus.

1223 2768 1415 2810 Pottierii
1445 2777 1553 2806 vero
1584 2764 1741 2812 lectio,
1783 2776 1866 2816 per
1895 2777 1944 2806 se
1975 2777 2103 2807 com-

1225 2830 1512 2876 modissima,
1560 2829 1665 2868 artis
1710 2829 1887 2868 criticae
1932 2828 2102 2881 legibus

1226 2892 1454 2933 adversari
1469 2891 1665 2937 videtur,
1690 2891 1840 2942 spuria
1857 2892 1977 2932 enim
1999 2902 2101 2932 cum

1226 2954 1426 3006 genuinis
1445 2954 1578 2993 mixta
1596 2954 1712 3002 sunt,
1731 2964 1889 2994 versus
1910 2955 2104 3005 interpo-

1225 3017 1298 3057 lati
1322 3020 1365 3056 et
1386 3016 1441 3055 al)
1464 3017 1781 3067 antiquissimis
1801 3015 1925 3056 libris
1950 3016 2103 3056 reiecti

1226 3080 1368 3131 primo
1399 3078 1616 3119 vocabulo
1657 3081 1857 3127 servato,
1904 3078 2104 3129 germani

1227 3143 1377 3180 autem
1407 3152 1564 3181 versus
1594 3140 1760 3190 verbo,
1796 3139 1917 3191 quod
1947 3150 2103 3179 omnes

1226 3203 1326 3243 libri
1344 3205 1389 3243 et
1404 3201 1675 3243 scholiastae
1695 3204 1860 3251 tenent,
1879 3200 2039 3241 deleto.
2058 3223 2100 3229 —

1227 3266 1351 3305 bibuli
1383 3266 1485 3315 cet.]
1517 3264 1596 3305 Vel
1626 3266 1810 3316 propter
1837 3264 1945 3314 Epp.
1971 3263 2008 3310 l,
2035 3262 2101 3311 44,

1229 3328 1294 3368 34.
1332 3329 1441 3367 haec
1473 3326 1610 3367 verba
1641 3326 1696 3366 ab
1728 3327 1799 3373 iis,
1833 3324 1994 3375 quibus
2022 3324 2105 3363 Ho-

1229 3390 1397 3429 ratiana
1428 3389 1657 3437 videntur,
1706 3385 1962 3438 explicanda
2002 3387 2104 3425 sunt

289 3453 327 3490 ot
361 3453 540 3502 Cruquii
582 3453 677 3502 (qui
713 3452 767 3493 de
800 3452 889 3492 suis
926 3451 1162 3494 Coclicibus
1231 3453 1378 3493 «avidi
1402 3453 1485 3493 vini
1510 3450 1704 3491 Falerni»
1738 3450 1904 3501 potius,
1940 3457 2101 3499 quam:
