2231 3787
882 304 978 343 Llss.
1016 305 1043 342 1.
1107 304 1268 343 lirisr.
1307 306 1371 343 iv.
1935 306 2037 357 419

813 717 1258 766 EPISOEOLA
1313 719 1435 767 IV·

279 835 423 896 Albi,
469 844 774 888 nostrorum
816 853 1127 889 sermonum
1167 837 1395 890 candide
1437 838 1625 897 iudex,

281 936 423 1002 Quid
464 955 606 991 nunc
645 948 695 991 te
736 937 912 991 dicam
952 938 1130 992 facere
1171 939 1222 990 in
1261 939 1483 1010 regione
1524 940 1783 995 Pedana?

281 1040 532 1094 Scribere
582 1039 730 1111 quod
771 1040 921 1094 Cassi
962 1041 1269 1094 Parmensis
1310 1041 1571 1113 opuscula
1608 1043 1811 1106 vincat,

264 1239 333 1278 IV.
388 1240 424 1278 4.
473 1237 732 1289 Epistolium
777 1238 992 1289 scriptum
1036 1237 1091 1277 ad

208 1300 385 1342 Albium
416 1300 656 1350 Tibullum,
700 1302 881 1352 poetam
919 1301 1093 1340 suavis—

209 1365 373 1404 simum
413 1365 585 1416 ipsique
625 1364 948 1403 amicissimum
980 1362 1088 1414 (Cfr.

210 1427 289 1467 Od.
316 1427 361 1476 l,
396 1426 498 1477 33.),
532 1427 606 1477 qui
637 1428 766 1466 natus
789 1427 966 1466 circiter
986 1437 1025 1465 a.
1045 1437 1088 1465 u.

210 1501 247 1530 c.
272 1490 365 1529 700.
391 1481 596 1528 mortuus
627 1489 694 1529 est
724 1499 748 1527 a
779 1488 873 1528 735.
908 1490 983 1528 aut
1018 1498 1092 1528 se-

210 1553 389 1604 quente.
452 1552 615 1591 Satiras
657 1553 808 1590 autem
842 1551 938 1601 (hae
971 1551 1091 1590 enim

208 1614 328 1655 solae
368 1615 441 1654 hic
480 1613 805 1664 significantur,
853 1625 943 1653 non
982 1624 1090 1654 vero

210 1679 344 1718 etiam
364 1676 601 1729 Epistulae,
626 1678 673 1716 ut
692 1678 816 1717 ratus
834 1679 902 1717 est
922 1678 1090 1717 Franke

210 1742 252 1781 F.
276 1741 326 1780 H.
350 1751 393 1792 p.
419 1740 500 1791 70.)
527 1740 730 1780 Horatius
753 1740 928 1792 scripsit
947 1751 1090 1791 usque

209 1802 266 1842 ad
296 1814 334 1842 a.
359 1814 401 1842 u.
428 1814 465 1842 c.
491 1803 603 1850 727.;
637 1803 726 1841 iam
749 1813 852 1842 cum
883 1802 1091 1853 permulti

210 1867 304 1906 eius
332 1865 656 1906 obtrectatores
678 1867 812 1916 atque
843 1865 978 1905 invidi
999 1876 1093 1905 ma-

208 1928 322 1980 ligne
368 1928 423 1968 de
472 1929 523 1968 iis
573 1927 843 1977 iudicarent,
896 1927 1091 1969 Tibullus

208 1992 456 2039 candidum,
490 1990 534 2030 id
566 1993 658 2041 est,
692 1992 915 2042 integrum
945 2003 998 2032 ac
1017 2003 1093 2031 ve-

209 2065 310 2094 rum
339 2054 550 2094 iudicium
581 2054 636 2094 de
674 2054 834 2095 iisdem
872 2055 988 2095 inter
1023 2056 1093 2094 iu—

210 2120 359 2159 niores
397 2129 501 2159 suos
542 2119 732 2168 amicos,
773 2120 1012 2171 imprimis,
1045 2121 1094 2159 ut

211 2180 424 2226 arbitror,
477 2180 595 2230 apud
644 2180 865 2221 fautorem
909 2181 1094 2223 Messal-

210 2242 322 2292 lam,
356 2243 546 2290 fecerat3
595 2244 658 2283 sic
689 2242 759 2283 ille
789 2246 922 2295 poeta
961 2246 1092 2284 notus

210 2307 429 2359 primum,
477 2304 637 2345 deinde
683 2305 906 2346 familiaris
951 2306 1093 2347 factus

212 2380 312 2410 esse
350 2368 525 2407 videtur
565 2369 758 2408 Horatio.
810 2370 954 2420 Atque
989 2380 1095 2421 pro-

211 2434 311 2484 pter
341 2432 455 2471 hanc
486 2431 629 2482 ipsam
649 2431 885 2471 satirarum
908 2433 1096 2471 mentio-

212 2505 316 2534 nem
336 2492 611 2546 probabilius
634 2496 699 2533 est
720 2492 852 2545 paulo
873 2496 974 2545 post
995 2505 1095 2534 eas-

213 2557 318 2597 dem
351 2556 491 2596 editas
522 2557 637 2595 hanc
668 2556 961 2608 compositam
994 2569 1093 2598 esse

213 2617 467 2671 epistolam,
501 2619 545 2658 id
576 2619 666 2666 est,
699 2629 736 2658 a.
761 2629 805 2658 u.
831 2630 867 2658 c.
893 2619 987 2659 728.
1021 2619 1091 2660 vel

211 2682 326 2730 729„
359 2692 518 2732 quam,
551 2682 600 2720 ut
630 2679 896 2730 altivolum,
931 2693 970 2722 a.
995 2683 1089 2722 733.

211 2743 282 2784 vel
312 2743 426 2792 734.;
460 2753 565 2783 nam
593 2745 695 2795 post
716 2745 981 2785 sexennium
1001 2744 1092 2784 fere

213 2806 317 2846 nihil
354 2807 443 2846 iam
473 2805 689 2845 attinebat
723 2817 976 2847 memorare
1008 2807 1094 2847 be-

214 2867 423 2908 nevolum
452 2868 558 2908 illud
587 2869 816 2908 iudicium.
863 2872 947 2910 Pro
970 2872 1092 2910 certo

215 2932 364 2969 autem
394 2932 572 2982 tempus
594 2930 766 2971 definiri
788 2932 954 2983 nequit.
1007 2933 1094 2972 Ce-

214 2994 362 3031 terum
393 2992 470 3031 cfr.
494 2993 724 3033 Weichert
752 2993 806 3033 de
830 2995 874 3033 L.
898 2995 1028 3034 Vario
1050 2996 1093 3034 in

215 3053 327 3093 Add.
351 3064 395 3104 p.
419 3053 533 3102 374,
558 3055 788 3096 Drumann
808 3058 924 3096 Ro'm.
950 3058 1089 3097 Gesch.

215 3116 266 3154 II.
289 3126 332 3166 p.
357 3114 450 3154 364.
503 3117 678 3167 Gruppe
700 3119 816 3158 Rem.
841 3119 957 3170 Eleq.
990 3121 1022 3159 I.
1048 3131 1090 3171 p.

215 3178 311 3217 255.
347 3199 393 3205 —
427 3178 614 3229 candide]
646 3178 830 3218 Martial.
863 3179 909 3229 4,
943 3181 1018 3231 87,
1052 3181 1091 3222 4.

216 3240 272 3280 de
320 3238 555 3291 Apollinari
604 3240 748 3279 amico
797 3242 977 3281 critico:
1025 3244 1097 3283 Nil

215 3303 406 3342 exactius
419 3301 701 3350 eruditiusque
716 3306 788 3351 est,
807 3303 874 3341 sed
894 3315 967 3343 nec
985 3316 1097 3344 can-

217 3365 386 3404 didius
415 3364 722 3414 benigniusque.
758 3386 803 3392 ——
834 3365 977 3415 iudex]
1006 3368 1096 3406 Ne-

219 3436 443 3477 quaquam
472 3424 578 3464 illud
609 3425 735 3474 dicit,
770 3435 819 3464 se
850 3425 1003 3466 Tibulli
1033 3429 1097 3467 iu-

219 3487 333 3527 dicio
375 3488 664 3540 supposuisse
707 3497 960 3537 sermones,
1007 3500 1094 3540 quo

221 3550 358 3590 critici
377 3552 526 3601 partes
547 3550 794 3602 suscipiens
814 3550 915 3590 vitia
938 3561 1095 3591 eorum

1158 1240 1332 1278 notaret
1353 1241 1410 1288 et,
1437 1240 1664 1290 quomodo
1687 1243 1949 1294 corrigenda
1971 1256 2042 1285 es-

1157 1303 1278 1350 sent,
1329 1301 1562 1342 consilium
1606 1303 1755 1343 daret:
1806 1307 1926 1357 quod
1967 1310 2042 1359 qui

1157 1364 1379 1413 statuunt,
1431 1366 1593 1416 partim
1642 1366 1797 1407 Tibulli
1847 1369 2042 1411 indolem

1156 1427 1339 1467 miniine
1379 1430 1562 1477 norunt,
1608 1430 1771 1480 partim
1810 1442 1862 1470 eo
1905 1432 2043 1473 deve-

1156 1491 1346 1539 nerunt,
1392 1492 1441 1529 ut
1479 1491 1782 1532 coniectarent
1822 1494 2043 1535 Tibullum

1156 1551 1321 1604 aliquot
1350 1552 1508 1594 saltem
1539 1555 1665 1594 annis
1696 1557 1802 1595 natu
1824 1558 2042 1598 maiorem

1155 1614 1289 1655 fuisse
1322 1616 1523 1665 Horatio,
1558 1616 1600 1656 id
1633 1618 1721 1666 est,
1755 1620 1908 1660 natum
1941 1632 2041 1661 esse

1157 1679 1335 1718 circiter
1356 1690 1394 1718 a.
1420 1690 1463 1718 u.
1489 1690 1526 1718 c.
1553 1680 1664 1728 685.7
1699 1679 1744 1720 id
1778 1682 1898 1732 quod
1920 1684 2041 1723 omni

1155 1740 1453 1793 probabilitati
1475 1745 1706 1793 repugnat.
1754 1744 1927 1785 Etenim
1948 1747 2043 1786 veri

1157 1802 1341 1844 similior
1373 1806 1439 1844 est
1480 1805 1752 1845 Lachmanni
1785 1806 1841 1846 ad
1881 1807 2038 1849 Tibull.

1155 1877 1197 1917 p.
1218 1865 1285 1906 44.
1307 1868 1351 1906 et
1372 1866 1568 1907 Paldami
1591 1869 1739 1918 opinio
1756 1879 1921 1909 annum
1945 1871 2040 1911 eius

1157 1928 1349 1969 natalem
1371 1929 1507 1970 fuisse
1531 1931 1708 1970 circiter
1728 1942 1768 1971 a.
1792 1942 1835 1971 u.
1860 1942 1897 1971 c.
1922 1932 2037 1982 700.,

1157 2003 1293 2043 quam
1323 1993 1466 2033 Vossii
1489 1995 1532 2032 et
1557 1994 1747 2033 Dissenii
1768 2004 1806 2034 a.
1832 1994 1926 2034 695.
1960 1997 2043 2035 Ita—

1157 2067 1243 2107 que
1276 2056 1480 2095 Horatius
1513 2056 1692 2095 circiter
1728 2056 2042 2109 quadragena-

1156 2121 1247 2159 rius
1296 2119 1474 2170 scripsit
1523 2119 1580 2159 ad
1633 2118 1854 2160 Tibullum
1901 2133 2042 2162 annos

1156 2182 1321 2221 XXVII.
1344 2180 1415 2220 vel
1444 2182 1629 2221 XXVIII.
1656 2184 1830 2232 natum,
1865 2185 1941 2234 qui
1963 2195 2042 2224 eo—

1158 2244 1263 2283 dem
1301 2243 1486 2283 demum
1528 2246 1755 2296 tempore,
1802 2246 2041 2287 Octaviano

1158 2306 1246 2344 iam
1279 2306 1473 2355 principe
1513 2307 1558 2345 et
1595 2306 1780 2357 Au9u8t0
1821 2307 2041 2360 appellato

1161 2368 1212 2417 (a.
1236 2378 1279 2406 u.
1305 2378 1343 2406 c.
1373 2367 1504 2417 727.),
1537 2369 1768 2419 tamquam
1798 2372 1928 2420 poeta
1957 2382 2042 2423 po-

1157 2429 1387 2481 pularibus
1420 2431 1685 2469 innotuerat.
1740 2432 1876 2481 (Ovid.
1909 2433 2038 2474 Trist.

1158 2494 1206 2541 ⁶2,
1230 2491 1333 2532 463:
1366 2492 1600 2543 legiturque
1621 2493 1799 2533 Tibullus
1817 2495 1870 2534 El
1883 2495 2039 2546 placet,

1158 2559 1195 2594 el
1225 2555 1313 2594 iam
1341 2558 1378 2594 le
1402 2556 1598 2606 principe
1626 2561 1747 2597 notus
1777 2558 1904 2610 erac.)

1213 2680 1253 2719 2.
1286 2679 1325 2719 3.
1379 2680 1487 2729 Quid
1530 2692 1638 2720 nune
1681 2685 1718 2720 le
1761 2681 1864 2734 cet]
1898 2683 2041 2723 Amici

1159 2752 1334 2781 memor
1362 2743 1478 2782 vitae
1510 2743 1604 2783 eius
1634 2743 1861 2794 habitum,
1905 2756 2041 2796 quem

1158 2803 1299 2856 probe
1332 2807 1480 2854 norat,
1524 2816 1612 2844 una
1653 2805 1735 2845 sibi
1767 2807 1810 2847 in
1840 2810 2041 2848 mentem

1157 2869 1360 2906 revocat:
1397 2866 1536 2915 «Quid
1553 2867 1698 2908 dicam
1719 2880 1913 2919 mecum,
1936 2871 2043 2921 quid

1158 2929 1349 2979 cogitem
1380 2940 1499 2969 nunc
1530 2931 1573 2969 te
1605 2930 1787 2971 facere?
1826 2932 1960 2981 Sane,
1994 2934 2043 2972 ut

1158 2990 1299 3040 soles,
1333 2991 1468 3031 modo
1497 2993 1623 3043 poesi
1644 2993 1871 3042 studebis,
1904 2995 2040 3035 modo

1158 3054 1453 3105 sapientiae.»
1491 3077 1534 3081 —
1568 3055 1612 3094 in
1649 3056 1818 3106 reqione
1855 3057 2039 3109 Pedana]

1157 3117 1327 3157 Pedum
1352 3116 1496 3166 (hodie
1518 3117 1749 3168 Zaqarola,
1790 3119 2041 3159 secundum

1158 3179 1265 3219 alios
1307 3179 1543 3231 Gallicano)
1575 3180 1789 3231 oppidum
1830 3181 1945 3220 inter
1976 3181 2041 3220 Ti-

1159 3241 1265 3290 bur,
1299 3243 1565 3290 Praeneste,
1608 3241 1846 3282 Tusculum
1880 3244 1923 3281 et
1951 3243 2041 3281 Ro-

1159 3314 1304 3351 mam,
1355 3314 1496 3354 prope
1544 3303 1664 3354 quod
1709 3306 1835 3343 erant
1883 3301 2038 3341 Tibulli

1157 3365 1340 3416 praedia
1369 3368 1554 3417 paterna
1586 3367 1629 3404 et
1660 3366 1789 3404 avita.
1837 3386 1884 3392 -
1923 3364 2038 3403 Cassi

1157 3428 1403 3477 Parmensis]
1448 3427 1554 3467 «Hic
1595 3426 1760 3477 aliquot
1799 3425 2038 3475 generibus

1159 3488 1324 3540 stylum
1355 3489 1576 3529 exercuit:
1610 3489 1723 3527 inter
1753 3498 1867 3538 quae
1899 3499 2034 3539 opera

1159 3551 1352 3603 elegiaca
1385 3553 1430 3592 et
1459 3551 1777 3602 epigrammata
1809 3551 1903 3591 eius
1940 3549 2039 3590 lau-
