2231 3787
182 259 190 264 ’
224 289 326 342 <2302

861 287 1073 326 HORATH
1104 285 1403 325 SATIRARUM

295 419 588 491 Culpantur
625 418 818 471 frustra
856 416 1068 478 calami,
1112 415 1516 484 immeritusque
1555 412 1760 465 laborat

221 555 227 559 -
293 522 446 575 iratis
486 529 640 574 natus
680 520 858 590 parics
899 518 980 572 dis
1021 528 1182 589 atque
1222 517 1412 588 poetis.

295 624 449 695 Atqui
490 621 663 676 voltus
704 630 818 674 erat
855 619 1019 672 multa
1056 629 1108 672 et
1145 617 1424 689 praeclara
1464 616 1736 677 minantiS,

298 726 350 778 Si
390 743 618 779 vacuum
660 722 838 793 tepido
879 721 1112 792 cepisset
1149 718 1330 771 villula
1369 726 1523 772 tect0.

1973 716 2037 769 40

295 828 566 891 Quorsum
605 824 858 896 pertinuit
897 823 1096 893 stipare
1135 820 1354 874 Platona
1397 819 1716 881 Menandrm

294 927 541 999 Eupolin,
583 925 984 985 Archilochum,
1027 922 1248 977 comites
1289 921 1525 976 educere
1564 921 1780 974 tantos?

334 1079 397 1117 40.
431 1078 530 1116 lecto
559 1075 697 1116 Bentl.
734 1075 940 1126 suspicio.
978 1097 1022 1103 -
1070 1074 1136 1113 ⁴2.
1178 1071 1418 1113 Archilocho
1450 1083 1472 1111 e
1505 1071 1612 1111 Cod.
1645 1072 1794 1122 Regin.
1835 1083 1858 1111 a
1891 1082 1982 1111 sec.

278 1153 335 1179 m.
361 1138 518 1188 Bentl.,
543 1150 595 1178 ex
617 1137 709 1178 aliis
730 1139 773 1177 F.
810 1138 873 1188 (Ut
899 1147 1004 1184 nos,
1038 1132 1365 1176 omnes'nostri
1387 1135 1430 1173 et
1459 1133 1684 1183 Pottierii.)
1712 1155 1755 1161 -
1782 1135 1988 1173 adducere

279 1214 328 1241 ex
361 1213 448 1241 uno
481 1200 578 1241 cod.
603 1201 647 1250 F,
680 1198 880 1240 educere?
918 1199 1049 1249 Quid,
1082 1202 1126 1237 tu
1153 1197 1223 1237 vel
1256 1198 1427 1247 Oai-ncte
1455 1197 1672 1247 Rutgersii
1703 1197 1984 1237 coniecturae

227 1360 266 1363 —
304 1335 610 1383 immeritusque
643 1333 752 1382 cet.]
800 1332 976 1383 «Arguit
1019 1342 1096 1371 eo-

221 1410 318 1438 rum
348 1396 595 1444 stultitiam,
631 1396 705 1446 qui
734 1406 836 1435 cum
860 1395 1098 1434 sententia-

218 1472 318 1500 rum
346 1463 417 1500 aut
438 1459 678 1499 verborum
701 1460 913 1508 urgentur
934 1458 1094 1508 inopia,

220 1525 261 1563 in
286 1521 570 1573 (innocentes)
589 1521 782 1572 parietes
804 1521 928 1571 quasi
951 1521 1096 1561 minus

221 1585 483 1626 commodos
500 1586 790 1624 irascuntur.»
811 1584 950 1623 Comi.
965 1583 1094 1628 Cimo.

224 1672 267 1676 —-
314 1647 502 1698 laborat]
549 1649 768 1697 quatenus
812 1648 944 1696 po'e'ta
994 1656 1096 1684 eum

221 1712 502 1758 exsecratur,
553 1710 602 1747 ut
643 1704 977 1756 θεοχόλωτον,
1029 1706 1096 1746 vel

222 1773 355 1811 etiam
394 1772 552 1822 pugnis
583 1770 741 1810 caedit.
792 1770 889 1809 Vid.
921 1769 977 1809 ad
1009 1771 1094 1809 Sat.

225 1836 261 1873 4.
297 1835 362 1882 40,
396 1834 461 1873 74.
491 1857 535 1861 —-
564 1834 690 1872 [ratis
720 1837 843 1872 natus
862 1854 884 1860 -
905 1833 980 1881 dis]
1012 1833 1099 1872 Co-

222 1897 389 1936 micum
420 1899 487 1936 est
516 1894 622 1935 illud
653 1891 782 1952 παρὰ
803 1892 1098 1952 προσδοκίαν

220 1963 344 2009 atque
366 1959 516 2009 poclis.
565 1958 631 1998 Ad
662 1970 702 1997 V.
727 1962 850 1997 natus
878 1956 990 1996 conf.
1017 1955 1095 1995 Od.

223 2024 269 2070 4,
303 2022 379 2071 Ἢ,
415 2023 451 2061 4.
490 2042 533 2048 -
561 2021 719 2072 paries]
754 2020 836 2059 «ad
866 2030 1001 2070 quem
1024 2029 1100 2057 ac-

223 2083 408 2124 clinatus
440 2086 506 2124 est
539 2082 726 2123 lectulus
757 2085 858 2122 tuus
888 2080 1100 2121 lucubra-

224 2147 385 2195 torius,
420 2146 462 2184 in
493 2156 581 2196 quo
614 2156 715 2185 cum
748 2144 978 2195 componis
1001 2154 1100 2182 car—

223 2209 363 2257 mina,
405 2207 483 2247 sed
524 2207 682 2247 infelici
720 2217 822 2246 cum
859 2216 1098 2253 successu,

223 2269 337 2310 mala
394 2270 539 2309 omnia
598 2270 858 2320 imprecaris
915 2269 1097 2320 parieti,

225 2334 350 2385 quasi
379 2333 508 2373 huius
531 2335 650 2373 esset
681 2331 830 2383 culpa,
864 2332 900 2371 si
930 2330 1008 2370 tibi
1028 2341 1100 2370 res

223 2408 311 2437 non
340 2396 585 2448 procedit.»
632 2395 759 2443 Quod
779 2397 929 2435 autem
951 2394 1101 2433 dicunt

225 2458 516 2504 scholiastae,
548 2460 704 2510 poetas
725 2459 926 2498 incerare
949 2455 1101 2497 solitos

225 2534 324 2563 esse
354 2522 546 2573 parietes
576 2520 699 2560 lectis
731 2521 821 2560 suis
855 2519 1098 2570 proximos,

222 2588 271 2624 ut
300 2586 335 2625 si
375 2584 486 2624 forte
524 2586 657 2623 noctu
687 2583 792 2634 quid
828 2583 871 2621 in
901 2584 1100 2621 mentem

222 2648 442 2695 venisset,
478 2646 524 2685 id
553 2648 653 2685 ante
685 2644 952 2684 oblivionem
984 2643 1101 2683 litte-

223 2711 282 2749 ris
313 2710 539 2756 notarent,
573 2719 693 2747 mera
728 2705 884 2747 fabella
915 2706 1022 2745 mihi
1042 2707 1102 2744 vi-

226 2772 369 2811 detur.
392 2793 435 2798 —
454 2770 664 2821 minantis]
688 2769 1004 2820 promittentis,
1041 2769 1101 2818 (ut

225 2831 452 2885 ἀπειλεῖν)
470 2834 525 2873 de
547 2833 682 2873 rebus
705 2831 962 2872 maioribus.
989 2832 1097 2883 Epp.

226 2899 270 2945 4,
304 2897 352 2944 8,
386 2896 434 2935 3:
469 2897 514 2935 Sl
543 2899 713 2943 quaeret
734 2895 832 2944 quid
852 2905 1005 2944 aqam,
1037 2894 1101 2932 dic

222 2959 355 2997 mulla
397 2962 433 2996 et
467 2957 647 3007 pulchra
688 2957 915 2995 minantem
963 2956 1103 2994 Vivere

224 3032 297 3060 nec
338 3023 446 3058 recte
480 3030 553 3058 nec
587 3019 784 3057 suaviter.
836 3017 1022 3057 Phaedr.
1048 3017 1097 3065 4,

224 3083 276 3122 22
300 3094 306 3119 :
338 3081 423 3120 Hoc
442 3081 640 3129 scriptum
661 3084 717 3119 est
745 3080 838 3128 tibi,
874 3080 974 3129 Qui,
1005 3091 1101 3119 ma-

224 3155 310 3196 yna
352 3154 446 3181 cum
495 3143 698 3190 minaris,
752 3143 936 3181 (αἰνέσας
982 3142 1096 3181 nihil.

226 3205 435 3257 («1ronice
504 3204 708 3243 dicuntur
774 3205 952 3252 minari,
1027 3205 1099 3254 qui

224 3278 327 3307 cum
358 3277 514 3317 magna
547 3266 857 3316 profiteantur,
893 3265 995 3305 nihil
1026 3268 1101 3305 aut

223 3340 360 3380 parva
400 3327 613 3375 efficiant,
667 3327 787 3378 quod
836 3330 953 3368 tanta
1004 3327 1100 3379 pol-

222 3390 433 3438 licentur,
468 3390 630 3442 quihus
651 3400 807 3429 omnes
830 3392 1001 3430 ceteros
1024 3401 1100 3430 su-

222 3463 381 3504 perare
410 3463 541 3504 posse
571 3451 653 3492 sihi
684 3451 931 3491 videntur.»
970 3453 1101 3491 Fusu-

224 3525 400 3554 fflssssr.
436 3535 481 3543 -
521 3514 580 3563 Si]
627 3514 669 3553 h.
705 3511 730 3552 l.
766 3513 820 3553 de
865 3516 1096 3565 tempore,

1163 1330 1264 1370 «ubi
1307 1331 1545 1382 primum.»
1582 1351 1624 1357 —-
1665 1331 1859 1380 vacuam]
1903 1331 2041 1370 «otio-

1161 1404 1258 1434 sum
1290 1394 1333 1433 in
1364 1393 1449 1433 hoc
1471 1403 1699 1432 secessu.»
1750 1392 1872 1433 Conf.
1897 1393 1975 1433 Od.
1999 1394 2037 1442 4,

1161 1456 1235 1503 32,
1271 1456 1308 1495 4.
1333 1479 1376 1483 —
1397 1455 1532 1504 tepido
1552 1454 1667 1505 tecto]
1693 1455 1813 1494 «Fuit
1837 1455 2041 1495 Horatius

1163 1518 1332 1569 frigoris
1376 1517 1610 1568 impatiens
1655 1518 1775 1568 (Epp.
1814 1518 1859 1567 4,
1907 1519 1956 1566 7,
1990 1519 2040 1557 40

1162 1580 1295 1631 sqq.);
1330 1580 1495 1619 amavit
1515 1580 1633 1619 enim
1663 1579 1810 1620 focum
1840 1578 2042 1619 luculen-

1160 1644 1342 1689 tiorem;
1386 1642 1550 1681 idcirco
1581 1641 1664 1681 sub
1697 1643 1893 1682 hiemem
1923 1641 2042 1682 sole-

1160 1705 1237 1745 bat
1267 1716 1314 1744 se
1345 1704 1583 1744 transferre
1615 1706 1658 1744 in
1685 1704 1831 1744 villam
1860 1706 2043 1756 propter

1160 1767 1379 1818 lignorum
1427 1767 1654 1817 copiam.»
1725 1767 1864 1807 Comi.
1909 1767 2039 1813 CRUQ.

1162 1829 1383 1870 Bentleius
1414 1829 1609 1869 malebat
1649 1830 1750 1870 lecto
1785 1829 2045 1870 lucubrato-

1161 1893 1249 1939 rio,
1296 1892 1377 1932 sed
1417 1893 1581 1933 rectius
1618 1892 1701 1932 sub
1732 1897 1883 1932 tectum
1912 1902 2042 1931 suum

1163 1955 1318 2006 recipit
1346 1953 1492 1994 villula
1514 1954 1744 1994 dominum
1767 1965 1902 2005 quam
1923 1955 2038 1994 lecto.

1220 2018 1285 2056 44.
1321 2018 1386 2057 42.
1422 2018 1627 2066 Quorsum
1658 2017 1760 2068 cet.]
1793 2018 1960 2065 «Quem
1987 2016 2043 2056 ad

1164 2079 1319 2128 finem,
1367 2090 1454 2130 quo
1492 2079 1673 2119 tandem
1704 2078 1885 2119 consilio
1917 2091 2044 2119 com-

1163 2142 1320 2193 pegisti
1351 2143 1395 2181 et
1414 2142 1457 2180 in
1477 2140 1681 2181 vehiculo
1703 2143 1854 2181 artasti
1880 2142 2043 2182 horum

1163 2203 1355 2244 libros5'»
1407 2203 1530 2243 Conf.
1565 2204 1652 2243 Sat.
1686 2204 1732 2252 ⁶2,
1766 2205 1813 2253 ⁶2,
1847 2204 1912 2243 35.
1947 2204 2042 2255 (sli-

1156 2278 1267 2316 pare
1289 2265 1418 2305 nobis
1430 2265 1901 2318 zusammenpfropfen.)
1932 2267 2040 2316 Iam,

1165 2330 1326 2382 quihus
1348 2330 1539 2369 maxime
1563 2329 1773 2369 delectari
1795 2328 1948 2370 solitus
1970 2331 2040 2379 sit,

1164 2393 1363 2432 nominat
1404 2394 1583 2443 praeter
1622 2391 1871 2441 Platonem,
1918 2403 2044 2432 sum—

1164 2466 1287 2495 mum
1327 2454 1484 2505 dialogi
1527 2457 1570 2494 et
1614 2455 1863 2494 Socraticae
1907 2455 2043 2512 εἰρω-

1163 2519 1293 2568 νείας
1321 2518 1583 2568 magistrum
1621 2516 1879 2568 (Socraticae
1917 2518 2044 2557 char-

1164 2586 1230 2620 tae
1257 2583 1305 2621 A.
1334 2583 1377 2621 P.
1402 2580 1530 2630 340.),
1562 2578 1897 2629 Archilochum,
1930 2580 2044 2620 iam-

1164 2643 1252 2683 bici
1301 2642 1507 2682 carminis
1554 2642 1830 2692 principem,
1888 2643 2043 2693 poetas

1164 2706 1338 2756 priscae
1379 2705 1422 2743 et
1452 2714 1592 2742 novae
1628 2703 1904 2742 comoediae.
1963 2703 2043 2743 Alii

1165 2767 1277 2806 duce
1326 2765 1544 2805 Passowio
1582 2765 1760 2805 Platona
1799 2764 2044 2816 intelligunt

1163 2831 1342 2881 poetam
1364 2827 1608 2877 comicum,
1639 2827 1944 2879 Aristophanis
1966 2840 2044 2869 ae—

1165 2890 1365 2943 qualem,
1413 2890 1574 2941 quihus
1615 2891 1855 2931 assentitur
1897 2893 2043 2932 Funk—

1163 2953 1335 2994 haenel.
1396 2955 1459 2993 De
1496 2953 1739 2994 Menandro
1776 2953 1890 2994 conf.
1929 2955 2039 3006 Epp.

1163 3018 1209 3065 2,
1244 3017 1290 3065 4,
1323 3016 1407 3064 57.,
1441 3015 1497 3055 de
1528 3015 1681 3067 Eupoli
1708 3017 1795 3055 Sat.
1821 3017 1866 3065 4,
1900 3016 1946 3065 4,
1982 3017 2040 3064 4.,

1165 3079 1219 3118 de
1250 3077 1514 3118 Archilocho
1554 3078 1693 3129 Epod.
1727 3078 1773 3127 6,
1808 3078 1872 3118 43.
1930 3078 2039 3130 Epp.

1165 3142 1210 3189 4,
1247 3140 1320 3189 49,
1354 3140 1420 3179 28.
1477 3141 1683 3180 Lectione
1712 3140 1951 3180 Archilocho
1981 3140 2045 3179 ni-

1164 3203 1247 3242 mis
1277 3203 1399 3254 paria
1438 3202 1547 3242 fiunt
1589 3202 1819 3250 membra,
1866 3212 1969 3241 cum
1998 3202 2040 3241 in

1164 3267 1311 3305 nostra
1343 3266 1580 3315 utrumque
1611 3265 1697 3303 iam
1729 3265 1936 3304 comitem
1959 3264 2043 3303 Ho-

1163 3328 1256 3366 ratii
1285 3328 1451 3367 factum
1470 3327 1621 3366 videre
1643 3326 1770 3366 nobis
1792 3325 2038 3364 videamur.

1168 3412 1209 3416 —
1234 3390 1416 3438 educere]
1444 3400 1485 3427 v,
1510 3389 1738 3440 proprium
1761 3387 1815 3426 de
1838 3387 1903 3434 iis,
1928 3397 2041 3437 quos

1163 3451 1395 3492 nobiscum
1442 3462 1494 3490 ex
1543 3450 1654 3490 urbe
1698 3460 1772 3490 rus
1818 3449 2035 3489 ducimus.

1165 3514 1252 3553 Cic.
1276 3513 1332 3554 ad
1364 3514 1411 3561 Q.
1438 3514 1503 3552 Fr.
1528 3511 1576 3562 3,
1601 3512 1649 3561 3,
1684 3511 1731 3552 4:
1765 3511 1811 3551 Si
1831 3511 2041 3552 nobiscum
