2231 3787
816 270 911 308 ΗΒ.
947 269 974 307 1.

1036 269 1147 307 SAT.
1185 268 1286 306 viii.

1877 261 1967 313 1:³¹.)

234 399 537 452 Conservus
579 397 662 450 vili
705 397 962 468 portanda
1003 396 1212 449 locabat
1252 397 1299 447 in
1339 414 1478 448 arca.

234 501 343 552 Hoc
384 501 610 552 miserae
653 498 791 570 plebi
833 497 1001 551 stabat
1043 515 1326 551 commune
1367 495 1695 567 sepulcrum.

1904 495 1968 546 io

229 600 518 653 Pantolabo
559 618 777 653 scurrae
817 601 1258 669 Nomentanoque
1300 598 1501 668 nepoti:

229 701 363 754 Mille
404 701 573 772 pedes
615 702 663 753 in
707 702 900 760 fronte,
944 709 1212 754 trecentos
1252 700 1442 770 cippus
1484 700 1532 751 in
1573 716 1759 770 agrum

271 868 330 906 ll.
363 866 591 906 Pantolabo
621 867 722 913 Sed,
754 866 998 906 Plantalabo
1032 866 1072 904 b.

1103 888 1145 893 —
1171 866 1516 915 .l[0mentanoque
1547 865 1604 905 Sd
1638 867 1737 915 (non
1759 867 1843 916 bc).
1870 891 1910 895 -—

219 930 276 968 12.
322 942 428 979 (tyro
460 931 541 969 Fea
574 931 667 968 sine
701 932 819 968 cci-ta
853 928 990 968 codd.
1025 928 1297 968 auctoritate.
1340 929 1511 979 (aarum
1543 927 1751 968 exhibent
1782 931 1916 968 nostri

213 994 252 1031 et
289 992 479 1032 Pottierii
510 993 696 1035 omncs)

158 1117 197 1156 in
228 1117 329 1155 cella
360 1121 520 1166 emptae
557 1117 742 1155 nulrit-is.
782 1139 824 1143 —
859 1114 1034 1155 Conser-
1064 1117 1067 1141 ¹

155 1179 243 1230 rus]
284 1179 400 1230 apud
442 1177 737 1218 Furnalcttum
771 1178 911 1216 Iscriz.
944 1178 1030 1215 Est.
1066 1227 1067 1230 Ἴ

157 1253 199 1293 p.
240 1241 338 1282 ⁴44:
394 1241 670 1281 TROPHIMO.
711 1240 810 1279 LIB.
855 1239 1067 1306 FAMA-l

157 1305 275 1344 NJ'S.
310 1304 421 1344 Cos,
493 1302 770 1353 (Cmsermaes,
824 1312 936 1348 non,
988 1302 1035 1339 ut
1065 1310 1067 1325 4

157 1366 260 1407 olim
291 1365 584 1418 explicabant,
621 1365 798 1416 consul.)
824 1387 867 1393 —
891 1365 963 1403 rili
986 1375 1029 1414 p.

157 1430 319 1470 locabat
339 1430 381 1468 in
403 1427 524 1480 arca]
547 1429 786 1468 Servorum
816 1427 1032 1466 cadavera

158 1492 360 1532 conservi
391 1492 594 1530 mutuum
626 1490 740 1530 inter
770 1500 817 1529 se
840 1489 1034 1528 osticium

157 1556 388 1595 servantes
406 1564 486 1593 suo
509 1563 560 1592 ex
584 1551 756 1604 peculio
779 1551 1034 1603 sepelienda

159 1616 373 1657 curabant
417 1616 646 1656 conductis
691 1614 1032 1666 vespillonibus,

159 1681 232 1731 qui
272 1690 322 1719 ea
362 1680 434 1718 vili
473 1690 602 1718 arcae
633 1677 917 1728 (sandapilae)
951 1678 1036 1716 im-

159 1743 297 1794 posita
331 1743 371 1781 in
403 1741 616 1792 Esquilias
647 1741 855 1780 efferrent
886 1739 1035 1791 ibique

160 1802 228 1844 vel
260 1806 511 1843 cremarent
540 1802 609 1843 vel
642 1804 894 1842 humarent.
939 1801 1037 1842 Ful·
1068 1804 1070 1858 l

160 1868 276 1916 gent.
319 1865 373 1904 de
418 1867 558 1904 Serm.
599 1866 732 1916 antiq.
776 1867 804 1905 1.
845 1877 886 1916 p.
925 1860 1070 1905 558:'

159 1928 437 1977 Sandapilam
487 1929 650 1977 antiqui
698 1929 778 1967 dici
822 1929 1071 1972 voluerunh

160 1992 358 2042 feretrum
392 1995 674 2038 mortuorum,
723 1991 764 2029 id
801 1995 875 2040 est,
922 1991 1039 2030 locu-

160 2055 267 2102 lum,
289 2075 308 2082 -
325 2075 344 2082 -
365 2054 405 2092 in
436 2065 515 2103 quo
540 2053 795 2103 plebeiorum
815 2058 939 2103 atque
959 2054 1038 2091 da-

160 2120 401 2155 mnatorum
419 2117 631 2154 cadavera
647 2116 943 2165 portabantur.
979 2116 1038 2165 (ln

163 2189 384 2218 marmore
419 2180 596 2228 reperto
617 2178 658 2217 in
692 2178 826 2217 Civita
860 2178 1041 2218 Lavinia

164 2240 278 2292 apud
312 2239 531 2280 Cardinali
560 2241 744 2290 Diplomi
780 2241 956 2279 militari
994 2251 1036 2291 p.

1065 1347 1222 1403 isolita
1263 1361 1570 1414 sepulcrorum
1616 1363 1815 1403 formula.

1098 1113 1191 1154 ⁵224.
1239 1115 1405 1153 Seneca
1429 1114 1483 1153 dc
1508 1115 1600 1154 Vita
1624 1114 1751 1154 licata
1779 1116 1843 1154 lt.
1869 1127 1972 1155 eum

1065 1187 1200 1219 {cum
1243 1177 1394 1227 Apicio
1440 1177 1587 1227 iungit.
1625 1199 1669 1205 —-
1702 1178 1814 1216 Mille
1852 1180 1975 1227 pedes

1097 1239 1199 1290 cet.]
1240 1237 1302 1277 lbi
1335 1249 1512 1289 quoque
1543 1240 1671 1291 cippo
1709 1240 1844 1279 incisa
1878 1243 1976 1279 erat

1098 1300 1164 1340 vel
1206 1301 1341 1340 incisa
1383 1300 1516 1340 fuisse
1557 1313 1581 1340 a
1625 1304 1753 1353 poeta
1799 1302 1976 1352 fingitur

1883 1364 1971 1403 Csr.

1066 1447 1067 1490 3
1098 1426 1288 1465 Fabrett.
1322 1427 1457 1465 Inscr.
1490 1438 1532 1477 p.
1568 1427 1660 1465 476.
1684 1428 1728 1466 et
1754 1427 1972 1478 Inscriptt.

1066 1522 1067 1527 ,
1098 1500 1157 1528 m.
1193 1490 1281 1527 Lat.
1316 1490 1364 1528 N.
1395 1487 1500 1528 4557
1533 1500 1658 1539 seqq.
1688 1513 1730 1517 —
1756 1490 1797 1528 ιή
1825 1490 1973 1541 fronte]

1099 1550 1199 1591 alibi
1233 1552 1273 1590 ἱη
1305 1551 1524 1590 latitudine
1548 1551 1658 1600 Qvide
1679 1550 1706 1590 l.
1732 1550 1792 1601 1.),
1828 1552 1868 1590 id
1892 1555 1973 1594 est.

1067 1655 1069 1659 ,
1099 1615 1216 1654 viam
1232 1613 1457 1666 publicam
1479 1625 1651 1653 versus.
1675 1635 1718 1641 —
1746 1615 1786 1652 in
1809 1614 1974 1665 aarum]

1067 1691 1069 1731 3
1098 1678 1380 1728 feldwa'rts.
1443 1677 1680 1726 Utramque
1714 1675 1973 1724 formulam,

1068 1764 1069 1799 3
1101 1742 1143 1779 et
1173 1739 1287 1778 hanc
1309 1739 1415 1778 etin
1438 1750 1581 1789 (ιῃνο,
1616 1739 1820 1777 usitatam
1845 1738 1976 1778 fuisse

1101 1803 1220 1853 puto.
1283 1802 1325 1840 In
1359 1813 1464 1852 affro
1495 1811 1600 1840 sane
1625 1800 1830 1840 omnibus
1861 1800 1979 1840 litte-

1102 1864 1161 1903 ris
1184 1865 1251 1903 est
1273 1864 1408 1903 Inscr.
1433 1875 1491 1903 m.
1516 1865 1565 1903 N.
1591 1862 1731 1910 4379..
1764 1865 1806 1902 in
1827 1875 1979 1915 ayt-um

1102 1928 1276 1966 Petron.
1300 1927 1393 1966 7i.:
1429 1927 1634 1977 quocirca
1667 1925 1769 1965 ninii
1802 1928 1977 1966 mutan-

1103 1988 1209 2028 dum
1254 1988 1441 2027 videtur.
1487 2012 1530 2016 —-
1580 1989 1692 2043 Erat.
1724 1989 1852 2039 igitur
1896 1988 1979 2027 hoc

1103 2049 1406 2102 sepulcretum
1451 2050 1617 2102 pedum
1661 2051 1978 2102 quadratorum

1104 2113 1289 2161 300000,
1339 2113 1438 2163 quia
1476 2111 1622 2152 multis
1653 2112 1869 2164 sepulcris
1899 2112 1981 2152 de-

1103 2176 1325 2215 stinatum.
1382 2176 1428 2214 In
1459 2175 1731 2225 singulorum
1766 2174 1981 2227 sepulcris

1103 2240 1246 2279 variat
1294 2249 1507 2277 numerus
1558 2249 1636 2288 pro
1686 2237 1797 2277 fastu
1848 2240 1982 2287 atque

164 2304 276 2342 ²262:
321 2304 421 2341 Item
445 2303 627 2351 placuit,
674 2304 858 2352 quisquis
886 2315 940 2342 ex
967 2304 1041 2342 hoc
1105 2301 1264 2353 opibus
1309 2303 1599 2339 mortuorum.
1648 2302 1695 2339 N.
1739 2299 1861 2340 4374.
1907 2300 1978 2338 IN.

165 2365 333 2416 colleyio
383 2375 524 2403 servus
576 2365 789 2412 defunctus
833 2365 961 2415 fuerit
1005 2369 1043 2403 et
1104 2363 1189 2402 AG.
1231 2363 1274 2400 P.
1315 2362 1403 2400 XII.
1446 2363 1515 2400 [λ’.
1560 2363 1638 2400 FR.
1681 2363 1722 2400 P.
1755 2362 1895 2400 XXIV.
1930 2362 1978 2400 N.

165 2439 315 2477 corpus
343 2427 430 2466 eius
457 2438 483 2465 a
514 2427 678 2465 domino
709 2427 925 2466 ‹lominave
958 2427 1042 2465 ini-
1072 2425 1076 2475 l
1107 2425 1228 2465 4382.
1261 2424 1332 2462 IN.
1365 2424 1410 2462 F.
1443 2425 1485 2462 P.
1527 2424 1605 2462 l'II.
1648 2424 1717 2462 IN.
1751 2423 1797 2462 A.
1831 2424 1872 2463 P.
1917 2422 1979 2460 I'I.

167 2491 322 2540 quitate
351 2489 586 2538 sepulturae
619 2490 765 2528 datum
800 2501 882 2528 non
917 2489 1044 2539 suerit
1105 2489 1155 2527 N.
1189 2485 1311 2527 4557.
1344 2487 1416 2525 IN.
1451 2487 1494 2524 F.
1527 2487 1570 2525 P.
1603 2486 1741 2524 XXVI.
1782 2486 1854 2524 IN.
1893 2484 1981 2525 AG.

166 2563 296 2600 neque
324 2551 495 2590 tabellas
521 2552 684 2602 fecerit,
717 2553 752 2591 ei
780 2552 905 2602 sunus
934 2552 1043 2591 ima-
1074 2568 1077 2602 i
1105 2551 1147 2589 P.
1179 2548 1370 2588 XXXIIS.
1420 2550 1563 2587 Acron
1604 2547 1820 2597 significat
1858 2547 1984 2596 igno-

166 2616 380 2667 {linarium
407 2615 510 2665 fiel.)
542 2638 585 2643 ——
612 2616 786 2653 miserae
807 2615 918 2664 plebi
939 2614 1041 2665 cet-.]
1074 2612 1077 2670 ξ

169 2681 309 2718 Locus
354 2676 421 2717 ille
467 2689 554 2717 non
599 2676 739 2718 solum
785 2671 1077 2726 servorum,¹

169 2741 248 2782 sed
293 2741 425 2780 etiam
470 2740 699 2779 hominum
750 2750 931 2791 prorsus
976 2741 1045 2779 in-

169 2814 303 2856 opum
334 2801 584 2854 sepulcreto
607 2804 701 2841 erat
727 2802 972 2843 destinatus
992 2813 1045 2842 ac

170 2869 402 2918 propterea
435 2865 490 2916 (id
522 2864 642 2915 quod
674 2875 776 2904 cum
806 2864 967 2904 acerba
991 2866 1047 2904 ir-
1076 2877 1079 2887 ·

172 2929 332 2967 risione
363 2927 522 2977 adiicit)
554 2926 615 2979 ibi
646 2926 882 2978 aliquando
913 2939 1046 2980 sepe—

171 2990 303 3030 liendi
333 2991 459 3029 erant
486 2987 752 3030 Pantolahus
783 2993 827 3029 et
856 2992 1048 3030 Nomen-

1107 2614 1200 2651 tum
1231 2610 1423 2661 aliquem
1454 2610 1681 2649 hominem
1719 2610 1858 2661 inopis
1889 2608 1984 2660 plc—

1107 2674 1176 2715 bis
1230 2684 1552 2724 servorumque
1611 2673 1843 2713 misertum
1900 2673 1985 2711 hoc

1109 2735 1412 2788 sepulcretum
1469 2735 1735 2775 condidisse.
1822 2735 1983 2774 Contra

1109 2802 1358 2841 Diintzerus
1397 2799 1545 2850 (Krie.
1580 2811 1622 2838 u.
1646 2799 1781 2838 Erkl.
1814 2800 1852 2838 d.
1878 2799 1981 2838 Sat.

1108 2864 1148 2902 d.
1181 2863 1231 2902 H.
1264 2874 1306 2914 p.
1340 2861 1451 2911 85.):
1500 2861 1676 2900 «Nielzls
1704 2861 1754 2900 ist
1783 2862 1987 2900 unwahr-

1108 2924 1371 2965 scheinlicher
1400 2924 1463 2962 als
1491 2924 1597 2963 diese
1634 2923 1847 2962 Annahme
1874 2923 1988 2962 einer

1110 2987 1369 3037 Schenkunq,
1390 2998 1471 3024 von
1492 2986 1565 3025 der
1583 2986 1689 3024 auch
1708 2985 1818 3024 nicht
1838 2985 1900 3023 die
1921 2995 1988 3035 90-

174 3056 322 3099 tanus,
366 3051 628 3092 decoctores
666 3053 905 3092 etiamtunc
942 3054 1044 3092 vivi.
1078 3043 1080 3074 ¹
1110 3051 1265 3101 rinqste
1294 3049 1407 3099 Spur
1434 3049 1675 3088 vor-handen
1704 3049 1775 3095 ist,
1809 3047 1989 3098 obyleich

177 3115 294 3155 «Fuit
338 3112 504 3154 Mallius
543 3113 745 3162 (Maenius
788 3115 955 3155 Franke
1002 3116 1044 3155 F.
1077 3087 1082 3176 l
1111 3114 1242 3153 dieser
1270 3111 1633 3163 Beqrabnissplatz
1660 3111 1882 3150 naehrmals
1908 3121 1987 3149 von

173 3179 224 3218 H.
259 3189 300 3229 p.
335 3175 417 3224 84.)
445 3175 589 3214 Verna
621 3178 740 3217 trans
771 3176 961 3217 Tiberim
989 3178 1051 3217 in-

176 3240 329 3290 genuis
359 3236 617 3289 parentibus
652 3240 801 3287 natus,
843 3240 916 3290 qui
947 3240 1048 3292 quia

177 3315 201 3341 a
232 3300 378 3342 multis
416 3299 650 3351 pecuniam
690 3303 890 3340 mutuam
920 3312 1050 3353 roga-

180 3364 273 3412 bat,
296 3361 561 3403 Pantolabos
584 3364 650 3401 est
672 3363 1049 3413 cognominatus.»

180 3427 332 3465 Ponrn.
384 3427 447 3465 De
479 3424 630 3464 Cassio
666 3426 941 3465 Nomentano
971 3426 1048 3466 csr.
1081 3439 1086 3485 ξ

499 3486 590 3525 102.
641 3487 690 3536 2,
726 3487 770 3536 l,
802 3488 868 3527 ⁵22.
920 3488 969 3537 2,
1003 3488 1048 3537 3,
1081 3489 1085 3508 '

182 3489 268 3527 Sat.
305 3489 352 3537 ⁴,
401 3489 447 3535 l,

1112 3177 1189 3215 den
1217 3174 1334 3214 Alcen
1364 3174 1609 3224 besprochen
1628 3174 1751 3213 wird.
1815 3173 1903 3211 Und
1921 3183 1990 3223 ye-

1111 3241 1239 3283 secu,
1284 3247 1383 3276 man
1412 3236 1531 3276 wolle
1560 3236 1686 3275 dieses
1735 3235 1984 3279 annehmen,

1112 3312 1155 3340 so
1198 3300 1310 3339 hatte
1352 3299 1441 3339 eine
1482 3299 1615 3338 sole-he
1658 3298 1840 3348 Slifluny
1882 3296 1989 3335 nach

1114 3364 1187 3403 der
1216 3363 1388 3414 Strenqe
1424 3362 1645 3401 romischer
1685 3360 1988 3410 Religionsvor-

1113 3426 1337 3477 stella-rogen
1375 3425 1442 3464 nie
1479 3435 1576 3463 zum
1616 3421 1989 3472 Prt‘vateiqenthum

1115 3487 1301 3539 aetnae-ht
1339 3487 1496 3526 werden
1534 3485 1736 3524 konnen.»
1785 3481 1908 3522 Idem
1946 3483 1988 3523 in
