2231 3787
835 264 930 303 ΗΒ.
965 264 1012 303 ll.
1076 264 1237 303 EPIST.
1272 264 1301 302 Ι.

1885 257 1986 311 619

238 397 487 465 impetrat
527 403 579 447 ct
617 411 806 466 pacem
847 402 898 447 et
935 393 1259 465 locupletem
1300 392 1540 464 frugibus
1580 410 1791 445 annum.

237 496 481 550 Carmine
522 496 574 549 di
615 495 797 566 superi
838 495 1143 566 placantur,
1186 496 1421 550 carmine
1463 496 1660 548 Manes.

234 598 513 668 Agricolae
553 598 728 669 prisci,
772 598 933 651 sortes
973 615 1252 669 parvoque
1291 597 1449 658 beati,

236 699 460 752 Condita
499 708 620 770 post
658 700 921 753 frumenta
960 700 1200 754 levantes
1239 708 1482 771 tempore
1521 699 1654 753 festo

1887 700 1987 753 ²140

235 801 443 872 Corpus
483 810 535 854 et
573 802 750 872 ipsum
789 802 1041 864 animum,
1085 819 1182 873 spe
1221 802 1341 855 finis
1380 802 1516 855 (lura
1554 802 1837 865 serentem,

235 903 367 956 Cum
406 903 568 956 sociis
606 920 860 973 operum,
903 903 1086 974 pueris
1126 913 1178 957 et
1216 905 1445 976 coniuge
1485 903 1617 966 fida,

236 1004 500 1058 Tellurem
539 1022 730 1076 perce,
776 1004 1049 1057 Silvanum
1088 1005 1224 1059 lacte
1264 1006 1498 1077 piabant,

275 1172 367 1212 1¹42.
403 1183 575 1221 operum
614 1176 651 1211 et
687 1173 828 1222 pueris
865 1183 908 1219 c,
951 1174 1051 1212 octo
1083 1173 1297 1222 Pottierii,
1331 1173 1510 1224 quintus
1541 1174 1765 1223 Schmidii,
1800 1175 1931 1214 LCtF.

222 1235 289 1282 <Ut
314 1245 408 1282 nos,
443 1234 570 1285 bSE.)
606 1258 648 1262 —
687 1234 778 1275 443.
805 1246 943 1285 porca
973 1234 1173 1275 Lambini
1196 1236 1406 1286 suspicio,
1440 1246 1573 1286 quam
1605 1236 1751 1275 firmat
1781 1237 1935 1276 tertius

218 1297 449 1347 Schmidii,
483 1299 654 1349 recepit
684 1299 1045 1350 Cuninghamius.
1081 1299 1144 1349 (Ut
1171 1309 1266 1346 nos,
1300 1298 1435 1338 nostri
1458 1300 1501 1338 et
1522 1299 1714 1338 Pottierii
1745 1299 1932 1347 omnes.)

163 1450 235 1490 eqo
265 1438 403 1486 mitto,
436 1439 545 1477 His·
566 1439 723 1477 redimo
754 1449 896 1489 meque
915 1450 1044 1478 meos-

163 1512 240 1550 que
266 1501 403 1551 fabis,·
448 1501 702 1551 iterumque
735 1502 908 1541 novies:
948 1502 1043 1541 Ma-

162 1574 232 1602 nes
279 1564 388 1602 exile
427 1564 627 1613 paterni!
683 1564 806 1604 Ovid.
848 1564 963 1602 Fast.
1000 1564 1041 1612 5,

163 1625 240 1665 449
275 1636 373 1676 sqq.

219 1687 420 1727 «139-1144.
444 1687 680 1739 Agricolae]
701 1688 792 1727 lam
809 1690 1044 1739 poetarum

163 1753 207 1792 et
235 1751 383 1803 poesis
421 1752 463 1790 in
496 1754 705 1791 cunctam
736 1751 961 1790 civitatem
992 1761 1044 1789 ac

162 1814 351 1854 deorum
367 1812 534 1853 cultum
550 1814 720 1853 meritis
737 1813 946 1864 expositis
964 1812 1048 1851 ori-

162 1877 311 1927 ginem
340 1877 472 1926 atque
505 1876 734 1916 historiam
774 1875 923 1927 poesis
958 1876 1046 1914 Ro—

162 1949 322 1978 manae
362 1949 585 1989 exponere
625 1938 901 1989 aggreditur,
948 1948 1046 1976 rem

164 2002 389 2042 scenicam
421 2001 702 2052 potissimum
734 2002 960 2052 spectans.
997 2023 1042 2028 —

161 2063 300 2114 fortes]
325 2063 407 2102 «ad
429 2061 631 2103 laborem
647 2062 781 2103 validi
798 2066 842 2103 et
857 2061 1044 2103 seduli.»

164 2127 317 2166 Senon
365 2125 435 2164 Sic
458 2126 544 2164 Sat.
576 2127 626 2174 2,
658 2126 705 2174 2,
740 2127 839 2165 ⁴45:
872 2126 1047 2176 fortem-

163 2190 368 2229 colonum.
416 2188 532 2239 Virg.
569 2189 642 2227 Ge.
670 2189 717 2237 2,
750 2187 852 2228 472:
885 2189 939 2227 Et
962 2198 1048 2237 pa—

164 2253 266 2292 tiens
307 2262 479 2302 operum
509 2251 744 2302 exiquoque
773 2251 948 2289 adsueta
978 2250 1048 2288 iu·—

162 2318 320 2355 ventus.
348 2337 392 2342 —
428 2313 602 2354 Condita
633 2312 737 2365 cet.]
781 2313 912 2352 Arist.
947 2312 1044 2352 Eth.

166 2378 256 2417 Nic.
282 2377 322 2425 8,
342 2377 380 2425 9,
401 2377 423 2415 6
441 2388 448 2414 :
483 2376 537 2415 αἱ
555 2371 755 2433 ἀρχαῖαι
774 2375 945 2416 θυσίαι
964 2375 1049 2414 καὶ

168 2437 368 2480 σύνοδοι
398 2440 657 2488 φαίνονται
686 2437 936 2493 γίγνεσθαι
963 2449 1050 2490 με-

167 2498 225 2541 τὰ
264 2497 351 2552 τὰς
389 2499 483 2541 τῶν
521 2498 719 2559 καρπῶν
748 2496 1050 2554 συγκομιδὰς

169 2560 274 2604 οἷον
317 2559 564 2618 ἀπαρχαί·
611 2562 826 2616 μάλιστα
868 2559 960 2620 γὰρ
999 2562 1050 2603 ἐν

167 2624 356 2677 τούτοις
401 2625 667 2678 ἐσχόλαζον
709 2630 812 2677 τοῖς
844 2631 1046 2683 καιροῖς.

173 2714 215 2720 —
240 2702 311 2740 spe
336 2690 444 2742 finis]
480 2690 737 2730 «Sententia
771 2691 860 2739 est,
893 2688 1052 2729 tolera-

169 2752 305 2793 bilem
356 2753 450 2792 fieri
503 2752 703 2792 laborem
751 2751 917 2792 laboris
961 2752 1049 2792 fine

170 2816 439 2867 proposito.»
477 2818 630 2861 Ponpn.
674 2838 716 2843 —
766 2816 868 2856 Cum
909 2816 1048 2865 sociis]

171 2877 346 2929 Explica
369 2891 376 2918 :
413 2894 432 2914 «
448 2890 552 2918 cum
573 2879 705 2919 sociis
728 2889 938 2930 operum,
972 2879 1052 2918 im-

170 2940 325 2992 primis
370 2939 520 2981 liberis
564 2942 796 2993 utriusque
835 2952 969 2982 sexus
1007 2942 1053 2981 et

172 3003 295 3042 casta
341 3003 570 3053 coniuge.»
620 3005 732 3043 Raro
769 3005 887 3044 enim
918 3004 1052 3055 prisci

173 3063 228 3104 illi
250 3063 468 3115 agricolae
491 3075 645 3104 servos
671 3066 963 3116 possidebant
979 3067 1053 3106 aut

173 3127 402 3179 operarios
425 3125 712 3166 adhibebant.
746 3129 879 3168 Recte
902 3129 1052 3168 autem

175 3188 396 3229 Bentleius
438 3190 567 3228 eiecit
609 3193 646 3229 ec
686 3192 786 3229 ante
823 3201 864 3229 ν.
895 3191 1051 3240 pueris,

175 3251 295 3302 quod
325 3252 360 3291 si
390 3250 637 3300 adsciscas,
675 3262 839 3302 pueros
870 3255 915 3291 et
943 3263 1053 3292 con-

175 3313 322 3363 iugem
360 3313 497 3354 fidam
534 3313 589 3353 ab
622 3314 832 3354 societate
865 3324 1053 3365 operum

176 3374 404 3424 excludes,
430 3377 549 3428 quod
571 3376 626 3416 de
647 3377 797 3428 pueris
818 3378 940 3416 vetat
958 3377 1053 3427 ipse

178 3437 382 3478 Horatius
403 3439 489 3478 Sat.
510 3439 550 3488 2,
568 3440 607 3488 2,
629 3440 722 3478 1145.
745 3439 856 3488 428„
880 3439 935 3478 de
953 3449 1056 3479 con-

1108 1438 1254 1490 lurem]
1278 1438 1417 1478 Varro
1440 1440 1486 1478 R.
1512 1440 1559 1478 R.
1586 1440 1623 1487 l,
1650 1439 1686 1488 sl,
1713 1438 1751 1479 4.
1777 1440 1992 1479 duodecim

1108 1502 1202 1540 deos
1232 1502 1433 1548 invocat,
1467 1502 1538 1551 qui
1566 1502 1754 1541 mamime
1783 1502 1992 1553 agricola-

1107 1575 1203 1603 rum
1224 1564 1345 1603 duces
1364 1568 1472 1603 sunt.
1520 1564 1727 1613 Primum,
1762 1565 1832 1614 qui
1853 1575 1992 1604 omnes

1107 1627 1269 1678 fruetus
1311 1627 1602 1677 agriculturae
1645 1627 1759 1666 caelo
1803 1631 1840 1666 et
1876 1631 1992 1666 terra

1107 1690 1330 1739 continent,
1348 1690 1484 1728 Iovem
1499 1693 1536 1728 et
1559 1689 1589 1727 T
1587 1689 1778 1736 ellurem,·
1799 1700 1994 1729 --seczm-

1109 1753 1160 1791 do
1181 1752 1317 1791 Solem
1338 1755 1374 1791 ec
1395 1752 1581 1799 Lu=nc1m,·
1602 1773 1620 1779 -
1635 1752 1787 1790 —tercio
1805 1752 1993 1792 Cererem

1109 1819 1146 1854 et
1175 1814 1391 1861 Liberum,·
1437 1835 1457 1842 -
1477 1837 1501 1842 -
1523 1817 1674 1863 quarto
1704 1813 1904 1865 Robiyum
1943 1826 1993 1854 ac

1109 1877 1279 1916 Floram
1291 1887 1305 1924 ,·
1326 1898 1344 1904 —
1359 1897 1378 1904 -
1391 1876 1631 1916 Minervam
1651 1880 1688 1916 et
1711 1877 1928 1925 Venerem;
1945 1900 1994 1906 --

1109 1940 1341 1990 Lympham
1357 1950 1407 1977 ae
1422 1939 1584 1978 Bonum
1598 1940 1815 1978 Eventum.
1842 1939 1990 1980 Cf.Th.

1110 2003 1360 2043 Mommsen
1392 2002 1431 2040 d.
1454 2001 1668 2041 unterical.
1709 2002 1824 2041 Dial.
1849 2013 1892 2054 p.
1915 2001 1993 2041 428

1110 2076 1210 2115 sqq.
1271 2063 1504 2115 Templum
1551 2065 1778 2104 TELLVRI
1818 2065 1993 2105 GENE-

1115 2127 1251 2166 TRICI
1277 2125 1472 2165 dicatum
1495 2125 1629 2167 Uebel
1661 2126 1827 2166 detexit
1857 2127 1898 2166 in
1918 2138 1995 2178 pa-

1112 2188 1279 2228 rietinis
1309 2187 1460 2239 oppidi
1483 2186 1656 2237 Cuicul,
1690 2188 1820 2227 hodie
1842 2189 1995 2240 Dymi-

1111 2250 1201 2299 lah,
1236 2260 1375 2302 prope
1409 2249 1597 2299 Cirtam,
1631 2249 1765 2289 hodie
1796 2250 1995 2290 Constan-

1112 2314 1216 2353 tina.
1260 2335 1304 2341 --
1352 2311 1509 2363 porco]
1562 2314 1734 2352 Genere
1783 2312 1993 2353 feminino

1114 2373 1349 2415 Oraculum
1390 2373 1652 2425 SIbyllinum
1683 2374 1800 2426 apud
1830 2376 1990 2415 Zosim.

1113 2439 1162 2487 2,
1202 2438 1249 2477 6:
1297 2429 1421 2477 Αῧθι
1458 2436 1509 2478 δὲ
1547 2437 1665 2495 Γαίῃ
1696 2436 1994 2496 Πληθομένῃ

1114 2497 1282 2558 χοῖρός
1310 2512 1361 2540 τε
1390 2501 1471 2541 καὶ
1497 2492 1552 2551 ὗς
1574 2500 1751 2557 ἱεροῐτο
1771 2499 1991 2553 μέλαινα.

1115 2562 1322 2603 Similiter
1361 2565 1463 2604 ante
1494 2574 1692 2604 messem
1725 2564 1901 2613 Cereri,
1948 2565 1996 2603 ut

1115 2628 1175 2666 ait
1205 2627 1312 2667 Cato
1333 2628 1379 2666 R.
1405 2628 1450 2666 R.
1478 2625 1597 2673 434„
1624 2637 1760 2676 porca
1774 2627 1998 2676 praecida-

1113 2701 1216 2739 nea,
1234 2701 1366 2740 porco
1385 2689 1543 2739 femina
1563 2689 1658 2728 fieri
1675 2689 1863 2740 oportet.
1902 2690 1994 2730 Uno

1113 2752 1233 2802 loco,
1268 2752 1346 2791 Od.
1372 2751 1412 2800 3,
1436 2751 1504 2801 23,
1527 2751 1585 2800 4.,
1620 2751 1830 2791 feminino
1859 2752 1997 2792 utitur

1115 2816 1318 2856 Horatius
1339 2847 1346 2864 ,
1372 2815 1533 2854 ceteris
1554 2814 1813 2855 masculino.
1843 2839 1888 2844 —
1911 2815 1998 2855 Sil-

1112 2877 1284 2929 vanum]
1330 2878 1377 2916 In
1421 2877 1706 2928 inscriptione
1751 2877 1996 2917 admodum

1115 2941 1322 2991 suspecta
1355 2940 1504 2989 (inser.
1543 2950 1602 2980 m.
1642 2940 1732 2979 Lat.
1770 2941 1821 2980 N.
1857 2939 1993 2989 4604.)

1117 3004 1301 3042 vocatur
1344 3003 1431 3041 Lar
1460 3003 1659 3053 aqi-estis,
1706 3002 1749 3043 in
1786 3012 1996 3053 germana

1117 3064 1194 3115 (lb.
1219 3066 1268 3104 N.
1296 3064 1431 3114 4589.)
1456 3064 1732 3104 Conservator
1750 3066 1911 3105 Larum
1928 3065 1999 3104 Pe—

1116 3127 1294 3166 natium.
1347 3127 1535 3166 Omnino
1567 3126 1733 3167 cultum
1764 3127 1894 3166 huius
1925 3126 1996 3166 dei

1116 3190 1367 3241 priscorum
1397 3189 1690 3240 agricolarum
1718 3189 1876 3241 perdiu
1907 3198 1998 3227 ser-

1117 3254 1269 3292 vatum
1291 3262 1391 3292 esse
1414 3251 1667 3303 complures
1688 3250 1996 3302 inscriptiones

1119 3314 1442 3354 demonstrant.
1491 3314 1553 3353 Cf.
1592 3313 1730 3365 Epod.
1764 3314 1810 3360 2,
1843 3312 1910 3351 22.
1949 3335 1992 3339 -—
2043 3343 2046 3346 .

1111 3377 1302 3428 piabant]
1337 3376 1446 3417 «sibi
1468 3376 1680 3428 propitios
1702 3373 1992 3414 reddebant.»

1119 3440 1258 3479 Omne
1281 3441 1400 3478 enim
1421 3438 1687 3478 sacrificium
1710 3438 1776 3476 est
1800 3438 1844 3476 et
1863 3436 1996 3475 animi

179 3498 276 3550 iuge
308 3501 523 3553 imprimis
554 3502 691 3553 Epod.
719 3503 756 3550 2,
790 3501 854 3541 39.
894 3522 935 3529 —
976 3501 1057 3541 Tel-
1118 3502 1161 3541 in
1193 3501 1301 3542 deos
1333 3502 1441 3552 grati
1474 3499 1721 3540 testificatio
1744 3500 1786 3539 et
1808 3499 1994 3551 expiatio
