2231 3787
859 251 954 289 Llss.
989 251 1018 289 1.

1082 251 1242 290 130151.
1278 253 1343 290 vi.
1920 250 2021 302 439

267 382 319 436 Si
363 383 530 435 virtus
571 381 672 435 1100
713 400 816 434 una
856 388 1032 452 potest
1071 381 1227 442 dare,
1272 382 1420 435 sortis
1461 383 1674 436 omissis
1954 385 2021 437 30

270 485 383 537 Hoc
422 502 520 554 age
561 484 784 537 deliciis.

862 484 1119 538 Virtutem
1159 483 1325 537 verba
1362 493 1518 554 putas
1559 494 1611 538 et

269 587 474 639 Lucum
514 585 681 656 ligna:
724 603 855 640 cave
898 604 964 639 ne
1007 594 1193 657 portus
1234 594 1464 657 occupet
1504 586 1661 650 alter,

268 690 345 742 Ne
387 687 717 761 Cibyratica,
762 706 829 742 ne
869 688 1099 762 Bithyna
1136 688 1351 759 negotia
1390 688 1615 759 perdas;

270 789 410 844 Mille
452 788 647 843 talenta
687 789 1067 853 rotundentur,
1110 790 1333 845 totidem
1372 790 1564 855 altera,
1610 808 1772 862 porro
1814 799 1865 844 et

250 935 284 973 si
301 933 341 972 d.
378 933 441 983 (Ut
459 943 560 981 nos,
595 933 669 981 Ec,
689 931 790 983 β’ςκ.
825 934 888 972 De
912 934 1003 973 suis
1032 935 1149 973 tacet
1176 934 1408 974 Pottierius
1433 935 1629 973 nostram
1650 935 1800 974 tamen
1820 932 1969 973 lectio-

251 1007 354 1036 nem
372 995 584 1045 secutus.)
608 1018 650 1024 -—
672 995 738 1035 34.
759 999 796 1035 et
814 1006 992 1035 erasum
1015 996 1057 1035 in
1078 995 1107 1036 b
1131 1007 1154 1035 a
1177 1007 1266 1036 sec.
1293 1007 1370 1045 m.,
1395 996 1595 1036 additum
1618 997 1661 1035 in
1683 997 1723 1046 S,
1749 1007 1836 1035 om.
1858 995 1964 1044 cd,t.

195 1113 378 1165 profano
418 1124 469 1152 ac
506 1113 762 1164 promiscuo
801 1114 899 1152 usui
937 1112 1076 1152 desti-

196 1178 339 1225 natas,
388 1176 490 1214 huic
525 1186 680 1214 rursus
720 1175 878 1214 rationi
910 1185 1075 1213 convc—

195 1239 367 1278 nienter
395 1239 515 1277 vive:
564 1248 668 1288 ergo
701 1238 995 1288 negotiatione
1032 1238 1075 1276 et

195 1302 446 1340 mercatura
470 1311 636 1351 quaere
659 1298 737 1339 tibi
760 1310 911 1350 opes.»
966 1301 1075 1342 (Non

192 1365 298 1414 puto
342 1363 414 1401 hic
458 1363 733 1414 impietatem
780 1363 944 1410 notari;
995 1361 1075 1402 sed

193 1425 450 1477 simpliciter
466 1426 550 1465 hoc
568 1425 688 1464 dicit:
710 1426 776 1464 «Si
798 1427 927 1476 putas
944 1426 1078 1465 virtu-

193 1490 282 1528 tem
302 1490 505 1528 constare
521 1487 672 1528 verbis
689 1490 733 1527 et
750 1487 855 1527 1111111
877 1490 1077 1539 praeter-

194 1563 244 1591 ea
267 1562 389 1599 esse,
424 1553 469 1590 ut
499 1550 624 1590 lucus
642 1552 814 1590 constat
835 1549 962 1602 lignis
981 1551 1072 1591 sive

193 1612 451 1662 arboribus,
495 1614 628 1653 etiam
667 1615 966 1653 consentanea
1000 1625 1074 1654 ra-

193 1677 309 1716 tione
332 1676 554 1727 agendum
587 1678 695 1716 est.»
730 1678 944 1716 80550305
974 1687 1076 1727 pro-

192 1739 325 1778 bante
362 1738 569 1778 Obbario.
623 1740 677 1778 At
698 1739 734 1778 si
754 1739 840 1778 1100
861 1738 1075 1778 voluisset

192 1803 420 1850 Horatius,
453 1814 493 1841 v.
518 1803 634 1841 lucus
655 1813 941 1853 nequaquam
964 1811 1071 1842 usus

192 1867 335 1915 esset,
379 1875 537 1912 verum
567 1876 637 1904 vv.
669 1865 775 1904 silva
803 1864 874 1904 vel
904 1875 1068 1913 nemu&

190 1926 318 1978 longe
350 1929 501 1967 autem
532 1928 676 1979 aptius
705 1928 841 1967 virtus
878 1930 921 1967 et
958 1927 1074 1967 lucus

192 1990 276 2030 deo
317 2001 445 2031 sacer
489 1987 804 2048 παραλλήλως
847 1992 1072 2042 ponuntur

191 2065 328 2104 quam
359 2066 412 2093 ex
444 2055 627 2094 Gesneri
664 2055 834 2094 ratione
864 2055 998 2094 virtus
1029 2056 1073 2094 et

190 2116 329 2167 silva.)
368 2118 591 2156 Lucorum
623 2116 881 2168 religionem
912 2116 1071 2168 negligi

193 2180 394 2229 queritur
424 2180 678 2231 Propertius
712 2180 761 2228 4,
795 2181 867 2229 42,
902 2180 974 2220 47:
1021 2180 1073 2220 At

190 2251 300 2279 'nunc
330 2241 497 2280 desertis
525 2245 684 2280 cessant
721 2243 918 2281 sacraria
954 2242 1069 2282 lucis.

195 2326 238 2330 -
280 2303 421 2355 verba]
459 2302 613 2344 Ultima
657 2304 777 2343 Bruti
821 2316 905 2343 vox
952 2304 1071 2356 apud

190 2365 378 2404 Dionem
400 2364 474 2414 47,
499 2365 573 2405 49:
600 2358 659 2404 Ὦ
691 2363 876 2418 τλῆμον
906 2360 1069 2422 ἀρετή,

191 2423 334 2480 λόγος
363 2419 438 2485 ἆρ’
471 2420 600 2480 ἦσθ’·
634 2425 723 2481 ἐγώ
754 2426 806 2468 δέ
827 2424 981 2479 σεῖΩς
1000 2423 1073 2486 ’ἔρ-

189 2502 276 2543 γον
308 2485 509 2543 ἤσκουν,
547 2487 607 2532 σὺ
638 2489 676 2530 δ’
709 2487 956 2542 ἐδούλευες
990 2489 1073 2532 τύ-

191 2565 269 2610 χῃ.
305 2554 367 2594 Cf.
394 2555 483 2594 Cic.
509 2556 637 2594 Tusc.
663 2556 709 2604 5,
734 2554 803 2604 44,
830 2555 923 2594 449.
959 2556 1067 2606 Epp.

192 2616 207 2655 4
231 2647 239 2666 ,
275 2618 345 2667 47,
379 2617 454 2658 41ῑ
500 2617 581 2657 Aut
608 2618 742 2657 virtus
769 2629 918 2658 nomen
951 2619 1072 2658 inane

191 2683 268 2729 est,
300 2680 381 2719 Aut
410 2681 531 2720 decus
559 2685 597 2720 et
618 2681 804 2731 pretium
834 2685 943 2721 recte
967 2682 1072 2731 petit

192 2743 410 2792 experiens
437 2743 518 2782 vir.
556 2765 599 2771 -
628 2747 758 2793 putas
787 2743 838 2794 et]
869 2744 989 2783 Haec
1010 2742 1072 2783 le-

192 2804 277 2844 ctio
299 2803 458 2845 melius
478 2805 586 2845 mihi
613 2806 707 2845 1153
729 2806 798 2844 est
817 2805 1068 2856 exprimere

190 2877 449 2906 sermonem
484 2867 631 2918 ipsum
665 2867 881 2916 hominis,
922 2868 996 2919 qui
1028 2872 1071 2910 et

192 2927 414 2968 doctrinas
440 2922 617 2980 ἠθικὰς
647 2931 691 2969 et
719 2928 954 2980 religiones
981 2942 1068 2982 pu.-

191 2989 329 3030 blicas
373 3001 515 3041 aeque
556 2991 733 3043 negligit
779 3003 831 3032 ac
868 2993 1064 3034 deridet:

195 3053 436 3092 «Virtutem
474 3052 611 3092 verba
650 3056 758 3104 puto
795 3059 833 3094 et
868 3055 1069 3096 similiter

191 3115 342 3156 lucum
378 3114 544 3166 lignatn
591 3126 726 3166 quam
764 3117 800 3156 si
832 3128 1068 3170 compara-

193 3179 311 3218 tione
342 3177 420 3230 (ut)
451 3179 546 3229 ipse
575 3179 789 3218 uteretur.
847 3182 991 3232 Atque
1022 3183 1066 3222 ni

193 3240 318 3281 fallor
352 3239 450 3292 plus
492 3240 732 3296 εἰρωνείας
768 3241 883 3282 inest
914 3246 1064 3284 nostra

192 3305 234 3343 in
263 3303 453 3344 lectione
477 3314 612 3354 quam
644 3303 686 3342 in
718 3301 880 3352 altera,
914 3306 1063 3346 denuo

192 3366 377 3417 probata
418 3366 473 3405 ab
515 3365 706 3405 Obbario
744 3368 788 3405 et
824 3367 1062 3417 Diintzero,

194 3429 275 3468 etsi
304 3430 450 3469 minus
482 3429 696 3468 concinna
729 3430 810 3468 est.
852 3451 896 3456 —
930 3430 1064 3470 Suam

194 3491 290 3531 lect.
319 3496 439 3542 putes
459 3496 496 3532 et
526 3491 587 3531 510
610 3492 787 3543 exponit
816 3490 1060 3532 Bentleius:

1142 1114 1355 1153 «Potesne
1415 1113 1701 1153 existimare»
1756 1112 1859 1162 (sed
1911 1113 2022 1151 haec

1140 1175 1342 1214 iunctura
1372 1176 1606 1215 manifesto
1629 1176 1782 1215 vitiosa
1810 1174 1888 1224 est)
1914 1175 2023 1213 «vir—

1140 1240 1280 1278 tutem
1320 1237 1462 1278 verba
1504 1249 1604 1278 esse
1644 1239 1687 1277 et
1724 1237 1875 1276 lucum
1914 1247 2023 1275 con-

1140 1302 1367 1341 secratum
1397 1311 1421 1339 3
1459 1301 1615 1351 quavis
1659 1298 1767 1339 silva
1809 1310 1898 1338 11011
1938 1298 2022 1338 dif-

1139 1362 1285 1402 ferre‘?
1324 1363 1410 1402 hoc
1451 1364 1542 1411 est,
1586 1363 1775 1402 Potesne
1809 1363 1853 1401 et
1883 1361 2022 1400 virtu-

1139 1427 1231 1465 tem
1263 1427 1306 1465 et
1335 1424 1598 1476 religionem
1629 1425 1860 1464 exuere?»
1889 1446 1933 1451 -
1958 1434 2024 1462 oc-

1138 1489 1278 1538 capet]
1326 1488 1695 1539 «praeoccupet»
1764 1485 1827 1526 Cf.
1860 1485 1939 1525 Od.
1972 1486 2018 1534 2,

1141 1551 1216 1600 42,
1250 1551 1316 1591 28.
1369 1551 1459 1590 Liv.
1496 1551 1540 1599 4,
1576 1550 1651 1590 44:
1700 1549 1849 1589 bellum
1883 1548 2024 1599 facere

1139 1618 1356 1663 occupant.
1386 1638 1430 1642 —
1455 1612 1575 1664 alter]
1601 1612 1664 1653 Cf.
1690 1614 1779 1652 Sat.
1807 1613 1822 1651 4
1847 1643 1855 1661 ,
1881 1612 1896 1650 4
1918 1643 1925 1660 ,
1951 1609 2018 1650 40.

1138 1678 1259 1717 Bach
1281 1677 1338 1717 ad
1377 1677 1499 1717 Ovid.
1525 1678 1703 1718 Metam.
1729 1676 1774 1725 8,
1809 1674 1876 1716 74.

1193 1740 1340 1780 33-35.
1392 1742 1453 1780 Ne
1494 1740 1735 1789 Cibyratica
1773 1739 1882 1787 cet.]
1927 1738 2020 1777 «Si-

1139 1803 1228 1843 mul
1268 1815 1320 1843 ac
1359 1814 1482 1843 mare
1523 1804 1729 1854 apertum
1775 1802 1865 1849 est,
1913 1799 2020 1840 alios

1137 1867 1435 1918 praeveniens
1467 1865 1525 1905 ad
1555 1865 1859 1904 mercaturam
1891 1873 2021 1902 exer-

1138 1930 1329 1969 cendam
1376 1929 1499 1980 (nam
1546 1928 1601 1968 de
1647 1928 1901 1967 mercatore
1947 1924 2020 1963 hic

1138 1993 1303 2043 agitur,
1337 2002 1427 2031 non
1458 1991 1513 2031 (le
1544 1988 1831 2041 negotiatore)
1865 1988 2018 2037 naviga

1138 2054 1352 2105 Cibyram
1373 2063 1582 2104 magnam
1605 2051 1780 2103 (urbem
1801 2050 2018 2100 Phrygiae

1136 2129 1350 2168 magnae,
1383 2118 1569 2168 propter
1600 2115 1873 2154 ferramenta
1905 2111 2021 2153 0010-

1135 2181 1329 2220 bratam.
1373 2178 1532 2218 Strabo
1565 2177 1640 2227 43,
1672 2188 1716 2228 p.
1744 2177 1846 2216 654:
1876 2170 2020 2214 ’Ἰδιον

1135 2241 1174 2282 δ’
1207 2242 1337 2283 ἐστὶν
1368 2240 1417 2282 ἐν
1455 2237 1644 2297 Κιβύρᾳ
1672 2235 1728 2278 τὸ
1767 2235 1852 2278 τὸν
1883 2236 2019 2290 σίδη-

1136 2318 1221 2363 ρον
1241 2301 1528 2362 τορεύεσθαι
1558 2299 1781 2360 ῥᾳδίως.),
1816 2304 1950 2352 atque
1974 2302 2016 2339 in

1136 2369 1409 2419 Bithyniam,
1455 2377 1542 2417 quo
1574 2367 1674 2404 ante
1707 2363 1907 2403 aemulos
1939 2373 2019 2414 ap-

1135 2430 1290 2483 pulsus
1339 2430 1529 2481 optimas
1579 2437 1780 2478 quasque
1840 2436 2016 2465 merces

1133 2494 1276 2546 pretio
1301 2504 1435 2544 quam
1466 2492 1649 2531 minimo
1684 2493 1878 2529 coemas.
1925 2488 2015 2527 Hac

1137 2555 1359 2606 diligentia
1394 2565 1577 2606 semper
1611 2551 1807 2591 adhibita
1837 2549 2017 2589 tandem

1137 2630 1189 2658 00
1234 2618 1495 2669 pervenies,
1548 2616 1595 2653 ut
1641 2611 2016 2665 locupletissimus

1135 2681 1260 2720 fias.»
1302 2678 1369 2718 Ad
1400 2676 1560 2730 triplex
1580 2688 1630 2717 ne
1652 2676 1706 2717 cf.
1732 2677 1838 2715 item
1859 2673 2017 2726 triplex

1134 2743 1169 2782 si
1208 2743 1316 2794 Epp.
1358 2743 1404 2791 4,
1450 2741 1525 2789 47,
1561 2740 1599 2780 6.
1646 2763 1690 2768 -—
1718 2736 1890 2789 perdas]
1935 2747 2015 2776 «ne

1135 2806 1230 2844 tum
1261 2804 1445 2844 demum
1475 2801 1576 2841 illuc
1605 2801 1869 2854 pervenias,
1912 2808 2016 2838 cum

1135 2867 1309 2918 negotia
1351 2868 1648 2918 quaestuosa,
1698 2864 1753 2904 ab
1798 2861 1893 2903 aliis
1937 2860 2016 2901 tibi

1132 2931 1395 2983 praerepta,
1439 2939 1597 2980 gerere
1629 2928 1718 2967 iam
1748 2937 1837 2966 11011
1867 2925 2013 2965 licet.»

1138 3015 1181 3022 —
1207 2994 1390 3043 Bithyna
1408 2991 1589 3044 neqotia]
1610 2990 1710 3030 vid.
1733 2989 1789 3029 ad
1810 2988 1887 3029 Od.
1914 2987 1952 3036 3,
1973 2988 2011 3035 7,

1133 3057 1178 3097 3:
1217 3056 1359 3105 Thyna
1373 3065 1509 3094 merce
1529 3054 1708 3093 beatum.
1736 3074 1780 3080 —
1813 3050 1928 3092 Mille
1947 3053 2015 3088 ta-

1132 3119 1258 3169 lenta]
1280 3119 1343 3158 Ex
1364 3119 1516 3158 nostra
1535 3114 1822 3168 computandi
1842 3113 2012 3152 ratione

1134 3182 1330 3223 efficiunt
1360 3181 1537 3221 circiter
1564 3178 1793 3229 5‚000‚000
1814 3177 1881 3216 Fr.
1906 3172 2008 3214 Gall.

1134 3269 1178 3274 —
1238 3242 1544 3294 retundentur]
1606 3238 1965 3291 «compleantur.
1990 3250 2008 3269 n

1128 3309 1268 3348 Omne
1299 3307 1442 3353 enim,
1487 3304 1606 3356 quod
1635 3300 1876 3342 rotundum
1918 3298 1999 3343 est,

1130 3370 1186 3409 ab
1220 3370 1340 3409 omni
1372 3369 1497 3419 parte
1528 3365 1712 3418 plenum
1744 3365 1812 3403 est
1840 3373 1891 3401 ac
1913 3369 2015 3411 per-

1129 3431 1313 3471 fectum.
1367 3430 1447 3481 (Ad
1486 3429 1623 3481 ipsius
1661 3424 1892 3466 millenarii
1929 3434 2013 3461 nu-

1131 3495 1242 3534 meri
1283 3493 1609 3545 perfectionem
1647 3487 1781 3528 refert
1821 3487 2012 3525 Torren—
