2231 3787
915 245 1010 283 LlB.
1046 246 1075 283 1.
1139 247 1250 285 SAT.
1287 247 1352 285 Vl.

297 374 454 438 Quod
494 391 598 426 non
641 374 900 444 ingenuos
940 373 1136 428 habeat
1174 375 1458 447 clarosque
1498 388 1773 447 parentes,

293 476 379 529 Sic
419 494 503 529 me
543 475 840 530 defendam.

292 579 353 630 Et
391 596 493 631 vox
534 587 587 631 ct
625 578 782 631 ratio:
823 596 946 631 nam
984 579 1027 631 si
1066 587 1254 632 natura
1294 580 1505 634 iuberet

299 683 338 733 A
376 680 534 733 certis
574 680 725 732 annis
765 697 958 734 aevum
1004 698 1248 734 remeare
1287 691 1565 752 peractum

294 784 465 853 Atque
506 782 638 835 alios
681 782 861 853 legere
901 782 968 835 ad
1008 783 1200 836 fastum
1238 802 1593 856 quoscunque
1643 796 1893 857 parentes

296 884 520 954 Optaret
563 883 664 937 sibi
704 884 961 955 quisque,
1004 886 1138 938 meis
1177 895 1458 940 contentus
1497 888 1752 941 honestos

295 985 552 1038 Fascibus
594 994 646 1039 et
683 985 828 1039 sellis
868 985 1063 1039 nollem
1103 986 1228 1039 mihi
1269 1006 1508 1050 sumere,
1550 989 1773 1044 demens
1846 992 1848 994 ’

297 1086 499 1140 Iudicio
540 1086 706 1158 volgi,
750 1104 913 1140 sanus
952 1088 1179 1142 fortasse
1217 1098 1338 1151 tu0‚
1381 1090 1528 1161 quod

292 1188 498 1241 Nollem
526 1206 662 1241 onus
690 1187 835 1241 haud
863 1206 1101 1260 unquam
1129 1189 1317 1243 solitus
1344 1199 1559 1262 portare
1588 1193 1889 1246 molestum.

290 1291 422 1342 Nam
460 1288 586 1342 mihi
627 1289 878 1343 continuo
918 1290 1089 1344 maior
1127 1293 1442 1362 quaerenda
1481 1293 1617 1347 soret
1655 1313 1741 1348 res

1954 248 2054 300 Ηε)

917 477 1096 547 Longe
1135 494 1254 530 mea
1305 478 1577 549 discrepat
1616 480 1726 532 istis

1984 789 2051 839 95

1944 1296 2046 1348 2100

290 1393 462 1463 Atque
503 1391 768 1445 salutandi
807 1391 1016 1463 plures,
1059 1393 1343 1448 ducendus
1383 1403 1435 1448 et
1472 1414 1611 1448 unus

329 1552 395 1591 96.
427 1552 620 1591 honustos
648 1552 689 1591 S.
724 1550 909 1603 (onustos
938 1552 1079 1593 Codd.
1113 1551 1231 1604 aliq.)
1267 1577 1311 1580 —
1346 1553 1411 1592 97.
1444 1554 1572 1593 nolim
1603 1556 1631 1594 t.

218 1688 367 1717 aevum
408 1688 596 1717 remeare
637 1677 880 1729 peractum]
930 1679 1100 1718 «vitam
1164 1678 1305 1717 inultis
1342 1679 1444 1717 nihil
1484 1678 1602 1718 liberi
1631 1680 1829 1730 relinquit
1865 1681 2048 1721 circum-

218 1739 365 1780 denuo
404 1740 623 1791 incipere,
669 1740 772 1779 inde
805 1752 829 1779 a
862 1743 983 1780 certo
1022 1752 1100 1780 ae-

221 1802 320 1842 tatis
364 1813 501 1850 anno,
554 1802 895 1853 quadragesimo
946 1806 1096 1854 puta.»

217 1865 364 1916 Eurip.
397 1863 546 1916 Suppl.
582 1865 709 1904 4080:
743 1866 787 1905 τί
815 1861 873 1917 δὴ
905 1864 1100 1921 βροτοῖ-

218 1941 295 1968 σιν
325 1922 415 1967 οὐκ
446 1921 576 1967 Ξ-’στιν
607 1924 714 1966 τόδε
744 1927 898 1978 Νέους
928 1926 999 1978 δὶς
1031 1925 1098 1968 εἱ·-

218 2003 296 2031 ναι
325 1990 406 2029 καὶ
435 1993 662 2046 γέροντας
683 1983 746 2030 αὖ
767 1987 936 2039 :zethum
971 2014 1015 2019 —
1043 1993 1099 2031 ad

215 2053 383 2104 fastum]
408 2052 683 2092 «secundum
714 2052 897 2102 fastum,
930 2065 1011 2105 pro
1040 2054 1100 2093 fa-

219 2118 289 2156 stu
318 2126 422 2164 suo,
464 2116 698 2166 parentes,
743 2115 905 2165 quibus
937 2115 1098 2166 gloria—

219 2180 384 2218 retur.»
446 2177 571 2216 Hand
603 2178 727 2217 Turs.
762 2179 791 2217 Ι.
816 2189 859 2229 p.
886 2178 988 2218 itt:
1026 2180 1099 2218 «ut

219 2240 455 2281 satisfieret
484 2239 655 2279 fastui.»
691 2262 735 2268 —-
770 2241 819 2279 V.
844 2242 993 2280 autem
1020 2253 1099 2290 pa-

220 2306 352 2342 rentes
380 2313 522 2352 aeque
563 2302 754 2352 pertinet
791 2302 849 2341 ad
890 2315 961 2342 vv.
994 2305 1099 2343 alios

219 2367 351 2416 le9ere
388 2366 431 2403 et
468 2364 523 2402 ad
559 2375 629 2402 vv.
663 2374 926 2413 quoscunque
965 2366 1098 2415 Opta—

217 2432 281 2468 ret
298 2427 374 2467 sibi
394 2427 586 2476 quisqne3
621 2427 829 2476 quocirca
853 2427 1098 2468 distinctio-

219 2502 323 2531 nem
359 2491 460 2540 post
488 2500 530 2528 V.
564 2489 696 2539 leqere
726 2488 895 2529 sustuli.
939 2511 983 2517 —
1022 2491 1098 2530 ho-

218 2557 352 2593 nestos
389 2551 586 2591 Fascibus
621 2554 658 2590 et
695 2550 815 2602 sellis]
878 2552 1098 2592 «honora—

218 2618 286 2655 tos
316 2612 544 2654 curulibus
588 2613 940 2664 magistratibus,
989 2626 1098 2655 con—

218 2676 388 2718 sulares
410 2677 453 2716 et
471 2676 765 2727 praetorios.»
799 2677 937 2717 Comi.
964 2678 1094 2724 CRUQ.

219 2739 355 2780 Plaut.
382 2739 506 2790 Capt.
526 2739 567 2785 ⁶2,
591 2738 636 2786 3,
661 2737 734 2777 32:
769 2740 928 2788 Quinte
946 2740 1100 2779 honore

218 2802 489 2842 honestiorem
517 2811 677 2850 semper
704 2801 800 2852 fecit
828 2806 865 2841 et
895 2802 1012 2852 facit.
1050 2825 1095 2830 -

216 2865 391 2915 fortasse
419 2863 502 2914 tuo]
530 2865 602 2902 «ut
625 2862 837 2903 iudicium
857 2863 949 2903 fore
971 2867 1098 2903 tuum

220 2936 301 2977 par
331 2927 421 2965 est:
455 2925 550 2964 sine
572 2924 750 2975 dubio»,
784 2926 911 2966 sicuti
943 2928 1098 2966 Graeci

220 2988 437 3039 usurpant
466 2984 596 3037 ἴσως.
648 2988 775 3028 Hand
806 2989 931 3029 Turs.
966 2991 1016 3029 ΙΙ.
1051 3001 1095 3041 p.

221 3050 314 3089 722.
363 3049 572 3099 «Egregie
594 3050 679 3089 hoc
701 3050 828 3099 dixit,
862 3051 964 3102 quia
984 3052 1102 3091 Mae-

221 3122 354 3152 cenas
387 3121 526 3161 eques
566 3111 787 3152 Romanus
827 3114 1097 3163 permansit,

222 3175 476 3224 contempto
507 3173 728 3212 senatorio
759 3174 958 3215 ordine.»
994 3177 1096 3215 Aen.

224 3259 268 3264 —-
301 3235 513 3275 salutandi
538 3235 692 3286 plures]
732 3235 930 3287 Explicat
965 3238 1100 3277 Hein-

223 3297 412 3338 dorfius:
477 3295 764 3337 «salutatores
801 3297 951 3349 plures
981 3300 1101 3339 acci-

221 3359 413 3412 piendi.»
472 3360 655 3399 Praeter
686 3359 775 3398 Cic.
809 3360 866 3399 ad
903 3361 1023 3400 Fam.
1057 3362 1096 3410 7,

221 3422 289 3461 ⁶28.
320 3424 364 3462 et
393 3422 436 3471 9,
470 3422 537 3461 20.
570 3422 745 3472 poterat
775 3421 933 3462 afferre
966 3423 1098 3468 etiam

224 3486 420 3525 Senecae
451 3482 554 3524 illud
577 3484 633 3524 de
655 3484 782 3523 Brev.
807 3484 854 3524 V.
880 3485 930 3523 2:
965 3486 1100 3535 Quam

1161 1742 1278 1792 fusus
1307 1741 1516 1780 clientium
1538 1742 1746 1791 populus!
1778 1744 1873 1782 Non
1895 1746 2045 1784 tamen

1165 1803 1259 1843 eius
1309 1804 1723 1854 interpretationem
1772 1805 2042 1856 comprobo:

1163 1877 1267 1905 nam
1305 1865 1595 1905 memoranda
1638 1877 1745 1906 sane
1786 1869 1880 1906 erat
1918 1866 2045 1918 longe

1162 1928 1305 1967 maior
1334 1927 1537 1967 molestia
1568 1927 1676 1969 alios
1714 1928 1954 1977 salutandi:
2003 1931 2047 1970 et

1163 1990 1236 2041 qui
1273 1990 1466 2029 maiores
1507 1991 1704 2031 honores
1744 1991 2043 2043 appetebant,

1163 2052 1295 2091 etiam
1317 2063 1420 2091 cum
1441 2054 1687 2101 senatores,
1713 2053 1894 2102 aediles,
1917 2065 2048 2105 prae-

1162 2116 1281 2154 tores
1312 2115 1483 2162 essent,
1522 2114 1833 2165 suffragiorum
1868 2118 1912 2155 et
1947 2127 2046 2156 am—

1160 2176 1338 2216 bitionis
1389 2187 1522 2216 causa
1583 2178 1803 2228 primores
1861 2179 2045 2219 civitatis

1162 2238 1354 2279 salutare
1386 2250 1574 2279 necesse
1605 2239 1849 2279 habebant.
1910 2242 1972 2280 Ita
1994 2242 2039 2280 L.

1160 2302 1456 2351 Vargunteius
1496 2304 1677 2341 senator
1707 2305 1750 2342 et
1791 2304 1838 2343 C.
1875 2304 2045 2343 Corne—

1159 2362 1242 2402 lius
1274 2374 1413 2413 eques
1446 2365 1520 2402 Ro.
1555 2364 1682 2403 sicuti
1713 2364 1954 2404 salutatum
1975 2365 2044 2403 in-

1161 2423 1295 2462 troire
1327 2423 1384 2462 ad
1415 2424 1680 2464 Ciceronem
1716 2424 1951 2473 volebant,
1996 2427 2044 2464 ut

1163 2496 1267 2525 eum
1306 2485 1576 2525 occiderent.
1616 2486 1773 2527 Salust.
1816 2486 1938 2528 Catil.
1973 2488 2040 2528 ⁶28.

1163 2549 1333 2588 Festive
1372 2547 1571 2589 Manilius
1611 2550 1655 2597 5,
1690 2548 1763 2589 64:
1813 2548 2044 2601 (Salutator

1162 2612 1370 2651 strenuus
1402 2622 1453 2650 ac
1483 2610 1651 2661 sollers)
1691 2612 1831 2651 Instar
1859 2614 1939 2652 erit
1960 2624 2044 2662 po-

1159 2674 1249 2724 puli
1277 2677 1445 2724 totaque
1474 2673 1676 2714 habitabit
1716 2675 1759 2714 in
1800 2675 1925 2725 Urbe,
1971 2676 2044 2715 Li-

1160 2737 1279 2776 mina
1291 2737 1567 2787 pervolitans,
1585 2748 1797 2787 unumque
1809 2749 1888 2788 per
1901 2739 2044 2778 omnia

1161 2799 1333 2839 verbum
1351 2800 1480 2839 Mane
1499 2800 1711 2838 salutandi
1731 2804 1908 2850 portans
1926 2812 2044 2840 com-

1161 2863 1300 2901 munis
1343 2863 1516 2901 amicus.
1594 2862 1779 2911 (Mutuas
1824 2862 2043 2903 salutandi

1163 2923 1390 2964 molestias
1411 2923 1557 2975 lepide
1579 2923 1792 2964 describit
1824 2926 2043 2965 Lucianus

1163 2987 1206 3026 in
1244 2986 1422 3037 Nigrino
1454 2986 1521 3025 21¹.
1573 2986 1872 3036 Hieronymus
1906 2987 2041 3038 Epist.

1163 3049 1240 3090 43:
1285 3050 1414 3088 Pudet
1450 3049 1586 3088 dicere
1622 3049 1903 3099 frequentiam
1930 3050 2047 3089 salu-

1163 3113 1302 3161 tandi,
1335 3123 1421 3161 qua
1450 3115 1525 3150 aut
1552 3112 1633 3162 ipsi
1663 3112 1844 3161 quotidie
1863 3113 1919 3151 ad
1939 3112 2044 3151 alios

1156 3175 1374 3226 pergimus
1404 3177 1479 3213 aut
1508 3174 1564 3212 ad
1603 3185 1677 3213 nos
1704 3175 1909 3213 venientes
1937 3178 2044 3213 cete·

1162 3248 1232 3276 ros
1281 3235 1605 3287 exspectamus.)
1660 3259 1704 3263 —-
1757 3237 1966 3275 ducendus
2007 3239 2045 3274 et

1162 3310 1269 3339 unus
1310 3299 1365 3338 Et
1406 3309 1538 3338 comes
1578 3298 1697 3349 atter]
1745 3297 2045 3346 «Ambiguita-

1164 3363 1255 3401 tem
1276 3361 1321 3400 in
1343 3361 1410 3401 his
1427 3360 1738 3400 offendimus.»
1771 3358 1897 3399 Hand
1918 3359 2041 3397 Turs.

1163 3426 1213 3464 ΙΙ.
1238 3436 1283 3476 p.
1308 3424 1402 3464 538.
1454 3424 1663 3463 Lectores
1692 3424 1840 3460 tamen
1870 3420 2045 3460 Latinos

1164 3487 1208 3526 in
1240 3485 1524 3537 ambiguitate
1556 3485 1637 3524 ista
1668 3482 1868 3522 haesisse
1899 3482 2045 3522 neuti-
