2231 3787
916 199 1015 239 ARS
1046 198 1289 238 POETICA.

268 331 371 397 Qui
412 330 593 385 studet
631 337 866 401 optatam
905 345 1069 383 cursu
1108 327 1419 399 contingere
1458 335 1680 389 metam,

266 433 429 486 Multa
468 432 584 486 tulit
621 433 855 503 fecitque
894 448 1056 502 puer,
1099 429 1312 484 sudavit
1350 437 1403 482 et
1443 428 1587 490 alsit,

265 535 530 589 Abstinuit
568 552 768 589 venere
808 542 861 588 et
898 534 1052 598 vin03
1093 532 1185 605 qui
1225 530 1416 604 Pythia
1455 539 1630 585 cantat

266 637 512 697 Tibicen,
557 636 742 690 didicit
781 636 932 707 prius
973 634 1326 705 extimuitque
1364 633 1694 704 magistrum.

1929 633 2029 685 4153

267 739 377 792 Nec
420 738 549 792 satis
590 746 671 792 est
709 736 936 791 dixisse:
982 738 1092 807 Ego
1132 737 1267 789 mira
1305 741 1557 807 poemata
1597 753 1802 808 pang03

305 911 400 953 444.
438 915 476 951 et
510 911 673 950 Baccho
710 910 930 961 Excerpta
967 909 1275 959 Frisingensia.
1315 932 1358 937 —
1400 908 1494 950 416.
1528 911 1623 950 Non
1653 911 1704 960 B,
1751 924 1781 963 η
1814 909 1974 962 aliique

251 975 370 1027 apud
392 974 656 1024 Gonodium‚
689 974 810 1013 Nunc
832 972 972 1022 ETbc,
999 972 1155 1020 LCtFJ‚
1183 971 1323 1011 Codd.
1347 972 1545 1013 Monacc.
1571 975 1614 1013 et
1636 973 1829 1013 Pottierii
1851 984 1977 1025 prae-

254 1040 323 1079 ter
350 1048 491 1077 unum
522 1046 700 1085 omnes,
734 1037 847 1075 Num
869 1035 978 1075 Cod.
1004 1032 1239 1075 Melkensis
1270 1035 1366 1074 Sec.
1391 1035 1440 1074 X.
1477 1035 1542 1086 (Ut
1561 1046 1664 1086 nos,
1690 1036 1763 1084 Sd,
1798 1037 1896 1086 πσ.)
1925 1058 1967 1064 -

246 1100 407 1153 pango]
437 1102 551 1152 fingo
581 1111 626 1152 p.

196 1253 292 1292 riat.
340 1251 394 1290 At
416 1249 516 1300 quid
538 1248 699 1299 prosit,
732 1249 778 1288 τί
800 1241 861 1291 ἂν
881 1242 1082 1297 ὠφελοῖ,
1113 1247 1118 1278 1
1149 1246 1335 1300 plicant,
1378 1249 1477 1299 «qui
1514 1249 1557 1288 in
1587 1248 1701 1290 ludis
1733 1250 1899 1300 pythiis
1929 1261 2032 1291 cum

197 1315 344 1354 minus
366 1314 434 1353 est
453 1310 776 1362 humiliusque,
807 1322 942 1362 quam
965 1309 1086 1362 quod

196 1376 340 1429 poscit
371 1375 606 1415 sententia.
654 1375 765 1413 Nam
797 1374 841 1413 et
863 1371 1083 1421 Choerilo,

197 1450 301 1479 cum
337 1437 515 1478 incultis
545 1436 752 1477 versibus
789 1446 950 1476 aureos
983 1436 1087 1475 Phi-

197 1501 340 1554 lippos
359 1498 619 1548 abstulerat,
638 1498 800 1548 profuit
817 1497 998 1550 quidem
1016 1509 1088 1537 ru-

200 1564 256 1604 de
279 1562 529 1614 ingenium,
565 1560 827 1612 quantillum
847 1571 954 1600 vero
977 1562 1085 1608 erat,

198 1626 320 1677 quod
344 1625 504 1676 poluit,
536 1623 644 1663 vidit
665 1624 828 1675 optima
855 1623 987 1662 iudex
1008 1624 1088 1662 Po-

198 1689 419 1730 steritas.»
455 1686 518 1727 Cf.
543 1686 622 1727 Od.
646 1685 692 1735 4,
726 1685 776 1735 4,
812 1687 863 1725 25
900 1696 999 1737 sqq.
1037 1706 1082 1713 —

201 1751 397 1792 coniurat
426 1749 572 1801 amice]
606 1749 900 1800 Frequentius
921 1749 1006 1788 hac
1028 1749 1089 1788 si-

199 1814 481 1866 gnificatione
514 1814 583 1853 est
601 1824 642 1852 v.
665 1812 912 1862 conspirare
941 1810 997 1850 ad
1018 1811 1086 1850 in-

198 1879 354 1919 timam
376 1876 721 1917 consensionem
743 1877 787 1915 et
809 1874 1088 1916 coniunctio-

198 1951 303 1981 nem
335 1938 688 1991 exprimendam.
722 1939 770 1977 In
792 1939 982 1989 utroque
1005 1948 1087 1976 au-

200 2005 294 2043 tem
309 2001 450 2042 verbo
469 2003 513 2041 et
532 2001 728 2041 coniurat
749 2002 794 2040 et
813 1996 1088 2051 amice'egre-

198 2066 266 2117 gia
302 2065 630 2117 prosopopoeia
659 2064 818 2112 utitur,
865 2063 921 2103 de
951 2064 1086 2103 studio

199 2130 244 2170 et
273 2128 329 2169 de
358 2128 525 2180 inqenio
557 2127 685 2179 quasi
716 2126 772 2167 de
797 2127 1005 2179 personis
1026 2125 1089 2166 lo-

202 2194 347 2233 cutus.

253 2253 458 2295 lita-4118.
511 2254 591 2304 Qui
618 2254 754 2293 studet
783 2253 886 2303 cet.]
929 2253 1086 2294 Paucis

199 2317 351 2357 verbis
374 2316 539 2357 educat
567 2318 747 2368 poetam
770 2327 794 2356 a
816 2316 983 2356 teneris
1002 2327 1087 2355 un-

198 2378 410 2432 guiculis,
443 2381 492 2419 ut
521 2380 748 2419 oratorem
779 2377 1084 2427 Quintilianus.

200 2445 496 2491 «Accurata,»
528 2442 695 2493 inquit,
722 2441 1012 2482 «educatione
1035 2452 1087 2481 ac

198 2506 540 2559 praeparatione
573 2516 685 2557 opus
717 2506 786 2545 est
815 2504 961 2545 futuro
983 2509 1088 2557 poe-

199 2571 270 2609 tae
288 2584 325 2618 ‚»
359 2578 498 2619 quem
525 2578 628 2607 cum
650 2578 834 2608 cursore
857 2566 1087 2619 Olympico

199 2632 347 2684 potius
371 2642 506 2682 quam
524 2662 532 2679 ,
556 2632 604 2670 ut
624 2628 778 2670 volunt
797 2629 1084 2680 scholiastae,

200 2706 306 2735 cum
347 2692 512 2734 athleta
542 2695 788 2744 comparat.
837 2694 900 2732 De
931 2693 999 2733 his
1030 2693 1084 2733 cf.

199 2755 519 2797 Tertullianum
548 2754 617 2796 Ad
648 2756 872 2806 martyres
905 2756 1012 2807 Cap.
1037 2755 1083 2795 3:

199 2820 356 2869 Nempe
399 2819 507 2859 enim
537 2822 574 2858 et
604 2818 783 2858 athletae
812 2822 1089 2870 seqreqantur

201 2883 258 2922 ad
285 2882 535 2921 strietiorem
555 2881 821 2931 disciplinam
831 2892 846 2928 ‚·
876 2885 922 2920 ut
945 2881 1089 2921 robori

202 2945 462 2997 aedificando
489 2948 662 2992 vacent,
694 2944 959 2984 continentur
978 2956 1006 2984 a
1027 2945 1089 2984 la-

199 3008 358 3056 oeuria,
404 3018 432 3046 a
474 3006 574 3046 cibis
617 3006 886 3056 lautioribus,
933 3018 960 3046 a
983 3012 1089 3057 potu

200 3070 446 3111 iucundiore
457 3081 470 3117 ,·
500 3072 722 3120 coguntur,
744 3070 1004 3120 cruciantur,
1024 3071 1090 3122 fa-

201 3135 415 3185 tiqantur;
448 3136 604 3182 quanto
627 3133 726 3183 plus
753 3133 798 3172 in
819 3134 1089 3173 eccercitatio-

201 3197 322 3237 nibus
349 3195 658 3245 laboraverint,
693 3198 809 3235 tanto
834 3195 931 3245 plus
953 3197 1001 3236 de
1028 3197 1089 3236 vi-

203 3259 340 3299 ctoria
367 3261 551 3308 sperant.
577 3281 623 3286 —
649 3257 720 3307 qui·
749 3257 899 3306 Pythia
928 3258 1086 3311 cantat]

205 3321 473 3369 certamina,
523 3316 837 3372 «Πυθαύλης,
870 3321 906 3359 is
938 3321 1013 3371 qui
1043 3322 1088 3361 in

204 3383 370 3433 Pythiis
385 3382 596 3435 Apollinis
614 3384 843 3423 certamen
865 3393 968 3422 cum
989 3382 1090 3423 dra-

207 3455 318 3485 cone
349 3446 505 3497 Pythio
545 3444 652 3485 tibia
693 3445 852 3486 canit.»
898 3443 978 3484 Alii
1009 3456 1088 3486 ex·-

1150 1310 1243 1352 aliis
1261 1310 1515 1352 tibicinibus
1538 1314 1722 1353 certat.»
1754 1312 1910 1354 Obstat
1931 1314 2035 1353 sim-

1150 1371 1252 1424 plex
1270 1385 1312 1413 v.
1337 1377 1506 1423 cantat,
1541 1374 1661 1425 quod
1684 1385 1788 1414 eum
1805 1375 2035 1426 perfectum

1150 1436 1380 1476 tibicinem
1426 1448 1525 1477 esse
1571 1437 1812 1488 significat,
1859 1439 1904 1477 et
1947 1438 2034 1478 iam

1151 1501 1253 1539 ante
1285 1498 1413 1540 ludos
1444 1500 1501 1540 ita
1535 1501 1854 1549 exercitatum,
1889 1503 1937 1540 ut
1958 1513 2035 1540 ex-

1152 1561 1270 1613 plodi
1302 1561 1357 1601 ab
1381 1562 1634 1602 auditorum
1656 1573 1820 1602 corona
1843 1574 1930 1602 non
1954 1573 2036 1614 pe—

1150 1624 1380 1665 riclitetur.
1408 1648 1453 1653 —-
1478 1625 1621 1664 didicit
1645 1625 1766 1675 prius
1797 1625 1899 1677 cet]
1931 1626 2038 1665 Var-

1150 1700 1200 1727 ro
1223 1699 1292 1740 ap.
1316 1689 1507 1728 Nonium
1530 1689 1572 1728 in
1593 1700 1633 1728 v.
1659 1688 1837 1728 ramices
1857 1700 1865 1727 :
1896 1689 2036 1728 Prias-

1150 1761 1280 1799 quam
1322 1752 1365 1790 in
1410 1751 1623 1790 orchestra
1661 1751 1880 1800 pythaules
1922 1752 2037 1803 inflet

1149 1814 1291 1863 libias,
1339 1814 1450 1853 domi
1484 1825 1585 1854 suae
1614 1814 1792 1853 ramices
1820 1814 1948 1864 rupit.
1987 1838 2031 1842 —

1148 1877 1234 1916 Nec
1264 1875 1367 1928 cet.]
1401 1877 1595 1917 Tametsi
1626 1877 1886 1917 auctoritate
1907 1887 2037 1928 prae-

1150 1942 1306 1991 gravat
1334 1938 1464 1980 lectio
1485 1940 1621 1989 Nunc,
1655 1941 1806 1980 tamen
1836 1939 2035 1992 profecta

1149 2003 1327 2043 videtur
1369 2002 1426 2042 ab
1474 2003 1677 2051 homine,
1725 2003 1800 2053 qui
1831 2002 1937 2042 satis
1967 2003 2037 2041 in-

1149 2067 1417 2118 tempestive
1455 2064 1539 2105 loci
1581 2066 1825 2122 εἰρωνείαν
1870 2075 2035 2116 augere

1148 2128 1354 2169 voluerit.
1411 2129 1463 2169 Et
1492 2129 1536 2168 in
1566 2129 1701 2169 satira
1732 2128 1916 2180 quidem
1946 2127 2037 2167 for-

1150 2195 1270 2232 tasse
1310 2193 1432 2232 esset
1465 2193 1596 2243 apta3
1643 2191 1725 2231 sed
1756 2191 1792 2231 si
1822 2191 1865 2230 h.
1899 2189 1926 2229 l.
1960 2200 2037 2229 ac-

1151 2255 1345 2295 curatius
1390 2254 1665 2305 inspexeris,
1712 2252 1886 2293 videbis
1931 2250 2036 2292 nihil

1150 2328 1259 2357 sane
1289 2316 1487 2368 potuisse
1517 2316 1724 2355 rusticius
1756 2314 1843 2355 dici
1872 2315 1916 2353 in
1947 2313 2039 2365 epi-

1151 2379 1261 2420 stola
1281 2391 1288 2418 :
1325 2370 1463 2429 «Erg'o
1486 2378 1699 2429 quoniam
1721 2388 1839 2417 nunc
1860 2377 1946 2416 boc
1969 2376 2037 2416 di-

1150 2444 1268 2484 xisse
1301 2441 1484 2491 sufficit,
1532 2443 1579 2480 tu
1618 2452 1821 2492 quoque,
1869 2440 2035 2492 optime

1151 2506 1271 2555 Piso,
1306 2506 1369 2545 sic
1400 2504 1577 2544 dicito.»
1622 2506 1788 2554 Atque,
1834 2504 1884 2542 ut
1912 2504 2035 2541 recte

1150 2567 1379 2608 Bentleius
1401 2566 1632 2618 significat,
1656 2567 1690 2606 si
1713 2566 1905 2616 antiquis
1928 2566 2038 2604 tem-

1150 2630 1335 2683 poribus
1351 2641 1432 2671 sua
1449 2641 1676 2682 opponere
1694 2627 1921 2675 voluisset,
1940 2637 2039 2666 ver-

1150 2694 1209 2734 bo
1227 2693 1386 2735 saltem
1407 2703 1590 2732 monere
1614 2691 1870 2732 debuisset:
1899 2688 2036 2730 «Olim

1152 2738 1228 2808 qu⁸i
1258 2757 1340 2796 arti
1371 2755 1604 2805 studebat,
1628 2777 1687 2784 -—
1704 2753 1842 2794 multa
1864 2752 2036 2792 serebat

1150 2831 1284 2872 puer:
1309 2830 1429 2859 nunc
1451 2820 1602 2859 contra
1625 2819 1734 2858 est.»
1768 2815 2037 2867 (Dillenbur-

1151 2893 1229 2933 ger
1270 2881 1454 2933 quidem
1496 2880 1703 2932 praetulit
1732 2881 1875 2929 Nunc,
1923 2879 2035 2918 haec

1151 2946 1392 2984 annotans:
1429 2944 1567 2984 «Satis
1599 2945 1667 2983 est
1693 2943 1854 2983 nostris
1872 2941 2032 2993 poetis,

1151 3010 1200 3047 ut
1229 3007 1420 3047 dicant.»
1454 3008 1593 3047 Corui.
1621 3007 1776 3055 CRUQ.‚
1811 3015 1947 3056 quem
1967 3004 2035 3043 vi-

1151 3068 1232 3111 des
1270 3069 1431 3121 legisse
1470 3071 1514 3110 in
1552 3080 1633 3111 suo
1672 3067 1877 3120 exemplo
1906 3078 2032 3116 nunc,

1151 3145 1241 3173 non
1270 3144 1368 3181 nec3
1415 3143 1563 3184 neque
1602 3131 1728 3172 aliter
1763 3133 1902 3171 Acro:
1952 3131 2033 3169 «In

1150 3197 1228 3235 hac
1259 3196 1385 3247 copia
1424 3195 1733 3247 imperitorum
1763 3192 1925 3234 sufficit
1954 3191 2034 3231 ali-

1152 3260 1224 3298 cui
1255 3269 1354 3298 sese
1388 3259 1595 3298 iactare.»
1645 3254 1918 3307 Comprobat
1955 3265 2034 3294 co-

1153 3321 1303 3361 dicum
1324 3321 1562 3360 auctoritas
1585 3320 1628 3358 et
1650 3319 1782 3358 totius
1800 3316 1884 3357 loci
1904 3328 2033 3357 acer-

1151 3383 1309 3424 bitas.»
1365 3383 1468 3424 Mihi
1512 3382 1633 3421 certe
1679 3391 1768 3420 non
1811 3379 2035 3431 persuasit

1151 3444 1383 3486 laudabilis
1401 3443 1662 3495 ceteroquin
1679 3442 1930 3494 interpres.)
1952 3442 2034 3482 Re-
