2231 3787
740 264 836 302 ΗΒ.
873 264 901 302 Ι.

965 263 1127 303 EPIST.
1162 265 1266 303 XlX.

1829 264 1928 315 573

176 394 440 447 Mandabo
482 396 664 450 siccis,
708 396 939 448 adimam
978 402 1194 448 cantare
1235 395 1466 447 severis:

175 497 288 549 Hoc
327 496 482 549 simul
524 497 683 557 edixi,
734 515 839 550 non
880 514 1166 550 cessavere
1206 502 1398 567 poetae
1864 499 1928 550 lt)

171 599 441 651 Nocturno
481 608 688 652 certare
727 616 901 661 merO,
944 607 1132 670 putere
1172 598 1382 651 diurno.

172 700 336 764 Quid,
381 701 424 752 si
465 700 586 771 quis
625 699 767 753 voltu
811 709 959 754 torvo
999 700 1142 754 serus
1183 709 1235 754 et
1272 700 1413 772 pede
1454 701 1597 754 nudo

172 801 519 872 Exiguaeque
559 810 714 872 togae
755 802 970 856 simulet
1008 811 1213 856 textore
1256 803 1535 865 Catonem,

155 946 198 984 et
228 946 338 984 Feae
369 946 450 984 An.
486 947 534 983 A.
569 955 592 983 a
625 955 715 984 sec.
750 956 808 985 m.
845 946 909 996 (Ut
938 955 1033 994 nos,
1068 946 1157 985 SEc
1188 949 1231 985 et
1260 958 1325 997 pr.
1359 946 1421 995 b.)
1460 967 1501 974 —
1535 947 1631 999 non]
1662 959 1736 988 nec
1757 950 1787 988 C
1814 952 1872 990 ta—

155 1007 259 1054 cite,
295 1006 482 1046 fortasse
521 1017 762 1058 operarum
804 1018 981 1055 errore,
1023 1018 1126 1047 nam
1164 1009 1206 1047 in
1243 1009 1575 1049 Commentario
1606 1010 1744 1051 habet
1771 1024 1867 1052 non.

158 1092 201 1096 —
237 1068 301 1108 43.
337 1080 414 1118 que
445 1079 533 1108 om.
567 1069 614 1108 E.
651 1091 698 1097 ——
732 1069 919 1120 textore]
966 1073 1160 1119 textaque
1190 1069 1385 1110 malebat
1417 1072 1661 1122 Cruquius,
1708 1078 1872 1115 ceoetove

154 1130 421 1172 Praedikow.
455 1131 520 1182 (Ut
550 1142 644 1181 nos,
679 1132 816 1172 nostri
847 1134 891 1171 et
920 1132 1115 1172 Pottierii
1143 1135 1332 1183 omnes.)

99 1257 376 1297 Scribonium
399 1257 614 1297 Libonem
637 1256 974 1309 amplectamur,

99 1319 171 1370 qui
211 1321 303 1359 Ser.
352 1318 513 1359 Galbae
554 1321 746 1360 maxime
793 1330 978 1360 accusa-

99 1382 216 1421 tione
249 1393 287 1420 a.
327 1393 368 1420 u.
407 1393 443 1421 c.
488 1381 581 1422 604.
616 1381 878 1432 inclaruit».)
929 1405 973 1409 —-

96 1444 307 1483 Mandabo
348 1444 480 1493 siccis]
524 1445 695 1484 Futuris
726 1444 882 1492 utitur,
930 1447 977 1482 ut

98 1507 239 1547 facete
256 1507 452 1546 imitetur
467 1506 678 1548 formulas
696 1508 826 1547 edicti
848 1518 976 1558 prae—

97 1570 217 1610 toris.
252 1570 340 1609 Cic.
364 1571 491 1609 Verr.
515 1572 674 1610 Aecus.
701 1571 716 1609 4
739 1602 746 1618 ,
772 1569 845 1618 44,
872 1570 887 1608 sl
900 1569 971 1608 113:

94 1632 188 1671 NEC
235 1643 494 1672 PETITIONEM
536 1643 620 1672 A‘Ec
663 1642 976 1672 Possissszoivfflr

94 1705 214 1734 DABO.
261 1694 372 1734 Ibid.
397 1694 471 1741 45,
507 1695 606 1734 4117:
641 1695 874 1734 SECUNDUM
902 1706 977 1733 TA-

93 1767 220 1797 BULAS
250 1767 515 1798 TESTAMENTI
531 1767 787 1798 POTISSIJIUM
805 1767 979 1797 POSSES-

93 1830 251 1860 SIONEM
278 1831 400 1859 DABo.
454 1820 618 1858 «Siccos
646 1820 789 1869 igitur,
823 1818 976 1859 abste-

52 1912 54 1915 .
95 1882 207 1922 mios
242 1881 302 1931 (ut
333 1881 411 1921 Od.
451 1883 499 1931 ll,
534 1882 608 1930 48,
642 1882 698 1932 3.)
739 1881 872 1922 iubeo
910 1882 975 1921 rei

95 1943 265 1984 fenebri
295 1955 480 1992 vacare,
515 1945 680 1996 quippe
705 1945 779 1995 qui
800 1945 974 1996 poetico

20 2002 30 2011 ⁸
95 2018 230 2048 sensu
261 2008 490 2046 careant.»
540 2007 607 2046 Ad
646 2007 897 2046 causidicos
933 2008 976 2046 et

96 2071 188 2109 iure
229 2068 452 2109 consultos
492 2069 638 2109 minus
675 2071 798 2109 reete
839 2069 976 2109 refert

95 2132 355 2183 porphyrio.
377 2153 423 2159 —
443 2132 631 2171 adimam
659 2132 849 2180 cantare]
883 2142 977 2171 «se-

94 2205 200 2233 vere
233 2193 517 2242 interdicam,
550 2205 606 2233 ne
627 2195 835 2244 poemata
856 2204 977 2233 com-

93 2258 303 2308 ponant.»
341 2277 385 2283 -
419 2257 583 2305 sei-eris]
623 2256 724 2306 «qui
761 2255 816 2295 ab
855 2256 976 2295 omni

94 2318 198 2359 ludo
264 2320 453 2370 iocoque
517 2317 820 2368 abhorrent,»
885 2319 976 2358 die

95 2382 348 2422 Gra'mler.

151 2444 217 2483 ⁴0.
262 2445 326 2483 Μ.
378 2444 504 2496 edixi]
550 2445 803 2495 «tamquam
840 2455 975 2495 prae—

97 2509 205 2546 tor.»
257 2506 343 2545 Sat.
369 2508 416 2556 2,
450 2507 497 2556 2,
530 2507 597 2546 511.
636 2506 792 2546 Differt
812 2504 976 2556 aliqua-

95 2570 224 2608 tenus
253 2568 415 2619 Virgilii
446 2569 535 2619 (Ge.
561 2568 608 2616 3,
642 2568 753 2618 G295.)
787 2567 891 2607 illud
918 2568 973 2607 de

37 2659 43 2664 .
97 2630 290 2682 quadam
311 2631 511 2671 doctrina
532 2631 659 2670 edico.
711 2630 877 2682 Lepide
900 2641 976 2669 au-

95 2694 188 2732 tem
216 2692 392 2733 simulat
423 2704 601 2742 omnes,
637 2693 711 2744 qui
741 2695 836 2732 tum
863 2696 975 2743 poe-

97 2757 239 2794 tarum
288 2765 454 2794 nomen
501 2755 785 2803 affectarent,
837 2754 972 2805 ipsius

96 2816 403 2866 auctoritatem
434 2815 656 2868 extemplo
687 2817 866 2856 secutos
900 2826 974 2855 es-

96 2888 166 2926 se,
213 2879 339 2928 quasi
382 2889 490 2917 vero
529 2879 668 2929 ipsius
709 2878 853 2918 edicto
890 2877 973 2917 ob-

96 2941 395 2990 temperantes
438 2939 575 2980 multo
624 2941 973 2992 praestantiores

98 3001 341 3041 evaderent
377 3005 550 3053 poetae.
603 3004 716 3043 Cum
746 3004 843 3043 ioco
874 3005 974 3043 uta-

35 3094 41 3097 .
97 3066 188 3113 tur,
221 3064 359 3111 hunc,
392 3065 440 3102 ut
469 3064 537 3111 fit,
578 3065 774 3105 nonnulli
812 3076 973 3117 parum

95 3125 388 3176 intelligentes
432 3125 591 3165 frustra
633 3128 970 3177 quaesiverunt,

95 3187 172 3228 uhi
202 3188 286 3227 hoc
318 3187 513 3227 edictum
543 3190 837 3238 proposuerit.
889 3192 974 3230 No-

97 3251 189 3289 stra
218 3249 348 3289 lectio
373 3249 522 3288 nititur
542 3248 670 3289 bonis
693 3250 830 3290 Codd.
854 3251 973 3302 apud

97 3312 398 3359 Torrentium,
447 3312 600 3359 Feam,
642 3312 898 3352 Pottierium
929 3315 974 3353 et

98 3375 273 3414 nostris.
326 3375 487 3413 Contra
519 3374 594 3424 qui
624 3371 728 3413 olim
766 3373 974 3425 legebant

98 3435 241 3484 edixit,
274 3437 384 3476 mire
414 3435 693 3476 fluctuabant
721 3435 837 3475 inter
864 3437 973 3476 Cra—

99 3496 257 3548 tinum,
291 3499 501 3547 Ennium‚
542 3497 753 3538 Liberum
782 3499 968 3549 patrem.

1045 1257 1180 1306 Quid,
1229 1258 1348 1309 quod
1379 1258 1574 1299 nonnulli
1618 1262 1923 1311 praeferentes

1042 1318 1281 1360 lectionem
1312 1322 1442 1360 edixti
1472 1322 1526 1361 de
1558 1323 1814 1363 Maecenate
1847 1336 1925 1364 co-

1043 1382 1268 1432 gitabant?
1294 1406 1337 1410 —
1360 1384 1574 1423 Νοσίιινηο
1606 1385 1708 1436 cet]
1740 1386 1807 1424 Ad
1829 1397 1926 1426 ver-

1042 1443 1168 1483 siculi
1192 1456 1353 1485 sonum
1377 1446 1430 1485 cf.
1457 1447 1564 1497 Epp.
1591 1447 1606 1485 4
1629 1478 1636 1495 ,
1671 1447 1716 1495 ⁶2,
1753 1448 1826 1486 42:
1859 1449 1924 1488 In-

1041 1510 1103 1545 ter
1130 1507 1292 1545 Peliden
1327 1507 1496 1557 festinat
1524 1512 1563 1547 et
1598 1508 1707 1548 inter
1735 1509 1919 1550 Atriden.

1039 1569 1088 1607 A.
1115 1570 1158 1607 Ρ.
1183 1569 1287 1608 269:
1335 1569 1552 1608 Nocturna
1582 1574 1743 1610 versate
1771 1583 1920 1622 manu,

1038 1634 1201 1669 versate
1230 1631 1399 1670 diurna.
1429 1655 1472 1659 —
1497 1636 1660 1672 certare
1688 1634 1816 1685 mero]
1841 1635 1919 1674 Od.

1040 1692 1086 1741 4,
1123 1694 1170 1741 4,
1206 1692 1281 1732 3¹:
1329 1694 1413 1732 Nec
1450 1699 1615 1734 certare
1647 1696 1762 1734 iuvat
1790 1708 1918 1737 mero.

1044 1777 1089 1783 —
1133 1756 1296 1807 putere]
1348 1758 1586 1806 riechen,
1638 1770 1679 1798 xz
1728 1760 1922 1800 odiosius

1042 1828 1178 1867 quam
1199 1830 1239 1857 v.
1265 1819 1303 1857 5.
1326 1819 1454 1868 olere,
1495 1821 1680 1870 daften.
1717 1822 1780 1861 Cf.
1804 1823 1923 1862 Mar—

1040 1879 1128 1921 tial.
1155 1881 1169 1919 ¹1
1191 1912 1199 1929 ,
1230 1881 1302 1920 ⁵29:
1327 1882 1524 1922 Hesterno
1543 1883 1696 1932 foetere
1715 1896 1829 1924 mero
1852 1886 1922 1936 qui

1040 1943 1171 1982 credit
1199 1943 1421 1994 Acerram,
1467 1945 1674 1985 Fallitur:
1719 1948 1763 1986 'in
1792 1948 1923 1987 lii-cem

1039 2016 1201 2054 semper
1228 2006 1388 2045 Acerra
1418 2007 1527 2047 bibit.

1097 2066 1245 2108 42-214.
1267 2069 1381 2108 voltu
1401 2071 1535 2120 torvo]
1557 2069 1666 2110 Plut.
1693 2072 1786 2112 Cat.
1812 2073 1916 2113 min.

1042 2131 1086 2168 4:
1138 2128 1339 2182 Λέγεται
1383 2129 1433 2170 δὲ
1472 2128 1643 2172 Κάτων
1683 2128 1830 2184 εὐθὺς
1867 2134 1920 2175 ἐκ

1041 2189 1232 2232 παιδίου
1263 2190 1321 2249 τῇ
1352 2205 1403 2232 τε
1433 2192 1572 2251 φωνῇ
1594 2196 1674 2235 καὶ
1696 2194 1761 2249 τῷ
1790 2208 1922 2253 προ·

1041 2251 1119 2293 σώ
1135 2267 1216 2308 πῳ
1238 2279 1261 2285 -
1281 2279 1304 2285 -
1325 2249 1450 2308 ἦθος
1484 2252 1769 2306 ὑποφαίνειν
1789 2253 1920 2317 ἄτρε-

1040 2329 1159 2356 πτον
1188 2318 1270 2358 καὶ
1301 2313 1487 2369 ἀπαθὲς
1517 2321 1601 2360 καὶ
1638 2318 1840 2369 βέβαιον
1870 2321 1920 2362 ἐν

1039 2377 1202 2419 πᾶσιν.
1239 2403 1284 2409 -
1314 2382 1419 2430 pede
1449 2382 1573 2433 nudo]
1605 2382 1714 2423 Plut.
1740 2383 1844 2423 ibid.
1869 2385 1916 2423 6:

1038 2439 1283 2494 Πολλάκις
1311 2441 1350 2482 δ’
1383 2439 1684 2498 ἀνυπόδητος
1714 2447 1795 2486 καὶ
1817 2441 1920 2494 ἀχί-

1038 2517 1132 2544 των
1164 2506 1231 2555 εἰς
1259 2501 1317 2545 τὸ
1347 2503 1588 2558 δημόσιον
1619 2505 1789 2565 προῄει
1817 2511 1917 2561 μετ’

1038 2561 1255 2624 ἄριστον.
1293 2592 1338 2597 —
1382 2570 1556 2622 textore]
1601 2572 1920 2611 vei-mittelst

1038 2631 1118 2670 des
1150 2631 1373 2679 Webers‚
1413 2633 1502 2671 mit
1538 2633 1690 2683 Halfe
1733 2634 1918 2673 dessel-

1038 2692 1144 2740 ben,
1191 2704 1319 2733 «cum
1358 2695 1502 2733 textor
1532 2695 1736 2745 exiguam
1768 2698 1916 2747 togam

1038 2755 1302 2801 confecerit3
1343 2756 1386 2795 in
1427 2757 1552 2796 cuius
1586 2757 1715 2807 igitur
1749 2758 1917 2809 opificis

1036 2819 1256 2869 potestate
1279 2818 1412 2858 situm
1444 2820 1534 2867 est,
1580 2821 1730 2859 utrum
1769 2822 1816 2859 tu
1854 2819 1919 2860 al-

1038 2884 1105 2920 ter
1149 2881 1256 2920 Cato
1299 2881 1491 2921 videaris
1523 2882 1778 2923 hominihus
1809 2894 1919 2923 nec-

1038 2955 1137 2983 ne.»
1182 2941 1409 2983 Ablativus
1444 2944 1791 2985 instrumentalis
1813 2956 1919 2996 per—

1038 3016 1174 3046 sonae
1205 3016 1345 3056 prope
1377 3007 1424 3044 ut
1443 3006 1551 3057 Epp.
1578 3007 1624 3055 tl,
1651 3008 1695 3056 4,
1721 3006 1796 3047 94:
1830 3012 1920 3047 ton-

1035 3078 1127 3107 sore
1163 3071 1354 3115 curatus,
1403 3068 1485 3107 nisi
1526 3067 1646 3119 quod
1684 3068 1743 3107 ibi
1780 3070 1918 3120 parti-

1037 3130 1201 3181 cipium
1237 3128 1507 3179 adiungitur,
1556 3131 1602 3169 ut
1641 3130 1677 3169 si
1716 3131 1758 3169 h.
1783 3129 1809 3169 l.
1846 3131 1916 3170 di-

1036 3192 1192 3232 xisset:
1241 3194 1403 3230 temtore
1435 3192 1616 3231 vestitus,
1668 3191 1804 3242 Volgo
1837 3203 1915 3231 ex·-

1035 3253 1199 3305 plicant
1234 3253 1431 3305 positum
1468 3264 1549 3304 pro
1579 3257 1768 3302 textura,
1816 3263 1916 3292 mo-

1037 3314 1094 3354 do
1129 3318 1268 3354 temtor
1300 3315 1344 3354 h.
1377 3313 1404 3353 l.
1438 3313 1675 3354 formatum
1706 3316 1914 3365 putarunt

1036 3378 1100 3416 uti
1129 3381 1272 3426 tenor,
1305 3387 1455 3426 sapor,
1488 3387 1664 3415 amaror
1694 3378 1778 3415 cet.
1831 3376 1913 3415 Ve-

1035 3449 1136 3479 rum
1173 3440 1241 3479 est
1281 3440 1427 3491 potius
1458 3437 1633 3478 ablativi
1662 3438 1805 3478 rarius
1835 3448 1914 3488 ge-

1036 3511 1139 3549 nus,
1179 3501 1228 3540 ut
1255 3501 1340 3540 hoc
1369 3500 1460 3541 fere
1500 3499 1734 3550 significet:
1783 3511 1911 3540 «cum
