2231 3787
286 259 386 310 588

887 261 1102 303 HORATII
1131 260 1498 303 EPISTOLARUM

356 391 442 453 Ut,
485 398 743 461 quantum
781 391 964 461 generi
1004 390 1218 451 demaS‚
1259 389 1558 442 virtutibus
1583 389 1782 453 addas‘,

355 492 437 545 Me
474 492 660 562 primis
699 491 856 547 Urbis
893 491 1017 545 belli
1057 490 1327 561 placuisse
1365 489 1648 560 domique;

356 592 608 664 Corporis
649 593 852 664 exigui,
893 608 1246 663 praecanum‚
1296 590 1499 644 solibus
1539 598 1742 662 aptum,

353 695 516 748 Irasci
557 694 814 755 celerem,
856 701 1035 746 tamen
1073 701 1130 746 ut
1168 691 1446 763 placabilis
1486 708 1678 745 essem.

283 950 330 979 se
362 938 504 979 decisis
531 938 725 978 humilem
746 939 896 989 pennis
924 939 1058 980 fuisse
1089 939 1159 979 di-

283 1002 354 1040 cit.
382 1023 426 1027 —
453 1001 521 1040 Me
544 1001 696 1050 primis
715 1001 817 1052 cet.]
851 1001 914 1041 Cf.
939 1003 1026 1041 Sat.
1050 1002 1090 1050 2,
1116 1002 1154 1051 4,

281 1064 332 1102 75
353 1074 420 1114 sq.
455 1063 563 1114 Epp.
591 1064 634 1112 4,
667 1064 741 1112 47,
776 1063 848 1103 35:
899 1064 1160 1113 Principibus

277 1125 480 1174 placuisse
521 1126 624 1164 viris
665 1136 748 1164 non
785 1125 934 1164 ultima
963 1125 1055 1165 laus
1083 1130 1154 1165 est.

282 1187 498 1226 Construo
535 1186 606 1227 vel
644 1189 827 1239 propter
864 1198 1023 1228 versus
1054 1199 1158 1228 cae-

281 1259 432 1288 suram
478 1251 521 1288 et
557 1250 659 1300 quia
696 1250 759 1289 sic
789 1251 968 1300 propria
998 1252 1156 1301 poetae

279 1310 375 1350 laus
406 1312 611 1361 augetur:
643 1322 708 1350 me
738 1311 829 1350 belli
852 1312 1042 1361 domique
1067 1312 1160 1362 pla-

280 1373 408 1412 cuisse
436 1373 539 1412 ciris
570 1374 745 1422 primis,
786 1384 872 1412 non
905 1384 1006 1412 cum
1038 1372 1154 1413 aliis:

281 1445 377 1473 «me
413 1434 617 1483 placuisse
655 1435 758 1473 viris
781 1435 933 1484 primis
962 1435 1053 1475 belli
1083 1437 1159 1474 do-

277 1496 434 1545 mique,
468 1495 513 1534 id
534 1497 622 1544 est,
658 1507 838 1544 quorum
866 1498 1001 1536 virtus
1019 1498 1160 1548 fuerat

278 1558 388 1596 domi
417 1558 670 1606 militiaeque
699 1559 891 1610 coquita,
923 1561 973 1598 ut
1002 1561 1061 1601 ait
1091 1561 1160 1600 Ci-

278 1630 381 1659 cero
413 1621 538 1660 Tusc.
564 1621 609 1668 5,
641 1621 709 1669 119,
742 1622 808 1661 55.
857 1622 977 1661 Haec
1007 1623 1154 1662 autem

277 1681 478 1722 scribens
531 1681 793 1722 recordatus
838 1685 906 1723 est
951 1685 993 1723 et
1036 1684 1157 1723 Bruti

278 1744 527 1794 Cassiique,
563 1746 607 1783 et
633 1744 858 1784 Octaviani
888 1747 1020 1796 atque
1043 1747 1158 1787 Mae-

278 1807 466 1854 cenatis,
506 1805 667 1856 quibus
699 1807 996 1848 adnumerare
1027 1810 1158 1860 pote-

275 1870 345 1908 rat
374 1869 506 1908 etiam
534 1869 795 1919 Agrippam,
827 1871 1027 1910 Asinium
1056 1871 1157 1910 Pol-

276 1929 462 1978 lionem,
500 1931 742 1970 Munatium
772 1930 1004 1981 Plancum,
1038 1934 1156 1973 Mes-

277 1990 452 2040 sallam,
487 1991 724 2031 Salustium
754 1993 975 2033 minorem
1007 1997 1089 2034 cet.

330 2053 397 2094 24.
411 2054 477 2092 25.
498 2054 694 2103 Corporis
705 2055 807 2104 cet.]
827 2056 994 2095 Festive
1013 2058 1156 2096 trans-

275 2117 308 2154 it
337 2115 393 2154 ad
423 2116 621 2166 corporis
659 2116 726 2155 sui
760 2115 982 2166 habitum,
1028 2119 1152 2158 cuius

275 2177 402 2216 naevi
422 2187 503 2227 per
522 2178 668 2216 iocum
687 2176 741 2216 ab
760 2178 911 2217 amicis
929 2179 1154 2220 interdum

275 2238 617 2287 deridebantur,
651 2239 812 2290 quibus
840 2241 957 2292 ipse,
993 2242 1039 2280 ut
1067 2242 1153 2281 hoc

273 2300 392 2348 loco,
427 2300 624 2340 arridere
656 2300 849 2351 solebat,
881 2302 1022 2354 probe
1045 2314 1154 2343 con-

274 2363 392 2403 scius
436 2363 478 2401 in
520 2363 606 2401 hoc
651 2363 915 2414 corpusculo
959 2366 1153 2415 spiritum

275 2425 432 2466 Graiae
461 2429 622 2464 tenuem
651 2425 878 2475 Camenae,
914 2438 1048 2478 quem
1078 2439 1153 2467 na-

273 2489 371 2526 tura
428 2487 511 2538 ipsi
560 2490 869 2536 concesserat,
931 2488 1151 2530 inclusum

274 2559 389 2588 esse.
417 2572 462 2576 —
495 2548 653 2600 exigui]
685 2551 771 2589 Sat.
796 2551 836 2598 Ξ,
860 2550 898 2598 3,
924 2551 1026 2591 308;
1059 2552 1151 2591 lon-

271 2622 344 2662 gos
372 2611 555 2649 imitaris
585 2611 637 2650 ab
665 2612 748 2651 imo
776 2612 840 2651 Ad
867 2624 1073 2654 summum
1093 2619 1151 2654 to-

273 2677 337 2712 tus
378 2672 534 2711 moduli
576 2672 787 2722 bipedalis.
848 2675 1071 2725 Augustus
1105 2677 1150 2716 in

271 2733 461 2785 Epistola
492 2734 548 2774 ad
578 2736 805 2775 Horatium
827 2737 946 2788 apud
967 2739 1145 2778 Sueton.

273 2796 355 2835 Vit.
388 2796 515 2836 Hor.:
560 2797 640 2836 Sed
667 2798 701 2836 si
730 2797 802 2837 tibi
830 2802 996 2838 statura
1026 2801 1146 2850 deest,

271 2858 562 2906 corpusculum
588 2869 672 2897 non
701 2860 821 2899 deest.
883 2860 1028 2909 Itaque
1056 2862 1150 2901 lice-

272 2918 327 2958 bit
355 2919 399 2957 in
419 2921 645 2960 sextariolo
666 2921 847 2970 scribas,
879 2933 973 2962 eum
992 2924 1149 2963 circui-

272 2984 336 3019 tus
363 2980 582 3019 voluminis
611 2983 670 3020 tui
699 2984 750 3021 sit
770 2977 1143 3036 ὀγκωόέστατος,

271 3042 374 3081 sicut
393 3046 450 3081 est
466 3043 686 3083 ventriculi
705 3045 778 3084 tui.
805 3067 850 3074 -
870 3048 1146 3099 praecanam]

274 3104 400 3143 «ante
432 3105 607 3155 tempus
639 3116 820 3154 canum;
840 3123 859 3143 n
896 3109 1067 3158 Senon,
1099 3111 1147 3148 ut

272 3165 348 3205 fuit
368 3166 579 3206 Traianus
611 3166 729 3217 (Plin.
754 3170 912 3220 Paneg.
938 3169 977 3220 4,
1002 3171 1049 3209 7:
1084 3171 1147 3221 fe-

270 3228 433 3267 stinatis
460 3230 676 3269 senectutis
702 3229 987 3282 insignimus),
1033 3233 1147 3272 Boe-

270 3289 386 3330 thius
418 3291 563 3340 (Cons.
585 3290 744 3332 Philos.
772 3293 809 3331 i.
842 3294 965 3334 Metr.
992 3295 1006 3333 4
1031 3326 1038 3344 ,
1071 3295 1113 3333 Μ
1135 3307 1141 3333 ;

269 3352 542 3402 Intempestiui
559 3353 793 3404 funduntur
818 3356 968 3395 vertice
995 3357 1143 3408 cani),

271 3414 508 3454 Petrarcha
538 3416 626 3456 iam
656 3417 868 3468 vigesimo
890 3418 1041 3468 quinto
1074 3429 1147 3459 ae-

271 3475 369 3515 tatis
400 3485 528 3515 anno.
565 3476 627 3517 Cf.
652 3477 730 3518 Od.
753 3479 799 3527 2,
835 3479 905 3529 Μ,
941 3480 1005 3519 45.
1065 3479 1145 3521 Alii

2033 691 2099 744 25

1221 940 1369 980 minus
1413 941 1515 992 apte
1561 936 1780 990 explicant
1819 936 1978 977 «valde
2023 948 2099 978 ca-

1221 1013 1372 1052 num,»
1407 1004 1453 1042 ut
1473 1003 1542 1043 est
1561 1012 1667 1042 sane
1682 1001 1940 1050 praecelsus,
1966 1011 2099 1050 prae-

1220 1076 1410 1115 crassus,
1437 1064 1713 1116 praeyravis,
1740 1063 2025 1113 praerapidus
2048 1073 2100 1102 ac

1220 1126 1391 1167 similia.
1451 1128 1635 1168 Unicum
1680 1127 1747 1166 est
1789 1126 1940 1165 autem
1982 1123 2101 1175 apud

1221 1189 1451 1228 Horatium
1463 1189 1594 1228 huius
1606 1187 1935 1238 compositionis
1952 1196 2101 1225 exem-

1220 1250 1365 1302 plum,
1399 1249 1618 1302 simulque
1644 1261 1762 1289 nunc
1790 1261 1832 1289 v.
1865 1241 1995 1300 ἅπαξ
2024 1247 2099 1288 λε-

1220 1309 1442 1366 γόμενον.
1485 1336 1528 1340 -
1572 1312 1723 1352 solibus
1752 1312 1911 1363 aptum]
1955 1311 2100 1362 «apri-

1222 1375 1467 1414 cationibus
1520 1374 1789 1425 gaudentem
1837 1374 2098 1425 frigorisque

1221 1438 1540 1477 metuentem.»
1588 1437 1657 1476 Sic
1686 1435 1793 1476 Plin.
1825 1437 1934 1488 Epp.
1965 1436 2004 1485 6,
2030 1436 2096 1485 46,

1220 1500 1267 1538 5:
1312 1510 1410 1538 usus
1437 1499 1504 1538 ille
1532 1499 1634 1548 sole,
1671 1510 1773 1538 mox
1801 1500 1974 1550 friyida.
2026 1500 2100 1538 Iu-

1221 1571 1321 1600 ven.
1348 1562 1391 1600 Μ
1414 1592 1422 1609 ,
1453 1560 1558 1600 203:
1603 1561 1761 1600 Nostra
1789 1559 1900 1599 bibat
1925 1570 2100 1599 vernum

1220 1627 1439 1663 contracta
1474 1624 1655 1663 cuticula
1694 1623 1830 1663 solem.
1877 1624 1984 1664 Mire
2014 1634 2099 1663 nu-

1220 1696 1302 1736 per
1332 1684 1513 1736 quidam
1540 1685 1856 1736 interpretatus
1878 1686 1968 1725 est:
2005 1695 2100 1725 «so-

1220 1746 1335 1787 libus
1356 1749 1540 1798 propter
1562 1745 1782 1787 calvitiem
1805 1748 2097 1798 expositum.»

1224 1830 1268 1836 —
1292 1809 1425 1847 Irasci
1455 1808 1624 1848 celerem
1655 1809 1758 1860 cet.]
1798 1810 1986 1860 Propter
2013 1809 2099 1849 hoc

1220 1882 1401 1922 quoque
1447 1881 1552 1910 eum
1595 1882 1677 1922 per
1715 1872 1864 1910 iocum
1893 1870 2100 1911 videntur

1219 1932 1563 1984 reprehendisse
1593 1934 1818 1983 Augustus
1850 1934 1894 1972 et
1920 1934 2099 1973 Maece-

1219 2005 1322 2043 nas,
1355 1996 1403 2033 ut
1433 2005 1457 2033 a
1488 1994 1626 2045 Lydia
1656 2005 1704 2035 se
1735 1993 1947 2045 appellari
1976 1995 2098 2046 fingit

1217 2057 1527 2096 iraczmdiorem
1554 2057 1719 2096 Hadria
1762 2056 1840 2096 Od.
1873 2056 1919 2106 3,
1954 2057 1994 2106 9,
2025 2056 2093 2097 23.

1219 2119 1433 2166 Quocirca
1463 2117 1660 2158 subiicit:
1705 2118 1793 2157 «ita
1827 2120 1978 2158 tamen
2006 2119 2097 2158 ira-

1218 2179 1390 2220 cundus
1445 2174 1764 2236 (ἆκρόχολος,
1817 2174 2094 2232 ὀξύθυμος)

1216 2253 1338 2291 sum,
1384 2244 1433 2281 ut
1471 2241 1674 2283 facillime
1715 2253 1869 2283 rursus
1899 2241 2093 2293 placer.»

1218 2304 1309 2344 Cic.
1334 2303 1391 2343 ad
1411 2305 1494 2343 Att.
1520 2305 1535 2343 4
1556 2336 1564 2353 ,
1602 2305 1652 2343 47
1669 2335 1678 2353 ,
1715 2303 1763 2344 4:
1805 2308 1844 2344 et
1869 2304 2096 2345 irritabiles

1215 2366 1377 2404 animos
1412 2376 1494 2404 esse
1533 2366 1786 2416 optimorum
1812 2376 1933 2416 saepe
1960 2366 2094 2406 homi-

1213 2439 1314 2467 num
1340 2431 1378 2466 et
1396 2428 1556 2467 eosdem
1568 2427 1810 2477 placabiles,
1857 2428 1991 2468 Totus
2012 2439 2094 2468 au-

1214 2492 1306 2529 tem
1335 2488 1459 2529 locus
1482 2500 1536 2529 ex
1557 2501 1610 2529 eo
1633 2491 1700 2530 est
1721 2500 1899 2540 genere,
1925 2489 1980 2530 de
2003 2501 2091 2541 quo

1214 2551 1474 2592 Plutarchus
1505 2552 1657 2603 Symp.
1681 2553 1730 2601 2,
1756 2553 1771 2592 4
1795 2584 1804 2602 ,
1829 2553 1894 2593 ⁴2.
1927 2563 1969 2606 p.
1993 2552 2088 2593 570.

1212 2615 1377 2664 Wytt.:
1425 2613 1520 2654 Καὶ
1559 2611 1652 2653 τῶν
1687 2610 1914 2667 κωμικῶν
1953 2609 2088 2665 ἐνιοι,

1213 2676 1379 2726 inquit,
1418 2673 1506 2728 τὴν
1537 2679 1728 2734 πικρίαν
1756 2672 1981 2735 ἀφαιρεῖν
2009 2675 2090 2718 δο-

1211 2734 1356 2778 κοῦσι
1394 2737 1460 2792 τῷ
1490 2751 1726 2779 σκωπτειν
1754 2738 1977 2790 ἑαυτούς·
2024 2735 2090 2790 ὥς

1207 2779 1552 2858 Aptatocp‘dwyg
1595 2801 1662 2851 εἰς
1703 2797 1791 2853 τὴν
1835 2799 2089 2859 φαλακρό-

1211 2874 1331 2915 τητα
1360 2876 1442 2902 και
1471 2859 1560 2915 τήν
1591 2860 1724 2903 οἴνου
1751 2860 1932 2916 διψην·
1965 2863 2087 2922 Κρα-

1209 2928 1339 2975 τῖνος
1369 2922 1418 2965 δὲ
1447 2921 1535 2977 τὴν
1564 2924 1775 2979 Πυτίνην
1804 2923 2029 2978 ἐδίδαξεν.

1266 3049 1416 3090 26-28.
1466 3050 1589 3091 Forte
1608 3051 1758 3104 meum]
1789 3051 1882 3092 Hoc
1907 3062 2086 3103 quoque

1210 3111 1409 3162 volebat,
1457 3115 1505 3153 ut
1542 3114 1842 3154 Innotesceret
1877 3115 2082 3166 posteris,

1210 3185 1296 3225 qua
1343 3176 1487 3215 aetate
1532 3175 1688 3215 fuisset
1730 3176 1847 3225 tum,
1895 3186 1999 3216 cum
2042 3177 2085 3215 in

1209 3235 1411 3287 Epistolis
1469 3237 1749 3288 potissimum
1804 3236 2084 3278 elaborandis

1209 3299 1411 3337 versatus
1442 3301 1549 3337 erat.
1586 3321 1629 3326 —
1665 3303 1813 3348 quater
1839 3299 2085 3338 undenos--

1207 3358 1462 3410 Decembres]
1493 3360 1665 3410 poetice
1687 3370 1768 3411 pro
1793 3369 1956 3399 «annos
1978 3369 2084 3410 qua-

1209 3420 1406 3471 draginta
1431 3423 1679 3472 quattuor.»
1704 3420 1765 3461 Cf.
1790 3420 1869 3460 Od.
1893 3421 1932 3469 2,
1953 3420 1992 3470 4,
2011 3421 2077 3460 23:

1209 3481 1334 3522 Cuius
1362 3487 1553 3523 octavum
1584 3483 1803 3533 trepidavit
1824 3486 1939 3524 aetas
1959 3482 2082 3523 Clau-
