2231 3787
811 268 909 306 LlB.
944 267 991 305 ll.

1054 266 1166 305 SAT.
1200 266 1229 303 1.
1826 257 1918 310 201

192 400 365 453 Virtus
406 398 688 469 Scipiadae
728 405 780 450 et
818 396 957 449 mitis
996 394 1257 466 sapientia
1295 393 1466 451 Laeli,

191 500 385 570 Nugari
426 516 548 553 cum
588 498 674 552 illo
717 507 768 552 ct
805 497 1046 550 discincti
1086 495 1300 555 ludere,
1343 494 1516 546 donec

192 602 598 672 Decoqucretur
622 599 763 662 olus,
793 598 948 652 soliti.
1001 595 1276 668 Quidquid
1303 613 1422 648 sum
1450 611 1577 664 ego,
1616 594 1860 664 quamvis

191 702 327 754 lnsra
366 701 530 754 Lucili
570 719 791 755 censum
831 699 1231 771 ingeniumque,
1276 706 1453 750 tamen
1493 713 1577 748 mc

1863 695 1925 710 ,ΙΙ

1874 712 1930 745 Ao

193 803 325 857 Cum
364 803 570 873 magnis
607 803 804 855 vixisse
844 801 1006 854 invita
1043 799 1293 853 fatebitur
1331 814 1506 869 usque

192 903 395 957 Invidia
434 913 486 958 et
523 903 691 975 fragili
730 920 998 974 quaerens
1039 900 1245 955 illidere
1284 899 1499 953 dentem

121 1118 318 1169 proxime
339 1116 511 1157 accedit
530 1116 587 1156 ad
606 1125 862 1156 sermonem
884 1125 997 1166 quo-

121 1179 349 1219 tidianum.

175 1240 321 1281 74-74.
368 1252 396 1279 a>
421 1240 541 1290 volgo
576 1243 613 1279 et
647 1239 783 1290 scena]
828 1248 877 1277 «a
907 1238 994 1277 vita

120 1301 325 1355 publica,
374 1301 478 1349 ubi,
529 1302 655 1352 quasi
704 1302 744 1340 in
796 1301 993 1348 theatro,

120 1365 161 1404 in
207 1365 406 1404 omnium
446 1364 605 1402 civium
637 1364 880 1413 conspectu
900 1372 998 1400 ver-

121 1426 385 1467 sabantur.»
467 1424 724 1465 Pseudocic.
773 1424 829 1464 ad
874 1424 993 1463 Brut.

121 1489 198 1540 Ep.
237 1489 283 1537 4,
331 1488 378 1536 9,
424 1488 470 1527 2:
522 1487 593 1526 tibi
629 1499 737 1526 nunc
768 1486 924 1536 populo
961 1490 998 1525 et

120 1562 289 1600 scenae,
332 1554 377 1590 ut
411 1551 586 1601 dicitur,
628 1552 887 1591 serviendum
924 1552 994 1588 est.

122 1614 277 1655 Cicero
312 1624 394 1664 pro
429 1612 574 1652 Plane.
614 1615 685 1662 42,
720 1613 799 1653 ⁶29:
849 1612 998 1651 Omitto

120 1677 216 1725 illa,
259 1686 366 1725 quae
400 1676 435 1714 si
469 1676 606 1715 minus
641 1677 685 1714 in
720 1686 844 1715 scena
880 1677 996 1723 sunt,

122 1742 167 1777 at
205 1741 341 1786 certe,
387 1747 481 1776 cum
520 1741 613 1776 sunt
653 1737 856 1787 prolata,
903 1736 1000 1774 lau-

124 1801 305 1839 dantur:
348 1802 395 1837 ut
436 1799 552 1838 vivat
595 1810 688 1838 cum
730 1800 828 1838 suis.
870 1819 914 1825 —
956 1798 1000 1837 in

122 1861 297 1913 secreta]
334 1861 476 1900 «intra
512 1872 618 1902 suos
654 1863 846 1914 parietes
878 1862 922 1900 et
956 1861 1000 1900 in

123 1935 336 1965 amoenos
366 1922 568 1963 villarum
598 1935 850 1964 secessus.»
896 1925 996 1963 Tac.

122 1989 234 2027 Ann.
260 1985 333 2034 44,
366 1985 443 2025 53:
474 1986 683 2037 Auyustus
710 1987 768 2026 M.
791 1986 1002 2037 Agrippae

124 2050 390 2100 Mytilenense
417 2053 617 2089 secretum
635 2072 659 2078 —
677 2072 702 2078 —
715 2050 918 2099 permisit.
954 2072 999 2077 —

128 2133 173 2140 —
221 2113 358 2151 Virtus
395 2112 630 2162 Scipiadae]
671 2112 795 2152 Conf.
834 2111 912 2151 Od.
951 2111 1000 2160 3,

125 2176 200 2223 24,
235 2175 278 2214 44
322 2185 390 2224 sq.
442 2175 530 2213 Sat.
571 2176 615 2222 4,
655 2175 702 2222 ⁶2,
745 2174 811 2213 32.
847 2175 890 2213 et
927 2185 1005 2214 su-

125 2248 205 2289 pra
233 2247 275 2276 v.
303 2237 367 2275 47.
396 2259 438 2264 -
462 2237 585 2288 mitis]
620 2237 788 2275 Seneca
822 2236 899 2286 Ep.
925 2236 968 2275 44
994 2247 1001 2273 :

126 2299 244 2349 Elige
281 2297 501 2337 Catonem:
549 2299 584 2337 si
626 2299 690 2336 hic
733 2298 805 2336 tibi
842 2298 1007 2336 videtur

127 2361 251 2400 nimis
278 2361 457 2410 riyidus,
489 2361 591 2410 eli9e
610 2360 856 2398 remissioris
875 2359 1006 2398 animi

127 2424 283 2471 virum,
314 2423 514 2462 Laelium.
541 2444 585 2450 -
609 2422 828 2471 sapientia]
860 2423 1007 2472 Popu-

130 2484 198 2525 lus
229 2495 316 2523 uno
348 2495 571 2524 consensu
601 2484 818 2534 Sapientis
849 2484 887 2522 ei
930 2493 1008 2523 co-

131 2557 323 2598 gnomen
354 2545 581 2585 tribuerat.
625 2567 669 2572 —
703 2546 873 2596 Nuqari
903 2545 1004 2594 cet.]

133 2610 222 2650 Cic.
260 2608 315 2648 de
347 2608 463 2648 Orat.
500 2608 547 2656 2,
581 2608 625 2656 6,
668 2608 741 2646 22:
794 2608 926 2657 Saepe
955 2617 1008 2646 ex

131 2682 271 2711 socero
309 2681 400 2710 meo
431 2670 586 2721 (inquit
615 2669 815 2719 Crassus)
848 2669 1006 2717 audivi,

132 2745 227 2774 cum
260 2734 295 2772 is
332 2733 483 2772 diceret
519 2743 707 2772 socerum
744 2743 864 2771 suum
899 2732 1010 2771 Lae-

133 2798 235 2837 lium
263 2807 421 2846 semper
455 2795 541 2846 sere
569 2806 664 2834 cum
692 2795 882 2844 Scipione
910 2794 1011 2833 soli-

134 2864 222 2899 tum
248 2858 448 2897 rusticari
467 2868 612 2907 eosque
630 2856 923 2896 incredibiliter
942 2867 1012 2895 re-

130 2931 379 2972 puerascere
408 2930 492 2958 esse
520 2919 681 2967 solitos,
725 2929 819 2958 cum
846 2929 921 2958 rus
959 2929 1013 2958 ex

136 2983 237 3023 urbe
265 2987 483 3031 tamquam
511 2992 531 3020 e
558 2981 704 3020 vinclis
728 2981 1009 3021 evolavissent.

137 3046 231 3086 Non
252 3044 384 3082 audeo
405 3043 538 3081 dicere
558 3043 606 3081 de
625 3043 774 3082 talibus
791 3043 915 3092 viris,
947 3043 1016 3082 sed

139 3112 276 3147 tamen
320 3105 381 3144 ita
421 3104 519 3143 solet
560 3115 744 3144 narrare
788 3100 1012 3154 Scaevola,

139 3168 316 3209 conchas
341 3177 407 3206 eos
435 3170 470 3205 et
503 3165 714 3206 umbilicos
742 3168 797 3206 ad
831 3167 1017 3207 Caietam

141 3234 178 3270 et
207 3231 262 3269 ad
291 3230 546 3268 Laurentum
579 3227 712 3278 leyere
743 3239 954 3268 consuesse
981 3232 1018 3267 et

142 3293 198 3332 ad
218 3302 377 3331 omnem
398 3290 527 3329 animi
556 3289 832 3328 remissionem
852 3290 1020 3329 luctum-

143 3363 220 3403 que
235 3353 486 3392 descendere.
527 3350 695 3401 «Scipio
715 3349 946 3390 Africanus
976 3350 1021 3387 et

146 3413 317 3454 Laelius
351 3413 551 3453 feruntur
588 3414 679 3450 tam
719 3410 852 3451 fuisse
893 3410 1022 3450 fami-

145 3473 275 3516 liares
297 3477 339 3516 et
360 3475 490 3516 amici
524 3471 709 3523 Lucilio,
743 3475 790 3513 ut
828 3471 1020 3523 quodam

1061 1115 1261 1164 tempore
1300 1112 1444 1152 Laelio
1480 1113 1648 1152 circum
1687 1110 1823 1151 lectos
1857 1113 1935 1151 tri-

1061 1174 1174 1214 clinii
1195 1175 1373 1224 fugienti
1405 1173 1593 1213 Lucilius
1614 1175 1935 1224 superveniens

1061 1248 1163 1276 eum
1186 1236 1360 1276 obtorta
1392 1247 1551 1287 mappa
1573 1237 1698 1286 quasi
1731 1236 1936 1275 feriturus

1060 1301 1368 1349 sequeretur.»
1429 1298 1568 1337 Comi.
1608 1298 1738 1343 Caco.
1804 1298 1937 1337 Cete-

1061 1371 1159 1400 rum
1189 1370 1406 1411 perquam
1437 1359 1769 1399 adolescentem
1809 1359 1937 1398 Luci—

1060 1422 1166 1462 lium
1189 1424 1232 1461 et
1262 1422 1424 1461 Satiras
1447 1421 1645 1461 scribere
1668 1421 1870 1472 coepisse
1894 1423 1939 1459 et

1061 1486 1103 1525 in
1144 1486 1344 1524 intimam
1385 1484 1599 1535 Scipionis
1638 1484 1726 1522 iam
1765 1494 1804 1522 a.
1842 1483 1934 1522 625.

1061 1548 1222 1586 mortui
1284 1545 1622 1586 familiaritatem
1679 1545 1939 1596 pervenisse

1062 1620 1250 1649 necesse
1283 1610 1364 1648 est.
1427 1607 1514 1648 Cfr.
1538 1619 1622 1647 van
1655 1607 1830 1647 lleusde
1853 1609 1940 1646 Lu-

1062 1671 1130 1712 cil.
1156 1683 1198 1723 p.
1225 1670 1276 1711 lli
1301 1682 1367 1721 sq.
1395 1694 1438 1698 —
1471 1670 1670 1720 discincti]
1702 1669 1843 1710 soluto
1870 1671 1942 1708 tu-

1064 1736 1186 1774 nicae
1219 1732 1411 1784 cingulo,
1445 1734 1492 1771 ut
1520 1732 1798 1771 commodius
1819 1730 1943 1770 lude-

1064 1798 1177 1836 rent.
1227 1817 1271 1823 —
1319 1797 1445 1835 donec
1487 1796 1797 1842 Decoqueretur
1839 1794 1941 1843 olus]

1066 1861 1244 1899 «Donec
1265 1869 1405 1898 coena
1435 1859 1682 1909 pararetur.
1743 1855 1944 1895 Ostendit

1064 1933 1145 1974 per
1183 1920 1372 1970 herbas,
1421 1930 1498 1960 eos
1542 1919 1677 1959 fuisse
1722 1917 1941 1958 sobrios.»

1067 1985 1207 2024 Comi.
1240 1983 1314 2023 CR.
1365 1983 1604 2031 Decoquere
1638 1982 1706 2020 est
1743 1981 1942 2019 nostrum

1065 2058 1162 2098 qai·
1189 2045 1397 2085 kochen.
1456 2045 1519 2084 De
1563 2042 1682 2082 olere
1713 2042 1945 2081 hominum

1066 2117 1316 2160 pauperum
1357 2107 1399 2145 et
1436 2104 1667 2155 frugalium
1698 2103 1797 2144 cibo
1828 2101 1942 2143 conf.

1068 2172 1155 2210 Sat.
1189 2171 1236 2218 Ξ,
1278 2169 1327 2217 7,
1369 2167 1436 2208 30.
1487 2168 1596 2219 Epp.
1630 2168 1677 2214 4,
1717 2167 1764 2214 5,
1804 2166 1845 2205 ἓ.
1898 2165 1944 2212 4,

1070 2233 1144 2281 47,
1179 2231 1229 2271 43
1260 2240 1360 2282 sqq.

1122 2356 1269 2396 75-78.
1301 2354 1484 2405 censum]
1517 2354 1605 2394 Cfr.
1629 2353 1745 2393 adv.
1770 2351 1837 2391 29.
1883 2352 1946 2391 De

1070 2417 1296 2470 splendida
1330 2418 1423 2456 eius
1455 2416 1587 2455 domo
1618 2414 1700 2454 sub
1723 2412 1844 2452 Velia
1867 2412 1944 2452 cfr.

1071 2482 1228 2520 Ascon.
1242 2489 1285 2530 p.
1299 2479 1313 2518 4
1325 2478 1364 2518 3,
1383 2478 1453 2518 ed.
1466 2478 1573 2517 Bait.
1584 2499 1628 2505 —-
1641 2474 1947 2527 inqeniumque]

1072 2543 1289 2593 quatenus
1320 2539 1388 2579 ille
1420 2541 1623 2578 inventor
1652 2538 1781 2577 huius
1811 2547 1949 2587 gene-

1071 2605 1130 2644 ris
1160 2603 1252 2642 fuit.
1289 2624 1333 2630 —-
1358 2602 1460 2642 Cum
1488 2599 1667 2651 maynis]
1701 2600 1837 2639 «Cum
1865 2600 1951 2638 Au-

1073 2667 1221 2717 gusto,
1245 2666 1516 2711 Maecenate,
1540 2661 1730 2702 Pollione
1749 2663 1794 2700 et
1812 2660 1948 2700 aliis.»

1073 2728 1225 2767 Senot.
1271 2728 1380 2777 Epp.
1406 2726 1449 2774 4,
1473 2726 1548 2773 20,
1581 2724 1662 2764 23:
1708 2724 1775 2762 Me
1801 2722 1953 2772 primis

1077 2789 1194 2829 Urbis
1223 2788 1314 2828 belli
1336 2787 1546 2837 placuisse
1575 2786 1766 2834 domique
1788 2783 1953 2835 (loque-

1075 2852 1165 2903 ris).
1190 2875 1233 2879 —
1255 2851 1402 2902 fragili
1421 2873 1444 2879 -
1463 2872 1486 2878 -
1505 2849 1647 2898 solido]
1670 2858 1768 2898 gen.
1788 2848 1950 2894 neutr.,

1076 2914 1264 2965 imagine
1297 2913 1535 2964 desumpta
1557 2910 1612 2950 ab
1635 2921 1709 2958 eo,
1743 2909 1817 2960 qui
1845 2907 1952 2947 dum

1077 2975 1246 3016 avidius
1276 2974 1484 3014 dentibus
1515 2973 1716 3022 frangere
1747 2968 1837 3009 volt
1870 2979 1955 3008 nu—

1079 3049 1177 3078 cem
1208 3036 1423 3087 aliquam,
1457 3033 1711 3085 iuglandem
1740 3034 1844 3083 puta
1885 3028 1954 3068 vel

1079 3098 1349 3147 avellanam,
1382 3098 1484 3149 quia
1515 3095 1639 3136 facile
1671 3094 1712 3133 id
1744 3094 1836 3133 fore
1859 3093 1956 3143 opi-

1080 3165 1208 3202 natur
1229 3159 1431 3212 (frayile),
1459 3158 1674 3210 putamini
1695 3156 1824 3195 nimis
1845 3154 1955 3194 duro

1082 3234 1160 3263 eos
1201 3222 1324 3262 illidit
1367 3221 1539 3271 sibique
1584 3218 1782 3259 dolorem
1817 3217 1951 3256 creat.

1082 3286 1182 3325 Sine
1214 3284 1423 3334 imagine:
1457 3283 1551 3330 «Ei,
1575 3282 1648 3333 qui
1671 3278 1956 3321 existimatio-

1083 3357 1188 3387 nem
1217 3357 1365 3386 meam
1405 3343 1582 3384 laedere
1614 3346 1657 3383 et
1691 3337 1953 3381 contumelia

1085 3409 1384 3459 conviciisque
1414 3404 1764 3458 perterrefacere
1795 3411 1866 3441 me
1885 3411 1958 3440 co-

1086 3471 1284 3520 nabitur,
1317 3470 1502 3511 firmiter
1522 3468 1745 3516 resistam,
1778 3464 1890 3506 adeo
1910 3465 1959 3503 ut
