2231 3787
925 225 1019 264 ΜΒ.
1054 226 1082 264 l.
1145 226 1255 266 SAT.
1292 226 1358 265 [ΙΙ.
1980 224 2045 270 330

227 357 326 407 Aut
364 354 598 424 positum
637 362 756 408 ante
798 372 917 407 mea
957 355 1082 426 quia
1122 355 1325 426 pullum
1366 356 1416 407 in
1455 365 1605 426 parte
1646 357 1802 409 catini

229 455 452 509 Sustulit
495 456 767 518 esurienS,
811 456 986 509 minus
1026 455 1128 510 hoe
1167 456 1434 510 iucundus
1475 457 1679 511 amicus

226 557 302 610 Sit
340 557 511 609 mihi?
550 557 690 622 Quid
732 557 946 619 faciam,
990 559 1033 611 si
1075 558 1269 610 sul-tum
1309 558 1518 621 fecerit,
1562 568 1652 611 aut
1693 560 1734 611 si

225 657 530 711 prodiderit
567 660 855 713 commissa
894 658 999 713 lide
1040 677 1368 730 sponsumve
1409 660 1655 730 negarit?
1979 664 2046 714 95

227 760 359 824 Quis
398 761 548 832 paria
587 778 710 815 esse
750 761 860 814 sere
904 760 1104 832 placuit
1142 770 1388 832 peccata.
1430 761 1702 816 laborant.

332 934 398 973 96.
433 934 532 985 Quis
556 934 714 984 placuit
736 935 866 985 paria
896 946 977 975 esse
1003 936 1090 986 fere
1118 947 1159 987 p.

224 1085 376 1123 Romae
405 1085 535 1123 estin
563 1083 748 1132 Palatio,
791 1083 993 1133 Apollinis
1032 1085 1104 1123 de-
1169 1084 1262 1133 nia,
1307 1089 1343 1124 et
1385 1085 1497 1136 (filia)
1540 1097 1647 1136 quae
1691 1088 1890 1138 desponsa
1929 1094 2043 1135 erat.

221 1146 361 1195 labro,
394 1146 459 1185 cui
481 1147 598 1196 signo
618 1149 743 1195 caput
772 1147 955 1195 reposuit
972 1146 1104 1185 Avia·
1168 1158 1346 1198 sponsa.

221 1209 314 1247 nius
351 1209 565 1247 Euander.
628 1207 717 1246 Sed
759 1210 881 1247 recte
927 1208 1100 1259 Spolin:
1223 1209 1368 1249 96-98.
1418 1211 1518 1259 Quis
1554 1212 1687 1260 paria
1731 1213 1832 1265 cet]
1879 1214 2047 1253 Stoicos

223 1271 330 1318 «Qui
361 1269 618 1310 Euandrum
651 1270 912 1309 statuarium
943 1269 1104 1309 intelli-
1167 1271 1321 1311 irridet
1350 1272 1473 1321 ideo,
1508 1275 1609 1324 quia
1641 1275 1753 1314 haec
1783 1287 1939 1316 eorum
1965 1275 2048 1315 do-

220 1334 349 1385 gunt,
376 1344 466 1372 non
485 1332 780 1371 recordantur
801 1343 905 1372 eum
926 1344 965 1371 a.
991 1344 1034 1372 u.
1060 1344 1098 1372 c.
1167 1334 1307 1373 ctrina
1352 1336 1500 1374 omnia
1545 1339 1730 1387 peccata
1776 1349 1875 1377 esse
1926 1338 2047 1389 paria

221 1396 314 1435 725.
334 1395 518 1434 demum
538 1393 797 1435 Alexandria
821 1396 1006 1435 Romam
1028 1395 1104 1435 de·
1167 1396 1433 1447 (accuratius
1466 1399 1648 1448 quidem
1671 1400 1789 1451 apud
1811 1400 1933 1440 Stoh.
1955 1400 2044 1441 Ecl.

206 1457 407 1503 ,ductum
439 1468 581 1497 esse.»
642 1458 712 1497 Sic
743 1458 937 1497 concidit
967 1458 1100 1497 etiam
1165 1458 1241 1498 Ph.
1267 1459 1314 1507 ἱ),
1348 1459 1386 1498 7.
1420 1471 1463 1510 p.
1497 1461 1601 1500 2¹8:
1637 1457 1720 1500 ἶσα
1750 1458 1906 1501 πάντα
1926 1459 2047 1502 εἶναι

222 1521 526 1572 interpretatio
566 1531 609 1560 v.
643 1521 789 1559 trilzcm
826 1522 1099 1568 «tornatum,
1166 1516 1224 1560 τὰ
1245 1516 1589 1578 ἁμαρτήματα,
1614 1520 1705 1564 οὐκ
1727 1519 1795 1564 ἔτι
1816 1523 1853 1563 δ’
1878 1519 2044 1577 ὅμοια·

222 1581 462 1631 caelatum,
507 1582 791 1634 sculptum,»
824 1583 879 1622 de
922 1594 1009 1633 qua
1040 1583 1103 1622 si-
1164 1580 1378 1641 διάφορα
1416 1581 1506 1641 γάρ
1546 1583 1668 1625 κατὰ
1706 1584 1942 1640 ποιότητα
1977 1590 2048 1641 yl-

222 1645 325 1696 gnis.
361 1645 437 1685 cfr.
473 1644 655 1685 Salmas.
687 1645 743 1685 ad
770 1645 900 1685 Solin.
934 1657 978 1697 p.
1003 1645 1098 1684 ⁶289.
1165 1647 1396 1701 γνεσθαι.)
1438 1659 1593 1687 eorum
1632 1652 1878 1690 sectatores
1916 1662 2049 1691 seve·

221 1710 265 1748 et
302 1709 498 1758 Wagner
537 1708 594 1748 ad
632 1709 749 1759 Yirg.
785 1710 860 1748 Ge.
895 1709 944 1756 2,
992 1707 1096 1748 444:
1132 1739 1134 1743 .
1165 1711 1305 1750 riores
1341 1711 1384 1749 in
1416 1709 1710 1751 diiudicandis
1748 1712 1934 1752 aliorum
1966 1713 2048 1752 de-

224 1771 328 1811 Hine
384 1771 527 1810 radios
585 1771 736 1810 trivere
792 1772 909 1810 rotis.
990 1769 1099 1810 Male
1164 1772 1277 1814 lictis
1316 1772 1506 1812 reddere
1544 1772 1730 1813 solebat.
1793 1775 1937 1814 Stoica
1968 1776 2048 1825 igi-

220 1834 352 1874 etiam
388 1834 495 1872 Fea:
547 1832 852 1882 «obsoletum,
896 1833 952 1872 ad
992 1844 1102 1872 con-
1132 1840 1135 1894 ff
1166 1838 1236 1875 tur
1288 1834 1489 1874 doctrina
1534 1838 1811 1887 quantopere
1863 1839 2047 1877 naturae

222 1897 485 1947 temptum.»
545 1896 746 1946 Optimus
782 1896 1002 1946 interpres
1034 1898 1102 1934 est
1166 1900 1387 1938 humanae
1433 1900 1680 1949 repugnet,
1728 1900 2048 1950 Epicureorum

218 1957 425 1998 Martialis
454 1957 481 1997 l.
515 1956 566 1998 1.;
599 1958 749 1998 Pollice
777 1959 827 1997 de
853 1958 969 2007 Pylio
999 1958 1103 1996 trita
1165 1962 1434 2002 sententiam
1461 1962 1729 2012 opponendo
1752 1962 2044 2003 demonstrat.

218 2020 407 2060 columba
441 2021 556 2059 nitet.
604 2044 648 2048 —
683 2020 792 2069 ante]
834 2019 1102 2059 adverbiali-
1558 2018 1571 2030 ⁷

1169 2046 1214 2051 —
1245 2023 1344 2074 fere]
1384 2025 1433 2062 ut
1462 2019 1528 2073 ὥς
1560 2018 1675 2073 ἔπος
1713 2024 1886 2073 εἰπεῖν,
1933 2037 2050 2073 σχε-

221 2085 308 2131 ter,
341 2084 390 2122 ut
419 2081 573 2122 Tibull.
598 2083 646 2130 ¹1,
682 2083 728 2130 1¹,
764 2082 838 2122 43:
885 2084 941 2122 Et
969 2083 1103 2132 quod-
1171 2082 1272 2134 6622,
1305 2081 1481 2132 σχεδόν
1510 2098 1570 2125 τι.
1632 2085 1765 2135 (Plato
1797 2089 1969 2138 Protag.
2002 2100 2046 2140 p.

218 2156 378 2195 cunque
424 2145 525 2184 mihi
565 2156 740 2195 pomum
780 2156 911 2184 novas
954 2146 1104 2184 educat

1166 2148 1260 2188 348.
1296 2148 1342 2187 C.
1378 2147 1631 2188 Parmenid.
1667 2159 1709 2199 p.
1748 2150 1839 2189 1¹28.
1874 2150 1937 2199 B.)
1979 2151 2051 2189 im

219 2219 378 2256 annus,
429 2207 624 2246 Libatum
672 2207 886 2258 agricolae
928 2208 1103 2257 ponitur
1167 2212 1376 2250 Ganzen
1404 2221 1730 2262 ῃθηοηωηθη,
1763 2212 1813 2250 in
1843 2212 1933 2252 der
1962 2214 2050 2252 Re-

220 2273 315 2308 ante
344 2271 431 2308 cleo.
492 2269 555 2308 Id.
590 2270 637 2317 2,
670 2270 716 2317 5,
757 2269 830 2310 98:
879 2274 1104 2309 coronatus

1164 2274 1258 2324 9el.
1321 2273 1449 2312 Hand
1478 2274 1604 2312 Turs.
1628 2274 1678 2311 II.
1712 2284 1755 2324 p.
1791 2275 1886 2313 702.
1938 2274 2049 2315 Male

219 2331 343 2371 stabit
381 2334 418 2370 et
454 2334 551 2369 ante
579 2331 706 2370 calix.
768 2330 947 2371 Plautus
983 2333 1098 2371 Men.
1165 2336 1380 2374 Baxterus
1423 2334 1510 2384 fere
1554 2335 1693 2373 iunxit
1736 2346 1839 2374 cum
1880 2348 1921 2374 v.
1949 2338 2050 2386 pla-

219 2396 267 2443 ὁ2,
300 2395 349 2442 ⁶3,
382 2393 427 2432 2:
465 2393 628 2432 Bonum
657 2397 754 2432 ante
777 2404 938 2443 ponam
962 2404 1102 2442 pran-

1165 2397 1269 2444 cait,
1318 2397 1385 2435 cui
1431 2397 1588 2436 rationi
1632 2395 1702 2436 vel
1747 2408 1906 2438 versus
1942 2410 2050 2439 cae-

219 2458 334 2496 dium
368 2455 656 2505 pransoribus.
694 2479 739 2483 —
770 2466 865 2495 mea
896 2456 938 2494 in
960 2454 1098 2506 parte]
1168 2470 1271 2499 sura
1292 2460 1523 2510 repugnat.
1557 2458 1622 2498 Ad
1643 2461 1910 2500 sententiam
1931 2462 2045 2501 conf.

221 2519 289 2558 «in
320 2519 444 2570 parte
476 2517 532 2556 ad
562 2527 635 2557 me
663 2527 905 2567 conversa,
940 2530 993 2557 ex
1014 2530 1102 2569 qua

220 2592 291 2620 me
319 2579 484 2620 altilem
515 2579 632 2619 illam
666 2579 818 2619 tollere
849 2591 930 2631 par
961 2583 1098 2621 erat.»

220 2642 339 2683 Philo
382 2643 438 2682 de
482 2643 677 2694 profugis
720 2654 764 2694 p.
800 2643 896 2683 237.
933 2643 1014 2683 Pf.:
1055 2639 1102 2684 Ὁ

221 2701 312 2761 πρὸ
364 2702 449 2745 τοῦ
506 2701 751 2755 στόματος
803 2701 891 2755 τὰς
945 2701 1103 2759 ἀπλή-

220 2779 366 2817 στους
424 2763 610 2818 ὁιοίξξας
663 2766 924 2819 ἐπιθυμίας
981 2763 1103 2809 ἀκό-

220 2843 356 2882 σμως
403 2827 739 2888 ἐμφορήσεται
785 2832 869 2871 καὶ
918 2829 976 2871 τὰ
1014 2829 1100 2872 τοῦ

222 2890 428 2944 πλησίον
472 2889 791 2933 ἐπισπάσεται
820 2891 917 2933 κτλ.
973 2895 1103 2947 Apud

223 2954 400 2995 Lucian.
437 2956 546 2996 Tim.
586 2955 652 2996 54.
690 2955 980 3008 philosophus
1020 2969 1104 3009 pa-

222 3017 344 3056 rasiti
383 3019 534 3068 partes
575 3029 735 3069 agens:
784 3016 1103 3076 προαρπάζων

222 3072 384 3136 ὥσπερ
427 3080 604 3129 ἰκτῖνος
639 3076 700 3120 τὰ
735 3075 847 3133 ὄψα
881 3080 980 3121 κτλ.
1051 3084 1104 3122 Et

223 3142 342 3193 quod
388 3143 459 3181 hic
503 3143 794 3193 significatur,
842 3145 975 3184 etiam
1020 3146 1104 3196 Sy-

223 3205 346 3244 nesio
385 3206 509 3244 Narr.
543 3207 648 3255 Aeg.
681 3216 725 3256 p.
767 3206 833 3245 32.
869 3206 1000 3246 Krah.
1034 3208 1104 3246 est

222 3262 538 3317 ἀπαιδευσίας
575 3264 750 3306 κανών.
788 3291 831 3296 —-
868 3270 950 3319 fide
989 3270 1103 3308 anti-

224 3330 352 3379 quior
381 3329 522 3369 forma
554 3329 688 3369 dativi
717 3341 798 3381 pro
831 3331 941 3381 fidei.
1002 3331 1098 3371 Vid.

225 3391 280 3430 ad
310 3391 388 3430 Od.
412 3391 436 3431 3
455 3423 464 3440 ,
497 3392 544 3439 7,
577 3391 617 3431 4..
654 3415 699 3419 ——
731 3391 939 3443 sponsum]
961 3392 1102 3432 Varro

226 3454 271 3492 L.
305 3454 349 3492 L.
385 3455 431 3501 6,
466 3454 540 3494 70:
574 3454 872 3505 Appellabatur
901 3458 938 3494 et
971 3466 1102 3505 pecu-

1168 2523 1256 2562 Cic.
1291 2521 1346 2560 de
1378 2522 1498 2560 Finn.
1533 2520 1578 2569 li,
1615 2521 1686 2568 49,
1720 2522 1791 2560 55.
1839 2527 1947 2562 recte
1977 2524 2050 2574 fa-

1166 2588 1234 2623 cta
1255 2584 1397 2623 omnia
1426 2583 1651 2632 aequalia,
1697 2584 1839 2622 omnia
1872 2590 2047 2633 peccata

1160 2647 1296 2697 paria
1342 2645 1499 2696 (esse);
1547 2656 1654 2693 quae
1695 2656 1790 2684 cum
1831 2648 2051 2699 magnifice

1162 2709 1305 2759 primo
1349 2707 1431 2746 dici
1472 2708 1736 2757 viderentur,
1787 2709 2051 2750 considerata

1165 2772 1304 2810 minus
1327 2770 1584 2821 probantum·
1615 2781 1754 2810 sensus
1774 2772 1882 2810 enim
1910 2772 2050 2811 cuius-

1169 2844 1246 2883 que
1275 2837 1313 2873 el
1340 2837 1502 2872 natura
1530 2843 1674 2872 rerum
1705 2837 1828 2882 atque
1858 2834 1951 2883 ipsa
1977 2846 2050 2874 ve-

1166 2897 1274 2935 ritas
1321 2894 1533 2934 clamabat
1582 2895 1912 2945 quodammodo,
1968 2908 2051 2935 non

1161 2969 1283 3008 posse
1310 2957 1484 3006 adduci,
1517 2961 1561 2995 ut
1591 2957 1700 2996 inter
1729 2968 1798 2996 eas
1825 2969 1913 3005 res,
1946 2968 2052 3006 quas

1166 3020 1272 3059 Zeno
1322 3023 1609 3068 exaequaret,
1660 3019 1764 3057 nihil
1809 3019 2046 3060 interesset:

1169 3093 1284 3134 quae
1315 3081 1454 3122 verba
1484 3082 1580 3132 ipsa
1610 3082 1859 3121 Diintzerus
1885 3081 2050 3121 obver-

1168 3147 1263 3186 sata
1295 3155 1395 3184 esse
1427 3144 1631 3196 opinatur
1658 3145 1842 3194 poetae,
1891 3155 2048 3183 verum

1167 3208 1203 3247 is
1234 3208 1353 3246 hunc
1383 3207 1630 3246 Stoicorum
1666 3205 1814 3245 locum
1845 3216 2049 3245 commu-

1168 3281 1270 3309 nem
1311 3279 1418 3308 sane
1459 3269 1548 3308 iam
1585 3268 1769 3308 Athenis
1800 3267 2049 3307 sexcenties

1167 3331 1382 3371 audierat.
1422 3354 1464 3358 -
1498 3330 1706 3381 laborant]
1747 3324 2046 3385 «ἀποροῦσι,

1168 3404 1257 3433 non
1306 3393 1400 3434 sine
1450 3392 1645 3444 quadam
1693 3390 1894 3431 molestia
1944 3401 2048 3431 sen-

1165 3457 1298 3505 tiunt,
1342 3466 1478 3506 quam
1509 3454 1729 3495 contraria
1759 3454 1812 3494 sit
1848 3453 2048 3504 ipsorum
