2231 3787
250 271 351 324 322

322 406 488 456 Pasco
529 401 702 455 libatis
743 400 988 472 dapibus.

885 270 1097 311 HORATII
1129 269 1429 311 SATIRARUM

1066 404 1228 454 Prout
1266 401 1461 471 cuique
1502 398 1666 452 libido
1707 408 1810 461 est,

321 505 496 558 Siccat
534 502 846 574 inaequales
887 502 1082 557 calices
1123 503 1348 556 conviva
1386 501 1592 555 solutus

320 605 550 677 Legibus
591 605 816 666 insanis,
861 622 957 658 seu
999 604 1120 676 quis
1160 604 1301 674 capit
1338 605 1483 657 acria
1519 602 1669 657 sortis

319 707 518 762 Pocula
559 724 655 760 seu
695 706 920 760 modicis
960 705 1167 759 uvescit
1203 703 1410 759 laetius.

1486 705 1624 776 Ergo
1995 705 2061 756 70

321 811 508 863 Sermo
549 809 738 871 oritur,
782 825 886 861 non
925 807 992 860 de
1030 806 1168 860 villis
1207 806 1527 861 domibusve
1566 806 1776 869 alieniS‚

318 914 427 965 Nec
454 910 592 964 male
625 927 795 964 necne
822 911 998 981 Lepos
1026 908 1205 974 saltet3
1249 908 1373 972 sed,
1403 908 1551 981 quod
1574 908 1744 979 magis
1770 907 1839 961 ad
1864 924 1961 960 nos

318 1013 553 1068 Pertinet
591 1021 643 1066 et
679 1012 890 1066 nescire
929 1010 1128 1064 malum
1168 1019 1272 1073 est,
1315 1010 1600 1082 agitamus:
1641 1019 1889 1063 utrumne

316 1115 520 1168 Divitiis
561 1113 828 1175 liomineS‚
878 1131 945 1166 an
984 1113 1087 1166 sint
1124 1113 1318 1167 virtute
1355 1112 1524 1177 beati,

354 1321 420 1360 67.
452 1319 591 1371 Proui]
624 1319 726 1359 Cum
754 1321 798 1358 ut
829 1330 852 1358 e
885 1318 991 1359 Cod.
1027 1317 1219 1359 Colbert.
1253 1317 1491 1359 Bentleius.
1528 1316 1587 1368 (In
1609 1331 1637 1357 κ
1661 1316 1757 1368 syll.
1775 1328 1858 1366 pro
1884 1319 1953 1358 est
1981 1328 2006 1357 a

299 1394 433 1423 manu
454 1381 666 1430 secunda,
690 1383 789 1433 post
810 1381 1091 1422 manifestam
1110 1381 1344 1432 rasuram.)
1371 1403 1415 1411 —-
1439 1382 1505 1421 70.
1527 1381 1724 1421 humescit
1741 1382 1815 1430 c,t.
1842 1381 2008 1432 (uvescit

297 1445 357 1485 bS
389 1448 432 1485 et
465 1446 659 1496 quinque
691 1443 912 1494 Pottierii.)
949 1466 989 1473 —
1028 1444 1093 1483 72.
1127 1445 1211 1484 Nec
1240 1454 1462 1495 superscr.
1494 1443 1556 1483 An
1586 1445 1627 1484 S.

243 1635 350 1687 Epp.
382 1634 429 1682 2,
470 1633 515 1681 Ξ,
549 1632 605 1682 6.)
640 1654 686 1660 -
729 1630 880 1682 libatis]
912 1631 963 1672 Ut
1003 1629 1115 1678 dixi,

242 1697 570 1748 «temperanter
600 1694 893 1745 degustatis,›>
927 1704 1037 1741 non,
1071 1694 1119 1732 ut

241 1759 309 1799 alii
338 1757 510 1798 volunt:
554 1769 630 1797 «ex
663 1755 825 1808 quibus
856 1754 1117 1807 particulam

241 1823 316 1862 Dis
362 1819 598 1861 Penatibus
643 1818 817 1859 libavi.»
867 1819 1028 1858 Vinum
1064 1829 1118 1857 ex

239 1887 419 1937 patera,
474 1893 560 1922 non
606 1881 730 1922 cibos
772 1880 984 1920 libabant.
1051 1881 1113 1921 Cf.

240 1948 356 1997 Virg.
380 1950 487 1986 Aen.
513 1946 561 1994 5,
596 1944 668 1984 9οῑ
701 1944 771 1983 Ille
791 1966 813 1972 -
835 1966 858 1972 -
877 1944 1119 1993 interpate-

239 2021 313 2049 ’νας
341 2014 379 2049 et
410 2009 518 2049 levia
542 2007 697 2058 pocula
726 2017 892 2056 serpens
919 2006 1083 2046 Libavtt
1101 2028 1119 2035 -

240 2074 378 2123 dapes.

295 2135 434 2175 67-76.
466 2132 606 2184 Prout]
639 2132 849 2183 Scriptori
880 2132 987 2172 Cod.
1014 2130 1118 2172 Col—

240 2198 353 2237 bert.
378 2207 480 2237 cum
511 2197 716 2235 vitiosum
739 2194 967 2235 videretur
990 2198 1118 2244 prout

238 2258 617 2310 monosyllabum,
663 2257 890 2297 substituit
925 2269 1019 2297 cum
1048 2261 1114 2306 ut,

238 2323 358 2375 quod
405 2322 616 2373 imposuit
662 2319 875 2360 Bentleio.
946 2319 1116 2359 Handio

238 2397 416 2438 quoque
457 2386 594 2435 (Turs.
628 2384 697 2424 IV.
732 2394 774 2434 p.
809 2383 919 2433 627.)
963 2381 1115 2421 «valde

238 2448 424 2489 dubium
455 2447 649 2495 videtur,
697 2457 752 2485 an
795 2446 999 2485 Horatius
1030 2445 1116 2484 hoc

237 2509 455 2551 vocabulo
516 2508 807 2559 (carminibus
865 2518 952 2547 non
1011 2506 1116 2546 satis

237 2577 360 2626 apto,
395 2583 478 2612 nec
508 2573 681 2611 tantum
703 2570 760 2610 ob
792 2570 1000 2617 formam,
1035 2568 1115 2609 sed

238 2636 368 2676 etiam
398 2636 584 2686 propter
613 2634 802 2672 notionis
825 2631 1114 2681 sterilitatem)

236 2707 452 2748 umquam
481 2707 588 2736 usus
620 2696 792 2735 fuerit.»
830 2714 872 2721 —
901 2693 1024 2733 libido
1045 2692 1113 2744 est]

237 2760 457 2800 Honestus
502 2759 545 2797 in
588 2756 762 2798 Anthol.
806 2756 938 2796 Palat.
982 2757 1031 2794 ΙΙ.
1068 2765 1112 2806 p.

238 2821 340 2860 333:
371 2816 428 2860 τὸ
459 2819 493 2859 δ’
525 2816 749 2860 ὁππόσον
781 2815 870 2872 ἡδὺ
903 2815 1116 2870 ποθῆναι

237 2882 421 2939 Μέτρον
442 2882 549 2935 ἐμοὶ
571 2880 731 2935 πάσης
749 2877 920 2939 ἄρκιον
942 2875 1114 2937 εὖφρο-

239 2941 403 2997 σύνης.
432 2969 476 2973 -
500 2946 637 2985 Siccat
664 2946 766 2995 cet]
792 2947 904 2984 «Suo
926 2945 1116 2994 quisque

240 3006 452 3046 arbitratu
484 3006 620 3046 ebibit
652 3005 808 3058 pocula
842 3006 1011 3045 minora
1043 3006 1118 3043 aut

241 3070 429 3115 maiora,
468 3068 580 3107 liber
610 3080 631 3107 a
666 3067 864 3107 molestis
898 3066 978 3106 illis
1008 3065 1117 3116 legi-

241 3131 351 3180 bus,
386 3142 496 3182 quas
528 3128 904 3187 συμποσιάρχης
936 3131 1026 3180 (rex
1047 3128 1117 3168 bi-

242 3193 388 3244 bendi)
422 3193 476 3232 de
508 3204 695 3232 numero
719 3204 770 3232 ac
800 3202 1012 3233 mensura
1041 3202 1120 3243 po-

243 3256 444 3298 culorum
483 3254 588 3294 alias
630 3255 824 3294 convivis
856 3255 1033 3294 dictat.»
1070 3276 1114 3281 —

243 3319 415 3370 Legibus
443 3317 615 3368 insanis]
647 3317 736 3356 Cic.
771 3317 897 3354 Verr.
928 3317 1030 3355 Acc.
1065 3315 1114 3363 5,

246 3381 288 3419 Μ
311 3412 318 3428 ,
350 3379 423 3419 28:
455 3380 533 3418 Istc
562 3379 668 3418 enim
691 3382 867 3427 praetor
886 3389 1050 3417 severus
1070 3389 1119 3417 ac

245 3442 436 3492 diligens,
480 3442 549 3491 qui
580 3441 726 3491 populi
756 3441 802 3479 R.
827 3440 982 3490 leyibus
1008 3450 1118 3478 nun-

247 3514 373 3552 quam
401 3504 630 3553 paruisset,
678 3502 756 3541 iltis
791 3502 964 3552 tegibus,
1013 3513 1119 3551 quae

1181 1631 1225 1670 in
1250 1631 1411 1681 poculis
1433 1630 1722 1681 ponebantur,
1755 1630 1972 1682 diliyenter
1992 1629 2060 1669 ob-

1181 1693 1451 1744 temperabat.
1511 1695 1610 1746 Ipse
1642 1694 1748 1734 Cato
1772 1694 1876 1745 (Cic.
1902 1693 1957 1733 de
1980 1694 2063 1733 Se·

1181 1757 1298 1796 nect.
1325 1755 1397 1805 44,
1421 1755 1522 1806 46.):
1545 1758 1614 1796 Me
1634 1767 1729 1796 vero
1752 1756 1811 1808 (in
1831 1754 2057 1805 conv1viis)

1180 1822 1218 1857 et
1259 1819 1504 1870 magisteria
1547 1820 1746 1859 delectant
1775 1829 1803 1858 a
1830 1818 2060 1858 maioribus

1179 1882 1369 1921 instituta
1390 1885 1427 1921 et
1455 1882 1490 1920 is
1508 1893 1661 1930 sermo,
1696 1882 1766 1931 qui
1793 1892 1910 1921 more
1926 1881 2061 1920 maio-

1178 1955 1276 1983 rum
1305 1955 1332 1983 a
1360 1955 1518 1984 summo
1555 1944 1772 1984 adhibetur
1806 1945 1850 1983 in
1881 1944 2056 1993 poculis.

1182 2006 1306 2046 Conf.
1331 2007 1417 2045 Sat.
1442 2007 1488 2056 ⁶2,
1521 2008 1568 2056 2,
1603 2007 1695 2046 423.
1733 2030 1778 2035 —
1801 2007 1928 2058 capit]
1962 2016 2060 2047 «su-

1180 2069 1281 2117 mit,
1317 2067 1481 2119 eligit,»
1519 2079 1630 2118 non,
1677 2071 1725 2108 ut
1755 2068 1844 2108 alii:
1894 2079 2060 2120 «capax

1182 2133 1249 2170 est
1269 2131 1490 2170 acriorum
1518 2129 1826 2182 poculorum.»
1852 2152 1898 2159 —
1923 2131 2057 2184 acria]

1183 2193 1438 2243 «grandiaz»
1485 2192 1556 2232 alii
1599 2192 1729 2233 simul
1767 2192 1966 2232 referunt
2002 2192 2060 2232 ad

1180 2255 1334 2294 vinum
1374 2255 1620 2304 meracius,
1667 2265 1771 2294 cum
1815 2254 2058 2295 timidiores

1181 2316 1358 2358 dilutius
1389 2319 1635 2357 sumerent.
1697 2315 1905 2356 Similiter
1942 2327 2061 2356 acres

1173 2384 1342 2430 potores
1385 2379 1512 2428 dixit,
1561 2379 1635 2430 qui
1678 2379 1826 2418 calices
1867 2379 2060 2430 poscunt

1178 2444 1372 2491 maiores,
1406 2444 1493 2483 Sat.
1517 2443 1564 2491 Ξ,
1598 2442 1643 2491 8,
1678 2441 1728 2481 35
1756 2452 1823 2492 sq.
1852 2463 1896 2469 —
1918 2440 2054 2492 fortis]

1182 2505 1437 2546 «confidens
1466 2516 1513 2545 se
1546 2503 1814 2544 inebriatum
1844 2513 1933 2542 non
1962 2503 2058 2542 iri.»

1184 2591 1228 2596 —
1288 2567 1459 2619 uvescit]
1508 2565 1749 2618 «paulatim
1805 2566 1956 2605 uvidus
2011 2564 2060 2604 fit

1181 2630 1273 2681 (Od.
1311 2631 1358 2679 2,
1402 2630 1475 2679 49,
1517 2630 1582 2669 48.
1630 2628 1677 2677 4,
1717 2630 1764 2678 5,
1807 2627 1908 2678 39.),
1940 2627 2058 2667 bene

1178 2694 1360 2744 potus;»
1407 2691 1539 2743 gloss.
1574 2693 1641 2732 est
1682 2691 1879 2730 humescit
1916 2689 2054 2730 Codd.

1180 2753 1281 2805 aliq.
1306 2754 1392 2794 Cfr.
1418 2754 1582 2794 Helnsii
1612 2753 1848 2793 Adversar.
1883 2763 1927 2804 p.
1962 2752 2054 2792 404.

1183 2839 1228 2844 —
1260 2815 1388 2867 Erqo]
1423 2817 1634 2872 «Propter
1663 2816 1778 2855 hanc
1808 2815 1950 2866 ipsam
1989 2814 2059 2853 hi—

1179 2877 1398 2918 laritatem
1439 2880 1572 2929 atque
1616 2877 1784 2917 liberae
1825 2877 2058 2928 compota-

1180 2941 1306 2981 tionis
1348 2940 1667 2980 iucunditatem
1710 2940 1781 2988 fit,
1828 2941 1877 2979 ut
1921 2937 2057 2979 solitis

1181 3014 1232 3042 ac
1250 3002 1502 3053 volgaribus
1529 3002 1610 3043 illis
1632 3003 1937 3043 conviviorum
1960 3011 2058 3040 ser-

1179 3065 1386 3106 monibus
1402 3076 1632 3117 nunquam
1646 3068 1839 3113 utamur,
1861 3062 2060 3104 inviden—

1179 3130 1246 3168 tes
1268 3127 1360 3168 aliis
1384 3128 1561 3180 praedia
1583 3128 1766 3176 maiora,
1789 3125 1859 3167 vel
1880 3126 1934 3166 de
1951 3136 2059 3177 pan—

1179 3192 1466 3231 tomimorum
1496 3191 1664 3230 artibus
1695 3191 1809 3229 inter
1837 3199 1917 3229 nos
1949 3198 2059 3228 con-

1181 3253 1460 3294 tendentes.»
1507 3253 1593 3293 Cfr.
1618 3253 1750 3292 etiam
1772 3250 1899 3291 Hand
1928 3251 2054 3290 Turs.

1182 3317 1231 3355 II.
1265 3327 1308 3367 p.
1332 3315 1426 3356 464.
1464 3338 1508 3344 —-
1541 3315 1684 3366 Lepos]
1719 3324 1909 3353 «nomen
1948 3312 2058 3352 insi-

1183 3379 1278 3428 gnis
1299 3377 1519 3418 saltatoris
1542 3377 1720 3417 Caesari
1751 3376 1884 3426 grati,
1917 3374 2057 3413 archi-

1183 3441 1327 3489 mimi,
1361 3440 1435 3491 qui
1465 3439 1528 3480 sic
1549 3436 1793 3490 appellatus
1814 3438 1903 3485 est,
1936 3435 2056 3486 quod

1182 3501 1373 3542 iucunde
1418 3503 1462 3541 et
1505 3499 1694 3540 molliter
1736 3497 1915 3539 saltaret
1962 3495 2055 3537 elo-
