2231 3787
261 311 362 363 510

865 309 1077 349 HORATH
1108 308 1472 350 EPlsTomRUM

335 442 596 494 lucutiunt
633 440 782 493 urbis
821 438 1177 497 desiderium,
1220 437 1401 493 video,
1443 445 1496 489 et
1532 436 1678 507 quod

333 542 567 613 Angulus
609 542 705 593 istc
745 542 877 594 feret
913 540 1068 610 piper
1105 547 1157 591 et
1196 538 1315 590 thus
1354 537 1505 591 ocius
1543 555 1670 598 uva,

337 645 444 698 Nec
483 644 657 697 vicina
696 641 883 695 subest
919 642 1101 692 vinum
1138 638 1404 709 praebere
1443 637 1665 691 taberna

334 747 484 809 Quae
523 744 690 815 possit
729 742 846 802 tibi,
889 758 989 794 nec
1026 740 1279 793 meretrix
1316 739 1557 801 tibicina,
1599 739 1752 792 cuius

2009 739 2076 791 25

335 847 411 899 Ad
451 846 730 916 strepitum
769 842 928 896 salias
968 851 1143 895 terrae
1182 841 1386 912 gravis:
1428 849 1480 894 et
1518 849 1695 893 tamen
1732 856 1894 910 urges

337 946 657 1017 lampridem
698 963 801 998 non
840 952 978 997 tacta
1015 942 1283 1013 ligonibus
1323 959 1449 994 arva
1487 941 1793 1011 bovemque

372 1144 438 1183 23.
472 1149 536 1183 tus
565 1144 611 1183 E.
650 1163 693 1170 —
728 1142 794 1181 26.
827 1151 980 1190 urques
1006 1141 1054 1179 F..
1082 1161 1127 1167 -
1152 1139 1219 1179 28.
1243 1139 1493 1178 Deiunctum
1522 1139 1550 1177 L
1574 1148 1625 1177 cx
1655 1139 1862 1188 quattuor
1893 1137 2027 1177 Codi-

322 1206 460 1246 cibus.
498 1208 558 1254 (U
584 1216 683 1250 nos,
719 1204 853 1243 nostri
886 1205 928 1242 et
961 1202 1240 1252 Pottieriani.)
1277 1225 1320 1230 --

1355 1201 1494 1250 apples
1523 1211 1748 1251 superscr.
1782 1201 1925 1250 imples
1954 1200 2024 1240 cd.

269 1353 400 1394 Lucil.
427 1356 441 1392 l
466 1386 473 1401 ,
510 1353 558 1392 49
592 1351 718 1401 (Gerl.
744 1363 786 1403 p.
810 1350 890 1401 4..):
923 1351 1140 1401 Infamem,
1204 1349 1456 1400 fructuosae.
1490 1349 1629 1387 Varro
1650 1348 1696 1386 R.
1718 1349 1763 1387 R.
1789 1349 1805 1386 11
1829 1378 1838 1396 ,
1861 1348 1906 1396 2,
1939 1347 2006 1387 23.
2036 1371 2079 1375 —

267 1417 524 1457 inmiunclam
567 1420 808 1464 turpemque
852 1413 982 1452 odisse
1018 1413 1144 1462 popi—

267 1491 380 1518 nam.
427 1500 473 1506 —
515 1477 736 1525 Incutiunt]
775 1478 822 1514 ut
852 1473 952 1514 alibi
994 1474 1145 1514 dicunt

269 1543 450 1580 incutere
478 1544 651 1589 metum,
691 1543 913 1585 terrorem,
951 1537 1144 1587 formidi-

268 1615 380 1642 nem.
416 1604 478 1642 sic
509 1603 553 1641 h.
577 1601 602 1640 l.
628 1601 682 1640 de
706 1601 795 1640 acri
828 1599 1069 1644 desiderio.
1098 1600 1146 1637 ut

272 1667 441 1704 Lucret.
484 1666 527 1711 21,
576 1664 649 1702 49:
701 1662 895 1702 Omnibus
946 1662 1147 1700 incutiens

270 1728 465 1766 blandum
489 1738 566 1776 per
581 1730 755 1775 pectora
775 1735 974 1763 amorem.
1004 1746 1047 1753 --
1066 1723 1148 1762 An-

269 1790 402 1841 qulus]
437 1787 845 1839 «quemadmodum
876 1789 921 1825 tu
943 1787 1147 1825 contem-

271 1853 379 1902 ptim
408 1852 576 1889 vocitas
602 1848 834 1900 praedium
856 1858 1052 1886 meum.»
1077 1847 1145 1886 Sic

273 1913 474 1951 Sidonius
495 1909 631 1961 Apoll.
657 1911 764 1959 Epp.
790 1910 834 1956 7,
861 1910 935 1954 Π,
960 1909 1033 1947 21:
1066 1908 1148 1947 An-

271 1974 392 2025 qulus
430 1974 502 2011 iste
533 1972 671 2021 placet
703 1969 1149 2019 paupertinusque

273 2046 464 2075 recessus.
516 2036 667 2073 Iocose
700 2034 850 2071 autem
880 2031 1003 2070 dicit:
1044 2032 1148 2070 «Sa-

276 2099 426 2137 binum
459 2096 648 2135 laturum
680 2105 779 2133 esse
811 2092 977 2132 facilius
1014 2094 1147 2132 etiam

274 2161 400 2211 piper
422 2161 462 2197 et
486 2158 586 2196 thus
609 2166 741 2207 quam
764 2156 965 2202 vinum3»
998 2154 1042 2193 id
1064 2156 1145 2201 est,

274 2222 425 2260 vinum
463 2230 644 2270 prorsus
683 2219 890 2268 negatum
931 2227 1029 2256 esse
1071 2217 1149 2254 Sa-

275 2284 402 2330 bino,
435 2285 483 2321 ut
512 2282 640 2332 piper
671 2283 714 2319 et
746 2280 845 2319 thus
876 2280 954 2318 toti
984 2277 1146 2325 ltaliae;

275 2347 404 2385 nimis
436 2344 551 2384 enim
585 2342 790 2393 frigidum
820 2343 915 2381 erat
944 2340 1055 2380 illius
1077 2350 1151 2380 so-

277 2408 366 2447 lum
412 2409 455 2446 et
497 2415 708 2456 opacum,
757 2414 891 2454 quam
920 2406 967 2441 ut
999 2402 1149 2440 vitium

277 2468 445 2509 cultura
463 2467 520 2506 ibi
543 2466 688 2505 locum
711 2465 911 2505 haberet.
942 2464 1020 2515 (Cf.
1040 2464 1147 2514 Epp.

279 2534 324 2579 ι1,
359 2531 424 2569 16.
467 2530 591 2578 init).
641 2527 752 2566 Vino
797 2527 925 2577 igitur
969 2527 1012 2564 in
1055 2525 1151 2564 heri

279 2593 412 2634 fundo
443 2595 545 2631 nato
583 2592 644 2629 uti
682 2601 766 2629 non
797 2591 970 2641 poterat
997 2587 1151 2628 vilicus

279 2667 362 2696 nec
391 2665 529 2707 prope
563 2656 656 2693 erat
686 2652 884 2692 taberna.
936 2651 1041 2702 (Vile
1071 2661 1152 2690 au—

280 2723 369 2759 tem
410 2717 611 2757 Sabinum
647 2715 726 2754 Od.
765 2716 810 2760 4,
844 2714 916 2757 ΞΟ,
951 2715 988 2752 4.
1035 2713 1153 2764 peti-

280 2785 371 2820 tum
401 2790 499 2819 esse
521 2780 695 2829 poterat
716 2788 770 2816 ex
789 2775 873 2815 alio
896 2774 1041 2826 aliquo
1063 2775 1153 2825 agri

282 2842 427 2881 Sabini
459 2841 632 2889 tractu.)
654 2863 698 2868 —
722 2839 824 2890 thus]
848 2839 1063 2889 scriptura
1086 2838 1154 2875 est

282 2905 478 2943 sincera:
503 2905 622 2941 certe
646 2903 687 2940 in
709 2900 882 2940 duabus
904 2900 1152 2949 Augusteae

281 2965 435 3003 aetatis
484 2962 839 3014 inscriptionibus
882 2961 1001 3012 apud
1048 2960 1154 2999 lahn

284 3027 531 3077 (specimen
564 3036 604 3075 p.
636 3025 718 3072 28.)
758 3023 845 3062 duo
882 3025 984 3063 sunt
1022 3022 1155 3061 THV—

283 3088 440 3126 RARII.
502 3087 661 3124 Contra
708 3086 746 3123 in
792 3085 909 3124 Actis
953 3085 1153 3122 Fratrum

283 3147 504 3188 Arvalium
544 3157 723 3197 semper
763 3148 830 3185 est
868 3150 944 3184 tus,
1002 3144 1064 3184 Cf.
1099 3144 1153 3184 ad

286 3209 364 3249 Od.
389 3211 433 3253 4,
468 3208 540 3257 ⁴9,
575 3207 640 3247 ⁴4.
684 3230 727 3235 —
769 3208 851 3246 Nec
884 3207 1022 3245 vicina
1053 3208 1154 3256 cet]

285 3271 482 3311 Taberna
527 3268 644 3310 nulla
687 3273 779 3308 erat
825 3270 864 3307 in
905 3269 1152 3315 vicinitate,

287 3334 387 3384 quia
418 3332 577 3372 fundus
608 3332 704 3370 erat
732 3329 970 3376 solitarium
1005 3332 1155 3369 contra

285 3396 320 3432 si
350 3406 453 3445 aqer
481 3394 703 3434 secundum
736 3393 847 3430 viam
885 3396 922 3430 et
957 3397 1156 3441 opportu-

288 3467 364 3494 nus
408 3455 638 3495 viatoribus
686 3455 815 3502 locus,
874 3454 1158 3504 aedificandae

291 3517 487 3557 tabernae
516 3517 794 3565 det-ersoriae,
840 3526 946 3563 quae
982 3521 1116 3554 sunt-
1136 3538 1157 3544 -

1208 1410 1392 1462 tibicina]
1423 1412 1471 1449 ut
1508 1408 1578 1448 illa
1610 1409 1723 1459 Copa
1759 1410 1930 1458 Surisca
1959 1414 2084 1460 caput

1209 1474 1344 1513 Graia
1396 1472 1592 1512 redimita
1647 1472 1829 1520 mitella,
1881 1473 1925 1512 et
1973 1471 2081 1512 Cod.

1208 1534 1426 1575 Theodos.
1461 1534 1514 1583 9,
1557 1534 1610 1582 7,
1655 1535 1692 1573 l.
1733 1545 1775 1586 p.
1808 1534 1902 1574 650.
1946 1534 2080 1584 Hug.:

1207 1597 1402 1636 ministra
1429 1607 1664 1646 cauponae,
1705 1607 1812 1645 quae
1840 1596 2088 1645 plerum-que

1208 1659 1299 1707 ipsa
1332 1658 1577 1708 potantibus
1616 1658 1961 1707 intemperantiae
1987 1658 2088 1697 vina

1203 1723 1398 1772 praebet;
1443 1734 1470 1761 a
1500 1722 1647 1771 quibus
1673 1722 1836 1772 feminis
1859 1723 2088 1771 pudicitiae

1208 1786 1320 1824 ratio
1357 1795 1440 1823 non
1480 1784 1725 1833 requiritur.
1762 1807 1806 1812 -—
1838 1783 1901 1822 Ad
1937 1783 2088 1833 strepi-

1209 1846 1308 1897 tum]
1335 1846 1416 1885 «ad
1439 1845 1569 1884 tibiae
1592 1847 1772 1885 cantum
1795 1846 2086 1896 crepitantem

1211 1910 1342 1958 atque
1361 1908 1622 1947 absonum.»
1676 1907 1739 1947 Cf.
1766 1907 1844 1946 Od.
1868 1906 1913 1955 4,
1947 1906 1992 1954 3,
2019 1907 2084 1947 48.

1215 1992 1259 1997 —-
1289 1970 1418 2008 salias
1444 1969 1588 2019 qravis
1607 1969 1757 2018 terrae]
1784 1967 1942 2008 «saltes
1962 1978 2087 2019 agre-

1212 2032 1327 2069 stem
1371 2030 1412 2068 in
1458 2030 1642 2069 modum
1686 2033 1849 2069 terram
1898 2029 2087 2081 pedibus

1212 2089 1413 2141 pulsans,
1437 2091 1735 2142 schwerfalliq,
1763 2091 1925 2140 plump.
1966 2092 2014 2130 A.
2040 2092 2086 2130 P.

1213 2152 1316 2192 430:
1351 2154 1490 2202 saliet,
1523 2154 1663 2193 tundet
1677 2154 1781 2203 pede
1801 2157 1973 2192 terram.
2008 2153 2089 2193 Ce-

1213 2216 1359 2254 terum
1378 2215 1632 2255 huiusmodi
1654 2214 1838 2254 deliciae
1860 2226 1884 2254 a
1900 2214 2014 2254 vilici
2029 2215 2091 2255 os-

1214 2276 1312 2316 ficio
1354 2288 1487 2328 quam
1532 2278 1723 2318 maxime
1768 2276 2085 2317 abhorrebant.

1215 2338 1456 2379 Columella
1479 2341 1521 2378 Μ
1545 2372 1552 2388 ,
1588 2342 1603 2379 t
1630 2372 1637 2387 ‚
1673 2339 1744 2379 43:
1778 2340 1922 2379 Somni
1949 2340 2091 2379 etvini

1213 2401 1264 2440 sit
1294 2400 1662 2440 abstinentissimus
1691 2399 1888 2451 (vilicus).
1915 2422 1935 2429 -
1952 2423 1970 2430 -
1992 2401 2092 2441 Tum

1214 2463 1339 2501 etiam
1378 2464 1429 2502 sit
1458 2474 1486 2501 a
1513 2463 1695 2502 venereis
1725 2461 1937 2502 amoribus
1966 2473 2092 2502 aver-

1214 2536 1306 2572 sus;
1337 2547 1360 2553 -
1390 2546 1413 2553 -
1438 2526 1602 2576 primu-s
1631 2525 1818 2564 omnium
1843 2525 2006 2576 vigilem
2027 2547 2050 2554 -
2068 2546 2091 2554 -

1213 2588 1264 2627 sit
1291 2587 1554 2638 frugalitatis
1583 2587 1830 2637 eaeemplum.

1270 2709 1417 2750 26-30.
1464 2715 1501 2750 et
1530 2715 1667 2750 tamen
1688 2710 1790 2762 cet]
1822 2711 1900 2750 «Et
1920 2712 2090 2760 tamen,

1217 2783 1318 2812 cum
1350 2770 1517 2812 deliciis
1547 2771 1628 2820 illis
1660 2772 1872 2812 tabernae
1907 2772 1983 2812 tibi
2016 2784 2093 2812 ca-

1217 2833 1407 2873 rendum
1438 2834 1517 2882 sit,
1552 2832 1836 2874 nihilominus
1870 2835 1931 2885 (ut
1960 2836 2006 2873 tu
2030 2835 2094 2874 in—

1217 2894 1529 2946 dignabundus
1547 2896 1673 2945 queri
1695 2894 1823 2945 soles)
1851 2905 2008 2946 graves
2027 2895 2094 2935 la-

1216 2959 1349 2998 bores
1375 2959 1604 3010 suscipere
1628 2958 1783 3006 debes,
1808 2961 1855 2998 ut
1874 2957 2092 3010 ligonibus

1216 3031 1319 3060 arva
1342 3020 1414 3060 diu
1439 3019 1639 3070 neglecta
1662 3031 1867 3060 versare»
1889 3023 1974 3060 cet.
1996 3022 2092 3060 Non

1218 3083 1310 3122 sine
1344 3083 1463 3121 certa
1496 3081 1688 3133 quadam
1719 3081 1881 3122 malitia
1904 3092 2093 3122 enume-

1217 3145 1284 3182 rat
1326 3145 1473 3183 omnia
1518 3155 1650 3195 opera
1694 3145 1884 3191 rustica,
1932 3143 2092 3194 quibus

1218 3206 1351 3245 homo
1384 3207 1464 3245 iste
1495 3206 1667 3246 Stichus
1689 3217 1848 3245 vacare
1879 3203 2087 3244 debebat.

1222 3290 1266 3296 -
1298 3268 1435 3319 uryes]
1467 3266 1620 3307 Tibull.
1646 3269 1692 3316 11,
1716 3267 1756 3315 9,
1780 3267 1827 3306 8:
1858 3266 1912 3305 Et
1941 3266 2094 3305 durum

1218 3335 1356 3370 terrae
1392 3330 1572 3369 rusticus
1611 3333 1731 3380 urqet
1772 3338 1887 3377 opus.
1926 3349 1973 3356 —
2007 3324 2094 3368 'non

1217 3396 1332 3432 tacta
1361 3392 1463 3443 cet]
1497 3392 1695 3431 Precaria
1728 3391 1798 3430 hic
1827 3401 2005 3440 quoque
2033 3391 2094 3430 vi—

1221 3454 1350 3493 detur
1393 3451 1711 3502 Dillenburgeri
1762 3452 2088 3502 interpretatio:

1223 3516 1412 3554 «intacta
1440 3514 1641 3571 ligonibus
1666 3524 1773 3551 arua
1801 3515 1983 3564 propter
2001 3511 2093 3552 bel-
