<?xml version="1.0" encoding="UTF-8"?>
<!DOCTYPE html PUBLIC "-//W3C//DTD XHTML 1.0 Transitional//EN"
    "http://www.w3.org/TR/xhtml1/DTD/xhtml1-transitional.dtd">
<html xmlns="http://www.w3.org/1999/xhtml" xml:lang="en" lang="en">
 <head>
  <title>
</title>
<meta http-equiv="Content-Type" content="text/html;charset=utf-8" />
  <meta name='ocr-system' content='tesseract 3.04.00' />
  <meta name='ocr-capabilities' content='ocr_page ocr_carea ocr_par ocr_line ocrx_word'/>
</head>
<body>
  <div class='ocr_page' id='page_1' title='image "./qhoratiusflaccus02horauoft_0143.png"; bbox 0 0 2231 3787; ppageno 0'>
   <div class='ocr_carea' id='block_1_1' title="bbox 816 272 1942 323">
    <p class='ocr_par' dir='ltr' id='par_1_1' title="bbox 816 272 1942 323">
     <span class='ocr_line' id='line_1_1' title="bbox 816 272 1942 323; baseline -0.004 -10"><span class='ocrx_word' id='word_1_1' title='bbox 816 274 911 313; x_wconf 72' lang='lat' dir='ltr'>un.</span> <span class='ocrx_word' id='word_1_2' title='bbox 948 274 975 312; x_wconf 86' lang='lat'>1.</span> <span class='ocrx_word' id='word_1_3' title='bbox 1036 274 1145 313; x_wconf 55' lang='lat' dir='ltr'>snt</span> <span class='ocrx_word' id='word_1_4' title='bbox 1180 274 1246 313; x_wconf 74' lang='lat' dir='ltr'>vi.</span> <span class='ocrx_word' id='word_1_5' title='bbox 1851 272 1942 323; x_wconf 75' lang='lat' dir='ltr'>t-&gt;7</span> 
     </span>
    </p>
   </div>
   <div class='ocr_carea' id='block_1_2' title="bbox 1882 310 1906 323">
    <p class='ocr_par' dir='ltr' id='par_1_2' title="bbox 1882 310 1906 323">
     <span class='ocr_line' id='line_1_2' title="bbox 1882 310 1906 323; baseline 0 0"><span class='ocrx_word' id='word_1_6' title='bbox 1882 310 1906 323; x_wconf 53' lang='lat' dir='ltr'>fi</span> 
     </span>
    </p>
   </div>
   <div class='ocr_carea' id='block_1_3' title="bbox 119 404 1951 3521">
    <p class='ocr_par' dir='ltr' id='par_1_3' title="bbox 119 404 1951 3521">
     <span class='ocr_line' id='line_1_3' title="bbox 127 404 1943 456; baseline -0.002 -9"><span class='ocrx_word' id='word_1_7' title='bbox 127 419 228 447; x_wconf 84' lang='lat' dir='ltr'>aera</span> <span class='ocrx_word' id='word_1_8' title='bbox 263 406 317 445; x_wconf 86' lang='lat' dir='ltr'>ad</span> <span class='ocrx_word' id='word_1_9' title='bbox 361 405 551 445; x_wconf 70' lang='lat' dir='ltr'>Flavium</span> <span class='ocrx_word' id='word_1_10' title='bbox 583 417 606 444; x_wconf 91' lang='lat' dir='ltr'>a</span> <span class='ocrx_word' id='word_1_11' title='bbox 638 404 861 456; x_wconf 79' lang='lat' dir='ltr'>discipulis</span> <span class='ocrx_word' id='word_1_12' title='bbox 892 406 1027 444; x_wconf 79' lang='lat' dir='ltr'>relata</span> <span class='ocrx_word' id='word_1_13' title='bbox 1058 416 1156 444; x_wconf 82' lang='lat' dir='ltr'>esse</span> <span class='ocrx_word' id='word_1_14' title='bbox 1190 404 1401 454; x_wconf 70' lang='lat' dir='ltr'>legamus.</span> <span class='ocrx_word' id='word_1_15' title='bbox 1467 405 1550 443; x_wconf 89' lang='lat' dir='ltr'>llas</span> <span class='ocrx_word' id='word_1_16' title='bbox 1581 407 1728 443; x_wconf 80' lang='lat' dir='ltr'>autem</span> <span class='ocrx_word' id='word_1_17' title='bbox 1761 405 1943 455; x_wconf 86' lang='lat' dir='ltr'>quadri-</span> 
     </span>
     <span class='ocr_line' id='line_1_4' title="bbox 128 475 1940 526; baseline -0.002 -9"><span class='ocrx_word' id='word_1_18' title='bbox 128 479 318 517; x_wconf 85' lang='lat' dir='ltr'>mestres</span> <span class='ocrx_word' id='word_1_19' title='bbox 364 476 497 515; x_wconf 80' lang='lat' dir='ltr'>fuisse</span> <span class='ocrx_word' id='word_1_20' title='bbox 531 487 583 515; x_wconf 88' lang='lat' dir='ltr'>ne</span> <span class='ocrx_word' id='word_1_21' title='bbox 630 477 669 514; x_wconf 92' lang='lat' dir='ltr'>in</span> <span class='ocrx_word' id='word_1_22' title='bbox 710 476 960 514; x_wconf 82' lang='lat' dir='ltr'>coniectura</span> <span class='ocrx_word' id='word_1_23' title='bbox 1001 475 1180 526; x_wconf 88' lang='lat' dir='ltr'>quidem</span> <span class='ocrx_word' id='word_1_24' title='bbox 1226 475 1416 525; x_wconf 90' lang='lat' dir='ltr'>positum</span> <span class='ocrx_word' id='word_1_25' title='bbox 1456 477 1545 523; x_wconf 90' lang='lat' dir='ltr'>est,</span> <span class='ocrx_word' id='word_1_26' title='bbox 1577 496 1599 502; x_wconf 93' lang='lat'>—</span> <span class='ocrx_word' id='word_1_27' title='bbox 1629 497 1653 504; x_wconf 89' lang='lat'><em>-</em></span> <span class='ocrx_word' id='word_1_28' title='bbox 1683 475 1717 512; x_wconf 80' lang='lat' dir='ltr'>si</span> <span class='ocrx_word' id='word_1_29' title='bbox 1763 475 1940 523; x_wconf 85' lang='lat' dir='ltr'>quidem</span> 
     </span>
     <span class='ocr_line' id='line_1_5' title="bbox 125 543 1941 597; baseline -0.003 -11"><span class='ocrx_word' id='word_1_30' title='bbox 125 547 339 597; x_wconf 83' lang='lat' dir='ltr'>integram</span> <span class='ocrx_word' id='word_1_31' title='bbox 379 548 594 585; x_wconf 77' lang='lat' dir='ltr'>aestatem</span> <span class='ocrx_word' id='word_1_32' title='bbox 629 546 683 584; x_wconf 86' lang='lat' dir='ltr'>ad</span> <span class='ocrx_word' id='word_1_33' title='bbox 725 545 826 584; x_wconf 86' lang='lat' dir='ltr'>ldus</span> <span class='ocrx_word' id='word_1_34' title='bbox 856 556 997 596; x_wconf 84' lang='lat' dir='ltr'>usque</span> <span class='ocrx_word' id='word_1_35' title='bbox 1037 544 1252 584; x_wconf 79' lang='lat' dir='ltr'>Octobres</span> <span class='ocrx_word' id='word_1_36' title='bbox 1282 543 1531 586; x_wconf 82' lang='lat' dir='ltr'>libertatem</span> <span class='ocrx_word' id='word_1_37' title='bbox 1561 555 1584 582; x_wconf 93' lang='lat' dir='ltr'>a</span> <span class='ocrx_word' id='word_1_38' title='bbox 1617 543 1941 594; x_wconf 76' lang='lat' dir='ltr'>ludimagistro-</span> 
     </span>
     <span class='ocr_line' id='line_1_6' title="bbox 123 613 1944 668; baseline -0.002 -13"><span class='ocrx_word' id='word_1_39' title='bbox 123 627 222 655; x_wconf 90' lang='lat' dir='ltr'>rum</span> <span class='ocrx_word' id='word_1_40' title='bbox 254 616 479 668; x_wconf 79' lang='lat' dir='ltr'>disciplina</span> <span class='ocrx_word' id='word_1_41' title='bbox 526 615 720 656; x_wconf 86' lang='lat' dir='ltr'>attulisse</span> <span class='ocrx_word' id='word_1_42' title='bbox 744 626 795 654; x_wconf 80' lang='lat' dir='ltr'>ex</span> <span class='ocrx_word' id='word_1_43' title='bbox 827 614 1030 655; x_wconf 85' lang='lat' dir='ltr'>Martialis</span> <span class='ocrx_word' id='word_1_44' title='bbox 1057 615 1373 665; x_wconf 76' lang='lat' dir='ltr'>epigrammate</span> <span class='ocrx_word' id='word_1_45' title='bbox 1395 613 1598 653; x_wconf 67' lang='lat' dir='ltr'>videmus</span> <span class='ocrx_word' id='word_1_46' title='bbox 1620 615 1692 662; x_wconf 88' lang='grc'>40,</span> <span class='ocrx_word' id='word_1_47' title='bbox 1728 614 1806 652; x_wconf 75' lang='lat'>02:</span> <span class='ocrx_word' id='word_1_48' title='bbox 1840 615 1944 653; x_wconf 79' lang='lat' dir='ltr'>Ludi</span> 
     </span>
     <span class='ocr_line' id='line_1_7' title="bbox 122 684 1944 737; baseline -0.001 -13"><span class='ocrx_word' id='word_1_49' title='bbox 122 687 345 737; x_wconf 73' lang='lat' dir='ltr'>vnaqister,</span> <span class='ocrx_word' id='word_1_50' title='bbox 374 698 504 736; x_wconf 78' lang='lat' dir='ltr'>parce</span> <span class='ocrx_word' id='word_1_51' title='bbox 532 686 707 736; x_wconf 82' lang='lat' dir='ltr'>simplici</span> <span class='ocrx_word' id='word_1_52' title='bbox 736 685 894 724; x_wconf 79' lang='lat' dir='ltr'>turbae.</span> <span class='ocrx_word' id='word_1_53' title='bbox 928 706 950 712; x_wconf 94' lang='lat'>-</span> <span class='ocrx_word' id='word_1_54' title='bbox 981 707 1003 713; x_wconf 91' lang='lat'><em>-</em></span> <span class='ocrx_word' id='word_1_55' title='bbox 1034 684 1158 723; x_wconf 68' lang='lat' dir='ltr'>Albae</span> <span class='ocrx_word' id='word_1_56' title='bbox 1187 685 1317 723; x_wconf 82' lang='lat' dir='ltr'>Leone</span> <span class='ocrx_word' id='word_1_57' title='bbox 1344 686 1536 735; x_wconf 73' lang='lat' dir='ltr'>statumen</span> <span class='ocrx_word' id='word_1_58' title='bbox 1566 684 1697 723; x_wconf 77' lang='lat' dir='ltr'>calent</span> <span class='ocrx_word' id='word_1_59' title='bbox 1729 684 1836 723; x_wconf 82' lang='lat' dir='ltr'>luces</span> <span class='ocrx_word' id='word_1_60' title='bbox 1869 685 1899 723; x_wconf 90' lang='grc' dir='ltr'><em>Τ</em></span> <span class='ocrx_word' id='word_1_61' title='bbox 1898 696 1944 722; x_wconf 94' lang='grc' dir='ltr'>ο-</span> 
     </span>
     <span class='ocr_line' id='line_1_8' title="bbox 122 754 1943 807; baseline -0.002 -13"><span class='ocrx_word' id='word_1_62' title='bbox 122 760 310 804; x_wconf 81' lang='lat' dir='ltr'>stamque</span> <span class='ocrx_word' id='word_1_63' title='bbox 336 757 498 807; x_wconf 73' lang='lat' dir='ltr'>ferrens</span> <span class='ocrx_word' id='word_1_64' title='bbox 526 756 604 794; x_wconf 84' lang='lat' dir='ltr'>Iul</span> <span class='ocrx_word' id='word_1_65' title='bbox 614 757 692 794; x_wconf 83' lang='lat' dir='ltr'>ius</span> <span class='ocrx_word' id='word_1_66' title='bbox 720 755 857 803; x_wconf 77' lang='lat' dir='ltr'>coquit</span> <span class='ocrx_word' id='word_1_67' title='bbox 885 765 1053 794; x_wconf 83' lang='lat' dir='ltr'>messem</span> <span class='ocrx_word' id='word_1_68' title='bbox 1066 765 1078 800; x_wconf 90' lang='lat'>,·</span> <span class='ocrx_word' id='word_1_69' title='bbox 1111 755 1280 794; x_wconf 77' lang='lat' dir='ltr'>Cirrata</span> <span class='ocrx_word' id='word_1_70' title='bbox 1309 754 1409 792; x_wconf 77' lang='lat' dir='ltr'>loris</span> <span class='ocrx_word' id='word_1_71' title='bbox 1427 754 1606 792; x_wconf 79' lang='lat' dir='ltr'>horridis</span> <span class='ocrx_word' id='word_1_72' title='bbox 1625 754 1802 802; x_wconf 75' lang='lat' dir='ltr'>Scythae</span> <span class='ocrx_word' id='word_1_73' title='bbox 1825 755 1943 803; x_wconf 81' lang='lat' dir='ltr'>pellis</span> 
     </span>
     <span class='ocr_line' id='line_1_9' title="bbox 124 824 1944 875; baseline -0.002 -11"><span class='ocrx_word' id='word_1_74' title='bbox 124 848 146 854; x_wconf 97' lang='lat'>—</span> <span class='ocrx_word' id='word_1_75' title='bbox 175 847 198 853; x_wconf 95' lang='lat'>-</span> <span class='ocrx_word' id='word_1_76' title='bbox 228 826 483 874; x_wconf 77' lang='lat' dir='ltr'>Ferulaeque</span> <span class='ocrx_word' id='word_1_77' title='bbox 511 827 666 866; x_wconf 71' lang='lat' dir='ltr'>tristes.</span> <span class='ocrx_word' id='word_1_78' title='bbox 699 829 859 874; x_wconf 78' lang='lat' dir='ltr'>sceptra</span> <span class='ocrx_word' id='word_1_79' title='bbox 887 826 1252 875; x_wconf 70' lang='lat' dir='ltr'>paedaqoyorum,</span> <span class='ocrx_word' id='word_1_80' title='bbox 1286 826 1443 863; x_wconf 77' lang='lat' dir='ltr'>Cessent</span> <span class='ocrx_word' id='word_1_81' title='bbox 1473 828 1511 862; x_wconf 81' lang='lat' dir='ltr'>et</span> <span class='ocrx_word' id='word_1_82' title='bbox 1540 824 1634 862; x_wconf 86' lang='lat' dir='ltr'>Idus</span> <span class='ocrx_word' id='word_1_83' title='bbox 1663 825 1873 863; x_wconf 56' lang='lat' dir='ltr'>dormiant</span> <span class='ocrx_word' id='word_1_84' title='bbox 1904 825 1944 861; x_wconf 82' lang='lat' dir='ltr'>in</span> 
     </span>
     <span class='ocr_line' id='line_1_10' title="bbox 124 893 1942 945; baseline -0.002 -11"><span class='ocrx_word' id='word_1_85' title='bbox 124 895 391 936; x_wconf 79' lang='lat' dir='ltr'><em>Octobres:</em></span> <span class='ocrx_word' id='word_1_86' title='bbox 422 896 582 935; x_wconf 73' lang='lat' dir='ltr'>Aestate</span> <span class='ocrx_word' id='word_1_87' title='bbox 606 897 728 945; x_wconf 76' lang='lat' dir='ltr'>pueri</span> <span class='ocrx_word' id='word_1_88' title='bbox 759 896 791 933; x_wconf 83' lang='lat' dir='ltr'>si</span> <span class='ocrx_word' id='word_1_89' title='bbox 822 895 980 937; x_wconf 71' lang='lat' dir='ltr'>valent,</span> <span class='ocrx_word' id='word_1_90' title='bbox 1013 895 1114 932; x_wconf 80' lang='lat' dir='ltr'>salis</span> <span class='ocrx_word' id='word_1_91' title='bbox 1133 895 1291 933; x_wconf 78' lang='lat' dir='ltr'>diseunt</span> <span class='ocrx_word' id='word_1_92' title='bbox 1323 893 1410 943; x_wconf 89' lang='lat' dir='ltr'>&lt;ubi</span> <span class='ocrx_word' id='word_1_93' title='bbox 1443 895 1527 933; x_wconf 90' lang='lat' dir='ltr'>iam</span> <span class='ocrx_word' id='word_1_94' title='bbox 1551 893 1771 932; x_wconf 83' lang='lat' dir='ltr'>Raderus:</span> <span class='ocrx_word' id='word_1_95' title='bbox 1807 895 1942 933; x_wconf 77' lang='lat' dir='ltr'>«Nam</span> 
     </span>
     <span class='ocr_line' id='line_1_11' title="bbox 123 962 1945 1015; baseline -0.001 -11"><span class='ocrx_word' id='word_1_96' title='bbox 123 976 145 1003; x_wconf 90' lang='lat' dir='ltr'>a</span> <span class='ocrx_word' id='word_1_97' title='bbox 180 963 284 1004; x_wconf 88' lang='lat' dir='ltr'>lulio</span> <span class='ocrx_word' id='word_1_98' title='bbox 307 966 361 1004; x_wconf 90' lang='lat' dir='ltr'>ad</span> <span class='ocrx_word' id='word_1_99' title='bbox 385 965 622 1004; x_wconf 66' lang='lat' dir='ltr'>Octobrem</span> <span class='ocrx_word' id='word_1_100' title='bbox 644 976 786 1015; x_wconf 86' lang='lat' dir='ltr'>usque</span> <span class='ocrx_word' id='word_1_101' title='bbox 808 964 984 1004; x_wconf 79' lang='lat' dir='ltr'>scholae</span> <span class='ocrx_word' id='word_1_102' title='bbox 1009 964 1270 1011; x_wconf 82' lang='lat' dir='ltr'>cessabant,</span> <span class='ocrx_word' id='word_1_103' title='bbox 1303 965 1364 1003; x_wconf 91' lang='lat' dir='ltr'>uti</span> <span class='ocrx_word' id='word_1_104' title='bbox 1386 967 1429 1003; x_wconf 89' lang='lat' dir='ltr'>et</span> <span class='ocrx_word' id='word_1_105' title='bbox 1450 962 1768 1010; x_wconf 83' lang='lat' dir='ltr'>SaturnalibuS,</span> <span class='ocrx_word' id='word_1_106' title='bbox 1805 964 1945 1010; x_wconf 83' lang='lat' dir='ltr'>Quin-</span> 
     </span>
     <span class='ocr_line' id='line_1_12' title="bbox 123 1033 1944 1086; baseline -0.001 -14"><span class='ocrx_word' id='word_1_107' title='bbox 123 1035 370 1085; x_wconf 86' lang='lat' dir='ltr'>quatrubus</span> <span class='ocrx_word' id='word_1_108' title='bbox 402 1038 445 1074; x_wconf 86' lang='lat' dir='ltr'>et</span> <span class='ocrx_word' id='word_1_109' title='bbox 476 1034 569 1074; x_wconf 89' lang='lat' dir='ltr'>aliis</span> <span class='ocrx_word' id='word_1_110' title='bbox 601 1046 680 1086; x_wconf 78' lang='lat' dir='ltr'>per</span> <span class='ocrx_word' id='word_1_111' title='bbox 711 1045 875 1073; x_wconf 86' lang='lat' dir='ltr'>annum</span> <span class='ocrx_word' id='word_1_112' title='bbox 908 1034 1102 1083; x_wconf 83' lang='lat' dir='ltr'>seriis.»):</span> <span class='ocrx_word' id='word_1_113' title='bbox 1137 1037 1272 1085; x_wconf 82' lang='lat' dir='ltr'>utque</span> <span class='ocrx_word' id='word_1_114' title='bbox 1305 1033 1573 1082; x_wconf 78' lang='lat' dir='ltr'>concedam,</span> <span class='ocrx_word' id='word_1_115' title='bbox 1622 1033 1743 1084; x_wconf 89' lang='lat' dir='ltr'>quod</span> <span class='ocrx_word' id='word_1_116' title='bbox 1776 1045 1827 1072; x_wconf 83' lang='lat' dir='ltr'>ex</span> <span class='ocrx_word' id='word_1_117' title='bbox 1860 1033 1944 1071; x_wconf 91' lang='lat' dir='ltr'>hoc</span> 
     </span>
     <span class='ocr_line' id='line_1_13' title="bbox 123 1102 1945 1157; baseline -0.001 -14"><span class='ocrx_word' id='word_1_118' title='bbox 123 1104 285 1144; x_wconf 87' lang='lat' dir='ltr'>codem</span> <span class='ocrx_word' id='word_1_119' title='bbox 317 1106 634 1157; x_wconf 72' lang='lat' dir='ltr'>epigrammate</span> <span class='ocrx_word' id='word_1_120' title='bbox 667 1103 804 1154; x_wconf 82' lang='lat' dir='ltr'>colligi</span> <span class='ocrx_word' id='word_1_121' title='bbox 850 1103 973 1149; x_wconf 84' lang='lat' dir='ltr'>licet,</span> <span class='ocrx_word' id='word_1_122' title='bbox 1022 1102 1253 1142; x_wconf 88' lang='lat' dir='ltr'>nonnullos</span> <span class='ocrx_word' id='word_1_123' title='bbox 1286 1105 1539 1153; x_wconf 76' lang='lat' dir='ltr'>magistros,</span> <span class='ocrx_word' id='word_1_124' title='bbox 1586 1103 1782 1143; x_wconf 85' lang='lat' dir='ltr'>urbanos</span> <span class='ocrx_word' id='word_1_125' title='bbox 1813 1114 1945 1155; x_wconf 88' lang='lat' dir='ltr'>prae-</span> 
     </span>
     <span class='ocr_line' id='line_1_14' title="bbox 122 1173 1945 1224; baseline -0.001 -10"><span class='ocrx_word' id='word_1_126' title='bbox 122 1175 298 1222; x_wconf 81' lang='lat' dir='ltr'>sertim,</span> <span class='ocrx_word' id='word_1_127' title='bbox 347 1174 453 1214; x_wconf 86' lang='lat' dir='ltr'>lucri</span> <span class='ocrx_word' id='word_1_128' title='bbox 499 1175 685 1215; x_wconf 79' lang='lat' dir='ltr'>faciendi</span> <span class='ocrx_word' id='word_1_129' title='bbox 725 1185 858 1214; x_wconf 86' lang='lat' dir='ltr'>causa</span> <span class='ocrx_word' id='word_1_130' title='bbox 889 1184 1053 1224; x_wconf 85' lang='lat' dir='ltr'>pueros</span> <span class='ocrx_word' id='word_1_131' title='bbox 1085 1174 1217 1212; x_wconf 88' lang='lat' dir='ltr'>etiam</span> <span class='ocrx_word' id='word_1_132' title='bbox 1249 1174 1416 1212; x_wconf 74' lang='lat' dir='ltr'>aestivo</span> <span class='ocrx_word' id='word_1_133' title='bbox 1449 1176 1648 1224; x_wconf 86' lang='lat' dir='ltr'>tempore</span> <span class='ocrx_word' id='word_1_134' title='bbox 1680 1173 1733 1212; x_wconf 88' lang='lat' dir='ltr'>ad</span> <span class='ocrx_word' id='word_1_135' title='bbox 1767 1173 1945 1213; x_wconf 81' lang='lat' dir='ltr'>discen—</span> 
     </span>
     <span class='ocr_line' id='line_1_15' title="bbox 124 1241 1943 1293; baseline 0.001 -12"><span class='ocrx_word' id='word_1_136' title='bbox 124 1241 230 1281; x_wconf 87' lang='lat' dir='ltr'>dum</span> <span class='ocrx_word' id='word_1_137' title='bbox 272 1242 388 1293; x_wconf 89' lang='lat' dir='ltr'>apud</span> <span class='ocrx_word' id='word_1_138' title='bbox 437 1255 483 1281; x_wconf 78' lang='lat' dir='ltr'>se</span> <span class='ocrx_word' id='word_1_139' title='bbox 525 1243 702 1292; x_wconf 78' lang='lat' dir='ltr'>adigere</span> <span class='ocrx_word' id='word_1_140' title='bbox 740 1243 986 1290; x_wconf 83' lang='lat' dir='ltr'>studuisse,</span> <span class='ocrx_word' id='word_1_141' title='bbox 1035 1243 1118 1281; x_wconf 85' lang='lat' dir='ltr'>hoc</span> <span class='ocrx_word' id='word_1_142' title='bbox 1164 1244 1310 1281; x_wconf 87' lang='lat' dir='ltr'>tamen</span> <span class='ocrx_word' id='word_1_143' title='bbox 1357 1245 1535 1293; x_wconf 85' lang='lat' dir='ltr'>praeter</span> <span class='ocrx_word' id='word_1_144' title='bbox 1565 1254 1735 1282; x_wconf 90' lang='lat' dir='ltr'>morem</span> <span class='ocrx_word' id='word_1_145' title='bbox 1783 1243 1943 1282; x_wconf 83' lang='lat' dir='ltr'>sactum</span> 
     </span>
     <span class='ocr_line' id='line_1_16' title="bbox 122 1311 1945 1368; baseline 0.001 -18"><span class='ocrx_word' id='word_1_146' title='bbox 122 1321 222 1351; x_wconf 87' lang='lat' dir='ltr'>esse</span> <span class='ocrx_word' id='word_1_147' title='bbox 260 1311 329 1351; x_wconf 74' lang='lat' dir='ltr'>vel</span> <span class='ocrx_word' id='word_1_148' title='bbox 368 1311 468 1351; x_wconf 83' lang='lat' dir='ltr'>ideo</span> <span class='ocrx_word' id='word_1_149' title='bbox 509 1312 722 1363; x_wconf 80' lang='lat' dir='ltr'>suspicari</span> <span class='ocrx_word' id='word_1_150' title='bbox 763 1323 1023 1364; x_wconf 86' lang='lat' dir='ltr'>possumus,</span> <span class='ocrx_word' id='word_1_151' title='bbox 1075 1313 1174 1362; x_wconf 88' lang='lat' dir='ltr'>quia</span> <span class='ocrx_word' id='word_1_152' title='bbox 1206 1313 1413 1353; x_wconf 88' lang='lat' dir='ltr'>Martialis</span> <span class='ocrx_word' id='word_1_153' title='bbox 1445 1315 1611 1368; x_wconf 79' lang='lat' dir='ltr'>certam</span> <span class='ocrx_word' id='word_1_154' title='bbox 1644 1314 1791 1352; x_wconf 82' lang='lat' dir='ltr'>Iduum</span> <span class='ocrx_word' id='word_1_155' title='bbox 1821 1315 1945 1351; x_wconf 76' lang='lat' dir='ltr'>Octo·</span> 
     </span>
     <span class='ocr_line' id='line_1_17' title="bbox 122 1381 1942 1433; baseline -0.001 -12"><span class='ocrx_word' id='word_1_156' title='bbox 122 1383 257 1422; x_wconf 73' lang='lat' dir='ltr'>briam</span> <span class='ocrx_word' id='word_1_157' title='bbox 287 1382 405 1422; x_wconf 87' lang='lat' dir='ltr'>diem</span> <span class='ocrx_word' id='word_1_158' title='bbox 437 1385 677 1424; x_wconf 76' lang='lat' dir='ltr'>memorat.</span> <span class='ocrx_word' id='word_1_159' title='bbox 727 1383 767 1422; x_wconf 93' lang='lat' dir='ltr'>in</span> <span class='ocrx_word' id='word_1_160' title='bbox 801 1393 886 1433; x_wconf 88' lang='lat' dir='ltr'>qua</span> <span class='ocrx_word' id='word_1_161' title='bbox 918 1381 1092 1421; x_wconf 84' lang='lat' dir='ltr'>scholas</span> <span class='ocrx_word' id='word_1_162' title='bbox 1137 1381 1347 1421; x_wconf 87' lang='lat' dir='ltr'>hibernas</span> <span class='ocrx_word' id='word_1_163' title='bbox 1393 1383 1562 1422; x_wconf 91' lang='lat' dir='ltr'>initium</span> <span class='ocrx_word' id='word_1_164' title='bbox 1608 1382 1816 1422; x_wconf 89' lang='lat' dir='ltr'>habuisse</span> <span class='ocrx_word' id='word_1_165' title='bbox 1849 1384 1942 1421; x_wconf 68' lang='lat' dir='ltr'>veri</span> 
     </span>
     <span class='ocr_line' id='line_1_18' title="bbox 122 1451 1945 1503; baseline -0.001 -12"><span class='ocrx_word' id='word_1_166' title='bbox 122 1452 262 1492; x_wconf 89' lang='lat' dir='ltr'>simile</span> <span class='ocrx_word' id='word_1_167' title='bbox 284 1453 360 1493; x_wconf 84' lang='lat' dir='ltr'>sit:</span> <span class='ocrx_word' id='word_1_168' title='bbox 395 1453 577 1493; x_wconf 88' lang='lat' dir='ltr'>easdem</span> <span class='ocrx_word' id='word_1_169' title='bbox 600 1463 705 1491; x_wconf 78' lang='lat' dir='ltr'>vcro</span> <span class='ocrx_word' id='word_1_170' title='bbox 737 1451 887 1491; x_wconf 90' lang='lat' dir='ltr'>Idibus</span> <span class='ocrx_word' id='word_1_171' title='bbox 919 1452 1050 1491; x_wconf 89' lang='lat' dir='ltr'>luniis</span> <span class='ocrx_word' id='word_1_172' title='bbox 1083 1452 1226 1492; x_wconf 83' lang='lat' dir='ltr'>finitas</span> <span class='ocrx_word' id='word_1_173' title='bbox 1250 1463 1374 1502; x_wconf 89' lang='lat' dir='ltr'>esse,</span> <span class='ocrx_word' id='word_1_174' title='bbox 1408 1463 1679 1503; x_wconf 86' lang='lat' dir='ltr'>quamquam</span> <span class='ocrx_word' id='word_1_175' title='bbox 1708 1463 1792 1491; x_wconf 92' lang='lat' dir='ltr'>non</span> <span class='ocrx_word' id='word_1_176' title='bbox 1817 1451 1945 1491; x_wconf 76' lang='lat' dir='ltr'>claris</span> 
     </span>
     <span class='ocr_line' id='line_1_19' title="bbox 121 1520 1945 1573; baseline 0.001 -14"><span class='ocrx_word' id='word_1_177' title='bbox 121 1520 270 1561; x_wconf 88' lang='lat' dir='ltr'>verbis</span> <span class='ocrx_word' id='word_1_178' title='bbox 302 1525 429 1573; x_wconf 83' lang='lat' dir='ltr'>poeta</span> <span class='ocrx_word' id='word_1_179' title='bbox 463 1522 586 1565; x_wconf 84' lang='lat' dir='ltr'>dicit,</span> <span class='ocrx_word' id='word_1_180' title='bbox 621 1525 769 1561; x_wconf 88' lang='lat' dir='ltr'>tamen</span> <span class='ocrx_word' id='word_1_181' title='bbox 803 1521 926 1561; x_wconf 77' lang='lat' dir='ltr'>facile</span> <span class='ocrx_word' id='word_1_182' title='bbox 959 1522 1059 1561; x_wconf 87' lang='lat' dir='ltr'>inde</span> <span class='ocrx_word' id='word_1_183' title='bbox 1092 1523 1317 1573; x_wconf 82' lang='lat' dir='ltr'>sequitur,</span> <span class='ocrx_word' id='word_1_184' title='bbox 1364 1522 1484 1573; x_wconf 88' lang='lat' dir='ltr'>quod</span> <span class='ocrx_word' id='word_1_185' title='bbox 1519 1522 1604 1562; x_wconf 92' lang='lat' dir='ltr'>iam</span> <span class='ocrx_word' id='word_1_186' title='bbox 1635 1522 1786 1561; x_wconf 80' lang='lat' dir='ltr'>Iulium</span> <span class='ocrx_word' id='word_1_187' title='bbox 1817 1533 1945 1561; x_wconf 90' lang='lat' dir='ltr'>men-</span> 
     </span>
     <span class='ocr_line' id='line_1_20' title="bbox 121 1590 1941 1643; baseline 0 -13"><span class='ocrx_word' id='word_1_188' title='bbox 121 1602 217 1630; x_wconf 87' lang='lat' dir='ltr'>sem</span> <span class='ocrx_word' id='word_1_189' title='bbox 258 1590 625 1631; x_wconf 87' lang='lat' dir='ltr'>scholasticorum</span> <span class='ocrx_word' id='word_1_190' title='bbox 669 1603 854 1631; x_wconf 88' lang='lat' dir='ltr'>numero</span> <span class='ocrx_word' id='word_1_191' title='bbox 897 1592 1062 1635; x_wconf 78' lang='lat' dir='ltr'>eximit.</span> <span class='ocrx_word' id='word_1_192' title='bbox 1095 1614 1118 1620; x_wconf 95' lang='lat'><em>-</em></span> <span class='ocrx_word' id='word_1_193' title='bbox 1146 1614 1169 1620; x_wconf 95' lang='lat'>-</span> <span class='ocrx_word' id='word_1_194' title='bbox 1200 1593 1268 1631; x_wconf 88' lang='lat' dir='ltr'>Sic</span> <span class='ocrx_word' id='word_1_195' title='bbox 1312 1593 1459 1631; x_wconf 90' lang='lat' dir='ltr'>omnia</span> <span class='ocrx_word' id='word_1_196' title='bbox 1501 1595 1622 1632; x_wconf 89' lang='lat' dir='ltr'>recte</span> <span class='ocrx_word' id='word_1_197' title='bbox 1664 1591 1941 1643; x_wconf 84' lang='lat' dir='ltr'>procedunt:</span> 
     </span>
     <span class='ocr_line' id='line_1_21' title="bbox 120 1661 1945 1712; baseline 0 -12"><span class='ocrx_word' id='word_1_198' title='bbox 120 1665 289 1700; x_wconf 82' lang='lat' dir='ltr'>octonae</span> <span class='ocrx_word' id='word_1_199' title='bbox 317 1662 412 1700; x_wconf 71' lang='lat' dir='ltr'>Idus</span> <span class='ocrx_word' id='word_1_200' title='bbox 440 1664 542 1701; x_wconf 88' lang='lat' dir='ltr'>sunt</span> <span class='ocrx_word' id='word_1_201' title='bbox 573 1672 728 1701; x_wconf 85' lang='lat' dir='ltr'>eorum</span> <span class='ocrx_word' id='word_1_202' title='bbox 760 1662 1007 1709; x_wconf 83' lang='lat' dir='ltr'>mensium,</span> <span class='ocrx_word' id='word_1_203' title='bbox 1052 1662 1126 1711; x_wconf 92' lang='lat' dir='ltr'>qui</span> <span class='ocrx_word' id='word_1_204' title='bbox 1165 1661 1344 1712; x_wconf 77' lang='lat' dir='ltr'>singulis</span> <span class='ocrx_word' id='word_1_205' title='bbox 1375 1662 1500 1702; x_wconf 91' lang='lat' dir='ltr'>annis</span> <span class='ocrx_word' id='word_1_206' title='bbox 1532 1661 1693 1701; x_wconf 88' lang='lat' dir='ltr'>scholis</span> <span class='ocrx_word' id='word_1_207' title='bbox 1726 1661 1945 1701; x_wconf 78' lang='lat' dir='ltr'>habendis</span> 
     </span>
     <span class='ocr_line' id='line_1_22' title="bbox 121 1729 1941 1781; baseline 0 -12"><span class='ocrx_word' id='word_1_208' title='bbox 121 1729 477 1780; x_wconf 82' lang='lat' dir='ltr'>destinabantur,</span> <span class='ocrx_word' id='word_1_209' title='bbox 510 1731 577 1770; x_wconf 90' lang='lat' dir='ltr'>his</span> <span class='ocrx_word' id='word_1_210' title='bbox 608 1733 759 1770; x_wconf 90' lang='lat' dir='ltr'>autem</span> <span class='ocrx_word' id='word_1_211' title='bbox 790 1729 983 1781; x_wconf 82' lang='lat' dir='ltr'>singulos</span> <span class='ocrx_word' id='word_1_212' title='bbox 1015 1742 1163 1779; x_wconf 82' lang='lat' dir='ltr'>asses,</span> <span class='ocrx_word' id='word_1_213' title='bbox 1206 1733 1354 1771; x_wconf 88' lang='lat' dir='ltr'>notam</span> <span class='ocrx_word' id='word_1_214' title='bbox 1387 1733 1518 1771; x_wconf 88' lang='lat' dir='ltr'>etiam</span> <span class='ocrx_word' id='word_1_215' title='bbox 1550 1731 1724 1771; x_wconf 87' lang='lat' dir='ltr'>aliunde</span> <span class='ocrx_word' id='word_1_216' title='bbox 1757 1731 1941 1771; x_wconf 84' lang='lat' dir='ltr'>didactri</span> 
     </span>
     <span class='ocr_line' id='line_1_23' title="bbox 121 1800 1947 1851; baseline 0 -12"><span class='ocrx_word' id='word_1_217' title='bbox 121 1810 342 1840; x_wconf 89' lang='lat' dir='ltr'>summam</span> <span class='ocrx_word' id='word_1_218' title='bbox 375 1800 580 1850; x_wconf 80' lang='lat' dir='ltr'>(luvenal.</span> <span class='ocrx_word' id='word_1_219' title='bbox 608 1802 682 1849; x_wconf 89' lang='grc'>40,</span> <span class='ocrx_word' id='word_1_220' title='bbox 718 1801 823 1840; x_wconf 88' lang='grc'>446;</span> <span class='ocrx_word' id='word_1_221' title='bbox 860 1801 1053 1850; x_wconf 77' lang='lat' dir='ltr'>Quisquis</span> <span class='ocrx_word' id='word_1_222' title='bbox 1073 1801 1206 1840; x_wconf 79' lang='lat' dir='ltr'>adhuc</span> <span class='ocrx_word' id='word_1_223' title='bbox 1235 1813 1317 1840; x_wconf 78' lang='lat' dir='ltr'>uno</span> <span class='ocrx_word' id='word_1_224' title='bbox 1343 1806 1517 1851; x_wconf 80' lang='lat' dir='ltr'>partam</span> <span class='ocrx_word' id='word_1_225' title='bbox 1547 1801 1639 1840; x_wconf 83' lang='lat' dir='ltr'>colit</span> <span class='ocrx_word' id='word_1_226' title='bbox 1673 1812 1762 1840; x_wconf 83' lang='lat' dir='ltr'>asse</span> <span class='ocrx_word' id='word_1_227' title='bbox 1789 1802 1947 1841; x_wconf 79' lang='lat' dir='ltr'>Miner-</span> 
     </span>
     <span class='ocr_line' id='line_1_24' title="bbox 119 1869 1945 1922; baseline 0 -13"><span class='ocrx_word' id='word_1_228' title='bbox 119 1870 267 1922; x_wconf 64' lang='lat' dir='ltr'>vam),</span> <span class='ocrx_word' id='word_1_229' title='bbox 303 1869 472 1911; x_wconf 84' lang='lat' dir='ltr'>Flavius</span> <span class='ocrx_word' id='word_1_230' title='bbox 503 1882 527 1910; x_wconf 89' lang='lat' dir='ltr'>a</span> <span class='ocrx_word' id='word_1_231' title='bbox 559 1869 783 1922; x_wconf 87' lang='lat' dir='ltr'>discipulis</span> <span class='ocrx_word' id='word_1_232' title='bbox 806 1871 898 1910; x_wconf 88' lang='lat' dir='ltr'>suis</span> <span class='ocrx_word' id='word_1_233' title='bbox 928 1881 1008 1921; x_wconf 89' lang='lat' dir='ltr'>pro</span> <span class='ocrx_word' id='word_1_234' title='bbox 1039 1871 1249 1910; x_wconf 84' lang='lat' dir='ltr'>mercede</span> <span class='ocrx_word' id='word_1_235' title='bbox 1271 1872 1431 1922; x_wconf 89' lang='lat' dir='ltr'>accipit</span> <span class='ocrx_word' id='word_1_236' title='bbox 1453 1873 1566 1911; x_wconf 87' lang='lat' dir='ltr'>cet.»</span> <span class='ocrx_word' id='word_1_237' title='bbox 1593 1894 1637 1899; x_wconf 83' lang='lat'><strong>—</strong></span> <span class='ocrx_word' id='word_1_238' title='bbox 1663 1872 1774 1911; x_wconf 91' lang='lat' dir='ltr'>Cum</span> <span class='ocrx_word' id='word_1_239' title='bbox 1797 1871 1945 1922; x_wconf 86' lang='lat' dir='ltr'>priore</span> 
     </span>
     <span class='ocr_line' id='line_1_25' title="bbox 123 1939 1947 1991; baseline -0.001 -11"><span class='ocrx_word' id='word_1_240' title='bbox 123 1940 205 1980; x_wconf 90' lang='lat' dir='ltr'>hac</span> <span class='ocrx_word' id='word_1_241' title='bbox 245 1942 486 1981; x_wconf 72' lang='lat' dir='ltr'>Hei-manni</span> <span class='ocrx_word' id='word_1_242' title='bbox 518 1943 633 1981; x_wconf 86' lang='lat' dir='ltr'>Cura</span> <span class='ocrx_word' id='word_1_243' title='bbox 675 1939 944 1980; x_wconf 88' lang='lat' dir='ltr'>conserenda</span> <span class='ocrx_word' id='word_1_244' title='bbox 987 1942 1054 1981; x_wconf 88' lang='lat' dir='ltr'>est</span> <span class='ocrx_word' id='word_1_245' title='bbox 1094 1939 1230 1980; x_wconf 88' lang='lat' dir='ltr'>altera</span> <span class='ocrx_word' id='word_1_246' title='bbox 1268 1941 1360 1981; x_wconf 77' lang='lat' dir='ltr'>sive</span> <span class='ocrx_word' id='word_1_247' title='bbox 1401 1942 1679 1991; x_wconf 85' lang='lat' dir='ltr'>Responsum</span> <span class='ocrx_word' id='word_1_248' title='bbox 1711 1940 1766 1980; x_wconf 90' lang='lat' dir='ltr'>ad</span> <span class='ocrx_word' id='word_1_249' title='bbox 1797 1940 1947 1980; x_wconf 88' lang='lat' dir='ltr'>Obba-</span> 
     </span>
     <span class='ocr_line' id='line_1_26' title="bbox 121 2009 1944 2061; baseline -0.001 -11"><span class='ocrx_word' id='word_1_250' title='bbox 121 2011 235 2050; x_wconf 90' lang='lat' dir='ltr'>rium</span> <span class='ocrx_word' id='word_1_251' title='bbox 279 2011 467 2050; x_wconf 88' lang='lat' dir='ltr'>missum</span> <span class='ocrx_word' id='word_1_252' title='bbox 512 2011 554 2050; x_wconf 93' lang='lat' dir='ltr'>in</span> <span class='ocrx_word' id='word_1_253' title='bbox 592 2011 935 2050; x_wconf 84' lang='lat' dir='ltr'>Zimmermanni</span> <span class='ocrx_word' id='word_1_254' title='bbox 975 2011 1202 2061; x_wconf 77' lang='lat' dir='ltr'>Zeilschrift</span> <span class='ocrx_word' id='word_1_255' title='bbox 1233 2009 1351 2051; x_wconf 67' lang='lat'>4842.</span> <span class='ocrx_word' id='word_1_256' title='bbox 1387 2021 1429 2061; x_wconf 89' lang='lat' dir='ltr'>p.</span> <span class='ocrx_word' id='word_1_257' title='bbox 1463 2009 1666 2051; x_wconf 70' lang='lat'><strong>234-252.</strong></span> <span class='ocrx_word' id='word_1_258' title='bbox 1728 2010 1944 2060; x_wconf 85' lang='lat' dir='ltr'>Equidem</span> 
     </span>
     <span class='ocr_line' id='line_1_27' title="bbox 122 2079 1945 2131; baseline 0 -12"><span class='ocrx_word' id='word_1_259' title='bbox 122 2082 163 2120; x_wconf 92' lang='lat' dir='ltr'>in</span> <span class='ocrx_word' id='word_1_260' title='bbox 207 2080 375 2131; x_wconf 88' lang='lat' dir='ltr'>primae</span> <span class='ocrx_word' id='word_1_261' title='bbox 415 2079 492 2120; x_wconf 89' lang='lat' dir='ltr'>Ed.</span> <span class='ocrx_word' id='word_1_262' title='bbox 527 2081 802 2120; x_wconf 86' lang='lat' dir='ltr'>Praefatione</span> <span class='ocrx_word' id='word_1_263' title='bbox 839 2090 882 2131; x_wconf 92' lang='lat' dir='ltr'>p.</span> <span class='ocrx_word' id='word_1_264' title='bbox 917 2080 1024 2119; x_wconf 76' lang='lat' dir='ltr'>Vlll.</span> <span class='ocrx_word' id='word_1_265' title='bbox 1065 2080 1177 2119; x_wconf 86' lang='lat' dir='ltr'>haec</span> <span class='ocrx_word' id='word_1_266' title='bbox 1213 2081 1507 2131; x_wconf 79' lang='lat' dir='ltr'>scripseram:</span> <span class='ocrx_word' id='word_1_267' title='bbox 1557 2081 1673 2120; x_wconf 89' lang='lat' dir='ltr'>«Hac</span> <span class='ocrx_word' id='word_1_268' title='bbox 1715 2082 1860 2119; x_wconf 92' lang='lat' dir='ltr'>tamen</span> <span class='ocrx_word' id='word_1_269' title='bbox 1904 2081 1945 2119; x_wconf 92' lang='lat' dir='ltr'>in</span> 
     </span>
     <span class='ocr_line' id='line_1_28' title="bbox 122 2148 1948 2202; baseline -0.001 -13"><span class='ocrx_word' id='word_1_270' title='bbox 122 2150 351 2202; x_wconf 89' lang='lat' dir='ltr'>opinione,</span> <span class='ocrx_word' id='word_1_271' title='bbox 384 2152 609 2190; x_wconf 84' lang='lat' dir='ltr'>octussem</span> <span class='ocrx_word' id='word_1_272' title='bbox 641 2150 871 2189; x_wconf 82' lang='lat' dir='ltr'>dumtaxat</span> <span class='ocrx_word' id='word_1_273' title='bbox 901 2148 1140 2200; x_wconf 89' lang='lat' dir='ltr'>discipulos</span> <span class='ocrx_word' id='word_1_274' title='bbox 1168 2150 1404 2199; x_wconf 81' lang='lat' dir='ltr'>quotannis</span> <span class='ocrx_word' id='word_1_275' title='bbox 1434 2148 1704 2201; x_wconf 80' lang='lat' dir='ltr'>pependisse</span> <span class='ocrx_word' id='word_1_276' title='bbox 1736 2148 1823 2189; x_wconf 93' lang='lat' dir='ltr'>ludi</span> <span class='ocrx_word' id='word_1_277' title='bbox 1856 2160 1948 2189; x_wconf 87' lang='lat' dir='ltr'>ma-</span> 
     </span>
     <span class='ocr_line' id='line_1_29' title="bbox 122 2220 1947 2271; baseline -0.001 -12"><span class='ocrx_word' id='word_1_278' title='bbox 122 2220 280 2271; x_wconf 84' lang='lat' dir='ltr'>gistro,</span> <span class='ocrx_word' id='word_1_279' title='bbox 326 2231 398 2259; x_wconf 91' lang='lat' dir='ltr'>me</span> <span class='ocrx_word' id='word_1_280' title='bbox 438 2221 756 2260; x_wconf 85' lang='lat' dir='ltr'>assentientem</span> <span class='ocrx_word' id='word_1_281' title='bbox 797 2231 884 2260; x_wconf 91' lang='lat' dir='ltr'>non</span> <span class='ocrx_word' id='word_1_282' title='bbox 926 2220 1061 2260; x_wconf 88' lang='lat' dir='ltr'>habet</span> <span class='ocrx_word' id='word_1_283' title='bbox 1107 2220 1403 2259; x_wconf 72' lang='lat' dir='ltr'>Hei-mannus.</span> <span class='ocrx_word' id='word_1_284' title='bbox 1465 2220 1597 2268; x_wconf 91' lang='lat' dir='ltr'>Nam,</span> <span class='ocrx_word' id='word_1_285' title='bbox 1644 2221 1692 2258; x_wconf 91' lang='lat' dir='ltr'>ut</span> <span class='ocrx_word' id='word_1_286' title='bbox 1736 2220 1947 2270; x_wconf 84' lang='lat' dir='ltr'>magister</span> 
     </span>
     <span class='ocr_line' id='line_1_30' title="bbox 123 2276 1948 2341; baseline 0 -12"><span class='ocrx_word' id='word_1_287' title='bbox 123 2276 279 2340; x_wconf 85' lang='lat' dir='ltr'>aliquis</span> <span class='ocrx_word' id='word_1_288' title='bbox 307 2288 377 2328; x_wconf 75' lang='lat' dir='ltr'>vel</span> <span class='ocrx_word' id='word_1_289' title='bbox 410 2291 590 2329; x_wconf 89' lang='lat' dir='ltr'>centum</span> <span class='ocrx_word' id='word_1_290' title='bbox 620 2288 859 2341; x_wconf 88' lang='lat' dir='ltr'>discipulos</span> <span class='ocrx_word' id='word_1_291' title='bbox 890 2289 1141 2337; x_wconf 85' lang='lat' dir='ltr'>habuisset,</span> <span class='ocrx_word' id='word_1_292' title='bbox 1175 2289 1336 2329; x_wconf 93' lang='lat' dir='ltr'>DCCC.</span> <span class='ocrx_word' id='word_1_293' title='bbox 1371 2288 1564 2338; x_wconf 89' lang='lat' dir='ltr'>assibus,</span> <span class='ocrx_word' id='word_1_294' title='bbox 1599 2288 1641 2328; x_wconf 90' lang='lat' dir='ltr'>id</span> <span class='ocrx_word' id='word_1_295' title='bbox 1672 2291 1764 2336; x_wconf 90' lang='lat' dir='ltr'>est,</span> <span class='ocrx_word' id='word_1_296' title='bbox 1797 2300 1851 2328; x_wconf 89' lang='lat' dir='ltr'>ne</span> <span class='ocrx_word' id='word_1_297' title='bbox 1874 2300 1948 2329; x_wconf 86' lang='lat' dir='ltr'>se-</span> 
     </span>
     <span class='ocr_line' id='line_1_31' title="bbox 125 2358 1946 2411; baseline -0.002 -12"><span class='ocrx_word' id='word_1_298' title='bbox 125 2358 276 2399; x_wconf 87' lang='lat' dir='ltr'>stertio</span> <span class='ocrx_word' id='word_1_299' title='bbox 313 2359 492 2409; x_wconf 91' lang='lat' dir='ltr'>quidem</span> <span class='ocrx_word' id='word_1_300' title='bbox 524 2359 717 2409; x_wconf 79' lang='lat' dir='ltr'>singulos</span> <span class='ocrx_word' id='word_1_301' title='bbox 747 2371 828 2411; x_wconf 90' lang='lat' dir='ltr'>per</span> <span class='ocrx_word' id='word_1_302' title='bbox 858 2360 976 2407; x_wconf 86' lang='lat' dir='ltr'>dies,</span> <span class='ocrx_word' id='word_1_303' title='bbox 1009 2360 1143 2398; x_wconf 61' lang='lat' dir='ltr'>vitam</span> <span class='ocrx_word' id='word_1_304' title='bbox 1175 2360 1425 2398; x_wconf 87' lang='lat' dir='ltr'>sustentare</span> <span class='ocrx_word' id='word_1_305' title='bbox 1453 2369 1538 2397; x_wconf 92' lang='lat' dir='ltr'>non</span> <span class='ocrx_word' id='word_1_306' title='bbox 1571 2358 1808 2408; x_wconf 86' lang='lat' dir='ltr'>potuisset:</span> <span class='ocrx_word' id='word_1_307' title='bbox 1844 2368 1946 2396; x_wconf 89' lang='lat' dir='ltr'>cum</span> 
     </span>
     <span class='ocr_line' id='line_1_32' title="bbox 124 2427 1947 2480; baseline -0.001 -14"><span class='ocrx_word' id='word_1_308' title='bbox 124 2428 225 2467; x_wconf 89' lang='lat' dir='ltr'>inde</span> <span class='ocrx_word' id='word_1_309' title='bbox 257 2439 281 2466; x_wconf 89' lang='lat' dir='ltr'>a</span> <span class='ocrx_word' id='word_1_310' title='bbox 312 2429 513 2468; x_wconf 86' lang='lat' dir='ltr'>Caesaris</span> <span class='ocrx_word' id='word_1_311' title='bbox 550 2431 750 2480; x_wconf 84' lang='lat' dir='ltr'>tempore</span> <span class='ocrx_word' id='word_1_312' title='bbox 781 2428 848 2468; x_wconf 66' lang='lat' dir='ltr'>vot</span> <span class='ocrx_word' id='word_1_313' title='bbox 889 2430 1115 2480; x_wconf 77' lang='lat' dir='ltr'>gregarius</span> <span class='ocrx_word' id='word_1_314' title='bbox 1146 2427 1272 2468; x_wconf 90' lang='lat' dir='ltr'>miles</span> <span class='ocrx_word' id='word_1_315' title='bbox 1303 2428 1353 2467; x_wconf 82' lang='lat' dir='ltr'>X.</span> <span class='ocrx_word' id='word_1_316' title='bbox 1387 2438 1511 2467; x_wconf 85' lang='lat' dir='ltr'>asses</span> <span class='ocrx_word' id='word_1_317' title='bbox 1541 2438 1721 2474; x_wconf 83' lang='lat' dir='ltr'>aereos,</span> <span class='ocrx_word' id='word_1_318' title='bbox 1768 2429 1947 2478; x_wconf 82' lang='lat' dir='ltr'>praeto-</span> 
     </span>
     <span class='ocr_line' id='line_1_33' title="bbox 125 2497 1943 2549; baseline -0.001 -13"><span class='ocrx_word' id='word_1_319' title='bbox 125 2498 274 2537; x_wconf 88' lang='lat' dir='ltr'>rianus</span> <span class='ocrx_word' id='word_1_320' title='bbox 319 2497 511 2549; x_wconf 83' lang='lat' dir='ltr'>singulos</span> <span class='ocrx_word' id='word_1_321' title='bbox 553 2498 759 2539; x_wconf 87' lang='lat' dir='ltr'>denarios</span> <span class='ocrx_word' id='word_1_322' title='bbox 794 2499 913 2548; x_wconf 75' lang='lat' dir='ltr'>(XVI.</span> <span class='ocrx_word' id='word_1_323' title='bbox 948 2499 1117 2547; x_wconf 80' lang='lat' dir='ltr'>aereos)</span> <span class='ocrx_word' id='word_1_324' title='bbox 1151 2497 1346 2549; x_wconf 88' lang='lat' dir='ltr'>quotidie</span> <span class='ocrx_word' id='word_1_325' title='bbox 1387 2501 1594 2536; x_wconf 89' lang='lat' dir='ltr'>mereret.</span> <span class='ocrx_word' id='word_1_326' title='bbox 1651 2497 1798 2547; x_wconf 85' lang='lat' dir='ltr'>(Tacit.</span> <span class='ocrx_word' id='word_1_327' title='bbox 1832 2499 1943 2536; x_wconf 79' lang='lat' dir='ltr'>Ann.</span> 
     </span>
     <span class='ocr_line' id='line_1_34' title="bbox 126 2565 1944 2620; baseline -0.001 -14"><span class='ocrx_word' id='word_1_328' title='bbox 126 2568 169 2614; x_wconf 87' lang='grc'>4,</span> <span class='ocrx_word' id='word_1_329' title='bbox 204 2567 285 2617; x_wconf 79' lang='grc'>47.)</span> <span class='ocrx_word' id='word_1_330' title='bbox 338 2569 488 2618; x_wconf 90' lang='lat' dir='ltr'>ltaque</span> <span class='ocrx_word' id='word_1_331' title='bbox 519 2580 622 2607; x_wconf 78' lang='lat' dir='ltr'>aera</span> <span class='ocrx_word' id='word_1_332' title='bbox 653 2571 739 2608; x_wconf 88' lang='lat' dir='ltr'>cet.</span> <span class='ocrx_word' id='word_1_333' title='bbox 774 2569 830 2607; x_wconf 82' lang='lat' dir='ltr'>ita</span> <span class='ocrx_word' id='word_1_334' title='bbox 862 2567 1202 2620; x_wconf 75' lang='lat' dir='ltr'>explicaverim:</span> <span class='ocrx_word' id='word_1_335' title='bbox 1240 2569 1451 2618; x_wconf 70' lang='lat' dir='ltr'>«Semper</span> <span class='ocrx_word' id='word_1_336' title='bbox 1481 2565 1631 2606; x_wconf 88' lang='lat' dir='ltr'>Idibus</span> <span class='ocrx_word' id='word_1_337' title='bbox 1662 2565 1944 2613; x_wconf 87' lang='lat' dir='ltr'>Octobribus,</span> 
     </span>
     <span class='ocr_line' id='line_1_35' title="bbox 126 2636 1949 2689; baseline -0.001 -13"><span class='ocrx_word' id='word_1_338' title='bbox 126 2647 239 2687; x_wconf 88' lang='lat' dir='ltr'>quae</span> <span class='ocrx_word' id='word_1_339' title='bbox 270 2641 442 2676; x_wconf 82' lang='lat' dir='ltr'>octonae</span> <span class='ocrx_word' id='word_1_340' title='bbox 474 2639 575 2677; x_wconf 91' lang='lat' dir='ltr'>sunt</span> <span class='ocrx_word' id='word_1_341' title='bbox 605 2639 728 2685; x_wconf 88' lang='lat' dir='ltr'>anni,</span> <span class='ocrx_word' id='word_1_342' title='bbox 762 2649 897 2689; x_wconf 92' lang='lat' dir='ltr'>quem</span> <span class='ocrx_word' id='word_1_343' title='bbox 928 2649 1008 2678; x_wconf 89' lang='lat' dir='ltr'>nos</span> <span class='ocrx_word' id='word_1_344' title='bbox 1040 2639 1253 2685; x_wconf 86' lang='lat' dir='ltr'>dicimus,</span> <span class='ocrx_word' id='word_1_345' title='bbox 1287 2637 1535 2677; x_wconf 83' lang='lat' dir='ltr'>scholastici</span> <span class='ocrx_word' id='word_1_346' title='bbox 1567 2639 1610 2676; x_wconf 85' lang='lat' dir='ltr'>et</span> <span class='ocrx_word' id='word_1_347' title='bbox 1639 2636 1755 2687; x_wconf 87' lang='lat' dir='ltr'>apud</span> <span class='ocrx_word' id='word_1_348' title='bbox 1786 2637 1949 2675; x_wconf 88' lang='lat' dir='ltr'>Roma-</span> 
     </span>
     <span class='ocr_line' id='line_1_36' title="bbox 126 2705 1946 2759; baseline -0.001 -13"><span class='ocrx_word' id='word_1_349' title='bbox 126 2717 205 2746; x_wconf 88' lang='lat' dir='ltr'>nos</span> <span class='ocrx_word' id='word_1_350' title='bbox 236 2709 278 2745; x_wconf 89' lang='lat' dir='ltr'>et</span> <span class='ocrx_word' id='word_1_351' title='bbox 310 2707 425 2757; x_wconf 90' lang='lat' dir='ltr'>apud</span> <span class='ocrx_word' id='word_1_352' title='bbox 468 2707 628 2746; x_wconf 91' lang='lat' dir='ltr'>horum</span> <span class='ocrx_word' id='word_1_353' title='bbox 659 2709 913 2758; x_wconf 86' lang='lat' dir='ltr'>temporum</span> <span class='ocrx_word' id='word_1_354' title='bbox 944 2706 1098 2755; x_wconf 89' lang='lat' dir='ltr'>Italos,</span> <span class='ocrx_word' id='word_1_355' title='bbox 1145 2708 1271 2759; x_wconf 89' lang='lat' dir='ltr'>pueri</span> <span class='ocrx_word' id='word_1_356' title='bbox 1302 2707 1522 2758; x_wconf 83' lang='lat' dir='ltr'>magistris</span> <span class='ocrx_word' id='word_1_357' title='bbox 1553 2705 1738 2746; x_wconf 86' lang='lat' dir='ltr'>didactri</span> <span class='ocrx_word' id='word_1_358' title='bbox 1769 2706 1946 2746; x_wconf 87' lang='lat' dir='ltr'>nomine</span> 
     </span>
     <span class='ocr_line' id='line_1_37' title="bbox 125 2774 1948 2827; baseline -0.001 -11"><span class='ocrx_word' id='word_1_359' title='bbox 125 2774 358 2816; x_wconf 83' lang='lat' dir='ltr'>solvebant</span> <span class='ocrx_word' id='word_1_360' title='bbox 389 2787 476 2815; x_wconf 92' lang='lat' dir='ltr'>non</span> <span class='ocrx_word' id='word_1_361' title='bbox 507 2775 702 2827; x_wconf 80' lang='lat' dir='ltr'>singulos</span> <span class='ocrx_word' id='word_1_362' title='bbox 734 2787 883 2824; x_wconf 86' lang='lat' dir='ltr'>asses,</span> <span class='ocrx_word' id='word_1_363' title='bbox 917 2777 998 2818; x_wconf 90' lang='lat' dir='ltr'>sed</span> <span class='ocrx_word' id='word_1_364' title='bbox 1029 2788 1129 2816; x_wconf 90' lang='lat' dir='ltr'>eam</span> <span class='ocrx_word' id='word_1_365' title='bbox 1159 2776 1228 2816; x_wconf 91' lang='lat' dir='ltr'>vel</span> <span class='ocrx_word' id='word_1_366' title='bbox 1271 2778 1486 2816; x_wconf 90' lang='lat' dir='ltr'>maiorem</span> <span class='ocrx_word' id='word_1_367' title='bbox 1517 2775 1585 2816; x_wconf 69' lang='lat' dir='ltr'>vel</span> <span class='ocrx_word' id='word_1_368' title='bbox 1616 2777 1835 2816; x_wconf 89' lang='lat' dir='ltr'>minorem</span> <span class='ocrx_word' id='word_1_369' title='bbox 1866 2786 1948 2826; x_wconf 90' lang='lat' dir='ltr'>pe-</span> 
     </span>
     <span class='ocr_line' id='line_1_38' title="bbox 127 2845 1949 2898; baseline 0 -14"><span class='ocrx_word' id='word_1_370' title='bbox 127 2846 282 2885; x_wconf 89' lang='lat' dir='ltr'>cuniae</span> <span class='ocrx_word' id='word_1_371' title='bbox 312 2856 558 2895; x_wconf 87' lang='lat' dir='ltr'>summam,</span> <span class='ocrx_word' id='word_1_372' title='bbox 603 2846 659 2886; x_wconf 88' lang='lat' dir='ltr'>de</span> <span class='ocrx_word' id='word_1_373' title='bbox 691 2858 775 2897; x_wconf 90' lang='lat' dir='ltr'>qua</span> <span class='ocrx_word' id='word_1_374' title='bbox 809 2847 924 2886; x_wconf 88' lang='lat' dir='ltr'>inter</span> <span class='ocrx_word' id='word_1_375' title='bbox 953 2848 1035 2887; x_wconf 92' lang='lat' dir='ltr'>hos</span> <span class='ocrx_word' id='word_1_376' title='bbox 1067 2849 1110 2886; x_wconf 93' lang='lat' dir='ltr'>et</span> <span class='ocrx_word' id='word_1_377' title='bbox 1141 2845 1313 2886; x_wconf 80' lang='lat' dir='ltr'>illolum</span> <span class='ocrx_word' id='word_1_378' title='bbox 1344 2848 1552 2898; x_wconf 87' lang='lat' dir='ltr'>parentes</span> <span class='ocrx_word' id='word_1_379' title='bbox 1583 2848 1807 2885; x_wconf 68' lang='lat' dir='ltr'>tutoresve</span> <span class='ocrx_word' id='word_1_380' title='bbox 1839 2856 1949 2884; x_wconf 90' lang='lat' dir='ltr'>con-</span> 
     </span>
     <span class='ocr_line' id='line_1_39' title="bbox 127 2915 1948 2967; baseline 0.001 -14"><span class='ocrx_word' id='word_1_381' title='bbox 127 2918 333 2963; x_wconf 86' lang='lat' dir='ltr'>venerat,</span> <span class='ocrx_word' id='word_1_382' title='bbox 366 2918 605 2966; x_wconf 90' lang='lat' dir='ltr'>antequam</span> <span class='ocrx_word' id='word_1_383' title='bbox 642 2917 861 2966; x_wconf 80' lang='lat' dir='ltr'>magistris</span> <span class='ocrx_word' id='word_1_384' title='bbox 883 2916 1207 2956; x_wconf 87' lang='lat' dir='ltr'>traderentur.»</span> <span class='ocrx_word' id='word_1_385' title='bbox 1241 2917 1467 2955; x_wconf 86' lang='lat' dir='ltr'>Summam</span> <span class='ocrx_word' id='word_1_386' title='bbox 1489 2925 1597 2955; x_wconf 84' lang='lat' dir='ltr'>vero</span> <span class='ocrx_word' id='word_1_387' title='bbox 1619 2915 1725 2955; x_wconf 90' lang='lat' dir='ltr'>satis</span> <span class='ocrx_word' id='word_1_388' title='bbox 1747 2916 1948 2967; x_wconf 83' lang='lat' dir='ltr'>exiguam</span> 
     </span>
     <span class='ocr_line' id='line_1_40' title="bbox 128 2982 1947 3037; baseline 0.001 -15"><span class='ocrx_word' id='word_1_389' title='bbox 128 2982 261 3023; x_wconf 75' lang='lat' dir='ltr'>fuisse</span> <span class='ocrx_word' id='word_1_390' title='bbox 292 2984 525 3034; x_wconf 83' lang='lat' dir='ltr'>significari</span> <span class='ocrx_word' id='word_1_391' title='bbox 563 2996 646 3036; x_wconf 88' lang='lat' dir='ltr'>per</span> <span class='ocrx_word' id='word_1_392' title='bbox 683 2997 782 3025; x_wconf 62' lang='lat' dir='ltr'>voc.</span> <span class='ocrx_word' id='word_1_393' title='bbox 816 2998 919 3026; x_wconf 83' lang='lat' dir='ltr'>aera</span> <span class='ocrx_word' id='word_1_394' title='bbox 950 2988 993 3026; x_wconf 87' lang='lat' dir='ltr'>et</span> <span class='ocrx_word' id='word_1_395' title='bbox 1032 2987 1103 3026; x_wconf 93' lang='lat' dir='ltr'>hic</span> <span class='ocrx_word' id='word_1_396' title='bbox 1135 2989 1178 3025; x_wconf 89' lang='lat' dir='ltr'>et</span> <span class='ocrx_word' id='word_1_397' title='bbox 1208 2985 1325 3037; x_wconf 88' lang='lat' dir='ltr'>apud</span> <span class='ocrx_word' id='word_1_398' title='bbox 1371 2987 1519 3025; x_wconf 68' lang='lat' dir='ltr'>iuven.</span> <span class='ocrx_word' id='word_1_399' title='bbox 1554 2984 1603 3034; x_wconf 89' lang='lat'>7,</span> <span class='ocrx_word' id='word_1_400' title='bbox 1645 2985 1738 3024; x_wconf 73' lang='lat'>247.</span> <span class='ocrx_word' id='word_1_401' title='bbox 1773 2987 1817 3025; x_wconf 88' lang='lat' dir='ltr'>et</span> <span class='ocrx_word' id='word_1_402' title='bbox 1854 2985 1947 3036; x_wconf 90' lang='lat' dir='ltr'>ipse</span> 
     </span>
     <span class='ocr_line' id='line_1_41' title="bbox 129 3052 1947 3105; baseline 0.001 -13"><span class='ocrx_word' id='word_1_403' title='bbox 129 3052 408 3092; x_wconf 87' lang='lat' dir='ltr'>Hermannus</span> <span class='ocrx_word' id='word_1_404' title='bbox 438 3053 480 3092; x_wconf 90' lang='lat' dir='ltr'>in</span> <span class='ocrx_word' id='word_1_405' title='bbox 510 3052 647 3094; x_wconf 87' lang='lat' dir='ltr'>altera</span> <span class='ocrx_word' id='word_1_406' title='bbox 678 3066 758 3095; x_wconf 90' lang='lat' dir='ltr'>sua</span> <span class='ocrx_word' id='word_1_407' title='bbox 791 3057 905 3096; x_wconf 86' lang='lat' dir='ltr'>Cura</span> <span class='ocrx_word' id='word_1_408' title='bbox 938 3055 1143 3096; x_wconf 87' lang='lat' dir='ltr'>concedit</span> <span class='ocrx_word' id='word_1_409' title='bbox 1174 3058 1217 3095; x_wconf 89' lang='lat' dir='ltr'>et</span> <span class='ocrx_word' id='word_1_410' title='bbox 1257 3066 1338 3105; x_wconf 71' lang='lat' dir='ltr'>ego</span> <span class='ocrx_word' id='word_1_411' title='bbox 1379 3056 1436 3094; x_wconf 90' lang='lat' dir='ltr'>ita</span> <span class='ocrx_word' id='word_1_412' title='bbox 1478 3054 1612 3095; x_wconf 81' lang='lat' dir='ltr'>fuisse</span> <span class='ocrx_word' id='word_1_413' title='bbox 1645 3065 1761 3094; x_wconf 85' lang='lat' dir='ltr'>reor.</span> <span class='ocrx_word' id='word_1_414' title='bbox 1823 3054 1947 3102; x_wconf 88' lang='lat' dir='ltr'>Quod</span> 
     </span>
     <span class='ocr_line' id='line_1_42' title="bbox 129 3123 1950 3175; baseline 0.001 -14"><span class='ocrx_word' id='word_1_415' title='bbox 129 3123 278 3162; x_wconf 88' lang='lat' dir='ltr'>autem</span> <span class='ocrx_word' id='word_1_416' title='bbox 320 3133 566 3174; x_wconf 83' lang='lat' dir='ltr'>repugnare</span> <span class='ocrx_word' id='word_1_417' title='bbox 605 3123 781 3164; x_wconf 74' lang='lat' dir='ltr'>videtur</span> <span class='ocrx_word' id='word_1_418' title='bbox 824 3124 948 3166; x_wconf 92' lang='lat' dir='ltr'>locus</span> <span class='ocrx_word' id='word_1_419' title='bbox 989 3124 1197 3165; x_wconf 86' lang='lat' dir='ltr'>Macrobii</span> <span class='ocrx_word' id='word_1_420' title='bbox 1246 3125 1419 3164; x_wconf 89' lang='lat' dir='ltr'>Saturn.</span> <span class='ocrx_word' id='word_1_421' title='bbox 1455 3125 1501 3172; x_wconf 90' lang='grc'>4,</span> <span class='ocrx_word' id='word_1_422' title='bbox 1537 3125 1601 3163; x_wconf 72' lang='grc'>42.</span> <span class='ocrx_word' id='word_1_423' title='bbox 1635 3135 1676 3175; x_wconf 93' lang='lat' dir='ltr'>p.</span> <span class='ocrx_word' id='word_1_424' title='bbox 1711 3123 1814 3164; x_wconf 72' lang='lat'>243:</span> <span class='ocrx_word' id='word_1_425' title='bbox 1865 3125 1950 3163; x_wconf 83' lang='lat' dir='ltr'>Hoc</span> 
     </span>
     <span class='ocr_line' id='line_1_43' title="bbox 128 3193 1951 3245; baseline 0.001 -14"><span class='ocrx_word' id='word_1_426' title='bbox 128 3202 262 3231; x_wconf 84' lang='lat' dir='ltr'>mense</span> <span class='ocrx_word' id='word_1_427' title='bbox 293 3193 470 3242; x_wconf 79' lang='lat' dir='ltr'>(Martio)</span> <span class='ocrx_word' id='word_1_428' title='bbox 501 3194 729 3233; x_wconf 83' lang='lat' dir='ltr'>mercedem</span> <span class='ocrx_word' id='word_1_429' title='bbox 757 3195 1021 3234; x_wconf 71' lang='lat' dir='ltr'>exsolvebant</span> <span class='ocrx_word' id='word_1_430' title='bbox 1049 3195 1284 3245; x_wconf 61' lang='lat' dir='ltr'>magistris,</span> <span class='ocrx_word' id='word_1_431' title='bbox 1318 3205 1445 3244; x_wconf 80' lang='lat' dir='ltr'>quam</span> <span class='ocrx_word' id='word_1_432' title='bbox 1474 3193 1696 3243; x_wconf 83' lang='lat' dir='ltr'>completus</span> <span class='ocrx_word' id='word_1_433' title='bbox 1724 3204 1860 3232; x_wconf 82' lang='lat' dir='ltr'>annus</span> <span class='ocrx_word' id='word_1_434' title='bbox 1885 3195 1951 3232; x_wconf 83' lang='lat' dir='ltr'>de-</span> 
     </span>
     <span class='ocr_line' id='line_1_44' title="bbox 131 3260 1949 3316; baseline 0.001 -17"><span class='ocrx_word' id='word_1_435' title='bbox 131 3260 216 3300; x_wconf 76' lang='lat' dir='ltr'>beri</span> <span class='ocrx_word' id='word_1_436' title='bbox 243 3261 359 3311; x_wconf 79' lang='lat' dir='ltr'>fecit,</span> <span class='ocrx_word' id='word_1_437' title='bbox 390 3260 460 3301; x_wconf 73' lang='lat' dir='ltr'>vel</span> <span class='ocrx_word' id='word_1_438' title='bbox 491 3272 588 3301; x_wconf 91' lang='lat' dir='ltr'>mos</span> <span class='ocrx_word' id='word_1_439' title='bbox 621 3264 715 3302; x_wconf 82' lang='lat' dir='ltr'>erat</span> <span class='ocrx_word' id='word_1_440' title='bbox 743 3264 907 3304; x_wconf 84' lang='lat' dir='ltr'>Romae</span> <span class='ocrx_word' id='word_1_441' title='bbox 938 3269 1170 3316; x_wconf 89' lang='lat' dir='ltr'>receptus,</span> <span class='ocrx_word' id='word_1_442' title='bbox 1205 3274 1291 3303; x_wconf 90' lang='lat' dir='ltr'>non</span> <span class='ocrx_word' id='word_1_443' title='bbox 1323 3264 1365 3303; x_wconf 92' lang='lat' dir='ltr'>in</span> <span class='ocrx_word' id='word_1_444' title='bbox 1396 3263 1667 3314; x_wconf 89' lang='lat' dir='ltr'>municipiis,</span> <span class='ocrx_word' id='word_1_445' title='bbox 1707 3274 1793 3302; x_wconf 91' lang='lat' dir='ltr'>non</span> <span class='ocrx_word' id='word_1_446' title='bbox 1826 3263 1949 3302; x_wconf 89' lang='lat' dir='ltr'>certe</span> 
     </span>
     <span class='ocr_line' id='line_1_45' title="bbox 130 3327 1949 3387; baseline 0.001 -20"><span class='ocrx_word' id='word_1_447' title='bbox 130 3329 370 3379; x_wconf 88' lang='lat' dir='ltr'>Venusiae,</span> <span class='ocrx_word' id='word_1_448' title='bbox 407 3329 477 3370; x_wconf 75' lang='lat' dir='ltr'>vel</span> <span class='ocrx_word' id='word_1_449' title='bbox 509 3341 635 3370; x_wconf 86' lang='lat' dir='ltr'>error</span> <span class='ocrx_word' id='word_1_450' title='bbox 666 3332 708 3370; x_wconf 89' lang='lat' dir='ltr'>et</span> <span class='ocrx_word' id='word_1_451' title='bbox 739 3342 792 3370; x_wconf 83' lang='lat' dir='ltr'>ex</span> <span class='ocrx_word' id='word_1_452' title='bbox 822 3331 1045 3372; x_wconf 76' lang='lat' dir='ltr'>Miner-vali</span> <span class='ocrx_word' id='word_1_453' title='bbox 1077 3335 1219 3381; x_wconf 88' lang='lat' dir='ltr'>ortus,</span> <span class='ocrx_word' id='word_1_454' title='bbox 1269 3331 1324 3372; x_wconf 91' lang='lat' dir='ltr'>de</span> <span class='ocrx_word' id='word_1_455' title='bbox 1356 3343 1443 3383; x_wconf 91' lang='lat' dir='ltr'>quo</span> <span class='ocrx_word' id='word_1_456' title='bbox 1475 3343 1562 3371; x_wconf 91' lang='lat' dir='ltr'>non</span> <span class='ocrx_word' id='word_1_457' title='bbox 1595 3334 1684 3371; x_wconf 89' lang='lat' dir='ltr'>tam</span> <span class='ocrx_word' id='word_1_458' title='bbox 1717 3327 1949 3387; x_wconf 77' lang='grc' dir='ltr'><em>ὁιὸάκτρῳ</em></span> 
     </span>
     <span class='ocr_line' id='line_1_46' title="bbox 134 3398 1946 3453; baseline 0 -15"><span class='ocrx_word' id='word_1_459' title='bbox 134 3408 268 3448; x_wconf 87' lang='lat' dir='ltr'>quam</span> <span class='ocrx_word' id='word_1_460' title='bbox 298 3400 477 3451; x_wconf 84' lang='lat' dir='ltr'>exigua,</span> <span class='ocrx_word' id='word_1_461' title='bbox 510 3402 558 3439; x_wconf 91' lang='lat' dir='ltr'>ut</span> <span class='ocrx_word' id='word_1_462' title='bbox 586 3399 786 3449; x_wconf 76' lang='lat' dir='ltr'>videtur,</span> <span class='ocrx_word' id='word_1_463' title='bbox 818 3401 948 3441; x_wconf 89' lang='lat' dir='ltr'>unius</span> <span class='ocrx_word' id='word_1_464' title='bbox 977 3403 1088 3442; x_wconf 90' lang='lat' dir='ltr'>assis</span> <span class='ocrx_word' id='word_1_465' title='bbox 1118 3403 1231 3452; x_wconf 89' lang='lat' dir='ltr'>stipe</span> <span class='ocrx_word' id='word_1_466' title='bbox 1254 3413 1275 3442; x_wconf 91' lang='lat' dir='ltr'>a</span> <span class='ocrx_word' id='word_1_467' title='bbox 1300 3399 1525 3453; x_wconf 81' lang='lat' dir='ltr'>discipulis</span> <span class='ocrx_word' id='word_1_468' title='bbox 1547 3401 1766 3451; x_wconf 84' lang='lat' dir='ltr'>magistris</span> <span class='ocrx_word' id='word_1_469' title='bbox 1789 3398 1946 3448; x_wconf 88' lang='lat' dir='ltr'>soluta,</span> 
     </span>
     <span class='ocr_line' id='line_1_47' title="bbox 134 3466 1950 3521; baseline 0.001 -17"><span class='ocrx_word' id='word_1_470' title='bbox 134 3477 185 3505; x_wconf 81' lang='lat' dir='ltr'>ex</span> <span class='ocrx_word' id='word_1_471' title='bbox 217 3478 304 3518; x_wconf 88' lang='lat' dir='ltr'>qua</span> <span class='ocrx_word' id='word_1_472' title='bbox 324 3467 367 3507; x_wconf 90' lang='lat' dir='ltr'>hi</span> <span class='ocrx_word' id='word_1_473' title='bbox 389 3469 611 3509; x_wconf 76' lang='lat' dir='ltr'>Minervae</span> <span class='ocrx_word' id='word_1_474' title='bbox 634 3467 801 3508; x_wconf 90' lang='lat' dir='ltr'>donum</span> <span class='ocrx_word' id='word_1_475' title='bbox 831 3468 1059 3519; x_wconf 77' lang='lat' dir='ltr'>offerrent,</span> <span class='ocrx_word' id='word_1_476' title='bbox 1094 3469 1402 3521; x_wconf 81' lang='lat' dir='ltr'>intelligendus</span> <span class='ocrx_word' id='word_1_477' title='bbox 1430 3468 1606 3509; x_wconf 69' lang='lat' dir='ltr'>videtur</span> <span class='ocrx_word' id='word_1_478' title='bbox 1636 3467 1852 3508; x_wconf 69' lang='lat' dir='ltr'>luvenalis</span> <span class='ocrx_word' id='word_1_479' title='bbox 1883 3466 1950 3507; x_wconf 86' lang='lat' dir='ltr'>lo-</span> 
     </span>
    </p>
   </div>
  </div>
 </body>
</html>
