2231 3787
892 244 989 283 LIB.
1025 244 1054 282 1.
1116 244 1225 283 SAT.
1261 244 1308 283 X.

1909 242 2008 295 483

262 372 504 427 Prudens
544 381 856 444 practere03
898 373 1096 444 quibus
1135 373 1294 435 haec,
1338 382 1460 426 sunt
1498 373 1922 446 qualiacunque,

258 474 511 528 Arridere
550 474 729 537 velim,
772 474 1062 538 dolituruS,
1105 475 1147 528 si
1190 474 1437 546 placeant
1475 492 1572 546 spe

258 577 507 630 Deterius
547 586 743 630 nostra.

819 579 1079 639 Demetri,

1122 585 1310 648 teque,
1353 575 1562 647 Tigelli,
1940 580 2008 631 90

262 678 658 749 Discipularum
700 680 834 733 inter
874 679 1034 733 iubeo
1073 678 1288 750 plorare
1327 678 1627 732 cathedras,

258 781 301 842 Ι,
344 797 504 850 puer,
547 789 708 852 atque
750 799 870 835 meo
911 782 1046 835 citus
1086 780 1219 835 haec
1259 780 1542 835 subscribe
1582 780 1776 835 libello.

294 955 360 995 88.
393 960 486 994 sunt
516 954 603 996 bed
637 957 679 995 et
709 954 954 995 Bentleius:
1002 957 1081 995 sint
1111 956 1183 1007 Sp,
1219 955 1417 996 LCtFMJ.
1456 979 1499 983 —
1543 956 1608 995 91.
1640 955 1954 1006 Discipulorum

240 1028 306 1069 pr.
339 1017 383 1057 b.
418 1018 485 1069 (Ut
516 1029 619 1066 uos,
654 1018 770 1069 Scdp
803 1019 846 1057 et
876 1029 989 1058 corr.
1023 1018 1084 1069 b.)
1123 1044 1165 1048 —
1200 1021 1265 1060 92.
1300 1021 1374 1060 hoe
1406 1020 1544 1060 Codd.
1579 1020 1679 1072 aliq.
1715 1022 1840 1062 Feae.

184 1158 331 1198 litteris
351 1159 523 1197 Graecis
542 1163 578 1198 et
600 1159 760 1198 Latinis
780 1159 922 1206 docta,
946 1159 1066 1209 psal-

183 1222 288 1269 lere,
336 1222 492 1260 saltare
541 1222 769 1271 eleqantius
817 1232 946 1270 quam
992 1233 1091 1260 ne-v

183 1294 289 1322 cesse
330 1287 387 1322 est
422 1283 595 1333 probae.
639 1307 682 1311 —-
713 1284 902 1334 plorare]
946 1283 1066 1323 «Sal—

183 1346 355 1386 sissima
414 1346 549 1385 utitur
607 1345 789 1396 dilogia3
858 1358 962 1386 nam
1021 1348 1065 1386 et

179 1408 368 1457 plorant,
423 1409 497 1458 qui
543 1407 705 1448 docent
750 1406 917 1459 puellas
954 1419 1064 1448 can-

182 1468 396 1509 tiunculas
427 1470 664 1510 amatorias
695 1469 829 1510 ssebili
871 1472 914 1510 et
944 1469 1062 1510 molli

182 1543 292 1572 voce
325 1531 586 1581 decantare,
636 1534 680 1572 et
703 1533 878 1582 plorare
909 1532 1063 1573 iubent

183 1595 357 1642 Graeci,
401 1594 563 1645 quibus
594 1606 777 1645 gravem
808 1596 1061 1646 imprecan-

182 1660 252 1696 tur
282 1655 600 1705 calamitatem,
652 1657 772 1708 quod
807 1655 987 1698 κλαίειν
1019 1660 1062 1697 et

181 1716 401 1772 οἰμώζειν
430 1719 487 1759 illi
518 1719 715 1760 dicunt.»
766 1721 946 1760 BAXTER.
993 1719 1059 1760 Ad

179 1793 312 1823 usum
371 1784 587 1823 Graecum
654 1782 770 1823 conf.
831 1783 1056 1834 Aristoph.

179 1846 369 1885 Acharn.
391 1844 488 1884 443⁴
512 1857 518 1883 :
552 1841 715 1885 κλάειν
734 1841 941 1885 κελεύων
961 1841 1061 1884 Λά-

178 1920 355 1961 μαχον.
415 1908 509 1947 Dio.
541 1908 772 1959 Chrysost.
797 1909 866 1947 Or.
901 1908 941 1956 8,
976 1907 1056 1948 34:

179 1968 238 2011 τὰ
273 1969 324 2010 δὲ
362 1967 517 2022 μῆλα,
557 1964 589 2008 ἂ
617 1966 803 2026 χρύσεα
832 1966 1057 2021 ἐκόμισε,

179 2029 342 2082 λαβὼν
376 2027 551 2073 ’ἔδωκεν
581 2028 857 2090 [ῙΙρακλῆς)
894 2031 1058 2086 ἐκείνῳ

179 2091 472 2153 (Εὐρυσθεῖ)·
498 2091 637 2136 οὐδὲν
656 2091 748 2152 γὰρ
769 2092 927 2136 αὐτῶν
948 2093 1061 2135 ἐδεῖ-

179 2171 259 2208 το,
292 2153 392 2197 ἀλλ’
415 2156 635 2198 ἐκέλευσε
662 2156 843 2198 κλαίειν
862 2152 1055 2206 3έχοντα.

184 2244 228 2249 —
287 2221 528 2270 cathedras]
587 2221 854 2260 feminarum
903 2219 1057 2261 sedilia

180 2282 499 2323 commodiora.
560 2281 743 2322 Martial.
784 2283 834 2330 3,
882 2282 958 2332 63,
1005 2284 1055 2322 7:

179 2346 290 2384 Inter
327 2345 526 2395 femineas
565 2348 651 2383 lota
690 2344 761 2394 qui
799 2345 887 2384 luce
916 2345 1058 2384 cathe-

179 2407 281 2446 dras
307 2407 485 2446 Desidet.
537 2407 689 2445 Iuven.
724 2407 773 2455 6,
806 2407 872 2446 91.
919 2407 1060 2447 molles

181 2480 256 2510 eas
299 2471 441 2508 vocat.
517 2469 595 2508 «In
639 2468 886 2520 anaglypho
929 2467 1056 2508 villae

180 2531 399 2581 Albanae,
423 2531 542 2582 apud
564 2530 800 2571 Winkelm.
825 2532 881 2572 M.
906 2533 936 2571 Ι.
961 2532 1054 2572 487.

179 2594 332 2635 Marini
362 2595 392 2634 1.
426 2592 521 2634 All).
554 2605 597 2646 p.
631 2594 716 2643 78„
756 2593 885 2634 sedet
914 2594 957 2634 in
988 2604 1058 2634 ca-

1132 1160 1288 1199 thedra
1321 1160 1382 1199 Cl.
1417 1159 1558 1209 Italia,
1606 1184 1627 1190 -
1658 1183 1680 1189 -
1710 1160 1832 1202 laeva
1871 1163 2008 1202 susti-

1131 1233 1241 1261 nens
1286 1221 1523 1268 volumen,
1571 1225 1612 1263 in
1658 1235 1746 1275 quo
1790 1226 2007 1276 scriptum

1131 1286 1220 1323 est:
1253 1283 1464 1324 ΠΑΣΙΙΣ
1493 1285 1796 1327 ΜΟΤΣΙΚΠΣ
1825 1287 2010 1328 METE-

1127 1345 1372 1386 ΧΟΥΣΑ.»
1420 1348 1518 1387 Fm.
1557 1369 1600 1376 -
1634 1350 1673 1399 Ι,
1710 1349 1838 1401 puer]
1883 1350 2008 1391 «Ele-

1128 1411 1305 1459 ganter,
1346 1411 1470 1460 quasi
1502 1411 1586 1450 hoc
1615 1422 1668 1450 ex
1700 1413 1903 1462 tempore
1940 1411 2009 1450 di-

1125 1472 1252 1520 xerit,
1276 1473 1493 1524 praecipit
1513 1484 1677 1524 puero,
1712 1475 1759 1512 ut
1780 1474 1822 1512 in
1843 1472 2006 1513 librum

1126 1544 1257 1572 suum
1279 1532 1383 1573 illud
1407 1534 1626 1583 conferat,
1661 1546 1716 1575 ne
1739 1538 1895 1587 pereat
1916 1537 2006 1575 tam

1126 1598 1427 1646 opportunum
1468 1598 1512 1637 et
1542 1608 1792 1647 congruens
1834 1598 1877 1636 in
1908 1608 2007 1637 mo-

1125 1657 1352 1699 dulatores
1390 1660 1497 1700 istos
1533 1660 1744 1699 dictum.»
1795 1661 2002 1700 Ponpmvn.

1129 1743 1173 1748 —-
1205 1721 1321 1772 haec]
1355 1721 1493 1761 «haec
1523 1723 1615 1773 ipsa
1648 1721 1811 1769 verba,
1853 1718 2006 1774 οἰμώ-

1124 1784 1217 1833 ζειν
1247 1794 1302 1822 σε
1324 1780 1526 1832 κελεύω,
1557 1780 1872 1840 μιαρώτατε.»
1908 1782 2005 1823 Ala-

1126 1845 1188 1884 cri
1218 1845 1302 1884 hoc
1340 1847 1463 1885 iussu
1503 1845 1634 1886 simul
1671 1845 2000 1893 confidentiam,

1125 1918 1213 1958 qua
1243 1907 1448 1947 homines
1479 1909 1586 1949 istos
1607 1907 1910 1956 abominetur,
1944 1908 2004 1948 fe-

1124 1970 1235 2009 stive
1268 1971 1486 2021 exprimit.
1524 1994 1567 1999 —-
1607 1971 1776 2010 Verum
1814 1970 2000 2019 rectius,

1123 2033 1171 2071 ut
1200 2043 1319 2071 nune
1349 2043 1472 2082 reor,
1507 2043 1610 2072 cum
1640 2031 1838 2072 Bentleio
1858 2031 1999 2072 Praef.

1120 2105 1164 2146 p.
1189 2096 1228 2135 5.
1253 2095 1331 2135 Ed.
1362 2096 1503 2135 Amst.
1537 2094 1606 2135 alii
1637 2095 1695 2134 ita
1726 2095 2002 2146 interpretati

1122 2159 1244 2197 sunt:
1279 2157 1502 2208 «Adiunge
1534 2158 1649 2197 hanc
1675 2158 1858 2197 satiram
1887 2158 2003 2209 prio-

1121 2219 1243 2260 ribus
1273 2219 1371 2259 libri
1400 2221 1552 2271 primi‚
1585 2222 1635 2260 ut
1663 2220 1765 2259 huic
1792 2219 1891 2259 finis
1923 2221 2002 2259 im-

1119 2284 1309 2333 ponatur
1328 2283 1455 2333 isque
1476 2283 1565 2322 iam
1589 2283 1659 2323 edi
1678 2283 1861 2334 possit.»
1893 2284 2002 2322 Pro-

1120 2346 1231 2395 pert.
1266 2344 1314 2393 3,
1347 2345 1424 2393 23,
1457 2345 1532 2384 23:
1579 2346 1622 2394 1,
1657 2356 1789 2394 puer,
1829 2349 1866 2384 el
1895 2345 2000 2384 citus

1118 2407 1218 2446 haec
1247 2407 1394 2455 aliqua
1417 2417 1606 2456 propone
1633 2407 1840 2446 columna.
1878 2429 1922 2435 —
1946 2407 1999 2445 li-

1120 2468 1233 2520 bello]
1266 2471 1315 2508 ut
1344 2467 1540 2509 Catullus
1573 2469 1619 2517 ⁴,
1654 2469 1700 2508 ⁴:
1749 2468 1853 2518 Quoi
1894 2469 2000 2508 dono

1117 2531 1299 2582 lepidum
1326 2542 1480 2571 ‘novum
1509 2529 1719 2571 libellum?
1748 2530 1804 2571 de
1836 2531 1999 2571 carmi-

1119 2604 1228 2634 num
1258 2604 1443 2642 suorum
1473 2592 1749 2634 collectione.

974 2768 1211 2776 ———-

725 2918 772 2964 E
807 2917 866 2963 Χ
899 2918 940 2964 C
975 2917 1024 2964 {J
1059 2917 1109 2964 R
1142 2917 1180 2964 S
1214 2918 1264 2964 U
1296 2917 1336 2963 S
1406 2919 1450 2963 1.

659 3028 730 3069 DE
760 3029 870 3068 VIII.
903 3028 1158 3069 VERSIBUS
1189 3027 1517 3069 SUBDITICIIS.

292 3129 399 3170 Octo
435 3138 594 3169 versus
631 3126 786 3169 litteris
825 3127 1042 3170 inclinatis
1082 3129 1281 3181 expressi
1321 3127 1485 3169 absunt
1513 3139 1537 3168 a
1567 3127 1792 3180 plerisque
1832 3128 1996 3168 Horatii

184 3198 323 3240 Codd.
358 3199 401 3238 et
430 3197 539 3238 Edd.
572 3199 696 3247 vett,
729 3199 992 3239 nominatim
1022 3210 1046 3239 a
1078 3198 1218 3240 Codd.
1252 3197 1544 3240 Oberlinianis
1575 3200 1619 3239 et
1655 3196 1997 3249 Bamhergensi—

184 3268 291 3318 bus,
324 3269 403 3309 Ed.
436 3270 547 3309 Ven.
582 3268 726 3316 &48⁴4
759 3271 1048 3322 reperiuntur.
1072 3271 1114 3310 in
1145 3272 1257 3311 Feae
1289 3269 1429 3311 Codd.
1465 3267 1686 3309 nonnullis
1716 3270 1760 3308 et
1789 3268 1998 3319 quattuor

184 3338 510 3388 Beruensibus,
558 3349 749 3390 quorum
788 3339 876 3380 duo
917 3341 1038 3380 certe
1079 3341 1231 3392 scripti
1271 3341 1374 3381 sunt
1414 3340 1509 3379 Sec.
1542 3339 1612 3388 X.,
1645 3337 1758 3378 adeo
1788 3338 1837 3376 ut
1864 3346 1996 3376 nemo

186 3409 274 3449 iam
302 3410 516 3462 suspicari
547 3411 681 3460 queat
721 3419 799 3449 eos
829 3408 985 3449 deberi
1029 3409 1204 3451 falsario
1234 3408 1362 3450 alicui
1405 3408 1510 3449 Italo
1540 3410 1637 3448 Sec.
1669 3407 1757 3446 XV.
1791 3404 1997 3446 Colorem

186 3489 292 3519 sane
323 3479 491 3520 habent
521 3479 751 3530 antiquum
783 3480 847 3527 et,
881 3480 916 3520 si
945 3481 987 3520 in
1017 3491 1065 3520 re
1098 3479 1341 3521 admodum
1372 3479 1538 3520 incerta
1562 3477 1843 3518 coniecturae
1874 3474 1997 3516 locus
