2231 3787
189 246 290 298 4⁶28

262 378 520 450 Incipiam
558 379 840 451 patiarque
879 378 963 432 vel
1004 378 1339 433 inconsultus
1379 377 1581 431 haberi.

798 247 1014 289 HORATII
1042 248 1412 291 EPISTOLARUM

1950 377 2016 430 45

260 480 401 546 Quid
440 498 547 535 non
590 481 823 535 ebrietas
863 482 1147 554 designat?
1188 484 1391 553 Operta
1429 479 1679 542 recludit,

260 584 396 655 Spes
436 583 583 638 iubet
621 601 744 639 esse
783 593 950 640 ratas,
995 584 1063 637 ad
1101 582 1307 654 proelia
1347 582 1512 636 trudit
1549 583 1804 646 inertem3

260 685 509 740 Sollicitis
550 687 739 740 animis
782 703 917 740 onus
960 685 1169 747 eximit,
1213 685 1444 739 addocet
1484 692 1642 737 artes.

263 788 499 843 Fecundi
540 788 735 842 calices
775 805 939 860 quem
977 805 1085 842 non
1122 787 1302 842 fecere
1344 786 1642 841 disertum?

300 963 364 1002 46.
400 963 602 1014 dissiynat
630 962 702 1003 bc.
742 986 785 990 —
821 963 884 1002 47.
920 962 995 1015 ad]
1038 963 1082 1001 in
1112 962 1179 1002 Lt.

1242 962 1304 1012 (Ut
1333 972 1438 1011 nos,
1480 961 1665 1014 bSchp
1697 962 1741 1002 et
1770 962 1962 1002 Pottierii

244 1026 431 1076 omnes.)
460 1049 496 1055 —
527 1026 726 1066 inermem
755 1024 965 1074 bcd,LCt.
1002 1026 1065 1075 <Ut
1085 1035 1189 1074 nos,
1224 1025 1284 1065 SE
1308 1026 1351 1065 et
1372 1025 1460 1065 duo
1477 1025 1706 1066 dumtaxat
1734 1025 1962 1075 Pottierii.)

189 1182 374 1223 iniectos
411 1182 588 1222 ludibrii
621 1194 752 1223 causa
786 1182 1070 1235 spargebant.

188 1267 211 1273 -
242 1246 339 1284 -In
377 1243 528 1285 tabula
569 1245 763 1297 quadam
803 1246 1074 1297 Pompeiana

190 1307 325 1348 flores
365 1309 408 1347 et
446 1318 629 1348 mensae
671 1310 715 1348 et
751 1307 843 1348 solo
883 1309 1074 1360 inspersi

190 1371 446 1410 cernuntur.
499 1371 550 1410 V.
581 1371 764 1420 Pompeii
801 1372 851 1410 ΙΙ.
893 1382 936 1422 p.
977 1371 1069 1412 404.

188 1434 275 1483 Fig.
301 1432 398 1473 43.»
449 1434 600 1473 OBBAR.
640 1433 704 1473 Cf.
729 1434 899 1473 Becker
929 1434 1075 1474 Gallus

191 1495 276 1544 (ed.
303 1494 392 1546 alt.)
424 1497 494 1535 III.
517 1507 561 1547 p.
587 1496 668 1535 250
690 1506 758 1547 sq.
797 1497 959 1536 Contra
980 1508 1074 1537 mo-

188 1560 263 1597 net
284 1560 501 1607 Diintzer,
527 1557 582 1598 de
605 1559 793 1598 convivii
813 1559 958 1607 initio,
983 1571 1072 1599 non

190 1620 245 1660 de
281 1620 392 1669 fine,
436 1622 479 1660 in
516 1632 604 1672 quo
643 1621 835 1661 ebrietas
867 1621 1072 1662 domine-

189 1685 280 1732 tur,
320 1684 403 1733 agi.
453 1684 661 1723 Attamen
693 1685 842 1723 omnia
873 1695 987 1736 quae
1027 1685 1072 1723 in

190 1745 401 1785 conviviis
441 1745 536 1785 fieri
574 1745 701 1786 solita
733 1748 860 1786 erant
888 1757 936 1786 se
968 1746 1072 1786 dicit

189 1809 495 1859 incepturum;
530 1809 660 1860 igitur
691 1810 824 1849 etiam
847 1808 1071 1850 ebriosam

190 1868 308 1909 illam
352 1870 513 1910 florum
554 1872 832 1922 sparsionem
873 1872 943 1922 (de
985 1883 1071 1922 qua

191 1933 244 1972 cf.
270 1933 348 1973 Od.
376 1933 420 1982 3,
457 1934 531 1982 49,
565 1934 667 1983 22),
711 1936 755 1973 et
791 1934 935 1985 prima
973 1935 1074 1984 qui-

191 1996 296 2035 dem
327 1996 421 2035 sine
444 1995 579 2035 dubio
601 1995 737 2035 fiebat
756 2008 780 2036 a
802 1997 958 2045 servis,
984 2007 1072 2036 non

191 2070 214 2097 a
247 2057 599 2109 compotoribus.
628 2081 672 2086 —
696 2059 917 2109 Incipiam]
941 2060 1074 2098 «Lae-

192 2122 308 2160 titiae
363 2120 531 2160 effusae
581 2131 633 2159 ac
681 2132 787 2160 vere
834 2119 1072 2161 convivalis

192 2194 273 2234 ego
317 2181 445 2222 vobis
490 2182 747 2234 exemplum
796 2183 1071 2235 praebebo.»

195 2270 239 2274 —
263 2245 531 2297 inconsultus]
566 2246 673 2293 «Qui
702 2245 885 2287 liberius
908 2248 952 2286 et
981 2246 1075 2286 dis-

192 2307 377 2348 solutius
415 2319 462 2348 se
507 2307 698 2348 laetitiae
743 2309 943 2358 tradunt,
991 2310 1074 2360 ipsi

191 2382 240 2411 se
279 2371 422 2422 farere
463 2371 555 2421 (Od.
587 2372 634 2420 2,
668 2371 714 2420 7,
754 2371 857 2422 28.),
892 2372 1074 2422 desipere

194 2433 286 2483 (Od.
329 2433 378 2483 4,
428 2434 503 2482 42,
550 2433 634 2484 28.)
680 2433 795 2474 velle
842 2432 1074 2487 (μανῆναι

194 2498 351 2536 Anacr.
377 2495 450 2546 43,
485 2496 567 2545 42.)
600 2496 763 2536 aiunt.»
809 2498 1014 2537 DoERING.

250 2621 394 2661 46-20.
449 2621 557 2671 Quid
598 2632 681 2660 non
727 2621 829 2673 cet]
876 2621 1074 2663 Exsultat

193 2683 402 2732 laetitiae,
444 2684 488 2724 in
519 2695 652 2735 quam
690 2695 794 2724 mox
825 2695 928 2724 cum
965 2686 1074 2724 Tor-

194 2749 326 2797 quato
365 2758 412 2787 se
451 2746 673 2788 effusurus
711 2748 788 2796 sit,
837 2750 1074 2799 exspecta-

196 2809 326 2849 tione.
373 2831 418 2838 -
462 2810 663 2861 designat]
709 2811 928 2861 designare
972 2810 1012 2861 (b
1028 2821 1073 2850 e-

192 2871 448 2922 zeichnen)
488 2873 844 2921 «constituere,»
884 2873 1070 2913 deinde:

197 2933 507 2972 «constitutum
528 2935 727 2984 exsequi,
750 2937 972 2986 patrare;»
986 2946 1073 2986 quo

193 3005 278 3034 usu
307 2995 528 3034 invenitur
554 2996 672 3046 apud
703 2995 840 3036 Plaut.
871 2997 998 3036 Most.
1023 2997 1070 3045 2,

197 3058 211 3096 4
234 3089 241 3105 ,
267 3057 334 3096 66.
370 3057 544 3096 Terent.
567 3058 649 3097 Ad.
676 3060 720 3107 4,
744 3060 794 3107 2,
829 3059 875 3098 6:
906 3070 1007 3098 iiam
1028 3059 1076 3098 il-

195 3119 259 3172 la,
294 3130 400 3168 qaae
420 3120 594 3159 antehac
613 3120 728 3170 facta
747 3125 864 3170 sunt,
899 3121 1071 3160 Omitto:

195 3183 314 3221 modo
335 3182 434 3231 quid
453 3182 683 3233 desiqnavit
703 3182 761 3233 (id
783 3185 864 3232 est,
892 3194 1074 3235 «perpe-

194 3244 391 3295 travit»)?
406 3243 482 3284 ubi
504 3245 721 3284 Donatus:
747 3246 989 3297 «designare
1005 3247 1074 3286 est

196 3317 294 3346 rem
316 3318 476 3346 novam
500 3307 645 3358 (atque
668 3308 900 3358 insignem)
923 3307 1070 3349 facere

199 3369 240 3408 in
270 3371 506 3421 utramque
538 3371 733 3420 partem,
769 3372 809 3409 et
841 3369 1006 3410 bonam
1029 3374 1071 3411 et

200 3429 405 3471 malam.»
452 3432 514 3471 Cf.
547 3430 671 3484 Apul.
703 3432 881 3472 Metam.
912 3433 958 3481 8,
991 3433 1068 3473 28:

198 3494 316 3542 quasi
336 3498 480 3534 contra
500 3494 568 3546 sas
584 3498 754 3536 sanetae
773 3494 985 3546 reliqionis
1000 3496 1071 3537 de-

1138 1183 1341 1234 signasset
1370 1183 1542 1232 aliquid.
1578 1183 1654 1232 40,
1687 1184 1736 1223 2;
1769 1182 1918 1223 ibidem
1947 1183 2020 1223 de-

1137 1246 1350 1297 siynatum
1378 1247 1587 1286 scelestum
1618 1257 1668 1286 ae
1688 1246 1900 1298 nefarium
1915 1247 2018 1297 faei-

1136 1321 1215 1349 nus
1228 1310 1412 1349 memini.
1434 1310 1511 1351 Est
1531 1310 1681 1360 igitur:
1708 1307 2021 1350 «Confidenter

1138 1372 1289 1412 ebrius
1322 1374 1365 1412 et
1395 1373 1527 1413 sentit
1557 1373 1601 1412 et
1631 1372 1758 1422 facit,
1793 1383 1908 1423 quae
1931 1372 2021 1412 sic—
2091 1390 2094 1392 v

1137 1446 1216 1475 cus
1257 1435 1329 1474 vix
1373 1435 1604 1475 auderet.»
1658 1435 1858 1486 (Prorsus
1897 1434 2020 1475 arbi-

1135 1497 1269 1536 traria
1285 1495 1423 1536 altera
1441 1499 1509 1537 est
1524 1497 1827 1548 interpretatio
1842 1497 2016 1537 Comm.

1137 1559 1271 1610 Cruq.
1298 1559 1354 1598 ad
1384 1559 1492 1610 Epp.
1519 1559 1566 1607 4,
1600 1559 1646 1607 7,
1681 1559 1726 1598 6:
1776 1560 2022 1611 «designare

1137 1623 1204 1662 est
1225 1621 1524 1662 «confundere
1543 1637 1581 1671 ,n
1612 1623 1661 1661 ut
1683 1623 1728 1662 et
1748 1621 1876 1662 alibi:
1912 1622 2022 1673 Quid

1134 1696 1217 1724 'non
1257 1684 1432 1724 ebrietas
1472 1683 1735 1736 desiynatP»)
1769 1708 1814 1714 -—
1849 1684 2018 1737 Operta]

1137 1749 1232 1787 Non
1262 1749 1385 1796 sunt,
1428 1749 1477 1787 ut
1517 1747 1699 1798 quidam
1726 1746 1902 1795 volunt,
1940 1759 2020 1790 ar—

1137 1821 1248 1850 cana
1280 1821 1354 1859 ea,
1389 1821 1503 1861 quae
1526 1809 1581 1850 ab
1605 1810 1757 1850 amicis
1780 1811 2020 1851 commissa

1137 1873 1231 1912 sine
1284 1872 1499 1924 perfidiae
1555 1874 1739 1913 crimine
1784 1875 1924 1925 retegi
1967 1885 2020 1914 ac

1136 1935 1265 1987 prodi
1295 1946 1383 1974 non
1412 1937 1601 1986 possunt
1633 1936 1691 1986 (ut
1721 1937 1788 1976 est
1809 1946 1916 1976 sane
1938 1936 2018 1977 Od.

1139 1998 1184 2047 4,
1233 1997 1308 2047 48,
1357 1997 1456 2047 46.),
1504 1997 1586 2037 sed
1629 1998 1792 2038 secreti
1836 1999 1880 2038 et
1924 1999 2021 2038 veri

1138 2070 1296 2100 sensus
1339 2060 1552 2099 convivae
1591 2060 1752 2111 ipsius,
1799 2061 1875 2111 qui
1914 2059 2021 2101 alias

1139 2133 1215 2163 eos
1248 2121 1484 2162 difficulter
1514 2133 1617 2162 cum
1647 2121 1741 2162 aliis
1776 2124 2022 2163 communi-

1138 2186 1275 2225 caret.
1320 2185 1385 2225 Cf.
1412 2184 1490 2224 Od.
1515 2184 1564 2234 3,
1588 2186 1632 2224 24
1657 2217 1665 2233 ,
1691 2186 1740 2225 45
1763 2196 1830 2236 sq.
1877 2186 2016 2238 Epod.

1138 2249 1214 2297 44,
1251 2247 1315 2288 44.
1369 2248 1455 2287 Sat.
1483 2248 1499 2286 4
1525 2247 1606 2297 ,4,
1631 2247 1697 2288 89.
1727 2272 1771 2277 —
1794 2249 1896 2298 Spes
1915 2250 2018 2300 cet]

1139 2311 1412 2351 «Persuadet
1451 2310 1581 2351 nobis
1622 2322 1851 2363 nunquam
1896 2312 2016 2362 fore,

1136 2378 1185 2415 ut
1214 2385 1320 2426 spes
1351 2375 1530 2414 nostrae
1562 2373 1882 2425 decipiantur.»
1927 2375 2022 2414 Ari-

1138 2439 1240 2478 stot.
1264 2438 1361 2478 Eth.
1387 2437 1432 2486 3,
1469 2438 1540 2476 44τ
1578 2433 1804 2477 τοιοῦτον
1832 2435 1883 2478 δὲ
1913 2449 2020 2478 ποι-

1138 2498 1253 2541 οῦσι
1281 2500 1364 2540 καὶ
1395 2500 1446 2539 οἱ
1470 2496 1854 2554 μεθυσκόμενοι·
1887 2496 2019 2541 εὐέλ-

1138 2561 1267 2614 πιδες
1315 2559 1406 2621 γὰρ
1453 2564 1682 2616 γίνονται.
1734 2587 1778 2593 -
1829 2563 2016 2616 inertem]

1139 2625 1357 2677 «alioquin
1405 2627 1613 2676 ignavum
1658 2638 1709 2666 ac
1759 2626 2015 2674 timidum;»

1137 2689 1279 2740 aptius
1301 2699 1436 2739 quam
1458 2687 1644 2728 aliorum
1664 2689 1883 2737 inermem,
1917 2689 2017 2739 quia

1136 2751 1328 2790 hominis
1363 2750 1500 2800 ipsius
1530 2750 1756 2800 ingenium
1786 2751 1887 2790 vino
1916 2761 2019 2790 mu-

1137 2813 1221 2852 tari
1251 2811 1489 2862 significat:
1526 2812 1724 2851 inermem
1752 2823 1836 2852 esse
1865 2814 2017 2853 contra

1137 2885 1210 2914 res
1241 2873 1416 2913 fortuita
1457 2875 1538 2914 est.
1591 2874 1681 2914 Cic.
1717 2873 1840 2914 Catil.
1874 2875 1924 2924 2,
1967 2875 2015 2923 5,

1139 2936 1210 2975 4οῑ
1253 2936 1344 2985 qais
1369 2936 1480 2986 fer-re
1502 2937 1634 2985 possit
1662 2938 1812 2976 inertes
1837 2937 2020 2977 homines

1136 2997 1372 3048 fortissimis
1398 2999 1501 3037 viris
1528 2998 1752 3039 insidiari?
1781 3000 1881 3040 Tac.
1906 3000 2014 3040 Hist.

1139 3061 1155 3100 4
1180 3092 1187 3109 ,
1222 3059 1299 3100 46:
1347 3061 1487 3101 Iners
1509 3073 1592 3112 pro
1622 3066 1827 3102 strenuo
1856 3062 1900 3102 in
1919 3073 2017 3102 ma-

1136 3123 1325 3172 nipulum
1368 3124 1543 3164 redibat.
1591 3148 1634 3153 —
1678 3125 1850 3165 addocet
1891 3125 2016 3174 artes]

1139 3185 1272 3225 «dum
1301 3188 1484 3237 potores
1517 3185 1729 3226 exhilarat
1768 3197 2014 3238 eorumque

1137 3248 1363 3298 ingenium
1395 3249 1579 3298 excitat,
1614 3248 1768 3297 efficit,
1801 3250 1849 3288 ut
1877 3251 2012 3297 artes,

1137 3311 1292 3362 poesin
1322 3311 1539 3361 imprimis
1560 3311 1692 3361 atque
1715 3309 2015 3361 eloquentiam

1135 3371 1320 3424 pulchre
1343 3371 1502 3412 callere
1525 3372 1609 3412 sibi
1629 3372 1884 3421 videantur;
1908 3373 2013 3423 quin

1138 3435 1270 3474 etiam
1302 3444 1379 3474 eos
1411 3434 1466 3474 ad
1499 3435 1678 3474 cantum
1709 3432 2014 3474 saltationem-

1136 3508 1221 3547 que
1262 3498 1514 3548 provocat.»
1566 3496 1615 3535 V.
1657 3496 1858 3537 addacem
1895 3507 2012 3537 nunc
