2231 3787
338 302 440 355 238

969 298 1185 339 HORATII
1214 295 1514 338 SATIRARUM

409 433 643 487 Primum
669 447 793 484 nam
820 430 1111 501 inquiram,
1153 426 1283 498 quid
1307 426 1374 479 sit
1401 425 1606 477 furere:
1648 422 1750 476 1100
1777 422 1821 475 si
1849 421 1949 476 erit
1975 421 2024 473 in
2050 428 2100 474 te

411 534 560 595 Solo,
601 533 671 585 nil
712 532 889 593 verbi,
931 547 1125 602 pereas
1165 528 1294 600 quin
1333 526 1561 588 sortiter,
1603 523 1814 577 addam.

411 638 584 701 Quem
621 633 760 687 mala
798 631 1015 686 stultitia
1053 639 1105 684 et
1142 642 1523 701 quemcunque
1562 624 1769 679 inscitia
1803 624 1920 677 veri

413 739 645 792 Caecum
683 735 810 805 agit.
854 734 1097 785 insanum
1137 728 1422 801 Chrysippi
1461 726 1700 797 porticus
1739 734 1793 779 et
1829 741 1959 796 grex

411 842 673 892 Autumat.
734 837 880 889 Haec
906 832 1159 906 populos,
1189 830 1325 883 11300
1350 845 1574 900 magnos
1595 826 1822 881 formula
1843 842 2002 897 reges
2084 826 2150 877 45

411 943 644 1010 Excepto
684 937 925 1008 sapiente
966 941 1125 989 tenet.

1201 933 1352 985 Nunc
1391 930 1598 1001 accipe,
1641 945 1810 1000 quare

411 1041 687 1111 Desipiant
724 1055 911 1092 omnes
951 1052 1127 1107 aeque
1166 1051 1229 1088 ac
1266 1042 1348 1096 111,
1390 1031 1482 1103 qui
1520 1031 1614 1085 tibi
1653 1046 1849 1084 nomen

411 1145 603 1196 Insano
641 1156 895 1212 posuere.

969 1136 1121 1191 Velut
1159 1134 1331 1197 silvis,
1372 1133 1465 1187 ubi
1503 1132 1707 1204 passim

411 1243 659 1298 Palantes
698 1258 850 1295 error
888 1247 1035 1294 certo
1076 1238 1144 1292 de
1183 1236 1393 1291 tramite
1431 1233 1602 1312 pellit,

412 1345 504 1399 Ille
544 1343 933 1403 sinistrorsum,
974 1340 1060 1394 hic
1099 1339 1441 1393 dextrorsum
1479 1337 1611 1390 abit:
1653 1353 1792 1389 unus
1830 1334 2045 1405 utrique
2090 1333 2156 1384 50

451 1590 517 1631 43.
552 1597 822 1639 quaecunque
850 1596 965 1625 unus
994 1583 1188 1625 Pottierii
1220 1582 1281 1633 (N.
1317 1581 1417 1631 16.),
1451 1580 1634 1620 Ζ3101115
1665 1581 1709 1618 01
1737 1578 1817 1618 Ed.
1850 1577 2101 1630 Bipontina,

397 1662 644 1703 quacunque
672 1650 826 1690 Bothe.
863 1670 908 1677 —
941 1647 1008 1688 48.
1041 1647 1183 1686 Insani
1212 1645 1258 1684 L.
1296 1668 1340 1673 -
1373 1644 1439 1684 50.
1472 1644 1660 1692 utrisque
1688 1652 1754 1693 pr.
1789 1652 1813 1682 c
1835 1643 1879 1681 et
1909 1651 2023 1680 corr.
2058 1639 2103 1688 b,

396 1713 465 1754 alii
497 1713 653 1761 Codd.,
686 1712 855 1751 Veneta
888 1708 1009 1750 1481.

345 1909 465 1962 quod
520 1906 640 1948 salvo
688 1907 832 1945 metro
887 1914 1014 1945 suam
1064 1902 1221 1944 sedem

345 1973 547 2012 obtinere
577 1970 765 2021 poterat.

400 2033 545 2074 ›tt-50.
596 2032 782 2070 Primum
825 2027 928 2079 cet.]
975 2028 1222 2067 Stoicorum

345 2107 469 2137 more
501 2106 526 2133 a
556 2093 809 2133 definitione
849 2091 904 2139 (h.
940 2089 968 2129 1.
1000 2089 1219 2138 stultitiae)

346 2158 510 2209 incipit.
535 2178 579 2183 —
598 2154 710 2205 nam]
736 2153 799 2193 Cf.
817 2164 858 2192 v.
878 2152 945 2191 ⁶20.
968 2175 1013 2180 —
1032 2152 1092 2191 m'l
1110 2151 1224 2191 verbi

346 2217 579 2269 ammam]
606 2215 747 2256 «nullo
769 2213 907 2254 verbo
938 2214 1221 2265 impediam»,

348 2282 546 2333 quincet..
571 2277 694 2319 Conf.
716 2278 802 2317 Sat.
828 2278 865 2325 Ξ,
885 2277 925 2324 2,
945 2276 1011 2315 23.
1039 2298 1085 2304 —
1108 2275 1225 2314 mala

346 2342 533 2393 stultitia]
557 2342 619 2381 De
636 2339 762 2379 brevi
777 2337 920 2378 vocali
936 2339 1036 2378 31110
1057 2336 1223 2376 litteras

346 2411 381 2446 st
401 2417 489 2446 non
504 2403 720 2456 producta
743 2401 856 2442 00111.
888 2402 974 2440 Sat.
1010 2401 1048 2449 1,
1082 2401 1120 2449 2,
1154 2399 1220 2439 30.

351 2491 395 2497 —
422 2466 639 2517 Chrysippi
657 2463 854 2515 porticus]
887 2459 1009 2503 στοὰ
1031 2460 1223 2514 ποικίλη

346 2531 550 2578 Athenis,
583 2529 627 2568 in
658 2538 743 2578 qua
773 2527 889 2565 Zeno
912 2526 1097 2576 eiusque
1120 2535 1226 2564 suc-

349 2603 553 2634 cessores
585 2590 845 2630 docuerunt.
897 2587 1020 2628 Conf.
1055 2588 1142 2626 Sat.
1176 2587 1221 2635 1,

350 2656 395 2703 3,
432 2655 523 2693 127.
559 2675 606 2680 -
638 2651 758 2702 yreoe]
793 2649 916 2690 Conf.
950 2650 1057 2699 Epp.
1091 2649 1136 2696 1,
1176 2647 1222 2695 4,

351 2717 417 2755 16.
453 2738 497 2743 —
531 2713 736 2764 autumat]
768 2714 816 2751 ut
845 2713 889 2751 in
918 2711 1094 2750 Pacuvii
1132 2710 1226 2748 Du-

351 2778 512 2818 loreste
546 2777 628 2826 [ed.
652 2775 802 2824 Bothe)
837 2775 903 2813 Fr.
928 2773 1002 2813 32:
1049 2773 1130 2811 Aut
1162 2772 1226 2810 hic

351 2844 409 2880 est
437 2844 510 2878 aut
543 2839 608 2878 hic
637 2839 769 2887 affore
808 2840 995 2875 actutu-m
1023 2839 1194 2874 autumo
1213 2845 1225 2872 .·

355 2901 588 2949 «affirmat,
623 2900 775 2945 dicit3»
817 2909 924 2937 non:
975 2898 1224 2948 «opinatur,

354 2966 548 3004 censet.»
570 2965 616 3001 ut
637 2961 859 3001 interdum
886 2959 993 2999 13150
1014 2958 1230 3011 usurpant

354 3026 638 3067 recentiores.
684 3023 812 3075 Apud
833 3022 969 3062 Plaut.
994 3021 1152 3063 Pseud.
1177 3021 1226 3071 4,

357 3091 400 3137 1,
431 3089 479 3126 ΞΟ
512 3098 605 3137 seq.
630 3085 710 3125 sihi
740 3086 1022 3136 opponuntur
1050 3088 1166 3135 neget
1187 3087 1230 3124 01

354 3153 552 3189 autumet.
613 3147 699 3187 Csr.
742 3146 844 3185 Geli.
884 3148 932 3186 N.
965 3148 1013 3186 Α.
1058 3147 1129 3194 15,
1176 3146 1225 3195 3,

355 3212 447 3252 4-6.
489 3233 532 3238 -
564 3209 759 3259 formula]
792 3220 857 3260 pr.
886 3219 1066 3247 carmen
1096 3207 1225 3259 legis,

354 3274 399 3313 h.
421 3272 448 3312 1.
483 3271 699 3319 definitio,
738 3266 909 3309 κανών.
971 3270 1228 3310 Huiusmodi

355 3339 506 3376 autem
523 3333 799 3374 definitiones
819 3343 900 3383 per
915 3342 1228 3372 successorum

357 3396 529 3438 scholas
568 3394 810 3435 identidem
849 3394 1059 3445 repetitas
1096 3404 1229 3444 para-

1284 1900 1608 1953 amplectitur.»
1660 1923 1701 1930 -
1749 1898 1914 1950 Insano]
1966 1898 2017 1940 Ut
2059 1895 2163 1937 olim

1284 1963 1597 2004 nominabatur
1637 1963 1896 2009 Mercurius,
1944 1961 2008 2001 sic
2046 1970 2164 2000 nunc

1284 2028 1411 2078 inops
1456 2026 1597 2065 factus
1639 2026 1828 2064 insanus.
1882 2023 1969 2064 Cfr.
1999 2022 2160 2062 v.298.

1287 2111 1334 2117 —
1357 2087 1528 2139 passim]
1564 2088 1675 2127 «huc
1698 2089 1741 2127 et
1770 2086 1892 2136 illuc,
1926 2087 2020 2126 sine
2041 2086 2164 2125 certo

1286 2150 1508 2190 consilio.»
1555 2149 1676 2190 Ovid.
1700 2151 1879 2191 Metam.
1904 2149 1948 2197 1,
1983 2149 2055 2188 57:
2092 2147 2165 2186 His

1288 2212 1457 2263 (ventis)
1498 2222 1659 2262 quoque
1696 2223 1781 2250 non
1817 2211 1978 2261 passim
2020 2209 2166 2248 mundi

1283 2275 1515 2327 fabricator
1547 2274 1779 2313 habendum
1806 2273 1922 2313 Ae'ra
1955 2271 2161 2322 permisit.

1290 2362 1335 2366 ——
1366 2337 1572 2389 Palantes]
1615 2338 1701 2377 Fea
1739 2338 1783 2377 et
1816 2337 1929 2376 Voss
1966 2336 2076 2375 mire
2108 2333 2164 2374 de

1286 2401 1449 2450 bobus,
1481 2399 1636 2441 Miiller
1664 2399 1692 2440 l.
1720 2398 1748 2438 1.
1774 2399 1829 2438 de
1851 2399 1997 2438 ovium
2020 2397 2166 2448 gregi-

1286 2464 1371 2504 bus
1414 2462 1743 2509 intellexerunt,
1791 2471 1894 2500 cum
1931 2459 2165 2499 manifesto

1287 2526 1489 2565 homines
1532 2535 1614 2576 per
1651 2523 1782 2564 silvas
1826 2524 1910 2562 iter
1951 2522 2166 2562 facientes

1288 2599 1339 2628 30
1368 2589 1490 2627 10013
1518 2587 1589 2626 via
1620 2586 1879 2626 deerrantes
1913 2583 2166 2635 significen—

1287 2652 1378 2698 tur,
1412 2651 1460 2688 ut
1491 2649 1802 2688 demonstrant
1829 2658 1900 2687 vv.
1923 2647 1994 2687 Ille
2011 2668 2029 2674 -
2048 2668 2067 2674 -
2083 2646 2161 2685 hic.

1292 2734 1336 2739 —
1367 2711 1546 2762 utrique]
1591 2709 1671 2749 Alii
1700 2711 1912 2758 utrisque,
1960 2710 2004 2748 et
2047 2709 2166 2747 amat

1288 2774 1331 2812 in
1369 2773 1453 2812 hoc
1481 2784 1524 2810 v.
1556 2772 1758 2811 Horatius
1789 2781 2026 2812 numerum
2064 2769 2166 2822 plu-

1288 2834 1446 2884 ralem,
1480 2836 1528 2874 ut
1550 2836 1636 2874 Sat.
1663 2835 1706 2883 1,
1741 2833 1789 2883 8,
1822 2834 1888 2872 25.
1921 2844 2002 2884 pro
2021 2837 2167 2873 utras-

1289 2909 1366 2948 que
1385 2908 1499 2938 unus
1530 2897 1798 2936 Kirchnerus
1819 2895 1986 2936 mavolt
2005 2900 2166 2935 utram-

1290 2970 1381 3009 que.

1345 3020 1491 3061 51-56.
1527 3019 1916 3071 variis-partibus]
1950 3021 2166 3071 «Uterque

1291 3084 1456 3135 pariter
1487 3085 1626 3132 errat,
1674 3082 1755 3123 sed
1782 3083 1826 3122 in
1856 3093 1909 3122 eo
1940 3082 2168 3122 dumtaxat

1291 3146 1564 3196 discrepant,
1612 3144 1731 3196 quod
1761 3144 1959 3184 diversas
1989 3145 2033 3184 in
2061 3155 2168 3196 par-

1290 3210 1357 3248 tes
1388 3218 1411 3246 a
1442 3209 1564 3247 recto
1605 3208 1778 3247 tramite
1810 3206 2026 3255 abeunt3»
2072 3208 2165 3248 sine

1290 3270 1500 3320 imagine:
1551 3270 1752 3309 «diverso
1793 3269 1974 3320 quidem
2004 3268 2162 3318 modo,

1291 3332 1371 3372 sed
1400 3343 1542 3383 aeque
1565 3334 1713 3372 errant
1741 3331 1859 3372 stulti
1889 3341 2090 3370 omnes.»
2117 3354 2162 3360 —

1289 3395 1363 3434 hoc
1393 3399 1429 3434 tc
1449 3417 1472 3423 -
1491 3396 1627 3444 modo]
1658 3395 1777 3434 Haec
1806 3393 2079 3445 respondent
2108 3391 2165 3433 illi

358 3459 481 3499 doxis
511 3458 600 3498 suis
630 3457 762 3497 Stoici
797 3466 978 3506 semper
1015 3456 1229 3506 praemit-
1296 3457 1409 3497 Velut
1453 3459 1506 3507 (v.
1543 3456 1645 3507 48.).
1693 3477 1740 3485 —
1786 3456 1966 3495 caudam
2008 3454 2163 3506 trahat]

358 3525 451 3560 tere
483 3519 699 3561 solebant.
735 3541 780 3547 -
814 3517 941 3569 tenet]
982 3518 1225 3568 «κατέχει,

1291 3529 1398 3558 non:
1435 3520 1687 3569 «tamquam
1707 3517 1841 3564 bos,»
1868 3520 1917 3558 ut
1938 3518 2165 3570 exponunt
