2231 3787
195 182 296 233 780

994 185 1207 227 HORATII

265 315 317 367 Si
358 313 649 368 defendere
688 313 941 369 delictum
979 333 1141 387 quam
1182 324 1392 370 vertere
1432 315 1646 377 11131105,

261 414 472 468 Ν111111111
510 414 649 469 111113
686 415 913 470 verbum
952 425 1042 469 aut
1080 434 1302 487 operam
1342 416 1645 470 insumebat
1684 416 1922 478 inanem,

261 517 402 581 Quin
441 517 557 570 sine
599 516 748 570 rivali
788 525 950 587 teque
991 525 1043 570 et
1082 525 1170 570 tua
1210 517 1357 571 solus
1398 535 1624 571 amares.

258 618 346 670 vir
384 617 558 671 bonus
599 626 651 671 et
689 617 927 688 prudens
967 635 1158 671 versus
1198 618 1562 689 reprehendet
1600 619 1825 682 inerteS‚

1911 619 2012 671 445

260 719 507 790 Culpabit
545 719 736 780 duros,
780 718 1062 789 incomptis
1103 718 1302 773 adlinet
1340 728 1514 773 atrum

298 861 389 901 443.
422 860 604 900 sumebat
621 861 740 911 Regii
762 862 938 912 septem
959 863 1003 901 et
1023 861 1075 901 Ct
1107 862 1372 911 (nostrorum
1397 861 1569 913 nullus).
1600 886 1643 890 —
1669 860 1764 902 445.
1788 873 1957 913 repren-

241 924 298 961 dic
330 923 417 972 (sic)
451 923 498 971 S,
531 923 790 972 reprehendit
821 923 864 971 d,
896 924 1194 973 reprehendaet
1225 923 1318 975 (sic)
1352 925 1398 963 T.
1427 947 1470 952 —
1497 923 1589 964 446.
1618 924 1810 974 Culpavit
1839 925 1880 964 S.
1910 948 1953 952 —-

241 984 333 1025 447.
370 985 617 1024 Transverso
648 984 816 1037 chdp,
852 986 952 1033 LCt,
987 984 1224 1034 Bentleius,
1258 987 1295 1026 J.
1322 988 1386 1038 (Ut
1416 997 1518 1035 nos,

186 1106 389 1156 χάλκευε
418 1105 655 1162 γλῶσσαν.
711 1111 874 1161 (Ipsum
905 1109 1066 1150 Pinda-

185 1183 284 1211 rum
314 1175 445 1212 vocat
484 1168 692 1225 εὐαγέων
733 1171 846 1223 (bene
875 1176 1067 1212 tornato-

183 1234 296 1285 rum)
325 1228 479 1288 βαρὺν
501 1228 664 1286 ὓμνων
686 1231 956 1282 χαλκευτὰν
977 1236 1066 1274 An-

185 1296 344 1347 tipater
382 1295 530 1335 Sidon.
568 1295 741 1336 Anthol.
778 1295 911 1336 Palat.
948 1297 978 1336 Ι.
1020 1307 1062 1348 p.

184 1358 295 1407 317.)
328 1357 450 1397 Ovid.
476 1359 601 1398 Trist.
629 1359 672 1406 11,
709 1358 758 1407 7,
790 1358 857 1397 29.
892 1358 946 1398 de
973 1359 1067 1399 Me-

184 1420 531 1471 tamorphoseon
562 1431 723 1471 opere:
755 1419 950 1460 Ablatum
977 1432 1066 1460 me-

183 1483 261 1521 diis
289 1494 390 1532 opus
419 1487 475 1522 esc
504 1483 720 1523 incudibus
749 1483 875 1531 illud,
923 1483 1066 1534 Defuit

184 1549 222 1585 et
241 1546 404 1595 scriptis
423 1545 574 1584 <ultima
590 1545 692 1585 lima
706 1546 819 1585 meis.
840 1545 1060 1597 Aristoph.

183 1607 453 1659 Thesmoph.
480 1607 543 1648 54.
572 1608 626 1648 de
648 1609 897 1659 Agathone:
930 1604 989 1648 τὰ
1014 1606 1065 1648 δὲ

182 1664 308 1722 (ἔπη)
340 1667 574 1726 vormatiae,
608 1666 665 1709 τὰ
686 1668 736 1710 δὲ
766 1669 1060 1724 κολλομελεῖ.

182 1730 305 1770 Plato
337 1732 524 1771 phaedr.
549 1744 592 1807 p.
616 1732 710 1773 234.
731 1734 787 1772 E:
822 1746 960 1785 σαφη
983 1733 1063 1773 καὶ

182 1791 455 1850 στρογγύλα
497 1795 579 1835 καὶ
623 1791 835 1865 ἀκριβῶς
884 1790 1064 1836 ἕκαστα

182 1854 274 1895 τῶν
333 1851 588 1909 &vociducas
647 1852 1059 1915 ἀποτετόρνευται.

180 1920 386 1959 Isocratis
428 1923 471 1960 et
510 1919 700 1961 Platonis
738 1918 873 1974 λόγοι
904 1933 927 1961 3
959 1923 1063 1961 Dio—

181 1982 308 2032 nysio
339 1981 474 2023 Halic.
509 1984 554 2023 T.
584 1985 623 2023 2.
658 1996 699 2035 p.
730 1984 822 2024 346.
858 1985 1064 2025 dicuntur

179 2043 410 2097 γλυπτοῖς
439 2046 519 2084 καὶ
559 2050 802 2103 τορευτοῖς
833 2044 1059 2098 ἐοικότες.

180 2108 380 2158 Propert.
417 2107 464 2155 3,
499 2108 573 2155 32,
597 2107 674 2148 43:
708 2110 845 2159 Incipe
873 2111 959 2150 iam
989 2122 1061 2150 an-

178 2173 296 2219 qusto
324 2180 468 2208 versus
488 2170 697 2210 includere
717 2175 852 2211 torno.
888 2171 993 2212 Gell.
1019 2173 1057 2222 9,

179 2231 228 2280 8,
261 2230 305 2270 4:
351 2232 552 2271 sententia
581 2233 815 2272 detor-nata.
865 2235 1061 2285 Guyetus

180 2294 224 2331 et
253 2291 498 2341 Bentleius,
537 2292 666 2334 falsas
698 2306 802 2334 cum
833 2297 1061 2336 coniectu-

177 2365 251 2394 ras
283 2356 608 2405 excogitarent.
651 2367 737 2396 non
779 2358 884 2398 satis
915 2361 1060 2398 atten-

180 2416 340 2455 derunt
369 2416 425 2456 ad
445 2429 486 2456 v,
513 2416 616 2457 illud
648 2420 880 2470 proprium
911 2421 1057 2470 delere,

179 2489 265 2529 quo
297 2480 449 2530 po‘e'ta,
498 2490 552 2518 ne
593 2480 871 2522 diversarum
903 2483 1059 2533 imagi-

178 2551 285 2580 num
316 2541 507 2580 oriretur
539 2542 762 2592 confusio,
797 2544 852 2583 de
884 2556 968 2595 qua
1001 2545 1058 2585 illi

178 2603 409 2652 conquesti
440 2605 564 2653 sunt,
600 2605 705 2644 satis
727 2606 930 2656 providit.
965 2608 1057 2647 Iam

176 2666 368 2704 Britanni
399 2667 653 2706 coniectura
690 2672 808 2707 natos
837 2670 1059 2719 significa—

176 2729 243 2766 ret
287 2738 383 2766 rem
422 2739 606 2779 prorsus
652 2729 874 2771 fortuitam
913 2734 957 2771 et
996 2736 1057 2772 ter

176 2793 296 2828 natos
335 2790 440 2829 satis
478 2791 742 2831 inconcinne
785 2792 954 2833 dictum
991 2795 1056 2833 vi-

176 2850 318 2890 detur.
366 2853 586 2902 Perquam
617 2864 725 2893 vero
767 2852 945 2905 languet
975 2867 1056 2907 pe-

175 2912 464 2962 destremque
496 2915 742 2955 orationem
770 2916 900 2957 nimis
920 2918 1056 2958 redo-

175 2974 234 3014 let
255 2975 412 3024 Guyeti
439 2976 661 3025 formatos,
695 2988 720 3016 a
752 2978 950 3019 Gonodio
980 2991 1055 3020 re-

175 3039 370 3087 ceptum,
396 3048 483 3087 quo
500 3037 638 3077 verbo
659 3039 693 3078 si
723 3039 927 3081 Horatius
946 3052 1054 3082 usus

175 3100 312 3147 esset,
365 3110 496 3138 nemo
541 3110 739 3150 unquam
783 3101 825 3140 in
869 3105 1056 3142 tornatos

174 3162 413 3209 mutasset,
454 3160 533 3201 sed
565 3160 620 3200 illi
658 3164 747 3201 tam
778 3163 962 3212 triviale,
1007 3166 1055 3204 ut

174 3233 276 3261 cum
312 3222 515 3262 Iuvenale
555 3222 730 3275 loquar,
772 3224 961 3264 verbum
1003 3237 1053 3265 o-

175 3295 300 3324 mnes
333 3286 553 3336 patienter
591 3286 888 3338 reliquissent.
942 3287 1052 3328 Nihil

175 3348 324 3386 tamen
354 3348 401 3386 ut
430 3343 627 3397 taceam,
663 3349 816 3389 Gonod
847 3359 932 3389 non
957 3350 1052 3391 sine

1552 986 1610 1036 S.)
1639 1010 1682 1015 —
1717 985 1812 1027 448.
1845 987 1955 1038 coyil

1131 1108 1238 1150 locis
1282 1122 1306 1150 3
1345 1109 1542 1150 Bentleio
1582 1109 1778 1152 collectis
1819 1111 1883 1162 (p.
1914 1109 2008 1151 704.

1131 1173 1209 1213 Ed.
1259 1172 1501 1214 Amstelod.
1540 1173 1690 1223 4728.)
1737 1185 1790 1213 ex
1835 1172 2011 1213 Sidonio

1130 1233 1268 1285 Apoll.
1302 1234 1345 1284 4,
1381 1235 1427 1274 4:
1476 1235 1600 1276 Cuius
1631 1234 1853 1286 (Eusebii)
1879 1235 2013 1285 philo-

1129 1296 1299 1346 sophica
1327 1298 1472 1337 incude
1499 1298 1726 1349 formatus,
1760 1309 1813 1337 ac
1833 1299 2012 1349 specio-

1131 1358 1221 1398 sius
1253 1359 1387 1398 etiam
1417 1359 1462 1408 9,
1503 1359 1575 1398 l13:
1623 1360 1863 1399 Horatiana
1891 1361 2012 1400 incu-

1130 1421 1178 1458 de
1208 1419 1411 1470 formatos
1438 1420 1745 1471 Asclepiadeos,
1778 1423 2011 1473 praeterea

1128 1483 1316 1523 Acronis
1355 1483 1760 1534 Porphyrionisque
1801 1482 2007 1533 Scholiis,

1129 1547 1173 1585 in
1204 1545 1367 1597 quibus
1388 1547 1540 1598 utique
1563 1547 1746 1586 utuntur
1760 1546 1900 1587 verbo
1918 1548 2011 1598 for-

1128 1612 1285 1656 matos,
1319 1609 1361 1647 in
1391 1607 1601 1649 lemmate
1632 1611 1781 1649 autem
1801 1611 2007 1662 uterque,

1130 1671 1263 1710 etlam
1294 1671 1336 1710 in
1358 1671 1672 1722 Porphyrionis
1703 1671 1780 1712 Ed.
1808 1673 2009 1724 principe

1128 1733 1296 1772 Veneta
1319 1732 1439 1773 1481.
1467 1738 1655 1773 tornatos
1683 1744 1789 1785 prae
1821 1745 1870 1774 se
1901 1735 2006 1783 fert3

1129 1795 1248 1847 apud
1293 1795 1519 1836 Sidonium
1564 1798 1713 1836 autem
1762 1798 2007 1848 posteriore

1129 1856 1287 1897 saltem
1317 1856 1412 1897 loco
1434 1857 1503 1897 vel
1534 1855 1742 1910 σφάλμα
1770 1872 2008 1912 μνημονι-

1128 1915 1216 1958 κὸν
1256 1919 1323 1959 vel
1369 1931 1493 1959 mera
1538 1920 1695 1961 subest
1739 1920 2004 1973 corruptela.

1129 1983 1338 2022 Ceterum
1370 1983 1459 2021 tota
1489 1982 1672 2023 Bentleii
1710 1983 1765 2024 de
1796 1984 1881 2023 hoc
1910 1982 2007 2024 loco

1128 2044 1389 2096 disputatio,
1451 2055 1727 2096 quamquam
1770 2045 2007 2087 lectionem

1128 2106 1407 2147 falsissimam
1451 2106 1531 2158 (ter
1561 2107 1698 2159 natos)
1743 2108 2003 2159 defendens,

1126 2180 1206 2220 per
1242 2180 1289 2209 se
1329 2171 1525 2220 spectata
1561 2181 1746 2221 prorsus
1777 2172 2005 2223 egregium

1126 2242 1330 2271 summae
1375 2233 1625 2282 sagacitatis
1662 2232 2005 2285 subtilitatisque

1125 2294 1354 2345 specimen
1371 2295 1504 2346 atque
1523 2293 1752 2346 exemplar
1766 2295 1873 2335 mihi
1888 2307 2006 2336 sem-

1124 2367 1205 2407 per
1235 2357 1379 2396 visum
1400 2358 1480 2396 est.
1523 2356 1726 2408 (Copiose
1748 2359 1897 2398 autem
1918 2359 2003 2398 Fea

1123 2418 1329 2459 refutavit
1371 2418 1618 2459 Bentleium
1657 2421 2003 2462 contendentem

1123 2486 1290 2522 tornum
1322 2484 1367 2522 et
1395 2483 1585 2522 incudem
1620 2493 1719 2523 esse
1750 2494 1823 2524 res
1854 2483 2003 2523 diver-

1124 2555 1219 2593 sas,
1267 2555 1381 2596 quae
1426 2545 1632 2595 coniungi
1675 2556 1762 2585 non
1804 2545 1998 2597 possint;

1123 2616 1269 2656 neque
1300 2617 1408 2646 vero
1430 2606 1499 2646 vel
1527 2618 1665 2647 unum
1685 2607 1804 2658 apud
1824 2609 2001 2648 veteres

1123 2669 1363 2720 scriptores
1394 2668 1541 2709 locum
1573 2671 1769 2719 exstare,
1803 2680 1890 2721 quo
1917 2674 2002 2709 tor—

1120 2743 1198 2771 uus
1237 2730 1424 2771 metallis
1465 2730 1746 2772 elaborandis
1783 2730 2000 2772 adhibea-

1122 2796 1205 2833 tur.
1252 2795 1334 2833 Fea
1366 2793 1494 2833 affert
1513 2794 1680 2832 Vitruv.
1707 2793 1772 2843 40,
1797 2793 1868 2833 42:
1901 2795 1980 2834 Em

1120 2856 1200 2895 boli
1236 2856 1410 2895 masculi
1445 2867 1498 2895 ex
1538 2867 1656 2904 aere,
1703 2860 1822 2896 torno
1845 2857 1995 2908 politi,

1121 2920 1164 2957 et
1207 2918 1500 2957 instrumenta
1545 2919 1748 2969 antiqua,
1800 2917 1856 2958 ab
1901 2920 1997 2971 ipso

1119 2980 1283 3019 Romae
1305 2980 1429 3029 visa.)
1452 3001 1494 3008 —
1519 2980 1690 3032 vertere]
1711 2979 1767 3020 ab
1786 2991 1856 3029 eo,
1876 2981 1996 3032 quod

1119 3040 1329 3081 dicebant
1357 3043 1496 3082 stilum
1516 3047 1695 3083 vertere:
1733 3044 1930 3083 «mutare
1953 3045 1997 3083 et

1119 3104 1384 3154 corrigere.»
1412 3128 1455 3134 —
1483 3105 1590 3154 Quin
1609 3104 1854 3156 --amares]
1880 3106 1995 3145 Pen-

1119 3166 1226 3205 dent
1264 3166 1375 3205 haec
1413 3178 1465 3206 ex
1502 3167 1678 3206 notione
1709 3166 1991 3218 prohibendi,

1119 3239 1232 3278 quae
1277 3229 1392 3268 inest
1431 3228 1472 3268 in
1503 3228 1652 3269 verbis
1680 3229 1851 3269 Nullum
1878 3230 1993 3269 ultra

1115 3291 1286 3330 verbum
1317 3293 1400 3330 cet.
1436 3292 1522 3330 Sat.
1547 3292 1586 3341 2,
1611 3290 1650 3340 3,
1675 3290 1747 3332 42:
1780 3292 1840 3331 nil
1861 3291 1989 3341 verbi,

1112 3363 1262 3401 pereas
1283 3353 1382 3403 quin
1400 3352 1579 3404 fortiter,
1604 3354 1772 3393 addam.
1805 3352 1869 3393 Ad
1891 3364 1990 3394 sen-

172 3406 316 3459 311003
337 3410 428 3449 veri
460 3412 630 3463 specie,
666 3411 834 3453 fortiter
854 3412 1049 3453 innititur
1119 3414 1299 3455 tentiam
1330 3414 1445 3456 cons.
1470 3415 1559 3456 Cic.
1585 3414 1639 3455 ad
1661 3416 1745 3456 Att.
1767 3413 1831 3464 44,
1854 3415 1922 3464 20,
1946 3416 1986 3455 2:
