2231 3787
1866 265 1966 314 805

153 397 336 444 Quando
369 400 596 448 repostum
630 397 885 437 Caecubum
916 397 969 436 ad
1004 398 1135 437 festas
1167 398 1303 449 dapes
1338 398 1471 449 Epod.
1508 401 1544 436 ti.

151 460 369 506 Quantum
403 460 532 498 distet
565 459 620 498 ab
655 461 815 500 inacho
847 459 924 498 Od.
960 461 1028 499 111.
1064 461 1127 499 49.

150 524 290 568 Quem
324 525 388 568 iu,
421 521 725 573 Melpomene,
759 522 897 562 semel
930 522 1007 561 Od.
1044 523 1109 562 IV.
1145 522 1182 561 3.

150 587 291 631 Quem
322 585 463 622 virum
497 587 570 623 aut
602 585 735 623 heroa
768 584 859 634 lyra
894 584 958 624 vel
990 587 1078 625 acri
1110 585 1187 625 Od.
1224 587 1252 625 1.
1289 587 1354 625 42.

149 646 260 694 Quid
292 644 528 685 bellicosus
560 646 782 685 Cantaber
814 649 855 686 et
887 648 1072 697 Scythes
1103 648 1181 687 Od.
1216 649 1264 687 11.
1302 649 1366 687 Μ.

148 707 259 755 Quid
290 707 545 747 dedicatum
578 710 717 760 poscit
754 707 999 760 Apollinem
1031 710 1108 749 Od.
1144 712 1173 749 1.
1208 711 1274 749 31.

149 771 258 818 Quid
293 771 395 817 iles,
429 772 620 817 Asterie,
655 782 789 821 quem
822 771 896 810 tibi
931 773 1103 812 candidi
1137 773 1213 811 Od.
1249 775 1315 812 lli.
1349 774 1387 811 7.

149 833 259 882 Quid
292 835 579 874 immerentes
611 834 808 885 hospites
841 845 974 873 vexas
1006 835 1125 874 canis
1158 835 1294 885 Epod.
1330 835 1367 873 6.

149 895 258 943 Quid
292 895 366 934 tibi
397 896 484 943 vis,
519 895 678 935 mulier
708 897 841 945 nigris
873 896 1127 946 dignissima
1163 897 1301 935 barris
1333 896 1467 947 lipod.
1508 897 1564 935 ¹2.

148 958 252 1006 Quis
282 957 504 997 desiderio
536 958 589 997 sit
619 957 762 1009 pudor
793 960 865 997 aut
899 958 1056 998 modus
1089 958 1166 997 Od.
1202 960 1231 996 Ι.
1266 957 1332 997 ⁶24..

148 1021 252 1068 Quis
284 1019 419 1060 multa
451 1019 624 1070 gracilis
657 1024 698 1060 te
729 1031 840 1072 puer
873 1021 913 1060 in
947 1032 1043 1060 rosa
1075 1020 1152 1060 Od.
1183 1021 1211 1059 1.
1236 1021 1274 1059 ὃ,

148 1085 241 1130 Quo
273 1093 367 1130 me,
402 1084 595 1130 Bacche,
630 1085 747 1135 rapis
779 1085 838 1122 tui
870 1082 948 1123 Od.
983 1084 1051 1122 111.
1085 1084 1151 1122 ⁶25.

148 1150 263 1193 Quo,
298 1156 385 1196 quo
416 1145 592 1186 scelesti
623 1147 783 1186 ruitis‘?
818 1148 892 1185 aut
922 1157 1001 1184 cur
1030 1145 1224 1185 dexteris
1257 1144 1392 1196 Epod.
1428 1145 1465 1182 7.

146 1209 321 1248 Rectius
352 1210 492 1257 vives,
528 1210 682 1256 Licini,
716 1220 862 1260 neque
894 1207 1028 1248 altum
1061 1207 1139 1247 Od.
1165 1208 1212 1246 11.
1240 1208 1305 1246 ⁴0.

140 1271 313 1321 Rogare
345 1270 473 1321 longo
504 1271 702 1322 putidam
735 1274 775 1311 te
810 1269 960 1311 seculo
992 1270 1131 1322 Epod.
1165 1270 1204 1310 8.

146 1332 359 1373 Scriberis
392 1335 520 1373 Vario
552 1334 674 1374 sortis
706 1336 749 1373 et
779 1334 973 1374 hostium
1004 1332 1082 1372 Od.
1114 1333 1144 1371 l.
1179 1333 1217 1372 6.

145 1396 349 1447 Septimi,
383 1397 525 1436 Gades
556 1396 728 1436 aditure
760 1406 938 1435 mecum
969 1397 1012 1435 et
1043 1395 1120 1434 Od.
1154 1396 1201 1434 11.
1232 1394 1270 1432 6.

145 1459 214 1498 Sic
247 1460 286 1498 te
317 1459 417 1498 diva
448 1461 605 1510 potens
641 1459 774 1510 Cypri
805 1458 884 1497 Od.
919 1459 949 1497 I.
983 1457 1021 1496 3.

144 1519 334 1561 Solvitur
363 1522 476 1560 acris
507 1521 650 1561 hiems
680 1523 802 1571 grata
833 1521 927 1559 vice
959 1520 1075 1560 veris
1106 1521 1147 1559 et
1177 1517 1335 1556 Favoni
1367 1516 1444 1556 Od.
1478 1517 1509 1555 1.
1544 1515 1582 1556 li.

144 1583 202 1623 Te
234 1583 367 1623 maris
399 1586 442 1622 et
472 1585 616 1622 terrae
649 1593 926 1633 numeroque
959 1582 1148 1621 carentis
1180 1589 1343 1618 arenae
1375 1577 1453 1618 od.
1488 1579 1517 1617 1.
1551 1579 1618 1618 28.

144 1646 205 1684 Tu
236 1656 290 1684 ne
322 1646 588 1695 quaesieris,
623 1646 738 1685 scire
770 1645 915 1693 nefas,
949 1652 1083 1694 quem
1115 1641 1241 1688 mibi,
1276 1651 1411 1691 quem
1442 1639 1517 1679 tibi
1549 1638 1627 1679 od.
1663 1641 1692 1679 1.
1729 1641 1794 1680 ⁴1.

143 1707 370 1757 Tyrrhena
401 1718 557 1757 regum
588 1708 848 1758 progenies,
881 1705 956 1745 tibi
987 1703 1064 1744 Od.
1100 1704 1167 1742 111.
1206 1703 1271 1742 29.

143 1768 230 1811 Ulla
262 1770 298 1809 si
328 1770 432 1810 iuris
462 1768 539 1808 tibi
571 1770 755 1820 peierati
785 1768 863 1807 Od.
899 1768 948 1805 11.
981 1767 1021 1806 8.

143 1833 256 1872 Uxor
285 1833 493 1883 pauperis
524 1831 647 1882 Ibyci
678 1831 756 1871 Od.
791 1831 857 1868 111.
894 1830 957 1868 45.

143 1893 277 1933 Velox
308 1905 549 1934 amoenum
580 1905 714 1945 saepe
737 1890 999 1931 Lucretilem
1031 1892 1109 1932 Od.
1144 1893 1174 1931 1.
1202 1892 1266 1930 47.

143 1956 297 2004 Vides,
330 1959 378 1995 ut
406 1956 490 1996 alta
521 1959 607 1996 stet
638 1956 733 1993 nive
766 1953 1004 2004 candidum
1035 1955 1115 1994 Od.
1149 1955 1179 1994 1.
1215 1954 1252 1993 9.

142 2019 234 2059 Vile
266 2018 439 2070 potabis
471 2017 654 2059 modieis
685 2015 896 2055 Sabinum
928 2015 1006 2055 Od.
1040 2017 1071 2056 1.
1103 2016 1170 2056 ΞΟ.

141 2082 260 2122 Vitas
290 2080 496 2121 hinnuleo
527 2091 598 2119 me
629 2077 806 2126 similis,
841 2078 976 2119 Chloe
1008 2079 1085 2119 Od.
1120 2080 1150 2119 1.
1185 2079 1250 2119 23.

140 2145 234 2184 Vixi
264 2143 419 2196 puellis
451 2153 593 2194 nuper
624 2141 810 2181 idoneus
841 2140 919 2180 Od.
956 2142 1022 2180 111.
1056 2142 1123 2180 26.

843 2275 891 2314 11.
926 2274 1240 2314 SATIRARUM.

137 2393 487 2434 Ambubaiarum
520 2390 723 2442 collegia,
756 2390 1129 2442 pharmacopolae
1160 2389 1252 2430 Lib.
1287 2391 1319 2429 1.
1352 2390 1392 2429 ¹2.

138 2457 376 2507 Egressum
406 2465 564 2505 magna
596 2464 667 2493 me
699 2454 873 2504 excepit
902 2454 1045 2493 Aricia
1074 2454 1210 2492 Roma
1243 2451 1335 2492 Lib.
1368 2453 1399 2491 I.
1433 2453 1473 2492 5.

137 2517 314 2569 Eupolis
344 2519 476 2567 atque
509 2517 712 2556 Cratinus
741 2516 1148 2567 Aristophanesque
1180 2517 1338 2566 poetae
1370 2513 1461 2554 Lib.
1495 2515 1525 2553 1.
1562 2515 1600 2554 4.

138 2581 231 2619 Hoc
262 2581 358 2618 erat
388 2579 429 2617 in
460 2579 601 2618 votis:
644 2578 804 2618 modus
835 2578 1045 2645 Qriqion
1077 2577 1133 2616 ita
1166 2587 1353 2628 magnus
1385 2576 1477 2616 Lib.
1512 2578 1561 2616 11.
1594 2576 1634 2615 6.

138 2642 231 2681 Hoc
262 2652 462 2692 quoque,
496 2641 685 2689 Tiresia,
719 2641 896 2692 praeter
926 2641 1101 2679 narrata
1132 2640 1298 2690 petenti
1331 2638 1422 2678 Lib.
1456 2639 1505 2677 11.
1538 2639 1577 2677 5.

136 2702 403 2743 Iamdudum
433 2701 632 2742 ausculto
653 2704 707 2741 -et
737 2702 920 2753 cupiens
951 2700 1029 2740 tibi
1060 2700 1208 2740 dicere
1240 2711 1397 2740 servus
1428 2699 1520 2739 Lib.
1555 2701 1604 2738 11.
1638 2699 1677 2737 7.

137 2765 262 2805 lbam
292 2765 402 2805 forte
432 2766 501 2804 via
534 2765 691 2812 Sacra,
725 2765 837 2804 sicut
867 2774 994 2802 meus
1026 2764 1094 2801 est
1122 2772 1219 2802 mos
1250 2761 1341 2801 Lib.
1376 2763 1407 2801 Ι.
1442 2762 1481 2801 9.

137 2829 307 2878 Nempe
338 2827 628 2878 incomposito
660 2826 746 2866 dixi
776 2825 891 2877 pede
923 2834 1102 2864 currere
1135 2834 1291 2864 versus
1322 2823 1414 2863 Lib.
1449 2825 1480 2863 1.
1516 2823 1580 2862 40.

137 2890 232 2929 Non
263 2890 387 2940 quia,
420 2891 674 2937 Maecenas,
708 2888 932 2939 Lydorum
965 2885 1179 2938 quidquid
1210 2886 1420 2925 Etruscos
1451 2884 1543 2925 Lib.
1577 2886 1607 2923 1.
1642 2884 1679 2923 6.

138 2950 249 2991 Olim
278 2954 460 2992 truncus
490 2963 613 2992 eram
643 2950 853 2998 ficulnus,
887 2949 1036 2990 inutile
1067 2949 1232 3001 lignum
1263 2948 1354 2988 Lib.
1389 2949 1420 2987 1.
1453 2949 1493 2988 8.

138 3012 350 3054 Omnibus
380 3014 464 3053 hoe
492 3014 647 3054 vitium
677 3015 745 3053 est
774 3011 1051 3061 cantoribus,
1086 3012 1200 3051 inter
1230 3011 1397 3050 amicos
1428 3009 1520 3050 Lib.
1555 3011 1586 3049 1.
1621 3009 1658 3049 3.

137 3076 375 3127 Proscripti
405 3076 532 3127 Regis
563 3074 701 3127 Rupili
730 3086 814 3127 pus
844 3077 978 3125 atque
1007 3084 1232 3114 venenum
1262 3073 1355 3113 Lib.
1387 3074 1419 3112 l.
1452 3072 1491 3112 7.

139 3138 260 3186 Quae
290 3139 428 3178 virtus
459 3140 503 3178 et
532 3139 716 3189 quanta,
750 3136 877 3184 boni,
911 3137 966 3176 sit
995 3136 1145 3176 vivere
1177 3146 1314 3187 parvo
1345 3133 1437 3175 Lib.
1472 3135 1522 3175 11.
1556 3135 1595 3174 2.

139 3201 221 3247 Qui
251 3199 320 3247 fit,
353 3201 608 3247 Maecenas,
641 3201 688 3238 ut
718 3209 874 3246 nemo,
911 3208 1045 3249 quam
1077 3197 1159 3237 sibi
1191 3199 1360 3237 sortem
1390 3196 1482 3237 Lib.
1517 3198 1546 3236 I.
1583 3197 1620 3234 4.

139 3263 207 3303 Sic
236 3272 336 3302 raro
366 3261 547 3309 scribis,
580 3263 628 3301 ut
656 3263 747 3301 toto
778 3271 866 3300 non
896 3262 1053 3311 quater
1082 3271 1196 3300 anno
1227 3259 1320 3300 Lib.
1355 3261 1405 3299 ΙΙ.
1439 3259 1477 3299 3.

139 3325 268 3373 Sunt,
302 3323 462 3375 quibus
493 3325 536 3363 in
566 3324 698 3373 satira
727 3323 882 3362 videor
914 3322 1041 3362 nimis
1071 3332 1175 3361 acer
1205 3323 1246 3362 et
1277 3320 1390 3361 ultra
1423 3321 1514 3361 Lib.
1548 3321 1597 3359 11.
1636 3320 1670 3358 l.

138 3385 259 3427 Unde
290 3388 334 3425 et
363 3397 450 3438 quo
482 3386 666 3426 Catius?
705 3387 798 3425 Non
829 3387 896 3424 est
925 3384 1031 3424 mihi
1061 3386 1238 3435 tempus
1270 3385 1415 3424 aventi
1445 3382 1536 3422 Lib.
1571 3382 1620 3420 11.
1655 3379 1692 3420 4.

27 3447 58 3492 “··,
140 3449 190 3488 Ut
217 3447 439 3488 Nasidieni
470 3447 577 3487 iuvit
605 3449 648 3487 te
680 3457 819 3488 coena
849 3446 969 3487 beati
998 3446 1091 3486 Lib.
1125 3447 1173 3486 11.
1208 3446 1246 3485 8.
