2231 3787
234 308 333 359 754

1037 302 1252 343 HORATII

302 441 411 492 Nec
450 437 642 489 virtute
682 434 816 487 soret
855 433 1080 487 clarisve
1119 431 1390 502 potentius
1429 429 1591 482 armis

304 542 477 606 Quam
514 537 694 608 lingua
732 535 962 595 Latium,
1007 534 1052 586 si
1098 549 1204 585 non
1243 530 1542 584 offenderet
1577 547 1741 582 unum

305 643 591 711 Quemque
629 643 911 709 poetarum
948 634 1107 687 limae
1145 632 1300 687 labor
1338 641 1391 686 et
1427 648 1595 685 mora.

1953 527 2058 581 290

1671 632 1775 684 Vos
1793 673 1802 693 ,
1844 647 1876 682 o

305 741 598 813 Pompilius
639 738 885 808 sanguis,
928 752 1145 790 carmen
1184 733 1588 805 reprehendite,
1634 731 1781 803 quod
1819 748 1926 785 non

308 844 467 897 Multa
506 842 623 895 dies
663 848 716 892 et
754 837 919 891 multa
957 837 1115 890 litura
1154 835 1394 889 coercuit
1432 844 1593 906 atque

343 1018 437 1058 ⁶289.
462 1016 669 1062 clarisque
687 1014 734 1052 B.
765 1035 808 1039 —
833 1011 928 1051 292.
951 1010 1186 1060 reprendite
1206 1010 1268 1048 BS
1300 1010 1401 1060 (non
1430 1008 1583 1057 chd).
1610 1031 1656 1036 —
1680 1007 1775 1048 294.
1801 1011 2002 1058 psect-wm,

290 1086 330 1133 (p
353 1091 456 1121 cum
475 1077 634 1118 lineola
664 1075 988 1127 superscripta,
1024 1072 1067 1112 id
1098 1073 1185 1120 est,
1213 1071 1488 1121 praesectum)
1522 1072 1569 1118 B,
1594 1069 1747 1110 Bland.
1771 1070 2001 1120 antiquiss.

234 1238 425 1279 illustres
468 1235 547 1274 viri
588 1236 688 1284 toga
718 1232 947 1283 praetexta
977 1228 1117 1268 induti

234 1302 277 1340 in
298 1301 350 1340 iis
373 1297 585 1350 agebant,
619 1297 752 1345 atque
775 1292 1003 1344 oppositas
1025 1303 1117 1332 cre-

230 1362 386 1413 pidalis
415 1358 663 1411 argumenti
694 1356 873 1403 Graeci,
921 1355 1116 1405 scripse—

232 1426 337 1465 runt
361 1422 580 1475 imprimis
602 1418 819 1460 Pacuvius
839 1416 1049 1468 (Paulum)
1073 1417 1118 1455 et

232 1487 392 1528 Accius
413 1485 608 1537 (Brutum
625 1485 668 1522 et
684 1479 892 1531 Decium).
920 1480 1115 1519 Primum

232 1551 391 1591 fecisse
421 1547 699 1601 praetextam
729 1542 982 1595 (Romulum)
1007 1543 1118 1582 Nae-

231 1614 354 1653 vium
378 1611 529 1652 docuit
544 1608 732 1649 Grauert
753 1604 916 1657 (Philol.
936 1604 1118 1645 Schnei-

233 1676 343 1716 dew.
366 1676 418 1714 ΙΙ.
441 1686 484 1726 p.
510 1673 588 1712 445
613 1681 711 1722 sqq.
732 1668 853 1709 Falsa
877 1669 1026 1707 autem
1050 1669 1118 1707 est

233 1737 431 1779 Lerschii
462 1735 609 1788 opinio
643 1734 686 1772 in
717 1733 872 1773 Museo
904 1731 1116 1771 Rhenano

235 1801 300 1840 VI.
324 1799 363 1840 4.
393 1811 437 1851 p.
473 1798 567 1838 509.
601 1806 766 1835 nomen
797 1793 915 1835 istud
945 1793 1117 1833 ducen-

232 1862 341 1901 dum
372 1871 470 1901 esse
512 1871 537 1898 a
566 1870 610 1897 V.
639 1861 910 1906 praetexere,
950 1854 1116 1895 scilicet

231 1933 438 1969 scenam;
479 1931 578 1961 6556
620 1919 751 1969 igitur
783 1915 1028 1963 «fabulam,
1071 1918 1115 1955 in

231 1997 316 2036 qua
340 1994 476 2024 scena
496 1982 826 2034 praetexatur.»
854 2002 897 2007 «-
925 1978 1112 2029 docuere]

228 2050 278 2087 ut
307 2046 462 2087 Graeci
493 2044 548 2084 de
578 2043 721 2095 poetis
763 2041 953 2081 scenicis
982 2037 1114 2080 διδά-

229 2121 362 2149 σκειν
392 2107 629 2158 usurpant,
666 2104 768 2155 quia
799 2105 930 2154 poeta
953 2114 1112 2155 reapse

228 2172 398 2212 docebat
418 2169 657 2209 histriones
680 2168 723 2206 et
744 2166 955 2214 chorum,
991 2167 1115 2205 ante-

229 2244 365 2286 quam
395 2229 593 2272 fahulam
631 2230 774 2277 daret,
821 2229 969 2268 ederet.
1020 2229 1110 2268 Cic.

227 2297 348 2336 Brut.
376 2295 441 2343 48,
465 2294 540 2332 72:
575 2291 716 2331 Livius
739 2291 908 2340 primus
924 2290 1114 2341 fabulam

227 2381 250 2387 -
267 2380 289 2386 —
309 2357 462 2397 docuit.
485 2377 529 2383 —
549 2352 728 2406 togatas]
753 2352 1010 2393 comoedias
1026 2354 1114 2393 Ro-

229 2420 349 2460 mani
378 2417 650 2469 argumenti,
699 2416 926 2467 oppositas
950 2416 1114 2465 pallia-

229 2483 304 2531 tis,
338 2479 586 2532 argumenti
609 2478 777 2518 Graeci.
823 2479 859 2518 A
879 2479 1114 2528 praetextis

230 2547 274 2584 et
302 2542 555 2584 tabernariis
599 2542 662 2581 sic
691 2544 858 2592 togatas
887 2540 1113 2592 distinguit

230 2604 457 2646 Grauertl.
471 2603 516 2644 l.:
540 2604 840 2655 «praetextae,
861 2603 925 2643 dle
940 2604 1109 2654 hohern,

227 2669 343 2708 mehr
373 2666 606 2718 lraqischen
631 2666 1110 2716 Nationalschauspiele;

229 2731 425 2782 togatae,
466 2729 530 2769 die
573 2728 687 2768 mehr
716 2728 872 2768 heitern
902 2727 1112 2780 burgerli-

228 2793 327 2832 chen
355 2793 480 2832 Lusl—
508 2791 594 2830 und
623 2789 912 2840 Schauspiele,·
958 2789 1112 2830 taber—

229 2854 401 2901 nariae,
446 2853 510 2892 dle
537 2853 683 2891 Possen
714 2862 792 2891 aus
821 2852 912 2890 clem
940 2852 1111 2892 medem

232 2915 492 2955 Volksleben:
523 2914 603 2954 alle
633 2914 723 2954 drei
748 2914 842 2953 dcht
869 2914 957 2952 und
985 2913 1114 2964 0νὶρὶ-

228 2978 302 3018 nal
336 2978 558 3017 romisch.»
619 2977 707 3017 «Et
750 2977 921 3027 togatas
964 2974 1112 3015 Aelius

230 3040 402 3087 Lamia,
435 3040 648 3079 Antonius
679 3038 839 3086 Rufus,
880 3038 959 3078 Cn.
987 3037 1025 3088 (l.
1051 3037 1111 3087 C.)

230 3100 454 3149 Melissus,
491 3099 717 3150 (Titinius,)
750 3099 975 3148 Afranius,
1011 3099 1113 3150 (No-

229 3163 358 3213 vius,)
370 3162 639 3214 Pomponius
656 3162 946 3212 scripserunt.
956 3162 1110 3200 »Aeno

232 3225 462 3266 Horatium
485 3225 630 3264 minus
652 3225 774 3263 recte
797 3223 959 3263 erroris
980 3224 1023 3262 in
1045 3223 1113 3263 his

231 3287 383 3328 verbis
424 3286 650 3327 commissi
680 3284 903 3325 insimulat
931 3286 1113 3325 Diome—

234 3349 313 3389 des
342 3361 389 3401 p.
419 3348 513 3389 487.
547 3350 592 3388 P.
642 3347 706 3388 Cf.
746 3349 950 3387 Reuvens
982 3347 1114 3388 Colle-

234 3416 381 3451 ctanea
410 3422 452 3463 p.
478 3410 543 3452 43.
579 3411 622 3450 et
641 3409 864 3450 Neukirch
893 3409 942 3449 de
968 3409 1114 3460 fabula

234 3477 378 3524 toyata
398 3474 697 3513 Romanorum.
731 3472 902 3523 Lipsiae
926 3471 1046 3512 4833.
1070 3472 1109 3512 8.

291 3535 517 3575 289-‘204.
567 3536 649 3575 Nee
685 3535 837 3574 virtute
867 3533 969 3585 cet.]
1021 3536 1112 3574 Iam

1178 1227 1412 1267 enumerat
1435 1227 1559 1275 vltia,
1592 1227 1636 1266 in
1659 1235 1772 1277 quae
1792 1223 2059 1278 plerumque

1177 1290 1409 1329 incurrere
1441 1287 1614 1329 soleant
1632 1289 1792 1340 poetae
1813 1287 1952 1327 Latini
1973 1287 2057 1338 (vv.

1176 1350 1424 1401 289-308.),
1459 1352 1503 1391 et
1524 1350 1705 1402 quidem
1735 1350 1931 1401 primum
1957 1360 2057 1390 esse

1178 1415 1238 1454 ait
1266 1413 1397 1453 limae
1430 1413 1650 1461 taedium,
1693 1412 1876 1452 nimiam
1907 1414 2060 1452 contra

1179 1477 1435 1529 opinionem
1457 1475 1512 1515 de
1535 1476 1664 1515 insito
1687 1476 1847 1526 cuique
1868 1476 2059 1526 ingenio,

1179 1538 1300 1590 quod
1322 1548 1457 1590 saepe
1480 1536 1676 1578 ridiculis
1692 1537 1838 1578 modis
1854 1537 2062 1578 affectent

1179 1612 1231 1642 ac
1275 1602 1366 1642 suis
1410 1600 1700 1653 popularibus
1738 1603 1976 1642 ostentent.
2013 1623 2060 1630 -—

1176 1675 1308 1704 unum
1352 1664 1588 1714 Quemque]
1638 1662 1854 1705 Malitiosa
1895 1663 2058 1713 ironia,

1179 1727 1287 1766 dum
1323 1725 1616 1777 reprehendit
1652 1725 1926 1774 socordiam,
1973 1736 2061 1777 qua

1179 1799 1314 1840 saepe
1335 1799 1493 1829 versus
1513 1790 1707 1840 pangant
1727 1789 1933 1837 Romani,
1966 1789 2061 1840 ipse

1180 1849 1381 1891 consulto
1423 1849 1714 1902 negligentior
1743 1853 1813 1891 est
1847 1852 1890 1890 in
1921 1850 2061 1892 divel-

1177 1913 1310 1953 lendo
1326 1913 1467 1953 verbo
1483 1925 1830 1965 unumque-mque.
1861 1915 1924 1955 Cf.
1947 1916 2058 1967 Epp.

1178 1977 1218 2024 2,
1242 1977 1283 2024 2,
1309 1975 1402 2015 488.
1437 1977 1525 2015 Sat.
1553 1977 1597 2024 4,
1624 1977 1664 2025 2,
1691 1977 1757 2016 62.
1792 1977 1830 2025 4,
1855 1977 1894 2026 9,
1917 1978 1985 2017 54.
2014 2001 2059 2006 -

1176 2037 1401 2087 Pompilius
1429 2037 1620 2089 sanyuis]
1671 2038 1923 2078 Honorifica
1954 2038 2063 2079 allo-

1179 2100 1311 2140 cutio.
1372 2100 1506 2140 «Mihi
1549 2100 1702 2150 utique
1747 2102 2059 2152 nominativus,

1178 2173 1314 2214 quem
1344 2173 1425 2213 pro
1452 2163 1655 2202 vocativo
1677 2163 1872 2214 positum
1891 2163 2059 2213 volunt,

1176 2236 1266 2265 non
1296 2225 1521 2273 vocantis,
1555 2225 1638 2265 sed
1668 2225 1934 2266 declarantis
1959 2237 2060 2267 esse

1176 2287 1367 2327 videtur.
1403 2287 1466 2327 Cf.
1491 2288 1579 2327 Sat
1599 2289 1639 2336 2,
1660 2288 1702 2336 Ξ,
1723 2288 1815 2328 407.
1841 2288 2043 2340 Odyssxc

1176 2349 1277 2390 406:
1310 2345 1540 2406 Γαιιβρὸς
1570 2346 1688 2402 ἐμὸς
1714 2346 1931 2422 θυγάτηρ
1961 2347 2062 2403 (θύ-

1175 2413 1317 2469 γατέρ
1340 2413 1491 2463 Bekk.)
1519 2424 1569 2452 τε
1589 2413 1773 2454 τίθεσθ’
1798 2407 1936 2467 ὄνομ’
1959 2405 2061 2455 ὅττι

1174 2489 1225 2514 κε
1213 2487 1255 2513 v
1297 2471 1427 2514 εἴπω.
1513 2476 1770 2516 HERMANNUS
1811 2476 1869 2515 ad
1907 2477 2058 2529 Eurip.

1173 2538 1310 2579 Andr.
1333 2549 1376 2590 p.
1400 2538 1490 2578 XV.
1526 2538 1613 2578 Cfr.
1633 2539 1793 2590 Zumpt
1810 2540 1881 2579 Gr.
1902 2539 1941 2590 ἓ.
1960 2539 2057 2580 492.

1175 2602 1352 2641 Terent.
1377 2600 1556 2640 Phorm.
1581 2601 1622 2650 ⁶2,
1646 2601 1686 2650 2,
1712 2601 1786 2641 4οῑ
1822 2602 1854 2641 0
1880 2603 1948 2642 vir
1974 2602 2061 2654 for-

1174 2665 1225 2704 tis
1264 2668 1389 2713 alque
1422 2664 1596 2704 amicus.
1658 2664 1769 2704 Hinc
1808 2665 1986 2705 Persius
2017 2667 2057 2715 4,

1176 2726 1220 2766 64
1245 2737 1252 2764 :
1291 2727 1392 2774 Vos,
1425 2737 1448 2765 o
1462 2726 1672 2776 patricius
1690 2727 1877 2778 sanquis.
1922 2727 2058 2776 «Quia

1177 2787 1338 2840 Calpus
1370 2784 1613 2841 (μυθικὸς)
1644 2787 1758 2829 filius
1790 2790 1859 2829 est
1887 2791 2058 2830 Numae

1174 2849 1396 2902 Pompilii,
1439 2862 1464 2890 a
1503 2861 1591 2902 quo
1624 2850 1847 2903 Calpurnii
1876 2853 2059 2894 Pisones

1175 2914 1406 2953 traxerunt
1450 2923 1628 2952 nomen.
1647 2927 1667 2948 »
1727 2915 1881 2954 Pomm.
1930 2913 2059 2955 Saleii

1175 2975 1298 3015 Bassi
1342 2976 1559 3025 Panegyr.
1600 2975 1645 3015 in
1682 2976 1728 3016 C.
1772 2974 2059 3028 Calpurnium

1175 3036 1384 3076 Pisonem
1404 3047 1447 3077 v.
1472 3036 1547 3077 44:
1579 3049 1681 3077 nam
1707 3039 1807 3088 quid
1824 3049 2059 3080 memorare

1175 3109 1333 3139 necesse
1361 3103 1441 3149 est,
1477 3100 1525 3139 Ut
1545 3100 1691 3140 domus
1714 3111 1742 3140 a
1762 3101 1891 3150 Calpo
1910 3113 2059 3142 nomen

1177 3160 1412 3211 Calpurnia
1442 3162 1567 3202 ducat
1584 3162 1606 3202 P
1642 3164 1786 3214 Atque
1808 3163 1852 3203 in
1872 3160 2057 3205 numm'o

1177 3223 1294 3275 apud
1325 3223 1488 3264 Eckhel
1517 3225 1568 3264 D.
1599 3226 1648 3264 N.
1681 3223 1776 3265 Vol.
1800 3225 1851 3263 V.
1882 3236 1926 3276 p.
1952 3226 2054 3266 ⁴65:

1177 3285 1261 3326 CN.
1292 3285 1409 3326 PISO
1437 3286 1589 3337 PROQ.
1639 3286 1780 3338 Caput
1818 3285 2058 3327 barbatum

1178 3346 1430 3388 diademate
1454 3348 1664 3397 cinctum,
1688 3348 1761 3388 cui
1777 3348 2053 3400 inscriptum:

1175 3409 1345 3450 NUMA.
1380 3409 1467 3450 Cfr.
1493 3411 1672 3450 Festum
1692 3410 1735 3450 in
1755 3421 1798 3449 v.
1823 3409 2054 3460 Calpurnii.

1179 3470 1424 3512 «Plutarch.
1455 3473 1584 3512 Num.
1616 3472 1683 3512 24.
1715 3472 1960 3522 Pomponios
1988 3471 2057 3513 di-

1177 3535 1254 3582 cit,
1300 3535 1515 3584 Pinarios,
1564 3534 1834 3585 Calpurnios,
1866 3536 2055 3576 Mamer-
