2231 3787
310 244 327 295 >l
350 243 407 295 10
934 245 1146 285 Hor-Aru
1177 245 1474 286 sArinARuM

378 374 483 426 Sed
522 373 750 444 fulgente
790 373 945 426 trahit
982 374 1295 441 constrictos
1337 373 1514 426 Gloria
1553 390 1713 425 euri-u

1358 477 1476 537 Quo
1516 473 1631 534 tibi,
1674 471 1812 530 Tilli.

377 578 600 629 Sumere
639 575 942 646 depositum
980 575 1189 628 clavum
1228 574 1453 644 fierique
1493 573 1742 626 tribuno?

375 477 488 528 Non
530 475 704 527 minus
743 475 951 544 ignotos
990 474 1282 544 generosis.

378 676 576 729 Invidia
617 677 872 738 accrevit,
914 676 1120 747 privato
1159 692 1298 746 quae
1338 675 1511 726 minor
1549 682 1708 727 esset.

377 780 505 830 Nam
531 787 587 829 ut
611 777 842 847 quisque
867 776 1084 829 insanus
1113 776 1278 846 nigris
1317 774 1555 828 medium
1593 773 1834 845 impediit
1871 791 1996 828 erus

377 877 610 931 Pellibus
650 887 702 930 et
739 876 900 929 latum
939 876 1152 929 demisit
1189 884 1407 946 pectore
1449 874 1685 936 clavum,

377 979 533 1031 Audit
571 978 845 1032 continuo:
889 977 1020 1041 Quis
1059 976 1219 1030 homo
1258 976 1344 1030 hie
1371 977 1490 1031 est?
1528 994 1635 1048 quo
1662 985 1812 1048 patre
1844 977 2034 1030 natus?

414 1151 479 1191 ¹:23.
514 1151 655 1190 trahat
685 1161 909 1201 superser.
943 1150 956 1188 i
985 1150 1025 1188 S.
1073 1173 1115 1177 —
1149 1148 1215 1189 24.
1253 1149 1370 1189 Tullii
1402 1160 1466 1200 pr.
1502 1149 1554 1198 d,
1591 1149 1695 1187 Tillii
1725 1159 1840 1188 corr.
1873 1148 1924 1198 d,
1959 1150 2063 1189 Tulli

361 1225 475 1253 corr.
510 1215 558 1260 S,
597 1214 697 1253 LCt.
761 1214 825 1262 <ct
854 1223 955 1257 nos,
989 1211 1159 1263 bcp„uz
1191 1213 1233 1250 et
1263 1222 1327 1262 pr.
1362 1212 1419 1261 S.)
1472 1233 1515 1238 ——
1564 1212 1631 1250 25.
1665 1211 1875 1250 tribunum
1908 1222 1975 1262 pr.
2009 1212 2061 1260 d,

360 1286 437 1314 sex
467 1275 672 1314 Pottierii.
716 1275 777 1325 (L't
809 1285 908 1321 nos,
944 1285 1056 1313 corr.
1091 1273 1142 1321 d,
1177 1274 1311 1312 ceteri
1342 1273 1533 1313 Pettierii
1565 1276 1608 1313 et
1638 1273 1804 1323 nostri.)
1831 1295 1875 1301 —
1898 1273 1965 1313 26.
1990 1275 2066 1313 mi-

362 1349 439 1375 nor
469 1348 695 1388 superscr.
727 1337 864 1375 'minus
893 1337 933 1375 S.
970 1357 1014 1363 —-
1048 1336 1112 1374 ⁶27.
1146 1335 1336 1384 impediet
1365 1337 1448 1386 Sep
1480 1337 1524 1374 et
1551 1346 1618 1386 pr.
1652 1335 1680 1374 d
1713 1336 1813 1385 (non
1832 1334 1861 1374 b
1885 1337 1929 1375 et
1949 1346 2063 1376 corr.

362 1399 421 1449 d).
459 1422 502 1426 —
538 1400 603 1438 29.
636 1400 699 1437 hic
729 1398 818 1438 est?
847 1397 935 1447 'quo
960 1402 1085 1447 patre
1116 1396 1266 1436 natus?
1297 1398 1322 1436 S
1355 1397 1442 1447 (qui
1472 1396 1607 1436 habet
1636 1397 1792 1449 natust)
1823 1396 1926 1446 bed,
1959 1399 2064 1438 Pot-

362 1462 473 1500 tierii
504 1461 726 1512 plerique,
762 1462 869 1500 LCt:
902 1460 987 1509 hic,
1020 1464 1094 1498 aut
1123 1471 1203 1509 quo
1228 1463 1353 1508 patre
1381 1463 1504 1498 natus
1533 1470 1556 1498 e
1589 1459 1727 1501 Codd.
1760 1472 1815 1498 κτ
1844 1458 2066 1501 Bentleius

363 1527 405 1564 et
435 1525 496 1571 M,
529 1523 624 1562 hic?
654 1528 692 1562 et
721 1535 800 1572 quo
825 1527 949 1572 patre
978 1526 1101 1561 viatus
1129 1533 1172 1573 p,
1207 1524 1305 1561 octo
1335 1521 1527 1561 Pottierii
1558 1523 1601 1560 et
1631 1532 1684 1561 ex
1710 1521 1802 1562 aliis
1823 1523 1866 1571 F,
1899 1523 2005 1562 item
2023 1522 2061 1561 J.

308 1655 433 1703 salsa,
467 1657 534 1694 est
565 1654 867 1705 interpretatio
887 1664 1029 1705 nuper
1052 1663 1180 1704 prae-

306 1720 437 1758 eunte
464 1716 546 1756 alio
576 1715 748 1757 scholio
771 1727 924 1756 rursus
945 1727 1179 1755 commen-

306 1780 428 1819 data:
476 1780 613 1818 «Cum
644 1779 881 1828 antiquitus
912 1779 954 1817 in
994 1777 1177 1817 lautiore

307 1839 576 1892 supellectile
618 1840 890 1880 haberentur
930 1840 1065 1879 lectuli
1097 1841 1180 1879 Ρα-

307 1904 447 1943 nieani
477 1903 662 1941 haedinis
684 1902 886 1952 pelliculis
915 1903 1036 1941 strati
1073 1902 1175 1952 (Cic.

307 1977 386 2018 pro
431 1966 610 2004 Murena
654 1965 731 2013 36,
763 1965 864 2014 75.),
907 1963 1068 2015 quibus
1112 1966 1180 2003 te-

306 2029 472 2068 nuioris
521 2029 648 2068 sortis
699 2027 902 2066 homines
947 2028 1176 2074 carerent,

308 2102 413 2130 usus
463 2089 670 2140 loquendi
716 2101 739 2128 a
784 2088 913 2140 plebe
956 2088 1180 2140 profectus

309 2154 468 2199 tenuit,
502 2155 568 2199 ut,
603 2152 762 2202 quibus
793 2151 930 2203 pelles
963 2150 1180 2191 eiusmodi

308 2227 395 2254 non
425 2216 750 2263 sternerentur,
796 2214 840 2252 hi
880 2215 922 2253 in
954 2224 1031 2253 sua
1063 2211 1177 2263 pelle

308 2276 472 2316 cubare
519 2275 828 2324 dicerentur»)
885 2298 928 2303 —
978 2275 1057 2314 Sed
1095 2274 1181 2324 ful-

306 2344 423 2391 genle
444 2338 545 2389 eet.]
569 2339 758 2377 «Versus
779 2337 999 2384 heroicus,
1028 2335 1181 2386 quales

307 2400 529 2441 interdum
561 2399 739 2450 reliquis
771 2410 794 2438 a
825 2400 952 2450 poeta
978 2398 1183 2437 inserun-

308 2468 392 2503 tur.
446 2462 568 2502 Cons.
593 2463 678 2500 Sat.
717 2462 756 2509 l,
796 2462 832 2509 l,
871 2460 937 2500 68.
983 2461 1023 2508 2,
1056 2461 1092 2509 1l,
1133 2459 1181 2498 113

307 2537 451 2576 seqq„
488 2526 523 2571 2,
549 2524 587 2570 3,
613 2524 704 2563 223.
740 2522 1028 2562 Oraeulorum
1053 2524 1096 2561 et
1110 2533 1184 2561 va-

308 2588 556 2626 ticiniorum
579 2587 794 2624 rationem
817 2587 997 2624 secutus
1012 2587 1078 2623 est
1091 2585 1178 2623 Sat.

308 2651 346 2696 4,
371 2650 409 2695 9,
434 2648 477 2687 31
507 2658 631 2698 seqq.
678 2648 878 2698 Denique
908 2646 1008 2685 vide
1035 2646 1180 2696 ipsum

308 2713 484 2762 poetam
507 2711 593 2748 Sat.
620 2710 657 2755 l,
683 2708 722 2756 4,
747 2709 811 2747 60.
837 2719 941 2748 suos
963 2707 1017 2748 ab
1041 2708 1184 2747 heroi-

309 2774 372 2812 cis
392 2771 595 2811 versibus
624 2771 994 2810 discernentem.»
1046 2771 1183 2809 Furii<-

311 2846 483 2873 auser.
505 2835 596 2873 Non
615 2836 762 2872 autem
780 2834 819 2872 in
832 2833 899 2872 his
916 2832 1184 2882 Sedfulyente

309 2899 392 2936 cet.
428 2897 538 2935 inest
580 2896 728 2934 neseio
771 2905 882 2944 quae
914 2893 1184 2946 praeceden-

310 2959 363 2997 tis
408 2958 652 2997 sententiae
693 2956 896 2996 refutatio
937 2956 1180 3007 (Einwurs),

310 3031 423 3070 quae
455 3020 703 3070 requireret
736 3020 881 3070 potius
921 3018 1181 3070 particulam

308 3087 365 3120 at.
423 3081 507 3120 Sed
539 3081 779 3131 quotidiani
812 3082 1029 3121 sermonis
1052 3092 1181 3120 usum

309 3146 488 3183 secutus
559 3144 614 3182 ita
687 3143 942 3194 simpliciter
1011 3144 1176 3194 pergit:

310 3207 634 3255 «Quamquam,
695 3216 852 3245 verum
910 3206 956 3243 ut
1014 3205 1177 3251 fatear,

310 3269 534 3308 communi
573 3269 792 3307 humanae
830 3269 1012 3306 naturae
1054 3266 1180 3318 culpa

311 3334 354 3370 et
382 3329 595 3381 ignobiles
617 3332 661 3369 et
686 3330 887 3380 generosi
916 3339 1058 3379 aeque
1093 3328 1182 3379 glo-

310 3394 399 3432 riae
444 3393 658 3433 inservire
702 3390 866 3440 solent,
913 3391 1037 3431 euius
1082 3392 1180 3441 qui-

312 3456 414 3494 dern
458 3456 596 3496 inanis
636 3455 766 3495 studii
810 3455 915 3495 satis
944 3453 1179 3495 ridiculum

1243 1651 1495 1704 exemplum
1524 1652 1712 1704 praebet
1732 1652 1879 1694 Tillius
1910 1652 1980 1693 ille
2003 1656 2117 1694 cet.»

1246 1737 1289 1742 —
1318 1715 1381 1754 De
1406 1715 1574 1755 Gloriae
1592 1726 1724 1755 curru
1743 1715 1830 1755 vid.
1854 1714 1911 1755 ad
1933 1716 2042 1768 Epp.
2066 1717 2090 1756 2
2107 1748 2116 1765 ,

1244 1777 1288 1825 sl,
1336 1777 1430 1815 1177.

1298 1836 1443 1877 2437.
1493 1838 1594 1889 Tilli]
1643 1838 1813 1879 «Tillius
1856 1839 1927 1879 hic
1966 1841 2121 1880 senatu

1243 1901 1388 1939 motus
1428 1902 1496 1940 est
1531 1911 1555 1939 a
1595 1901 1786 1941 Caesare
1821 1902 1947 1952 quasi
1986 1903 2121 1941 Pom-

1243 1962 1452 2012 peianus;
1498 1964 1644 2003 occiso
1685 1975 1793 2003 vero
1824 1965 2015 2004 Caesare
2046 1974 2122 2003 re-

1245 2024 1360 2075 cepit
1389 2023 1526 2064 latum
1548 2026 1708 2065 iterum
1730 2025 1926 2075 clavum,
1961 2025 2005 2065 id
2035 2027 2120 2075 est,

1244 2087 1511 2127 senatoriam
1534 2088 1812 2138 dignitatem,
1847 2090 1891 2128 et
1919 2087 2123 2128 tribunus

1245 2147 1432 2188 militum
1457 2150 1557 2199 (non
1580 2149 1789 2201 «plebis»,
1822 2152 1871 2189 ut
1891 2150 1950 2189 ait
1976 2147 2121 2189 Schol.

1246 2210 1540 2262 Guelferbyt.)
1601 2212 1740 2252 sactus
1790 2214 1907 2252 est.»
1981 2213 2120 2252 Comi.

1246 2273 1374 2318 CnUQ.
1398 2274 1548 2313 Frater
1569 2273 1647 2313 fuit
1668 2274 1853 2314 sortasse
1877 2272 1983 2313 Tillii
2006 2274 2123 2314 Cim-

1244 2337 1335 2384 bri,
1370 2336 1572 2377 Caesaris
1592 2336 1901 2377 interfeetoris.
1953 2337 2125 2376 Pribuni

1246 2401 1395 2439 autem
1439 2400 1615 2439 militum
1665 2404 1847 2450 quatuor
1892 2398 2123 2451 legionibus

1244 2462 1396 2511 primis
1435 2462 1619 2512 (Fragm.
1656 2461 1763 2513 legis
1803 2461 2010 2502 Serviliae
2050 2460 2121 2501 ed.

1247 2523 1405 2564 Klenze
1428 2535 1470 2575 p.
1494 2524 1517 2563 3
1541 2526 1584 2563 et
1607 2525 1670 2563 Μ.
1723 2525 1812 2564 Cie.
1838 2535 1917 2575 pro
1950 2522 2119 2564 Cluent.

1246 2585 1322 2634 54,
1356 2585 1464 2635 114-8.)
1505 2585 1734 2625 habebant
1772 2587 1839 2625 ius
1879 2584 1953 2625 lati
1994 2584 2120 2625 elavi.

1247 2649 1354 2687 Hine
1395 2649 1572 2686 Sueton.
1607 2647 1768 2687 Domit.
1812 2648 1888 2686 40:
1936 2647 2126 2686 tribunus

1245 2711 1493 2750 laticlavius.
1555 2710 1798 2760 Opponitur
1834 2710 2007 2749 tunicae
2041 2719 2121 2748 an-

1244 2771 1549 2823 gustielaviae,
1597 2767 1906 2824 στενοσήμῳ,
1960 2769 2123 2810 laticla-

1246 2834 1338 2882 via,
1373 2829 1701 2884 πλατύσημος.
1761 2833 1866 2872 Tillii
1894 2835 2044 2873 autem
2081 2834 2125 2872 et

1249 2896 1366 2935 Tullii
1387 2896 1551 2946 ubique
1574 2895 1924 2945 confunduntur,
1948 2897 1995 2935 ut
2017 2896 2124 2935 Sue-

1247 2960 1335 2997 ton.
1370 2959 1495 2998 Caes.
1530 2958 1595 2997 82.
1630 2969 1787 2997 omnes
1824 2957 2123 3010 Oudendorpii

1247 3021 1384 3060 Codd.
1420 3020 1579 3060 Cimber
1611 3020 1782 3069 Ταιιὶαε,
1830 3019 1952 3071 quod
1989 3020 2123 3060 Criti-

1246 3094 1323 3122 eus
1368 3084 1556 3122 Batavus
1606 3083 1648 3122 in
1696 3084 1904 3123 contextu
1946 3082 2125 3122 retinuit

1247 3144 1326 3184 etsi
1358 3145 1632 3195 perspiciens
1661 3145 1826 3196 requiri
1852 3155 2017 3185 nomen
2047 3145 2125 3184 Til-

1244 3207 1335 3246 lius.
1374 3230 1418 3234 —
1450 3206 1508 3257 ut]
1549 3217 1627 3246 «ex
1659 3218 1746 3258 quo
1785 3208 2014 3258 tempore,
2060 3207 2122 3246 si—

1244 3268 1433 3308 mulac.»
1470 3290 1514 3296 —
1546 3269 1679 3320 nigris
1705 3290 1726 3297 -
1751 3291 1770 3298 -
1795 3267 1980 3320 Pellibus]
2013 3279 2118 3309 cor-

1244 3331 1359 3381 rigiis
1380 3332 1606 3381 quattuor,
1641 3342 1693 3370 ex
1714 3331 1834 3381 nigra
1854 3329 1994 3379 aluta,
2018 3331 2122 3381 qui-

1243 3392 1327 3432 bus
1358 3391 1504 3432 medio
1535 3393 1579 3431 in
1609 3403 1736 3432 crure
1757 3390 1874 3442 ligati
1895 3393 2021 3431 erant
2040 3402 2119 3432 se-

1243 3456 1447 3495 natorum
1477 3453 1612 3495 ealcei
1642 3453 1729 3494 albi
1759 3452 1827 3494 vel
1869 3454 2110 3506 purpurei,
