<?xml version="1.0" encoding="UTF-8"?>
<!DOCTYPE html PUBLIC "-//W3C//DTD XHTML 1.0 Transitional//EN"
    "http://www.w3.org/TR/xhtml1/DTD/xhtml1-transitional.dtd">
<html xmlns="http://www.w3.org/1999/xhtml" xml:lang="en" lang="en">
 <head>
  <title>
</title>
<meta http-equiv="Content-Type" content="text/html;charset=utf-8" />
  <meta name='ocr-system' content='tesseract 3.04.00' />
  <meta name='ocr-capabilities' content='ocr_page ocr_carea ocr_par ocr_line ocrx_word'/>
</head>
<body>
  <div class='ocr_page' id='page_1' title='image "./qhoratiusflaccus02horauoft_0337.png"; bbox 0 0 2231 3787; ppageno 0'>
   <div class='ocr_carea' id='block_1_1' title="bbox 885 242 1340 282">
    <p class='ocr_par' dir='ltr' id='par_1_1' title="bbox 885 242 1340 282">
     <span class='ocr_line' id='line_1_1' title="bbox 885 242 1340 282; baseline 0 -2"><span class='ocrx_word' id='word_1_1' title='bbox 885 242 981 281; x_wconf 87' lang='lat' dir='ltr'>LIB.</span> <span class='ocrx_word' id='word_1_2' title='bbox 1018 243 1065 281; x_wconf 89' lang='lat'>11.</span> <span class='ocrx_word' id='word_1_3' title='bbox 1127 243 1238 282; x_wconf 80' lang='lat' dir='ltr'>SAT.</span> <span class='ocrx_word' id='word_1_4' title='bbox 1272 242 1340 281; x_wconf 67' lang='lat' dir='ltr'>Vl.</span> 
     </span>
    </p>
   </div>
   <div class='ocr_carea' id='block_1_2' title="bbox 1929 242 2029 293">
    <p class='ocr_par' dir='ltr' id='par_1_2' title="bbox 1929 242 2029 293">
     <span class='ocr_line' id='line_1_2' title="bbox 1929 242 2029 293; baseline 0.01 -2"><span class='ocrx_word' id='word_1_5' title='bbox 1929 242 2029 293; x_wconf 76' lang='lat'>317</span> 
     </span>
    </p>
   </div>
   <div class='ocr_carea' id='block_1_3' title="bbox 279 372 2026 753">
    <p class='ocr_par' dir='ltr' id='par_1_3' title="bbox 285 372 1671 445">
     <span class='ocr_line' id='line_1_3' title="bbox 285 372 1671 445; baseline -0.001 -18"><span class='ocrx_word' id='word_1_6' title='bbox 285 376 356 427; x_wconf 83' lang='lat' dir='ltr'>Ex</span> <span class='ocrx_word' id='word_1_7' title='bbox 394 392 501 445; x_wconf 83' lang='lat' dir='ltr'>quo</span> <span class='ocrx_word' id='word_1_8' title='bbox 542 374 822 428; x_wconf 78' lang='lat' dir='ltr'>Maecenas</span> <span class='ocrx_word' id='word_1_9' title='bbox 864 390 949 426; x_wconf 90' lang='lat' dir='ltr'>me</span> <span class='ocrx_word' id='word_1_10' title='bbox 991 374 1169 444; x_wconf 88' lang='lat' dir='ltr'>coepit</span> <span class='ocrx_word' id='word_1_11' title='bbox 1210 372 1411 426; x_wconf 89' lang='lat' dir='ltr'>habere</span> <span class='ocrx_word' id='word_1_12' title='bbox 1451 390 1671 426; x_wconf 86' lang='lat' dir='ltr'>suorum</span> 
     </span>
    </p>

    <p class='ocr_par' dir='ltr' id='par_1_4' title="bbox 281 474 1856 648">
     <span class='ocr_line' id='line_1_4' title="bbox 281 474 1856 545; baseline 0.001 -17"><span class='ocrx_word' id='word_1_13' title='bbox 281 480 336 529; x_wconf 89' lang='lat' dir='ltr'>In</span> <span class='ocrx_word' id='word_1_14' title='bbox 376 494 630 540; x_wconf 71' lang='lat' dir='ltr'>numero,</span> <span class='ocrx_word' id='word_1_15' title='bbox 670 476 943 529; x_wconf 79' lang='lat' dir='ltr'>dumtaxat</span> <span class='ocrx_word' id='word_1_16' title='bbox 981 474 1049 527; x_wconf 92' lang='lat' dir='ltr'>ad</span> <span class='ocrx_word' id='word_1_17' title='bbox 1090 474 1213 537; x_wconf 89' lang='lat' dir='ltr'>hoc,</span> <span class='ocrx_word' id='word_1_18' title='bbox 1258 492 1421 545; x_wconf 85' lang='lat' dir='ltr'>quem</span> <span class='ocrx_word' id='word_1_19' title='bbox 1463 474 1648 529; x_wconf 89' lang='lat' dir='ltr'>tollere</span> <span class='ocrx_word' id='word_1_20' title='bbox 1689 475 1856 530; x_wconf 91' lang='lat' dir='ltr'>rheda</span> 
     </span>
     <span class='ocr_line' id='line_1_5' title="bbox 282 577 1626 648; baseline -0.002 -15"><span class='ocrx_word' id='word_1_21' title='bbox 282 579 447 634; x_wconf 81' lang='lat' dir='ltr'>Vellet</span> <span class='ocrx_word' id='word_1_22' title='bbox 486 581 585 633; x_wconf 88' lang='lat' dir='ltr'>iter</span> <span class='ocrx_word' id='word_1_23' title='bbox 624 580 822 634; x_wconf 86' lang='lat' dir='ltr'>faciens</span> <span class='ocrx_word' id='word_1_24' title='bbox 867 587 918 632; x_wconf 91' lang='lat' dir='ltr'>et</span> <span class='ocrx_word' id='word_1_25' title='bbox 956 578 1041 631; x_wconf 89' lang='lat' dir='ltr'>cui</span> <span class='ocrx_word' id='word_1_26' title='bbox 1083 577 1415 631; x_wconf 79' lang='lat' dir='ltr'>concredere</span> <span class='ocrx_word' id='word_1_27' title='bbox 1457 594 1626 648; x_wconf 75' lang='lat' dir='ltr'>nugas</span> 
     </span>
    </p>

    <p class='ocr_par' dir='ltr' id='par_1_5' title="bbox 279 679 2026 753">
     <span class='ocr_line' id='line_1_6' title="bbox 279 679 2026 753; baseline -0.002 -18"><span class='ocrx_word' id='word_1_28' title='bbox 279 684 390 736; x_wconf 90' lang='lat' dir='ltr'>Hoc</span> <span class='ocrx_word' id='word_1_29' title='bbox 417 699 613 753; x_wconf 80' lang='lat' dir='ltr'>genus:</span> <span class='ocrx_word' id='word_1_30' title='bbox 663 682 807 734; x_wconf 90' lang='lat' dir='ltr'>Hora</span> <span class='ocrx_word' id='word_1_31' title='bbox 835 688 998 752; x_wconf 84' lang='lat' dir='ltr'>quota</span> <span class='ocrx_word' id='word_1_32' title='bbox 1024 680 1144 733; x_wconf 78' lang='lat' dir='ltr'>est?</span> <span class='ocrx_word' id='word_1_33' title='bbox 1185 679 1355 733; x_wconf 80' lang='lat' dir='ltr'>Thrax</span> <span class='ocrx_word' id='word_1_34' title='bbox 1383 688 1464 733; x_wconf 86' lang='lat' dir='ltr'>est</span> <span class='ocrx_word' id='word_1_35' title='bbox 1491 679 1695 733; x_wconf 80' lang='lat' dir='ltr'>Gallina</span> <span class='ocrx_word' id='word_1_36' title='bbox 1722 681 1860 753; x_wconf 69' lang='lat' dir='ltr'>Syro</span> <span class='ocrx_word' id='word_1_37' title='bbox 1889 698 1986 751; x_wconf 89' lang='lat' dir='ltr'>par</span> <span class='ocrx_word' id='word_1_38' title='bbox 2001 682 2026 731; x_wconf 80' lang='lat'>·?</span> 
     </span>
    </p>
   </div>
   <div class='ocr_carea' id='block_1_4' title="bbox 314 845 1697 901">
    <p class='ocr_par' dir='ltr' id='par_1_6' title="bbox 314 845 1697 901">
     <span class='ocr_line' id='line_1_7' title="bbox 314 845 1697 901; baseline -0.003 -11"><span class='ocrx_word' id='word_1_39' title='bbox 314 850 380 892; x_wconf 71' lang='lat'>44.</span> <span class='ocrx_word' id='word_1_40' title='bbox 414 854 508 889; x_wconf 60' lang='lat' dir='ltr'>trem</span> <span class='ocrx_word' id='word_1_41' title='bbox 540 859 764 901; x_wconf 84' lang='lat' dir='ltr'>superscr.</span> <span class='ocrx_word' id='word_1_42' title='bbox 804 861 830 888; x_wconf 89' lang='lat' dir='ltr'>a</span> <span class='ocrx_word' id='word_1_43' title='bbox 861 848 910 897; x_wconf 86' lang='lat' dir='ltr'>b,</span> <span class='ocrx_word' id='word_1_44' title='bbox 947 848 1079 887; x_wconf 52' lang='lat' dir='ltr'>Threx.-</span> <span class='ocrx_word' id='word_1_45' title='bbox 1112 845 1348 887; x_wconf 90' lang='lat' dir='ltr'>Bentleius.</span> <span class='ocrx_word' id='word_1_46' title='bbox 1386 870 1431 875; x_wconf 92' lang='lat'>—</span> <span class='ocrx_word' id='word_1_47' title='bbox 1464 846 1533 898; x_wconf 81' lang='lat' dir='ltr'>est]</span> <span class='ocrx_word' id='word_1_48' title='bbox 1566 858 1618 886; x_wconf 88' lang='lat' dir='ltr'>an</span> <span class='ocrx_word' id='word_1_49' title='bbox 1653 847 1697 886; x_wconf 91' lang='lat' dir='ltr'>L.</span> 
     </span>
    </p>
   </div>
   <div class='ocr_carea' id='block_1_5' title="bbox 205 981 1083 1035">
    <p class='ocr_par' dir='ltr' id='par_1_7' title="bbox 205 981 1083 1035">
     <span class='ocr_line' id='line_1_8' title="bbox 205 981 1083 1035; baseline -0.003 -12"><span class='ocrx_word' id='word_1_50' title='bbox 205 983 338 1023; x_wconf 82' lang='lat' dir='ltr'>fuitne</span> <span class='ocrx_word' id='word_1_51' title='bbox 362 983 576 1035; x_wconf 82' lang='lat' dir='ltr'>diploma,</span> <span class='ocrx_word' id='word_1_52' title='bbox 612 982 731 1034; x_wconf 90' lang='lat' dir='ltr'>quod</span> <span class='ocrx_word' id='word_1_53' title='bbox 754 981 963 1021; x_wconf 85' lang='lat' dir='ltr'>dicebant</span> <span class='ocrx_word' id='word_1_54' title='bbox 987 981 1083 1031; x_wconf 90' lang='lat' dir='ltr'>(Ta-</span> 
     </span>
    </p>
   </div>
   <div class='ocr_carea' id='block_1_6' title="bbox 203 1044 1084 1095">
    <p class='ocr_par' dir='ltr' id='par_1_8' title="bbox 203 1044 1084 1095">
     <span class='ocr_line' id='line_1_9' title="bbox 203 1044 1084 1095; baseline -0.005 -9"><span class='ocrx_word' id='word_1_55' title='bbox 203 1048 273 1086; x_wconf 89' lang='lat' dir='ltr'>cit.</span> <span class='ocrx_word' id='word_1_56' title='bbox 298 1047 405 1086; x_wconf 91' lang='lat' dir='ltr'>Hist.</span> <span class='ocrx_word' id='word_1_57' title='bbox 430 1047 479 1095; x_wconf 63' lang='lat'>2,</span> <span class='ocrx_word' id='word_1_58' title='bbox 504 1045 570 1086; x_wconf 73' lang='lat'>54.</span> <span class='ocrx_word' id='word_1_59' title='bbox 596 1048 639 1085; x_wconf 88' lang='lat' dir='ltr'>et</span> <span class='ocrx_word' id='word_1_60' title='bbox 661 1045 760 1095; x_wconf 57' lang='lat'>65),</span> <span class='ocrx_word' id='word_1_61' title='bbox 799 1044 917 1094; x_wconf 88' lang='lat' dir='ltr'>quod</span> <span class='ocrx_word' id='word_1_62' title='bbox 948 1046 996 1083; x_wconf 88' lang='lat' dir='ltr'>ut</span> <span class='ocrx_word' id='word_1_63' title='bbox 1016 1055 1084 1083; x_wconf 93' lang='lat' dir='ltr'>ra-</span> 
     </span>
    </p>
   </div>
   <div class='ocr_carea' id='block_1_7' title="bbox 181 1106 1082 3533">
    <p class='ocr_par' dir='ltr' id='par_1_9' title="bbox 183 1106 1082 2914">
     <span class='ocr_line' id='line_1_10' title="bbox 202 1106 1082 1157; baseline -0.001 -9"><span class='ocrx_word' id='word_1_64' title='bbox 202 1112 296 1148; x_wconf 89' lang='lat' dir='ltr'>tum</span> <span class='ocrx_word' id='word_1_65' title='bbox 327 1109 475 1156; x_wconf 87' lang='lat' dir='ltr'>fieret,</span> <span class='ocrx_word' id='word_1_66' title='bbox 509 1120 533 1148; x_wconf 93' lang='lat' dir='ltr'>a</span> <span class='ocrx_word' id='word_1_67' title='bbox 563 1109 817 1149; x_wconf 82' lang='lat' dir='ltr'>Maecenate</span> <span class='ocrx_word' id='word_1_68' title='bbox 840 1106 1082 1157; x_wconf 86' lang='lat' dir='ltr'>obsignan-</span> 
     </span>
     <span class='ocr_line' id='line_1_11' title="bbox 201 1170 1076 1222; baseline -0.003 -11"><span class='ocrx_word' id='word_1_69' title='bbox 201 1172 307 1211; x_wconf 87' lang='lat' dir='ltr'>dum</span> <span class='ocrx_word' id='word_1_70' title='bbox 353 1173 476 1211; x_wconf 67' lang='lat' dir='ltr'>erat‘?</span> <span class='ocrx_word' id='word_1_71' title='bbox 526 1173 585 1211; x_wconf 87' lang='lat' dir='ltr'>Ea</span> <span class='ocrx_word' id='word_1_72' title='bbox 632 1173 752 1210; x_wconf 87' lang='lat' dir='ltr'>certe</span> <span class='ocrx_word' id='word_1_73' title='bbox 791 1181 814 1209; x_wconf 88' lang='lat' dir='ltr'>a</span> <span class='ocrx_word' id='word_1_74' title='bbox 853 1170 1076 1222; x_wconf 78' lang='lat' dir='ltr'>principe,</span> 
     </span>
     <span class='ocr_line' id='line_1_12' title="bbox 201 1233 1081 1284; baseline -0.005 -10"><span class='ocrx_word' id='word_1_75' title='bbox 201 1238 304 1275; x_wconf 89' lang='lat' dir='ltr'>tunc</span> <span class='ocrx_word' id='word_1_76' title='bbox 336 1234 391 1274; x_wconf 88' lang='lat' dir='ltr'>ab</span> <span class='ocrx_word' id='word_1_77' title='bbox 420 1235 514 1275; x_wconf 86' lang='lat' dir='ltr'>eius</span> <span class='ocrx_word' id='word_1_78' title='bbox 544 1237 773 1284; x_wconf 86' lang='lat' dir='ltr'>tamquam</span> <span class='ocrx_word' id='word_1_79' title='bbox 808 1233 991 1281; x_wconf 72' lang='lat' dir='ltr'>vicario,</span> <span class='ocrx_word' id='word_1_80' title='bbox 1025 1233 1081 1272; x_wconf 92' lang='lat' dir='ltr'>si-</span> 
     </span>
     <span class='ocr_line' id='line_1_13' title="bbox 200 1296 1074 1348; baseline -0.003 -11"><span class='ocrx_word' id='word_1_81' title='bbox 200 1298 460 1348; x_wconf 79' lang='lat' dir='ltr'>gnabantur.</span> <span class='ocrx_word' id='word_1_82' title='bbox 516 1298 601 1337; x_wconf 85' lang='lat' dir='ltr'>Ct&#39;r.</span> <span class='ocrx_word' id='word_1_83' title='bbox 626 1298 805 1336; x_wconf 87' lang='lat' dir='ltr'>Sueton.</span> <span class='ocrx_word' id='word_1_84' title='bbox 832 1297 980 1335; x_wconf 77' lang='lat' dir='ltr'>Octav.</span> <span class='ocrx_word' id='word_1_85' title='bbox 1007 1296 1074 1334; x_wconf 76' lang='lat'>50.</span> 
     </span>
     <span class='ocr_line' id='line_1_14' title="bbox 198 1358 1078 1408; baseline -0.005 -8"><span class='ocrx_word' id='word_1_86' title='bbox 198 1359 304 1400; x_wconf 84' lang='lat' dir='ltr'>Plin.</span> <span class='ocrx_word' id='word_1_87' title='bbox 331 1362 380 1400; x_wconf 84' lang='lat' dir='ltr'>H.</span> <span class='ocrx_word' id='word_1_88' title='bbox 407 1362 455 1400; x_wconf 90' lang='lat' dir='ltr'>N.</span> <span class='ocrx_word' id='word_1_89' title='bbox 489 1360 565 1406; x_wconf 82' lang='lat'>37,</span> <span class='ocrx_word' id='word_1_90' title='bbox 602 1360 646 1407; x_wconf 97' lang='grc'>4,</span> <span class='ocrx_word' id='word_1_91' title='bbox 681 1358 726 1398; x_wconf 68' lang='lat' dir='ltr'>li:</span> <span class='ocrx_word' id='word_1_92' title='bbox 775 1359 904 1398; x_wconf 78' lang='lat' dir='ltr'>Divus</span> <span class='ocrx_word' id='word_1_93' title='bbox 931 1358 1078 1408; x_wconf 69' lang='lat' dir='ltr'>Augsu-</span> 
     </span>
     <span class='ocr_line' id='line_1_15' title="bbox 197 1422 1073 1472; baseline -0.001 -10"><span class='ocrx_word' id='word_1_94' title='bbox 197 1427 281 1462; x_wconf 80' lang='lat' dir='ltr'>stus</span> <span class='ocrx_word' id='word_1_95' title='bbox 328 1424 437 1462; x_wconf 77' lang='lat' dir='ltr'>inter</span> <span class='ocrx_word' id='word_1_96' title='bbox 484 1423 606 1462; x_wconf 82' lang='lat' dir='ltr'>initia</span> <span class='ocrx_word' id='word_1_97' title='bbox 654 1422 835 1472; x_wconf 71' lang='lat' dir='ltr'>Splzinye</span> <span class='ocrx_word' id='word_1_98' title='bbox 878 1422 1073 1471; x_wconf 68' lang='lat' dir='ltr'>siqnavit.</span> 
     </span>
     <span class='ocr_line' id='line_1_16' title="bbox 197 1484 1078 1525; baseline -0.001 -1"><span class='ocrx_word' id='word_1_99' title='bbox 197 1487 316 1525; x_wconf 71' lang='lat' dir='ltr'>Duas</span> <span class='ocrx_word' id='word_1_100' title='bbox 344 1486 387 1524; x_wconf 87' lang='lat' dir='ltr'>in</span> <span class='ocrx_word' id='word_1_101' title='bbox 416 1486 567 1524; x_wconf 62' lang='lat' dir='ltr'>&gt;matris</span> <span class='ocrx_word' id='word_1_102' title='bbox 597 1485 737 1524; x_wconf 80' lang='lat' dir='ltr'>anulis</span> <span class='ocrx_word' id='word_1_103' title='bbox 765 1485 852 1523; x_wconf 81' lang='lat' dir='ltr'>iam</span> <span class='ocrx_word' id='word_1_104' title='bbox 882 1484 1078 1523; x_wconf 82' lang='lat' dir='ltr'>indiscre-</span> 
     </span>
     <span class='ocr_line' id='line_1_17' title="bbox 195 1547 1075 1588; baseline -0.003 0"><span class='ocrx_word' id='word_1_105' title='bbox 195 1553 262 1588; x_wconf 85' lang='lat' dir='ltr'>tae</span> <span class='ocrx_word' id='word_1_106' title='bbox 303 1549 586 1588; x_wconf 71' lang='lat' dir='ltr'>similitudinis</span> <span class='ocrx_word' id='word_1_107' title='bbox 630 1549 859 1587; x_wconf 72' lang='lat' dir='ltr'>invenerat.</span> <span class='ocrx_word' id='word_1_108' title='bbox 932 1547 1075 1586; x_wconf 76' lang='lat' dir='ltr'>Altera</span> 
     </span>
     <span class='ocr_line' id='line_1_18' title="bbox 188 1609 1075 1661; baseline -0.003 -11"><span class='ocrx_word' id='word_1_109' title='bbox 188 1622 268 1661; x_wconf 79' lang='lat' dir='ltr'>per</span> <span class='ocrx_word' id='word_1_110' title='bbox 315 1611 419 1650; x_wconf 86' lang='lat' dir='ltr'>bella</span> <span class='ocrx_word' id='word_1_111' title='bbox 465 1612 608 1650; x_wconf 72' lang='lat' dir='ltr'>civilia</span> <span class='ocrx_word' id='word_1_112' title='bbox 652 1610 815 1650; x_wconf 82' lang='lat' dir='ltr'>absente</span> <span class='ocrx_word' id='word_1_113' title='bbox 857 1621 903 1649; x_wconf 87' lang='lat' dir='ltr'>eo</span> <span class='ocrx_word' id='word_1_114' title='bbox 947 1609 1075 1648; x_wconf 84' lang='lat' dir='ltr'>amici</span> 
     </span>
     <span class='ocr_line' id='line_1_19' title="bbox 196 1672 1074 1724; baseline -0.002 -12"><span class='ocrx_word' id='word_1_115' title='bbox 196 1672 399 1724; x_wconf 81' lang='lat' dir='ltr'>(Agrippa</span> <span class='ocrx_word' id='word_1_116' title='bbox 417 1675 461 1712; x_wconf 92' lang='lat' dir='ltr'>et</span> <span class='ocrx_word' id='word_1_117' title='bbox 481 1673 729 1724; x_wconf 82' lang='lat' dir='ltr'>Maecenas&gt;</span> <span class='ocrx_word' id='word_1_118' title='bbox 746 1673 964 1724; x_wconf 76' lang='lat' dir='ltr'>sigynavere</span> <span class='ocrx_word' id='word_1_119' title='bbox 983 1672 1074 1720; x_wconf 81' lang='lat' dir='ltr'>epi-</span> 
     </span>
     <span class='ocr_line' id='line_1_20' title="bbox 192 1735 1073 1786; baseline 0 -12"><span class='ocrx_word' id='word_1_120' title='bbox 192 1736 318 1774; x_wconf 81' lang='lat' dir='ltr'>stolas</span> <span class='ocrx_word' id='word_1_121' title='bbox 345 1740 383 1775; x_wconf 88' lang='lat' dir='ltr'>et</span> <span class='ocrx_word' id='word_1_122' title='bbox 421 1737 574 1784; x_wconf 85' lang='lat' dir='ltr'>edicta,</span> <span class='ocrx_word' id='word_1_123' title='bbox 621 1747 728 1786; x_wconf 81' lang='lat' dir='ltr'>quae</span> <span class='ocrx_word' id='word_1_124' title='bbox 763 1735 875 1774; x_wconf 75' lang='lat' dir='ltr'>ratio</span> <span class='ocrx_word' id='word_1_125' title='bbox 914 1739 1073 1784; x_wconf 78' lang='lat' dir='ltr'>tempo-</span> 
     </span>
     <span class='ocr_line' id='line_1_21' title="bbox 192 1797 1068 1847; baseline 0 -11"><span class='ocrx_word' id='word_1_126' title='bbox 192 1810 288 1837; x_wconf 77' lang='lat' dir='ltr'>ram</span> <span class='ocrx_word' id='word_1_127' title='bbox 323 1799 488 1839; x_wconf 76' lang='lat' dir='ltr'>nomine</span> <span class='ocrx_word' id='word_1_128' title='bbox 527 1799 614 1838; x_wconf 78' lang='lat' dir='ltr'>eius</span> <span class='ocrx_word' id='word_1_129' title='bbox 652 1798 769 1838; x_wconf 79' lang='lat' dir='ltr'>reddi</span> <span class='ocrx_word' id='word_1_130' title='bbox 805 1797 1068 1847; x_wconf 75' lang='lat' dir='ltr'>postulabat,</span> 
     </span>
     <span class='ocr_line' id='line_1_22' title="bbox 191 1861 1071 1913; baseline 0 -13"><span class='ocrx_word' id='word_1_131' title='bbox 191 1873 271 1900; x_wconf 51' lang='lat' dir='ltr'>*non</span> <span class='ocrx_word' id='word_1_132' title='bbox 302 1862 480 1913; x_wconf 81' lang='lat' dir='ltr'>infaceto</span> <span class='ocrx_word' id='word_1_133' title='bbox 502 1863 638 1912; x_wconf 77' lang='lat' dir='ltr'>lepore</span> <span class='ocrx_word' id='word_1_134' title='bbox 658 1861 973 1910; x_wconf 77' lang='lat' dir='ltr'>accipientium,</span> <span class='ocrx_word' id='word_1_135' title='bbox 997 1871 1071 1900; x_wconf 88' lang='lat' dir='ltr'>ae-</span> 
     </span>
     <span class='ocr_line' id='line_1_23' title="bbox 192 1924 1072 1976; baseline -0.001 -12"><span class='ocrx_word' id='word_1_136' title='bbox 192 1926 382 1976; x_wconf 61' lang='lat' dir='ltr'>nigmata</span> <span class='ocrx_word' id='word_1_137' title='bbox 402 1927 554 1976; x_wconf 79' lang='lat' dir='ltr'>afferre</span> <span class='ocrx_word' id='word_1_138' title='bbox 575 1936 670 1964; x_wconf 86' lang='lat' dir='ltr'>eam</span> <span class='ocrx_word' id='word_1_139' title='bbox 691 1924 927 1975; x_wconf 72' lang='lat' dir='ltr'>Sphingyem.</span> <span class='ocrx_word' id='word_1_140' title='bbox 963 1924 1072 1973; x_wconf 79' lang='lat' dir='ltr'>Quin</span> 
     </span>
     <span class='ocr_line' id='line_1_24' title="bbox 191 1987 1072 2037; baseline -0.001 -11"><span class='ocrx_word' id='word_1_141' title='bbox 191 1988 315 2028; x_wconf 80' lang='lat' dir='ltr'>etiam</span> <span class='ocrx_word' id='word_1_142' title='bbox 343 1989 598 2029; x_wconf 78' lang='lat' dir='ltr'>Maecenatis</span> <span class='ocrx_word' id='word_1_143' title='bbox 629 1998 757 2026; x_wconf 80' lang='lat' dir='ltr'>rana</span> <span class='ocrx_word' id='word_1_144' title='bbox 779 1998 859 2037; x_wconf 78' lang='lat' dir='ltr'>per</span> <span class='ocrx_word' id='word_1_145' title='bbox 887 1987 1072 2026; x_wconf 90' lang='lat' dir='ltr'>collatio-</span> 
     </span>
     <span class='ocr_line' id='line_1_25' title="bbox 191 2052 1071 2101; baseline 0.001 -12"><span class='ocrx_word' id='word_1_146' title='bbox 191 2062 283 2090; x_wconf 87' lang='lat' dir='ltr'>nem</span> <span class='ocrx_word' id='word_1_147' title='bbox 318 2052 598 2101; x_wconf 77' lang='lat' dir='ltr'>pecuniarum</span> <span class='ocrx_word' id='word_1_148' title='bbox 640 2052 683 2089; x_wconf 90' lang='lat' dir='ltr'>in</span> <span class='ocrx_word' id='word_1_149' title='bbox 713 2062 868 2101; x_wconf 65' lang='grc' dir='ltr'>4ιηαῃηο</span> <span class='ocrx_word' id='word_1_150' title='bbox 911 2054 1071 2090; x_wconf 79' lang='lat' dir='ltr'>terrore</span> 
     </span>
     <span class='ocr_line' id='line_1_26' title="bbox 189 2112 1066 2162; baseline 0 -11"><span class='ocrx_word' id='word_1_151' title='bbox 189 2117 294 2152; x_wconf 80' lang='lat' dir='ltr'>erat.</span> <span class='ocrx_word' id='word_1_152' title='bbox 377 2113 544 2162; x_wconf 87' lang='lat' dir='ltr'>Quibus</span> <span class='ocrx_word' id='word_1_153' title='bbox 601 2125 654 2153; x_wconf 80' lang='lat' dir='ltr'>ex</span> <span class='ocrx_word' id='word_1_154' title='bbox 709 2112 861 2152; x_wconf 67' lang='lat' dir='ltr'>verbis</span> <span class='ocrx_word' id='word_1_155' title='bbox 909 2112 1066 2162; x_wconf 79' lang='lat' dir='ltr'>vides,</span> 
     </span>
     <span class='ocr_line' id='line_1_27' title="bbox 190 2175 1069 2227; baseline 0 -13"><span class='ocrx_word' id='word_1_156' title='bbox 190 2176 324 2215; x_wconf 85' lang='lat' dir='ltr'>etiam</span> <span class='ocrx_word' id='word_1_157' title='bbox 366 2176 408 2214; x_wconf 92' lang='lat' dir='ltr'>in</span> <span class='ocrx_word' id='word_1_158' title='bbox 448 2175 635 2227; x_wconf 89' lang='lat' dir='ltr'>publicis</span> <span class='ocrx_word' id='word_1_159' title='bbox 667 2176 852 2226; x_wconf 87' lang='lat' dir='ltr'>negotiis</span> <span class='ocrx_word' id='word_1_160' title='bbox 891 2176 1069 2216; x_wconf 85' lang='lat' dir='ltr'>Maece-</span> 
     </span>
     <span class='ocr_line' id='line_1_28' title="bbox 190 2238 1069 2290; baseline 0.001 -14"><span class='ocrx_word' id='word_1_161' title='bbox 190 2241 339 2278; x_wconf 90' lang='lat' dir='ltr'>natem</span> <span class='ocrx_word' id='word_1_162' title='bbox 370 2239 548 2290; x_wconf 88' lang='lat' dir='ltr'>proprio</span> <span class='ocrx_word' id='word_1_163' title='bbox 579 2249 659 2277; x_wconf 89' lang='lat' dir='ltr'>suo</span> <span class='ocrx_word' id='word_1_164' title='bbox 690 2249 823 2277; x_wconf 90' lang='lat' dir='ltr'>ranae</span> <span class='ocrx_word' id='word_1_165' title='bbox 856 2238 979 2288; x_wconf 85' lang='lat' dir='ltr'>signo</span> <span class='ocrx_word' id='word_1_166' title='bbox 1001 2239 1069 2277; x_wconf 92' lang='lat' dir='ltr'>in-</span> 
     </span>
     <span class='ocr_line' id='line_1_29' title="bbox 189 2300 1068 2351; baseline 0 -11"><span class='ocrx_word' id='word_1_167' title='bbox 189 2300 366 2340; x_wconf 88' lang='lat' dir='ltr'>terdum</span> <span class='ocrx_word' id='word_1_168' title='bbox 396 2311 528 2340; x_wconf 90' lang='lat' dir='ltr'>usum</span> <span class='ocrx_word' id='word_1_169' title='bbox 559 2311 673 2340; x_wconf 85' lang='lat' dir='ltr'>esse.</span> <span class='ocrx_word' id='word_1_170' title='bbox 711 2324 756 2328; x_wconf 87' lang='lat'>—</span> <span class='ocrx_word' id='word_1_171' title='bbox 789 2300 976 2351; x_wconf 66' lang='lat' dir='ltr'>Diceris]</span> <span class='ocrx_word' id='word_1_172' title='bbox 1001 2301 1068 2340; x_wconf 88' lang='lat' dir='ltr'>«Si</span> 
     </span>
     <span class='ocr_line' id='line_1_30' title="bbox 189 2362 1067 2414; baseline -0.001 -12"><span class='ocrx_word' id='word_1_173' title='bbox 189 2374 270 2414; x_wconf 84' lang='lat' dir='ltr'>ego</span> <span class='ocrx_word' id='word_1_174' title='bbox 302 2364 342 2403; x_wconf 92' lang='lat' dir='ltr'>ei</span> <span class='ocrx_word' id='word_1_175' title='bbox 371 2362 674 2414; x_wconf 88' lang='lat' dir='ltr'>respondero»</span> <span class='ocrx_word' id='word_1_176' title='bbox 708 2364 791 2402; x_wconf 91' lang='lat' dir='ltr'>cet.</span> <span class='ocrx_word' id='word_1_177' title='bbox 856 2363 1067 2402; x_wconf 90' lang='lat' dir='ltr'>Ceterum</span> 
     </span>
     <span class='ocr_line' id='line_1_31' title="bbox 187 2425 1067 2476; baseline 0 -13"><span class='ocrx_word' id='word_1_178' title='bbox 187 2425 369 2465; x_wconf 83' lang='lat' dir='ltr'>adverte</span> <span class='ocrx_word' id='word_1_179' title='bbox 387 2436 643 2465; x_wconf 89' lang='lat' dir='ltr'>sermonem</span> <span class='ocrx_word' id='word_1_180' title='bbox 662 2425 969 2476; x_wconf 87' lang='lat' dir='ltr'>quotidianum</span> <span class='ocrx_word' id='word_1_181' title='bbox 985 2435 1067 2476; x_wconf 90' lang='lat' dir='ltr'>per</span> 
     </span>
     <span class='ocr_line' id='line_1_32' title="bbox 187 2486 1064 2538; baseline -0.001 -11"><span class='ocrx_word' id='word_1_182' title='bbox 187 2488 268 2528; x_wconf 92' lang='lat' dir='ltr'>hos</span> <span class='ocrx_word' id='word_1_183' title='bbox 304 2499 373 2527; x_wconf 83' lang='lat' dir='ltr'>vv.</span> <span class='ocrx_word' id='word_1_184' title='bbox 408 2486 659 2527; x_wconf 87' lang='lat' dir='ltr'>felicissime</span> <span class='ocrx_word' id='word_1_185' title='bbox 699 2486 880 2538; x_wconf 87' lang='lat' dir='ltr'>singulis</span> <span class='ocrx_word' id='word_1_186' title='bbox 914 2486 1064 2526; x_wconf 73' lang='lat' dir='ltr'>verbis</span> 
     </span>
     <span class='ocr_line' id='line_1_33' title="bbox 187 2551 1065 2601; baseline -0.001 -11"><span class='ocrx_word' id='word_1_187' title='bbox 187 2554 230 2590; x_wconf 88' lang='lat' dir='ltr'>et</span> <span class='ocrx_word' id='word_1_188' title='bbox 251 2551 449 2590; x_wconf 89' lang='lat' dir='ltr'>numeris</span> <span class='ocrx_word' id='word_1_189' title='bbox 471 2561 649 2601; x_wconf 88' lang='lat' dir='ltr'>quoque</span> <span class='ocrx_word' id='word_1_190' title='bbox 672 2561 951 2601; x_wconf 75' lang='lat' dir='ltr'>expressum.</span> <span class='ocrx_word' id='word_1_191' title='bbox 985 2552 1065 2590; x_wconf 90' lang='lat' dir='ltr'>Re—</span> 
     </span>
     <span class='ocr_line' id='line_1_34' title="bbox 185 2611 1064 2661; baseline -0.001 -9"><span class='ocrx_word' id='word_1_192' title='bbox 185 2615 254 2653; x_wconf 86' lang='lat' dir='ltr'>cte</span> <span class='ocrx_word' id='word_1_193' title='bbox 277 2614 397 2653; x_wconf 89' lang='lat' dir='ltr'>enim</span> <span class='ocrx_word' id='word_1_194' title='bbox 426 2613 584 2652; x_wconf 89' lang='lat' dir='ltr'>Bothe:</span> <span class='ocrx_word' id='word_1_195' title='bbox 621 2614 787 2661; x_wconf 82' lang='lat' dir='ltr'>«Quam</span> <span class='ocrx_word' id='word_1_196' title='bbox 821 2611 944 2653; x_wconf 88' lang='lat' dir='ltr'>facile</span> <span class='ocrx_word' id='word_1_197' title='bbox 969 2615 1064 2653; x_wconf 91' lang='lat' dir='ltr'>erat</span> 
     </span>
     <span class='ocr_line' id='line_1_35' title="bbox 184 2674 1063 2727; baseline 0.001 -12"><span class='ocrx_word' id='word_1_198' title='bbox 184 2687 365 2716; x_wconf 79' lang='lat' dir='ltr'>versum</span> <span class='ocrx_word' id='word_1_199' title='bbox 404 2675 499 2727; x_wconf 79' lang='lat'>(35.)</span> <span class='ocrx_word' id='word_1_200' title='bbox 539 2674 765 2715; x_wconf 86' lang='lat' dir='ltr'>elumbem</span> <span class='ocrx_word' id='word_1_201' title='bbox 798 2677 968 2727; x_wconf 85' lang='lat' dir='ltr'>erigere</span> <span class='ocrx_word' id='word_1_202' title='bbox 1000 2677 1063 2716; x_wconf 92' lang='lat' dir='ltr'>sic</span> 
     </span>
     <span class='ocr_line' id='line_1_36' title="bbox 184 2738 1063 2778; baseline 0 0"><span class='ocrx_word' id='word_1_203' title='bbox 184 2738 448 2778; x_wconf 83' lang='lat' dir='ltr'>scribendo:</span> <span class='ocrx_word' id='word_1_204' title='bbox 494 2740 661 2778; x_wconf 82' lang='lat' dir='ltr'>Roscius</span> <span class='ocrx_word' id='word_1_205' title='bbox 704 2740 760 2778; x_wconf 78' lang='lat' dir='ltr'>acl</span> <span class='ocrx_word' id='word_1_206' title='bbox 800 2740 945 2778; x_wconf 81' lang='lat' dir='ltr'>Puteal</span> <span class='ocrx_word' id='word_1_207' title='bbox 987 2739 1063 2778; x_wconf 85' lang='lat' dir='ltr'>sibi</span> 
     </span>
     <span class='ocr_line' id='line_1_37' title="bbox 183 2801 1062 2843; baseline 0.005 -4"><span class='ocrx_word' id='word_1_208' title='bbox 183 2812 279 2840; x_wconf 86' lang='lat' dir='ltr'>cras</span> <span class='ocrx_word' id='word_1_209' title='bbox 295 2801 444 2841; x_wconf 81' lang='lat' dir='ltr'>orabat</span> <span class='ocrx_word' id='word_1_210' title='bbox 468 2801 659 2841; x_wconf 80' lang='lat' dir='ltr'>adesses?</span> <span class='ocrx_word' id='word_1_211' title='bbox 676 2818 695 2837; x_wconf 77' lang='lat' dir='ltr'>n</span> <span class='ocrx_word' id='word_1_212' title='bbox 727 2802 896 2842; x_wconf 91' lang='lat' dir='ltr'>Verum</span> <span class='ocrx_word' id='word_1_213' title='bbox 913 2802 1062 2843; x_wconf 87' lang='lat' dir='ltr'>dedita</span> 
     </span>
     <span class='ocr_line' id='line_1_38' title="bbox 183 2863 826 2914; baseline 0.005 -13"><span class='ocrx_word' id='word_1_214' title='bbox 183 2873 319 2914; x_wconf 90' lang='lat' dir='ltr'>opera</span> <span class='ocrx_word' id='word_1_215' title='bbox 351 2864 414 2903; x_wconf 92' lang='lat' dir='ltr'>sic</span> <span class='ocrx_word' id='word_1_216' title='bbox 444 2863 643 2904; x_wconf 89' lang='lat' dir='ltr'>scribere</span> <span class='ocrx_word' id='word_1_217' title='bbox 674 2863 826 2904; x_wconf 88' lang='lat' dir='ltr'>noluit.</span> 
     </span>
    </p>

    <p class='ocr_par' dir='ltr' id='par_1_10' title="bbox 181 2923 1061 3533">
     <span class='ocr_line' id='line_1_39' title="bbox 239 2923 1061 2978; baseline 0.002 -14"><span class='ocrx_word' id='word_1_218' title='bbox 239 2923 378 2965; x_wconf 77' lang='lat'>4-0-44.</span> <span class='ocrx_word' id='word_1_219' title='bbox 411 2926 629 2978; x_wconf 78' lang='lat' dir='ltr'>Septimus]</span> <span class='ocrx_word' id='word_1_220' title='bbox 662 2927 775 2966; x_wconf 91' lang='lat' dir='ltr'>Cum</span> <span class='ocrx_word' id='word_1_221' title='bbox 795 2927 908 2966; x_wconf 89' lang='lat' dir='ltr'>haec</span> <span class='ocrx_word' id='word_1_222' title='bbox 929 2928 1061 2967; x_wconf 88' lang='lat' dir='ltr'>satira</span> 
     </span>
     <span class='ocr_line' id='line_1_40' title="bbox 185 2987 1061 3039; baseline 0.005 -15"><span class='ocrx_word' id='word_1_223' title='bbox 185 2988 374 3025; x_wconf 85' lang='lat' dir='ltr'>exeunte</span> <span class='ocrx_word' id='word_1_224' title='bbox 406 2998 444 3025; x_wconf 91' lang='lat' dir='ltr'>a.</span> <span class='ocrx_word' id='word_1_225' title='bbox 469 2987 562 3026; x_wconf 72' lang='lat'>723.</span> <span class='ocrx_word' id='word_1_226' title='bbox 596 2989 842 3039; x_wconf 90' lang='lat' dir='ltr'>composita</span> <span class='ocrx_word' id='word_1_227' title='bbox 881 2990 958 3037; x_wconf 86' lang='lat' dir='ltr'>sit,</span> <span class='ocrx_word' id='word_1_228' title='bbox 1007 3000 1061 3028; x_wconf 81' lang='lat' dir='ltr'>ex</span> 
     </span>
     <span class='ocr_line' id='line_1_41' title="bbox 183 3048 1060 3098; baseline 0.006 -12"><span class='ocrx_word' id='word_1_229' title='bbox 183 3048 251 3087; x_wconf 90' lang='lat' dir='ltr'>his</span> <span class='ocrx_word' id='word_1_230' title='bbox 282 3049 466 3098; x_wconf 89' lang='lat' dir='ltr'>apparet</span> <span class='ocrx_word' id='word_1_231' title='bbox 499 3049 728 3090; x_wconf 86' lang='lat' dir='ltr'>Horatium</span> <span class='ocrx_word' id='word_1_232' title='bbox 759 3061 797 3090; x_wconf 91' lang='lat' dir='ltr'>a.</span> <span class='ocrx_word' id='word_1_233' title='bbox 832 3051 926 3091; x_wconf 84' lang='grc'>745.</span> <span class='ocrx_word' id='word_1_234' title='bbox 957 3063 1060 3091; x_wconf 87' lang='lat' dir='ltr'>ver-</span> 
     </span>
     <span class='ocr_line' id='line_1_42' title="bbox 183 3108 1059 3160; baseline 0.006 -12"><span class='ocrx_word' id='word_1_235' title='bbox 183 3111 313 3160; x_wconf 85' lang='lat' dir='ltr'>gente</span> <span class='ocrx_word' id='word_1_236' title='bbox 343 3108 412 3149; x_wconf 75' lang='lat' dir='ltr'>vel</span> <span class='ocrx_word' id='word_1_237' title='bbox 451 3111 570 3149; x_wconf 85' lang='lat' dir='ltr'>initio</span> <span class='ocrx_word' id='word_1_238' title='bbox 601 3122 639 3150; x_wconf 93' lang='lat' dir='ltr'>a.</span> <span class='ocrx_word' id='word_1_239' title='bbox 672 3113 766 3152; x_wconf 84' lang='grc'>746.</span> <span class='ocrx_word' id='word_1_240' title='bbox 800 3113 844 3152; x_wconf 92' lang='lat' dir='ltr'>in</span> <span class='ocrx_word' id='word_1_241' title='bbox 879 3114 1059 3154; x_wconf 87' lang='lat' dir='ltr'>Maece-</span> 
     </span>
     <span class='ocr_line' id='line_1_43' title="bbox 182 3171 1054 3225; baseline 0.005 -13"><span class='ocrx_word' id='word_1_242' title='bbox 182 3173 296 3212; x_wconf 85' lang='lat' dir='ltr'>natis</span> <span class='ocrx_word' id='word_1_243' title='bbox 325 3171 665 3213; x_wconf 85' lang='lat' dir='ltr'>familiaritatem</span> <span class='ocrx_word' id='word_1_244' title='bbox 685 3176 919 3225; x_wconf 88' lang='lat' dir='ltr'>receptum</span> <span class='ocrx_word' id='word_1_245' title='bbox 941 3186 1054 3216; x_wconf 89' lang='lat' dir='ltr'>esse.</span> 
     </span>
     <span class='ocr_line' id='line_1_44' title="bbox 184 3235 1055 3277; baseline 0.005 -4"><span class='ocrx_word' id='word_1_246' title='bbox 184 3235 265 3274; x_wconf 90' lang='lat' dir='ltr'>«Es</span> <span class='ocrx_word' id='word_1_247' title='bbox 291 3235 384 3274; x_wconf 86' lang='lat' dir='ltr'>sind</span> <span class='ocrx_word' id='word_1_248' title='bbox 412 3235 579 3274; x_wconf 84' lang='lat' dir='ltr'>beinahe</span> <span class='ocrx_word' id='word_1_249' title='bbox 598 3235 732 3275; x_wconf 90' lang='lat' dir='ltr'>sieben</span> <span class='ocrx_word' id='word_1_250' title='bbox 759 3237 862 3276; x_wconf 89' lang='lat' dir='ltr'>volle</span> <span class='ocrx_word' id='word_1_251' title='bbox 885 3238 1055 3277; x_wconf 80' lang='lat' dir='ltr'>Jahre.»</span> 
     </span>
     <span class='ocr_line' id='line_1_45' title="bbox 181 3296 1057 3350; baseline 0.003 -14"><span class='ocrx_word' id='word_1_252' title='bbox 181 3297 346 3336; x_wconf 75' lang='lat' dir='ltr'>FRANKE</span> <span class='ocrx_word' id='word_1_253' title='bbox 379 3308 480 3336; x_wconf 92' lang='lat' dir='ltr'>cum</span> <span class='ocrx_word' id='word_1_254' title='bbox 517 3296 624 3337; x_wconf 89' lang='lat' dir='ltr'>aliis.</span> <span class='ocrx_word' id='word_1_255' title='bbox 686 3298 773 3337; x_wconf 89' lang='lat' dir='ltr'>Sed</span> <span class='ocrx_word' id='word_1_256' title='bbox 811 3301 877 3338; x_wconf 90' lang='lat' dir='ltr'>est</span> <span class='ocrx_word' id='word_1_257' title='bbox 911 3300 1057 3350; x_wconf 88' lang='lat' dir='ltr'>potius</span> 
     </span>
     <span class='ocr_line' id='line_1_46' title="bbox 184 3358 1054 3411; baseline 0.002 -13"><span class='ocrx_word' id='word_1_258' title='bbox 184 3358 289 3409; x_wconf 84' lang='lat' dir='ltr'>«fast</span> <span class='ocrx_word' id='word_1_259' title='bbox 316 3360 411 3399; x_wconf 84' lang='lat' dir='ltr'>acht</span> <span class='ocrx_word' id='word_1_260' title='bbox 438 3360 583 3407; x_wconf 81' lang='lat' dir='ltr'>Jahre,</span> <span class='ocrx_word' id='word_1_261' title='bbox 618 3361 717 3399; x_wconf 88' lang='lat' dir='ltr'>octo</span> <span class='ocrx_word' id='word_1_262' title='bbox 747 3370 888 3411; x_wconf 87' lang='lat' dir='ltr'>prope</span> <span class='ocrx_word' id='word_1_263' title='bbox 909 3362 1054 3401; x_wconf 90' lang='lat' dir='ltr'>anni.»</span> 
     </span>
     <span class='ocr_line' id='line_1_47' title="bbox 183 3420 1049 3473; baseline 0.003 -15"><span class='ocrx_word' id='word_1_264' title='bbox 183 3420 268 3459; x_wconf 81' lang='lat' dir='ltr'>Cfr.</span> <span class='ocrx_word' id='word_1_265' title='bbox 292 3422 517 3462; x_wconf 86' lang='lat' dir='ltr'>Frandsen</span> <span class='ocrx_word' id='word_1_266' title='bbox 545 3423 766 3462; x_wconf 83' lang='lat' dir='ltr'>Maecenas</span> <span class='ocrx_word' id='word_1_267' title='bbox 802 3433 844 3473; x_wconf 89' lang='lat' dir='ltr'>p.</span> <span class='ocrx_word' id='word_1_268' title='bbox 869 3422 963 3461; x_wconf 66' lang='lat'>200.</span> <span class='ocrx_word' id='word_1_269' title='bbox 1005 3446 1049 3451; x_wconf 89' lang='lat'>—-</span> 
     </span>
     <span class='ocr_line' id='line_1_48' title="bbox 182 3483 1057 3533; baseline 0.003 -13"><span class='ocrx_word' id='word_1_270' title='bbox 182 3483 404 3523; x_wconf 60' lang='lat' dir='ltr'>dumtaxat</span> <span class='ocrx_word' id='word_1_271' title='bbox 432 3486 487 3523; x_wconf 88' lang='lat' dir='ltr'>ad</span> <span class='ocrx_word' id='word_1_272' title='bbox 516 3485 590 3523; x_wconf 81' lang='lat' dir='ltr'>hoc</span> <span class='ocrx_word' id='word_1_273' title='bbox 611 3484 715 3533; x_wconf 70' lang='lat' dir='ltr'>cet]</span> <span class='ocrx_word' id='word_1_274' title='bbox 749 3483 957 3524; x_wconf 88' lang='lat' dir='ltr'>Consulto</span> <span class='ocrx_word' id='word_1_275' title='bbox 985 3495 1057 3523; x_wconf 82' lang='lat' dir='ltr'>ex-</span> 
     </span>
    </p>
   </div>
   <div class='ocr_carea' id='block_1_8' title="bbox 1114 981 2025 3535">
    <p class='ocr_par' dir='ltr' id='par_1_11' title="bbox 1114 981 2025 3535">
     <span class='ocr_line' id='line_1_49' title="bbox 1146 981 2024 1031; baseline 0.001 -12"><span class='ocrx_word' id='word_1_276' title='bbox 1146 981 1298 1020; x_wconf 84' lang='lat' dir='ltr'>tenuat</span> <span class='ocrx_word' id='word_1_277' title='bbox 1340 990 1467 1019; x_wconf 89' lang='lat' dir='ltr'>suam</span> <span class='ocrx_word' id='word_1_278' title='bbox 1513 991 1615 1020; x_wconf 90' lang='lat' dir='ltr'>cum</span> <span class='ocrx_word' id='word_1_279' title='bbox 1660 982 1841 1031; x_wconf 87' lang='lat' dir='ltr'>potente</span> <span class='ocrx_word' id='word_1_280' title='bbox 1880 982 2024 1021; x_wconf 87' lang='lat' dir='ltr'>amico</span> 
     </span>
     <span class='ocr_line' id='line_1_50' title="bbox 1144 1043 2022 1093; baseline -0.001 -9"><span class='ocrx_word' id='word_1_281' title='bbox 1144 1043 1549 1091; x_wconf 86' lang='lat' dir='ltr'>necessitudinem,</span> <span class='ocrx_word' id='word_1_282' title='bbox 1594 1043 1845 1093; x_wconf 85' lang='lat' dir='ltr'>significans</span> <span class='ocrx_word' id='word_1_283' title='bbox 1886 1055 1934 1084; x_wconf 88' lang='lat' dir='ltr'>se</span> <span class='ocrx_word' id='word_1_284' title='bbox 1967 1044 2022 1083; x_wconf 91' lang='lat' dir='ltr'>ab</span> 
     </span>
     <span class='ocr_line' id='line_1_51' title="bbox 1143 1104 2025 1155; baseline 0.002 -11"><span class='ocrx_word' id='word_1_285' title='bbox 1143 1106 1381 1146; x_wconf 85' lang='lat' dir='ltr'>ambitione</span> <span class='ocrx_word' id='word_1_286' title='bbox 1414 1104 1540 1155; x_wconf 82' lang='lat' dir='ltr'>longe</span> <span class='ocrx_word' id='word_1_287' title='bbox 1572 1108 1796 1145; x_wconf 89' lang='lat' dir='ltr'>remotum</span> <span class='ocrx_word' id='word_1_288' title='bbox 1829 1117 1926 1146; x_wconf 89' lang='lat' dir='ltr'>esse</span> <span class='ocrx_word' id='word_1_289' title='bbox 1949 1118 2025 1146; x_wconf 91' lang='lat' dir='ltr'>ne-</span> 
     </span>
     <span class='ocr_line' id='line_1_52' title="bbox 1143 1168 2021 1219; baseline 0.001 -12"><span class='ocrx_word' id='word_1_290' title='bbox 1143 1180 1228 1219; x_wconf 88' lang='lat' dir='ltr'>que</span> <span class='ocrx_word' id='word_1_291' title='bbox 1267 1179 1465 1218; x_wconf 88' lang='lat' dir='ltr'>unquam</span> <span class='ocrx_word' id='word_1_292' title='bbox 1507 1169 1691 1217; x_wconf 80' lang='lat' dir='ltr'>negotiis</span> <span class='ocrx_word' id='word_1_293' title='bbox 1731 1168 1929 1209; x_wconf 67' lang='lat' dir='ltr'>cix-ilibus</span> <span class='ocrx_word' id='word_1_294' title='bbox 1965 1169 2021 1209; x_wconf 88' lang='lat' dir='ltr'>ab</span> 
     </span>
     <span class='ocr_line' id='line_1_53' title="bbox 1141 1230 2020 1282; baseline 0.001 -12"><span class='ocrx_word' id='word_1_295' title='bbox 1141 1230 1210 1270; x_wconf 90' lang='lat' dir='ltr'>illo</span> <span class='ocrx_word' id='word_1_296' title='bbox 1261 1230 1618 1270; x_wconf 85' lang='lat' dir='ltr'>administrandis</span> <span class='ocrx_word' id='word_1_297' title='bbox 1669 1242 1768 1270; x_wconf 86' lang='lat' dir='ltr'>sese</span> <span class='ocrx_word' id='word_1_298' title='bbox 1818 1233 2020 1282; x_wconf 81' lang='lat' dir='ltr'>ingerere</span> 
     </span>
     <span class='ocr_line' id='line_1_54' title="bbox 1140 1293 2019 1334; baseline 0.001 -1"><span class='ocrx_word' id='word_1_299' title='bbox 1140 1293 1332 1334; x_wconf 85' lang='lat' dir='ltr'>solitum.</span> <span class='ocrx_word' id='word_1_300' title='bbox 1382 1294 1592 1333; x_wconf 90' lang='lat' dir='ltr'>Ceterum</span> <span class='ocrx_word' id='word_1_301' title='bbox 1614 1293 1725 1332; x_wconf 90' lang='lat' dir='ltr'>haec</span> <span class='ocrx_word' id='word_1_302' title='bbox 1747 1296 1895 1334; x_wconf 89' lang='lat' dir='ltr'>omnia</span> <span class='ocrx_word' id='word_1_303' title='bbox 1918 1296 2019 1334; x_wconf 80' lang='grc' dir='ltr'>κατ’</span> 
     </span>
     <span class='ocr_line' id='line_1_55' title="bbox 1140 1356 2019 1413; baseline 0.001 -17"><span class='ocrx_word' id='word_1_304' title='bbox 1140 1357 1383 1413; x_wconf 73' lang='grc' dir='ltr'><em>εἰρωνείαν</em></span> <span class='ocrx_word' id='word_1_305' title='bbox 1410 1356 1494 1395; x_wconf 85' lang='lat' dir='ltr'>dici</span> <span class='ocrx_word' id='word_1_306' title='bbox 1526 1358 1731 1407; x_wconf 83' lang='lat' dir='ltr'>apparet:</span> <span class='ocrx_word' id='word_1_307' title='bbox 1767 1359 1931 1397; x_wconf 88' lang='lat' dir='ltr'>etenim</span> <span class='ocrx_word' id='word_1_308' title='bbox 1964 1358 2019 1397; x_wconf 93' lang='lat' dir='ltr'>de</span> 
     </span>
     <span class='ocr_line' id='line_1_56' title="bbox 1138 1418 2021 1472; baseline 0.001 -13"><span class='ocrx_word' id='word_1_309' title='bbox 1138 1419 1232 1460; x_wconf 89' lang='lat' dir='ltr'>aliis</span> <span class='ocrx_word' id='word_1_310' title='bbox 1271 1431 1323 1461; x_wconf 90' lang='lat' dir='ltr'>ac</span> <span class='ocrx_word' id='word_1_311' title='bbox 1365 1418 1643 1471; x_wconf 81' lang='lat' dir='ltr'>gravioribus</span> <span class='ocrx_word' id='word_1_312' title='bbox 1682 1418 1840 1467; x_wconf 91' lang='lat' dir='ltr'>rebus,</span> <span class='ocrx_word' id='word_1_313' title='bbox 1887 1431 2021 1472; x_wconf 87' lang='lat' dir='ltr'>prae-</span> 
     </span>
     <span class='ocr_line' id='line_1_57' title="bbox 1137 1482 2020 1535; baseline -0.001 -12"><span class='ocrx_word' id='word_1_314' title='bbox 1137 1485 1291 1523; x_wconf 88' lang='lat' dir='ltr'>sertim</span> <span class='ocrx_word' id='word_1_315' title='bbox 1331 1484 1387 1523; x_wconf 89' lang='lat' dir='ltr'>ad</span> <span class='ocrx_word' id='word_1_316' title='bbox 1430 1484 1585 1535; x_wconf 79' lang='lat' dir='ltr'>poesin</span> <span class='ocrx_word' id='word_1_317' title='bbox 1624 1484 1667 1522; x_wconf 92' lang='lat' dir='ltr'>et</span> <span class='ocrx_word' id='word_1_318' title='bbox 1711 1482 1877 1523; x_wconf 87' lang='lat' dir='ltr'>litteras</span> <span class='ocrx_word' id='word_1_319' title='bbox 1915 1495 2020 1535; x_wconf 90' lang='lat' dir='ltr'>spe-</span> 
     </span>
     <span class='ocr_line' id='line_1_58' title="bbox 1138 1545 2018 1597; baseline 0 -11"><span class='ocrx_word' id='word_1_320' title='bbox 1138 1546 1384 1595; x_wconf 84' lang='lat' dir='ltr'>ctantibus,</span> <span class='ocrx_word' id='word_1_321' title='bbox 1419 1557 1496 1586; x_wconf 89' lang='lat' dir='ltr'>eos</span> <span class='ocrx_word' id='word_1_322' title='bbox 1527 1546 1642 1585; x_wconf 90' lang='lat' dir='ltr'>inter</span> <span class='ocrx_word' id='word_1_323' title='bbox 1672 1556 1719 1585; x_wconf 91' lang='lat' dir='ltr'>se</span> <span class='ocrx_word' id='word_1_324' title='bbox 1752 1545 2018 1597; x_wconf 88' lang='lat' dir='ltr'>plerumque</span> 
     </span>
     <span class='ocr_line' id='line_1_59' title="bbox 1137 1609 2014 1650; baseline -0.001 -1"><span class='ocrx_word' id='word_1_325' title='bbox 1137 1609 1377 1650; x_wconf 83' lang='lat' dir='ltr'>collocutos</span> <span class='ocrx_word' id='word_1_326' title='bbox 1410 1620 1509 1649; x_wconf 91' lang='lat' dir='ltr'>esse</span> <span class='ocrx_word' id='word_1_327' title='bbox 1543 1611 1895 1648; x_wconf 83' lang='lat' dir='ltr'>consentaneum</span> <span class='ocrx_word' id='word_1_328' title='bbox 1934 1611 2014 1649; x_wconf 90' lang='lat' dir='ltr'>est.</span> 
     </span>
     <span class='ocr_line' id='line_1_60' title="bbox 1134 1671 2016 1722; baseline 0 -11"><span class='ocrx_word' id='word_1_329' title='bbox 1134 1673 1301 1711; x_wconf 81' lang='lat' dir='ltr'>Verum</span> <span class='ocrx_word' id='word_1_330' title='bbox 1324 1671 1432 1712; x_wconf 88' lang='lat' dir='ltr'>tales</span> <span class='ocrx_word' id='word_1_331' title='bbox 1449 1682 1683 1712; x_wconf 87' lang='lat' dir='ltr'>sermones</span> <span class='ocrx_word' id='word_1_332' title='bbox 1701 1671 1772 1711; x_wconf 88' lang='lat' dir='ltr'>hic</span> <span class='ocrx_word' id='word_1_333' title='bbox 1792 1682 2016 1722; x_wconf 79' lang='lat' dir='ltr'>exponere</span> 
     </span>
     <span class='ocr_line' id='line_1_61' title="bbox 1134 1733 2017 1786; baseline 0 -13"><span class='ocrx_word' id='word_1_334' title='bbox 1134 1736 1335 1786; x_wconf 89' lang='lat' dir='ltr'>ineptum</span> <span class='ocrx_word' id='word_1_335' title='bbox 1385 1746 1435 1773; x_wconf 86' lang='lat' dir='ltr'>ac</span> <span class='ocrx_word' id='word_1_336' title='bbox 1484 1733 1690 1785; x_wconf 90' lang='lat' dir='ltr'>putidum</span> <span class='ocrx_word' id='word_1_337' title='bbox 1737 1733 1915 1782; x_wconf 84' lang='lat' dir='ltr'>fuisset,</span> <span class='ocrx_word' id='word_1_338' title='bbox 1967 1736 2017 1773; x_wconf 87' lang='lat' dir='ltr'>ut</span> 
     </span>
     <span class='ocr_line' id='line_1_62' title="bbox 1133 1798 2017 1838; baseline 0 0"><span class='ocrx_word' id='word_1_339' title='bbox 1133 1801 1254 1838; x_wconf 88' lang='lat' dir='ltr'>recte</span> <span class='ocrx_word' id='word_1_340' title='bbox 1299 1798 1481 1838; x_wconf 89' lang='lat' dir='ltr'>adnotat</span> <span class='ocrx_word' id='word_1_341' title='bbox 1526 1799 1733 1837; x_wconf 80' lang='lat' dir='ltr'>Duntzer.</span> <span class='ocrx_word' id='word_1_342' title='bbox 1784 1819 1827 1825; x_wconf 91' lang='lat'>-—</span> <span class='ocrx_word' id='word_1_343' title='bbox 1876 1798 2017 1838; x_wconf 81' lang='lat' dir='ltr'>tollere</span> 
     </span>
     <span class='ocr_line' id='line_1_63' title="bbox 1131 1860 2015 1912; baseline -0.002 -11"><span class='ocrx_word' id='word_1_344' title='bbox 1131 1862 1283 1911; x_wconf 78' lang='lat' dir='ltr'>rheda]</span> <span class='ocrx_word' id='word_1_345' title='bbox 1318 1862 1554 1912; x_wconf 87' lang='lat' dir='ltr'>«recipere</span> <span class='ocrx_word' id='word_1_346' title='bbox 1587 1860 1796 1900; x_wconf 90' lang='lat' dir='ltr'>comitem</span> <span class='ocrx_word' id='word_1_347' title='bbox 1835 1860 1878 1899; x_wconf 92' lang='lat' dir='ltr'>in</span> <span class='ocrx_word' id='word_1_348' title='bbox 1908 1861 2015 1900; x_wconf 90' lang='lat' dir='ltr'>rhe—</span> 
     </span>
     <span class='ocr_line' id='line_1_64' title="bbox 1133 1923 2015 1973; baseline -0.001 -9"><span class='ocrx_word' id='word_1_349' title='bbox 1133 1925 1281 1965; x_wconf 89' lang='lat' dir='ltr'>dam.»</span> <span class='ocrx_word' id='word_1_350' title='bbox 1332 1925 1421 1963; x_wconf 82' lang='lat' dir='ltr'>Liv.</span> <span class='ocrx_word' id='word_1_351' title='bbox 1447 1923 1520 1971; x_wconf 79' lang='lat'>45,</span> <span class='ocrx_word' id='word_1_352' title='bbox 1555 1924 1603 1963; x_wconf 88' lang='lat'>6:</span> <span class='ocrx_word' id='word_1_353' title='bbox 1650 1924 1858 1973; x_wconf 79' lang='lat' dir='ltr'>appellat,</span> <span class='ocrx_word' id='word_1_354' title='bbox 1900 1928 1946 1963; x_wconf 80' lang='lat' dir='ltr'>ut</span> <span class='ocrx_word' id='word_1_355' title='bbox 1974 1935 2015 1963; x_wconf 91' lang='lat' dir='ltr'>se</span> 
     </span>
     <span class='ocr_line' id='line_1_65' title="bbox 1131 1986 2014 2036; baseline -0.001 -9"><span class='ocrx_word' id='word_1_356' title='bbox 1131 1988 1388 2027; x_wconf 79' lang='lat' dir='ltr'>sublatum</span> <span class='ocrx_word' id='word_1_357' title='bbox 1419 1987 1461 2026; x_wconf 89' lang='lat' dir='ltr'>in</span> <span class='ocrx_word' id='word_1_358' title='bbox 1491 1986 1668 2026; x_wconf 78' lang='lat' dir='ltr'>lembum</span> <span class='ocrx_word' id='word_1_359' title='bbox 1697 1987 1753 2025; x_wconf 86' lang='lat' dir='ltr'>ad</span> <span class='ocrx_word' id='word_1_360' title='bbox 1783 1986 1926 2036; x_wconf 70' lang='lat' dir='ltr'>Cotym</span> <span class='ocrx_word' id='word_1_361' title='bbox 1947 1988 2014 2026; x_wconf 80' lang='lat' dir='ltr'>cle-</span> 
     </span>
     <span class='ocr_line' id='line_1_66' title="bbox 1129 2049 2008 2100; baseline -0.002 -10"><span class='ocrx_word' id='word_1_362' title='bbox 1129 2051 1303 2090; x_wconf 78' lang='lat' dir='ltr'>veheret.</span> <span class='ocrx_word' id='word_1_363' title='bbox 1341 2073 1385 2078; x_wconf 76' lang='lat'>—-</span> <span class='ocrx_word' id='word_1_364' title='bbox 1418 2050 1503 2089; x_wconf 90' lang='lat' dir='ltr'>Hoc</span> <span class='ocrx_word' id='word_1_365' title='bbox 1532 2049 1677 2100; x_wconf 63' lang='lat' dir='ltr'>glenus]</span> <span class='ocrx_word' id='word_1_366' title='bbox 1713 2049 1803 2088; x_wconf 90' lang='lat' dir='ltr'>Cic.</span> <span class='ocrx_word' id='word_1_367' title='bbox 1829 2049 1885 2088; x_wconf 87' lang='lat' dir='ltr'>ad</span> <span class='ocrx_word' id='word_1_368' title='bbox 1922 2050 2008 2089; x_wconf 87' lang='lat' dir='ltr'>Att.</span> 
     </span>
     <span class='ocr_line' id='line_1_67' title="bbox 1132 2112 2012 2161; baseline -0.002 -8"><span class='ocrx_word' id='word_1_369' title='bbox 1132 2113 1203 2160; x_wconf 86' lang='grc'>43,</span> <span class='ocrx_word' id='word_1_370' title='bbox 1239 2114 1310 2161; x_wconf 69' lang='grc'>42,</span> <span class='ocrx_word' id='word_1_371' title='bbox 1345 2112 1393 2152; x_wconf 91' lang='grc'>3;</span> <span class='ocrx_word' id='word_1_372' title='bbox 1434 2113 1522 2152; x_wconf 85' lang='lat' dir='ltr'>Scis</span> <span class='ocrx_word' id='word_1_373' title='bbox 1550 2123 1615 2151; x_wconf 86' lang='lat' dir='ltr'>me</span> <span class='ocrx_word' id='word_1_374' title='bbox 1643 2115 1768 2150; x_wconf 84' lang='lat' dir='ltr'>antea</span> <span class='ocrx_word' id='word_1_375' title='bbox 1799 2112 2012 2151; x_wconf 76' lang='lat' dir='ltr'>orationes</span> 
     </span>
     <span class='ocr_line' id='line_1_68' title="bbox 1129 2174 2009 2226; baseline -0.003 -11"><span class='ocrx_word' id='word_1_376' title='bbox 1129 2180 1205 2216; x_wconf 82' lang='lat' dir='ltr'>aut</span> <span class='ocrx_word' id='word_1_377' title='bbox 1234 2176 1439 2225; x_wconf 79' lang='lat' dir='ltr'>aliquid</span> <span class='ocrx_word' id='word_1_378' title='bbox 1467 2176 1516 2214; x_wconf 86' lang='lat' dir='ltr'>id</span> <span class='ocrx_word' id='word_1_379' title='bbox 1544 2186 1695 2226; x_wconf 63' lang='lat' dir='ltr'>genus</span> <span class='ocrx_word' id='word_1_380' title='bbox 1723 2174 1888 2213; x_wconf 75' lang='lat' dir='ltr'>solitum</span> <span class='ocrx_word' id='word_1_381' title='bbox 1907 2175 2009 2213; x_wconf 82' lang='lat' dir='ltr'>scri—</span> 
     </span>
     <span class='ocr_line' id='line_1_69' title="bbox 1129 2237 2010 2289; baseline 0 -11"><span class='ocrx_word' id='word_1_382' title='bbox 1129 2239 1234 2278; x_wconf 83' lang='lat' dir='ltr'>bere.</span> <span class='ocrx_word' id='word_1_383' title='bbox 1278 2261 1323 2268; x_wconf 90' lang='lat'>—-</span> <span class='ocrx_word' id='word_1_384' title='bbox 1374 2237 1528 2289; x_wconf 63' lang='lat' dir='ltr'>Thrax]</span> <span class='ocrx_word' id='word_1_385' title='bbox 1577 2238 1699 2277; x_wconf 89' lang='lat' dir='ltr'>Hanc</span> <span class='ocrx_word' id='word_1_386' title='bbox 1742 2237 2010 2288; x_wconf 87' lang='lat' dir='ltr'>scripturam</span> 
     </span>
     <span class='ocr_line' id='line_1_70' title="bbox 1129 2298 2010 2351; baseline 0 -12"><span class='ocrx_word' id='word_1_387' title='bbox 1129 2300 1172 2339; x_wconf 89' lang='lat' dir='ltr'>h.</span> <span class='ocrx_word' id='word_1_388' title='bbox 1196 2300 1224 2339; x_wconf 89' lang='lat' dir='ltr'>l.</span> <span class='ocrx_word' id='word_1_389' title='bbox 1248 2300 1592 2351; x_wconf 89' lang='lat' dir='ltr'>praeferendam</span> <span class='ocrx_word' id='word_1_390' title='bbox 1615 2299 1773 2339; x_wconf 88' lang='lat' dir='ltr'>suadet</span> <span class='ocrx_word' id='word_1_391' title='bbox 1794 2298 2010 2339; x_wconf 89' lang='lat' dir='ltr'>librorum</span> 
     </span>
     <span class='ocr_line' id='line_1_71' title="bbox 1129 2361 2007 2409; baseline -0.002 -8"><span class='ocrx_word' id='word_1_392' title='bbox 1129 2363 1391 2409; x_wconf 70' lang='lat' dir='ltr'>auctoritas,</span> <span class='ocrx_word' id='word_1_393' title='bbox 1421 2361 1714 2401; x_wconf 80' lang='lat' dir='ltr'>rejiciendum</span> <span class='ocrx_word' id='word_1_394' title='bbox 1736 2363 1885 2399; x_wconf 90' lang='lat' dir='ltr'>autem</span> <span class='ocrx_word' id='word_1_395' title='bbox 1908 2371 2007 2400; x_wconf 89' lang='lat' dir='ltr'>esse</span> 
     </span>
     <span class='ocr_line' id='line_1_72' title="bbox 1129 2421 2009 2474; baseline -0.003 -11"><span class='ocrx_word' id='word_1_396' title='bbox 1129 2424 1389 2472; x_wconf 86' lang='lat' dir='ltr'>discrimen,</span> <span class='ocrx_word' id='word_1_397' title='bbox 1439 2423 1558 2474; x_wconf 89' lang='lat' dir='ltr'>quod</span> <span class='ocrx_word' id='word_1_398' title='bbox 1589 2423 1722 2463; x_wconf 87' lang='lat' dir='ltr'>statui</span> <span class='ocrx_word' id='word_1_399' title='bbox 1752 2421 1865 2461; x_wconf 89' lang='lat' dir='ltr'>solet</span> <span class='ocrx_word' id='word_1_400' title='bbox 1894 2423 2009 2462; x_wconf 91' lang='lat' dir='ltr'>inter</span> 
     </span>
     <span class='ocr_line' id='line_1_73' title="bbox 1128 2484 2003 2532; baseline -0.002 -8"><span class='ocrx_word' id='word_1_401' title='bbox 1128 2486 1307 2525; x_wconf 89' lang='lat' dir='ltr'>nomina</span> <span class='ocrx_word' id='word_1_402' title='bbox 1340 2485 1481 2524; x_wconf 71' lang='lat' dir='ltr'>Thraac</span> <span class='ocrx_word' id='word_1_403' title='bbox 1512 2486 1556 2524; x_wconf 90' lang='lat' dir='ltr'>et</span> <span class='ocrx_word' id='word_1_404' title='bbox 1588 2485 1618 2523; x_wconf 92' lang='lat' dir='ltr'><em>T</em></span> <span class='ocrx_word' id='word_1_405' title='bbox 1617 2485 1722 2523; x_wconf 52' lang='lat' dir='ltr'>lire.»-</span> <span class='ocrx_word' id='word_1_406' title='bbox 1752 2494 1787 2524; x_wconf 89' lang='lat' dir='ltr'>s.</span> <span class='ocrx_word' id='word_1_407' title='bbox 1816 2484 2003 2532; x_wconf 66' lang='lat' dir='ltr'>Thraex,</span> 
     </span>
     <span class='ocr_line' id='line_1_74' title="bbox 1127 2545 2007 2598; baseline -0.003 -11"><span class='ocrx_word' id='word_1_408' title='bbox 1127 2550 1174 2587; x_wconf 92' lang='lat' dir='ltr'>ut</span> <span class='ocrx_word' id='word_1_409' title='bbox 1203 2547 1271 2587; x_wconf 91' lang='lat' dir='ltr'>illa</span> <span class='ocrx_word' id='word_1_410' title='bbox 1304 2547 1443 2587; x_wconf 83' lang='lat' dir='ltr'>forma</span> <span class='ocrx_word' id='word_1_411' title='bbox 1484 2545 1721 2598; x_wconf 90' lang='lat' dir='ltr'>populum,</span> <span class='ocrx_word' id='word_1_412' title='bbox 1770 2547 1883 2586; x_wconf 88' lang='lat' dir='ltr'>haec</span> <span class='ocrx_word' id='word_1_413' title='bbox 1915 2545 2007 2596; x_wconf 90' lang='lat' dir='ltr'>gla-</span> 
     </span>
     <span class='ocr_line' id='line_1_75' title="bbox 1126 2607 2007 2658; baseline -0.003 -8"><span class='ocrx_word' id='word_1_414' title='bbox 1126 2610 1320 2650; x_wconf 89' lang='lat' dir='ltr'>diatores</span> <span class='ocrx_word' id='word_1_415' title='bbox 1333 2609 1529 2658; x_wconf 87' lang='lat' dir='ltr'>denotet,</span> <span class='ocrx_word' id='word_1_416' title='bbox 1549 2620 1655 2649; x_wconf 77' lang='lat' dir='ltr'>vere</span> <span class='ocrx_word' id='word_1_417' title='bbox 1674 2609 1844 2648; x_wconf 92' lang='lat' dir='ltr'>monuit</span> <span class='ocrx_word' id='word_1_418' title='bbox 1860 2607 2007 2648; x_wconf 87' lang='lat' dir='ltr'>Fleck—</span> 
     </span>
     <span class='ocr_line' id='line_1_76' title="bbox 1126 2672 2000 2723; baseline -0.002 -10"><span class='ocrx_word' id='word_1_419' title='bbox 1126 2674 1249 2714; x_wconf 90' lang='lat' dir='ltr'>eisen</span> <span class='ocrx_word' id='word_1_420' title='bbox 1270 2672 1423 2713; x_wconf 90' lang='lat' dir='ltr'>Philol.</span> <span class='ocrx_word' id='word_1_421' title='bbox 1448 2672 1723 2712; x_wconf 84' lang='lat' dir='ltr'>Schneidew.</span> <span class='ocrx_word' id='word_1_422' title='bbox 1747 2673 1816 2712; x_wconf 80' lang='lat' dir='ltr'>IV.</span> <span class='ocrx_word' id='word_1_423' title='bbox 1838 2682 1880 2723; x_wconf 90' lang='lat' dir='ltr'>p.</span> <span class='ocrx_word' id='word_1_424' title='bbox 1906 2672 2000 2711; x_wconf 63' lang='lat'>3212.</span> 
     </span>
     <span class='ocr_line' id='line_1_77' title="bbox 1126 2733 2002 2787; baseline -0.003 -12"><span class='ocrx_word' id='word_1_425' title='bbox 1126 2735 1250 2776; x_wconf 91' lang='lat' dir='ltr'>Conf.</span> <span class='ocrx_word' id='word_1_426' title='bbox 1284 2736 1393 2787; x_wconf 89' lang='lat' dir='ltr'>Epp.</span> <span class='ocrx_word' id='word_1_427' title='bbox 1429 2737 1474 2784; x_wconf 91' lang='grc'>4,</span> <span class='ocrx_word' id='word_1_428' title='bbox 1517 2736 1590 2784; x_wconf 91' lang='grc'>48,</span> <span class='ocrx_word' id='word_1_429' title='bbox 1634 2735 1702 2775; x_wconf 88' lang='grc'>36.</span> <span class='ocrx_word' id='word_1_430' title='bbox 1739 2759 1784 2762; x_wconf 91' lang='grc'>-</span> <span class='ocrx_word' id='word_1_431' title='bbox 1818 2733 2002 2786; x_wconf 87' lang='lat' dir='ltr'>Gallina]</span> 
     </span>
     <span class='ocr_line' id='line_1_78' title="bbox 1123 2796 2005 2849; baseline -0.003 -11"><span class='ocrx_word' id='word_1_432' title='bbox 1123 2809 1289 2838; x_wconf 90' lang='lat' dir='ltr'>nomen</span> <span class='ocrx_word' id='word_1_433' title='bbox 1327 2797 1583 2849; x_wconf 87' lang='lat' dir='ltr'>gladiatoris</span> <span class='ocrx_word' id='word_1_434' title='bbox 1623 2809 1704 2849; x_wconf 88' lang='lat' dir='ltr'>per</span> <span class='ocrx_word' id='word_1_435' title='bbox 1744 2808 1791 2837; x_wconf 90' lang='lat' dir='ltr'>se</span> <span class='ocrx_word' id='word_1_436' title='bbox 1836 2796 2005 2836; x_wconf 86' lang='lat' dir='ltr'>ridicu-</span> 
     </span>
     <span class='ocr_line' id='line_1_79' title="bbox 1122 2858 2005 2912; baseline -0.003 -12"><span class='ocrx_word' id='word_1_437' title='bbox 1122 2860 1237 2908; x_wconf 91' lang='lat' dir='ltr'>lum,</span> <span class='ocrx_word' id='word_1_438' title='bbox 1272 2861 1347 2912; x_wconf 89' lang='lat' dir='ltr'>qui</span> <span class='ocrx_word' id='word_1_439' title='bbox 1376 2871 1532 2912; x_wconf 89' lang='lat' dir='ltr'>parma</span> <span class='ocrx_word' id='word_1_440' title='bbox 1562 2860 1822 2900; x_wconf 88' lang='lat' dir='ltr'>Threcidica</span> <span class='ocrx_word' id='word_1_441' title='bbox 1853 2861 1897 2899; x_wconf 90' lang='lat' dir='ltr'>et</span> <span class='ocrx_word' id='word_1_442' title='bbox 1917 2858 2005 2909; x_wconf 85' lang='lat' dir='ltr'>gla-</span> 
     </span>
     <span class='ocr_line' id='line_1_80' title="bbox 1122 2916 2003 2981; baseline -0.003 -18"><span class='ocrx_word' id='word_1_443' title='bbox 1122 2923 1194 2963; x_wconf 88' lang='lat' dir='ltr'>dio</span> <span class='ocrx_word' id='word_1_444' title='bbox 1225 2924 1407 2963; x_wconf 84' lang='lat' dir='ltr'>incurvo</span> <span class='ocrx_word' id='word_1_445' title='bbox 1445 2916 1609 2981; x_wconf 73' lang='grc' dir='ltr'><em>(ἅρπῃ)</em></span> <span class='ocrx_word' id='word_1_446' title='bbox 1641 2925 1838 2962; x_wconf 89' lang='lat' dir='ltr'>armatus</span> <span class='ocrx_word' id='word_1_447' title='bbox 1876 2932 2003 2961; x_wconf 89' lang='lat' dir='ltr'>com-</span> 
     </span>
     <span class='ocr_line' id='line_1_81' title="bbox 1121 2984 2002 3038; baseline -0.003 -12"><span class='ocrx_word' id='word_1_448' title='bbox 1121 2987 1225 3038; x_wconf 90' lang='lat' dir='ltr'>poni</span> <span class='ocrx_word' id='word_1_449' title='bbox 1268 2985 1441 3026; x_wconf 85' lang='lat' dir='ltr'>solebat</span> <span class='ocrx_word' id='word_1_450' title='bbox 1484 2987 1528 3026; x_wconf 91' lang='lat' dir='ltr'>in</span> <span class='ocrx_word' id='word_1_451' title='bbox 1572 2997 1708 3025; x_wconf 89' lang='lat' dir='ltr'>arena</span> <span class='ocrx_word' id='word_1_452' title='bbox 1753 2995 1856 3024; x_wconf 87' lang='lat' dir='ltr'>cum</span> <span class='ocrx_word' id='word_1_453' title='bbox 1893 2984 2002 3033; x_wconf 72' lang='lat' dir='ltr'>Syro</span> 
     </span>
     <span class='ocr_line' id='line_1_82' title="bbox 1121 3047 2001 3099; baseline -0.002 -11"><span class='ocrx_word' id='word_1_454' title='bbox 1121 3048 1408 3097; x_wconf 90' lang='lat' dir='ltr'>mirmillone,</span> <span class='ocrx_word' id='word_1_455' title='bbox 1453 3049 1497 3089; x_wconf 89' lang='lat' dir='ltr'>id</span> <span class='ocrx_word' id='word_1_456' title='bbox 1529 3051 1617 3099; x_wconf 90' lang='lat' dir='ltr'>est,</span> <span class='ocrx_word' id='word_1_457' title='bbox 1656 3047 1897 3099; x_wconf 83' lang='lat' dir='ltr'>gladiatore</span> <span class='ocrx_word' id='word_1_458' title='bbox 1927 3058 2001 3086; x_wconf 89' lang='lat' dir='ltr'>ar-</span> 
     </span>
     <span class='ocr_line' id='line_1_83' title="bbox 1121 3110 1999 3161; baseline -0.002 -11"><span class='ocrx_word' id='word_1_459' title='bbox 1121 3113 1294 3150; x_wconf 88' lang='lat' dir='ltr'>matura</span> <span class='ocrx_word' id='word_1_460' title='bbox 1344 3111 1503 3151; x_wconf 88' lang='lat' dir='ltr'>Gallica</span> <span class='ocrx_word' id='word_1_461' title='bbox 1552 3111 1731 3151; x_wconf 90' lang='lat' dir='ltr'>inducto</span> <span class='ocrx_word' id='word_1_462' title='bbox 1776 3113 1820 3150; x_wconf 92' lang='lat' dir='ltr'>et</span> <span class='ocrx_word' id='word_1_463' title='bbox 1865 3110 1999 3161; x_wconf 90' lang='lat' dir='ltr'>piscis</span> 
     </span>
     <span class='ocr_line' id='line_1_84' title="bbox 1120 3170 1997 3231; baseline -0.005 -17"><span class='ocrx_word' id='word_1_464' title='bbox 1120 3170 1391 3231; x_wconf 80' lang='grc' dir='ltr'><em>(μορμύλου</em></span> <span class='ocrx_word' id='word_1_465' title='bbox 1414 3186 1448 3214; x_wconf 90' lang='lat' dir='ltr'>s.</span> <span class='ocrx_word' id='word_1_466' title='bbox 1466 3170 1739 3231; x_wconf 73' lang='grc' dir='ltr'><em>μορμύρων)</em></span> <span class='ocrx_word' id='word_1_467' title='bbox 1760 3172 1997 3222; x_wconf 88' lang='lat' dir='ltr'>imaginem</span> 
     </span>
     <span class='ocr_line' id='line_1_85' title="bbox 1119 3233 1993 3287; baseline -0.005 -12"><span class='ocrx_word' id='word_1_468' title='bbox 1119 3237 1162 3275; x_wconf 93' lang='lat' dir='ltr'>in</span> <span class='ocrx_word' id='word_1_469' title='bbox 1194 3235 1318 3287; x_wconf 86' lang='lat' dir='ltr'>galea</span> <span class='ocrx_word' id='word_1_470' title='bbox 1348 3235 1557 3276; x_wconf 89' lang='lat' dir='ltr'>habente.</span> <span class='ocrx_word' id='word_1_471' title='bbox 1610 3236 1699 3275; x_wconf 86' lang='lat' dir='ltr'>Cic.</span> <span class='ocrx_word' id='word_1_472' title='bbox 1729 3233 1911 3284; x_wconf 89' lang='lat' dir='ltr'>Philipp.</span> <span class='ocrx_word' id='word_1_473' title='bbox 1945 3233 1993 3280; x_wconf 88' lang='lat'>7,</span> 
     </span>
     <span class='ocr_line' id='line_1_86' title="bbox 1120 3294 1997 3347; baseline -0.008 -9"><span class='ocrx_word' id='word_1_474' title='bbox 1120 3299 1168 3347; x_wconf 91' lang='lat'>6,</span> <span class='ocrx_word' id='word_1_475' title='bbox 1204 3300 1276 3338; x_wconf 72' lang='lat'>47:</span> <span class='ocrx_word' id='word_1_476' title='bbox 1309 3299 1511 3339; x_wconf 88' lang='lat' dir='ltr'>Mirmillo</span> <span class='ocrx_word' id='word_1_477' title='bbox 1540 3299 1585 3337; x_wconf 85' lang='lat' dir='ltr'>in</span> <span class='ocrx_word' id='word_1_478' title='bbox 1614 3298 1714 3338; x_wconf 88' lang='lat' dir='ltr'>Asia</span> <span class='ocrx_word' id='word_1_479' title='bbox 1743 3294 1997 3345; x_wconf 69' lang='lat' dir='ltr'>depuqnavit</span> 
     </span>
     <span class='ocr_line' id='line_1_87' title="bbox 1121 3356 1996 3412; baseline -0.008 -11"><span class='ocrx_word' id='word_1_480' title='bbox 1121 3361 1178 3412; x_wconf 89' lang='lat' dir='ltr'>(L.</span> <span class='ocrx_word' id='word_1_481' title='bbox 1202 3361 1448 3411; x_wconf 87' lang='lat' dir='ltr'>Antonius).</span> <span class='ocrx_word' id='word_1_482' title='bbox 1501 3360 1603 3401; x_wconf 82' lang='lat' dir='ltr'>Cum</span> <span class='ocrx_word' id='word_1_483' title='bbox 1632 3362 1817 3398; x_wconf 82' lang='lat' dir='ltr'>ornasset</span> <span class='ocrx_word' id='word_1_484' title='bbox 1838 3356 1996 3395; x_wconf 82' lang='lat' dir='ltr'>Threci-</span> 
     </span>
     <span class='ocr_line' id='line_1_88' title="bbox 1118 3421 1990 3472; baseline -0.007 -10"><span class='ocrx_word' id='word_1_485' title='bbox 1118 3424 1220 3462; x_wconf 86' lang='lat' dir='ltr'>dicis</span> <span class='ocrx_word' id='word_1_486' title='bbox 1255 3423 1445 3463; x_wconf 87' lang='lat' dir='ltr'>comitem</span> <span class='ocrx_word' id='word_1_487' title='bbox 1484 3427 1521 3463; x_wconf 89' lang='lat' dir='ltr'>et</span> <span class='ocrx_word' id='word_1_488' title='bbox 1561 3421 1816 3472; x_wconf 82' lang='lat' dir='ltr'>familiarem</span> <span class='ocrx_word' id='word_1_489' title='bbox 1850 3428 1990 3466; x_wconf 78' lang='lat' dir='ltr'>suum,</span> 
     </span>
     <span class='ocr_line' id='line_1_89' title="bbox 1114 3481 1988 3535; baseline -0.007 -11"><span class='ocrx_word' id='word_1_490' title='bbox 1114 3485 1234 3524; x_wconf 80' lang='lat' dir='ltr'>illum</span> <span class='ocrx_word' id='word_1_491' title='bbox 1270 3486 1467 3524; x_wconf 34' lang='lat' dir='ltr'>*miser-um</span> <span class='ocrx_word' id='word_1_492' title='bbox 1508 3484 1729 3535; x_wconf 67' lang='lat' dir='ltr'>sumentem</span> <span class='ocrx_word' id='word_1_493' title='bbox 1770 3481 1988 3531; x_wconf 62' lang='lat' dir='ltr'>iugularit.</span> 
     </span>
    </p>
   </div>
  </div>
 </body>
</html>
