2231 3787
885 230 982 268 Alis
1018 229 1260 269 POETICA.

1898 227 1997 278 703

244 359 418 411 Omne
460 374 857 428 supervacuum
905 357 1065 428 pleno
1106 357 1174 411 de
1215 367 1433 428 pectore
1474 369 1664 412 manat.

247 460 388 512 Ficta
431 458 714 529 voluptatis
755 476 923 512 causa
963 459 1066 511 sint
1105 459 1345 529 proxima
1384 460 1553 515 veris,

246 561 354 612 Nec
394 559 759 630 quodcunque
801 560 965 616 volet,
1010 570 1195 631 poscat
1232 560 1331 614 sibi
1374 561 1549 614 fabula
1588 562 1759 622 credi,

242 662 352 713 Neu
396 677 624 730 pransae
666 661 882 714 Lamiae
925 662 1104 714 vivum
1145 679 1374 733 puerum
1412 662 1652 716 extrahat
1690 663 1823 717 alvo.

1896 665 1997 716 340

243 761 527 815 Centuriae
569 761 844 815 seniorum
885 763 1084 833 agitant
1123 765 1362 835 expertia
1402 765 1592 836 s1·ugiS‚

225 1020 270 1057 ‘'7-
309 1028 348 1034 -
387 1005 479 1044 339.
514 1006 597 1045 Nec
626 1005 711 1054 Bd,
747 1006 886 1045 LCtF:
926 1006 988 1046 Ne
1017 1006 1161 1054 bSTc,
1194 1006 1285 1060 βγκ
1319 1008 1600 1058 (uVossianus
1632 1009 1702 1048 liic
1734 1009 1940 1059 desicit=›)‚

225 1067 448 1108 Bentleius
480 1071 524 1108 et
554 1069 631 1109 MJ.
671 1092 714 1096 ——
747 1069 843 1109 velit
884 1069 970 1117 Bd,
1016 1069 1230 1110 tredecim
1267 1071 1386 1119 Regii
1424 1069 1606 1121 aliique,
1648 1072 1747 1111 velis
1786 1073 1830 1111 T.
1876 1073 1945 1120 (Ut

226 1140 328 1178 nos,
362 1130 488 1179 hSe.)

170 1332 271 1371 ficat
301 1343 353 1372 ac
384 1334 561 1385 defluere
591 1333 709 1386 apud
741 1335 958 1374 Senecam
995 1334 1049 1374 de
1118 1336 1256 1375 erant.
1280 1333 1500 1374 «Ridicule
1515 1336 1664 1375 autem
1677 1347 1877 1385 pransae,
1892 1347 1998 1387 qua-

170 1395 318 1435 Benes.
345 1397 383 1443 sl,
409 1397 447 1443 4,
472 1397 518 1436 8:
554 1397 613 1436 ita
642 1401 801 1436 natura
830 1408 1053 1447 compara-

168 1462 275 1506 tum,
307 1462 353 1497 ut
382 1458 507 1497 altius
535 1459 717 1498 iniuriae
745 1471 872 1509 quam
901 1461 1053 1499 merita

170 1521 417 1560 descendant
446 1526 483 1560 et
520 1522 593 1560 itta
623 1522 702 1561 cito
733 1523 935 1574 defluant,
977 1522 1052 1562 has

167 1586 297 1622 lenae
316 1584 518 1622 memoria
536 1584 754 1623 custodiat.
796 1585 954 1625 Mirum
976 1596 1052 1624 au-

168 1646 260 1684 tem
291 1644 369 1684 fuit
398 1644 581 1685 Bentleii
612 1645 667 1685 de
704 1646 788 1685 hoc
818 1657 951 1687 versu
982 1647 1050 1686 iu-

169 1706 357 1746 dicium:
393 1708 607 1756 «Vereor,
643 1719 698 1747 ne
729 1708 950 1748 monacho
972 1719 1051 1759 po—

167 1770 251 1808 tius
280 1779 416 1819 quam
438 1768 591 1809 Flacco
611 1769 856 1810 versiculus
878 1770 1047 1810 debea-

167 1834 280 1870 tur.»
298 1832 525 1872 Manifesto
541 1843 715 1872 summa
734 1829 927 1885 γνώμης
944 1834 1048 1872 sim-

166 1891 336 1943 plicitas
381 1894 591 1934 Critieum
633 1893 930 1933 immortalem
965 1895 1046 1932 de-

167 1955 310 2005 cepit;
344 1965 562 2005 perquam
592 1965 699 1994 sane
729 1953 881 1994 similis
904 1956 980 2003 ,est
1001 1966 1043 1994 v.

167 2015 265 2056 344.
299 2027 437 2067 prope
470 2017 704 2056 Leoninus.

222 2077 423 2119 338-340.
462 2079 592 2130 Ficta]
627 2078 721 2118 «vel
752 2090 776 2118 a
799 2081 839 2119 te
863 2080 957 2131 ipso
978 2086 1049 2127 vel

166 2142 209 2181 in
250 2141 414 2193 mythis
456 2142 542 2180 iam
584 2142 774 2192 antiquis
818 2142 1050 2193 reperien-

167 2204 266 2244 da.»
303 2227 348 2232 —
375 2204 580 2253 preat-iiiia
607 2205 745 2254 veris]
786 2215 867 2244 «ne
899 2203 1051 2244 laeda-

169 2269 240 2306 tur
283 2266 448 2305 veritas
498 2265 778 2317 (Illusion)
832 2268 1049 2317 poetica.»

166 2329 348 2368 Aristot.
372 2330 493 2368 Poet.
517 2329 592 2377 ζ25,
622 2329 667 2367 7:
700 2328 1052 2386 Προαιρεῑσθαι

166 2389 242 2431 δεῖ
266 2385 482 2431 ἀδύνατα
512 2388 676 2430 εἰκότα
703 2388 890 2443 μᾶλλον
920 2387 951 2444 ἢ
971 2390 1052 2432 δυ-

167 2449 290 2493 νατὰ
319 2449 552 2493 ἀπίθανα.
586 2454 648 2494 Id.
675 2455 740 2502 44,
764 2455 811 2494 4:
845 2455 895 2494 οἱ
912 2453 962 2495 δὲ
981 2450 1051 2507 μὴ

167 2513 224 2556 τὸ
253 2513 472 2572 φοβερὸν
501 2514 579 2556 διὰ
608 2513 693 2568 τῆς
715 2512 896 2568 ὄψεως,
929 2513 1052 2558 ἀλλὰ

168 2575 223 2619 τὸ
268 2577 525 2635 τερατῶδες
553 2576 710 2631 μόνον
740 2578 1052 2637 παρασκευά-

167 2644 327 2692 ζοντες
341 2673 351 2689 ,
376 2637 516 2682 οὐδὲν
536 2640 773 2698 τραγῳδίᾳ
795 2640 1053 2683 κοινωνοῦ-

168 2716 261 2744 σιν.
289 2727 334 2732 -
356 2705 580 2753 Nee-neu]
604 2705 713 2744 Vide
731 2716 800 2744 vv.
824 2706 902 2745 485
920 2716 1048 2756 seqq.

168 2766 270 2807 Mihi
313 2766 495 2817 quidem
525 2762 789 2807 ἀσύνδετον
824 2779 872 2807 ne
904 2768 1051 2807 minus

168 2827 342 2880 placet:
390 2840 504 2879 quae
551 2832 672 2870 esset
700 2829 878 2869 vetandi
913 2831 1051 2881 parti-

170 2889 292 2939 cula,
339 2901 453 2939 non,
500 2890 580 2930 ἵνα
606 2888 700 2943 μή,
741 2893 864 2931 dass
892 2892 1049 2931 nicht.

174 2973 217 2980 -
247 2963 434 3002 pransae
462 2954 657 3005 Lamiae]
702 2954 766 2994 Cf.
799 2953 925 2993 Diod.
965 2954 1048 2993 Sic.

169 3015 238 3063 20,
262 3014 329 3055 44.
378 3016 563 3054 «Lamia
599 3018 666 3055 est
695 3018 943 3056 monstrum
975 3026 1053 3056 su—

171 3089 309 3129 perne
340 3076 510 3117 habens
533 3078 731 3128 speciem
753 3076 963 3126 mulieris,
991 3079 1054 3118 in-

170 3139 293 3178 ferne
333 3150 440 3178 vero
482 3139 644 3180 desinit
673 3140 716 3179 in
747 3140 887 3190 pedes
917 3141 1052 3181 asini-

170 3211 295 3241 nos.»
319 3201 459 3241 Comi.
484 3202 557 3241 Cn.
592 3201 654 3241 Cf.
680 3202 899 3253 imprimis
922 3203 1052 3243 Munk

172 3262 228 3303 de
261 3261 466 3302 Atellanis
495 3274 538 3314 p.
561 3262 629 3303 42.
675 3264 765 3303 Hae
788 3263 1052 3304 dicebantur

171 3335 336 3375 pueros
356 3323 426 3365 vel
447 3324 665 3366 devorare
683 3325 750 3366 vel
770 3337 926 3367 eorum
946 3338 1051 3368 san-

172 3387 351 3436 guinem
373 3398 615 3438 exsugere3
648 3388 766 3428 unde
788 3390 836 3427 ut
857 3389 1048 3440 Empusa

173 3458 226 3488 ac
251 3450 419 3490 Mormo
439 3448 669 3490 infantium
689 3449 1048 3490 terriculamenta

1116 1398 1151 1438 si
1177 1408 1282 1437 vero
1311 1397 1395 1437 hoc
1424 1398 1618 1449 quotidie
1642 1398 1812 1439 fieret.»
1847 1400 1994 1439 Gross.

1171 1459 1373 1500 344-346.
1415 1460 1638 1501 Centuriae
1663 1462 1874 1501 seniorum
1894 1461 1996 1512 cet.]

1113 1522 1161 1561 In
1193 1521 1410 1563 classibus
1441 1534 1464 1562 a
1494 1524 1645 1563 Servio
1667 1522 1803 1563 Tullio
1826 1524 1999 1564 institu-

1114 1584 1167 1624 tis
1196 1595 1380 1633 omnes,
1414 1586 1488 1636 qui
1509 1596 1674 1625 annum
1697 1586 1852 1625 aetatis
1875 1586 1996 1625 XLV.

1114 1647 1282 1696 egressi
1325 1649 1477 1695 erant,
1523 1648 1748 1687 seniorum
1788 1648 1998 1688 centuriis

1111 1707 1539 1748 adnumerabantur.
1576 1710 1689 1748 «Viri
1722 1711 1810 1750 iam
1837 1711 1999 1749 maturi

1113 1771 1335 1821 exagitant
1365 1774 1409 1811 et
1430 1771 1766 1823 reprehendunt
1791 1775 1998 1824 poemata

1111 1833 1239 1873 nimis
1270 1834 1417 1872 iocosa
1441 1836 1483 1870 et
1513 1844 1672 1882 parum
1695 1835 1964 1873 sententiosa
1985 1846 1993 1878 ς

1110 1895 1263 1932 contra
1308 1894 1528 1940 Ramnes,
1578 1894 1750 1943 equites
1781 1894 1994 1941 iuniores,

1112 1954 1238 2004 (quos
1263 1954 1471 1993 Trossutos
1490 1956 1619 1994 vocat
1643 1955 1819 1995 Persius
1842 1956 1879 2002 4,
1904 1955 1996 2007 82.)

1114 2027 1202 2056 non
1233 2016 1328 2056 sine
1361 2017 1557 2067 quodam
1589 2016 1704 2056 fastu
1724 2020 1857 2068 atque
1880 2028 2000 2058 arro-

1114 2080 1259 2130 gantia
1290 2090 1371 2130 per
1401 2079 1614 2130 populum
1646 2080 1920 2129 incedentes,
1953 2082 2001 2119 ut

1116 2141 1280 2181 faciunt
1310 2143 1493 2182 iuvenes
1524 2145 1568 2181 et
1588 2141 1717 2181 validi
1740 2144 1785 2182 et
1805 2141 1997 2194 locuple-

1116 2205 1206 2251 tes,
1241 2205 1457 2255 spernunt
1485 2207 1691 2254 poemata
1721 2205 1850 2244 nimis
1883 2204 1997 2243 seria

1117 2264 1324 2316 nulloque
1341 2267 1615 2316 φαντασίας
1635 2269 1793 2306 ornatu
1811 2277 1859 2306 se
1877 2277 2000 2306 com-

1117 2327 1385 2368 mendantia.
1410 2345 1428 2364 »
1491 2331 1635 2380 Atque
1681 2329 2000 2369 adolescentulos

1116 2392 1247 2430 vocat
1268 2391 1440 2442 equites
1460 2392 1706 2440 Romanos,
1735 2392 1914 2443 proprie
1937 2391 2000 2430 di-

1117 2455 1236 2502 ctos,
1285 2453 1447 2505 quihus
1479 2465 1621 2505 equus
1656 2453 1862 2506 publicus
1892 2455 1999 2494 assi-

1115 2520 1271 2567 gnatus
1288 2516 1390 2567 (Cic.
1412 2516 1467 2556 de
1488 2517 1593 2568 Rep.
1619 2517 1659 2565 2,
1683 2517 1751 2565 20,
1777 2517 1863 2565 36.)
1886 2519 1994 2564 erat,

1118 2579 1166 2625 Q.
1193 2579 1348 2618 Cicero
1370 2578 1425 2618 de
1448 2580 1573 2619 Petit.
1596 2580 1725 2619 Cons.
1747 2580 1787 2627 8,
1806 2578 1878 2619 33:
1911 2580 2000 2618 Pri-

1114 2652 1230 2679 mum
1258 2642 1490 2692 co9noscito
1520 2643 1696 2692 equites;
1731 2643 1860 2692 pauci
1890 2644 1999 2682 enim

1114 2707 1238 2742 sunt:
1285 2705 1430 2744 deinde
1470 2706 1678 2754 appetito:
1721 2705 1851 2744 multo
1890 2705 1999 2744 enim

1112 2765 1280 2815 facilius
1308 2766 1382 2805 illa
1412 2767 1922 2806 adolescentulorum
1943 2768 1999 2806 ad

1115 2828 1346 2868 amicitiam
1384 2834 1500 2869 aetas
1530 2830 1791 2881 adiunqitur.
1830 2853 1874 2858 -
1909 2831 1999 2869 Vo-

1116 2889 1276 2930 cabulo
1307 2893 1457 2931 autem
1488 2892 1637 2932 medio
1658 2893 1754 2932 celsi
1775 2893 1819 2932 h.
1844 2891 1870 2931 l.
1895 2891 1999 2932 sub-

1117 2955 1185 2992 est
1214 2953 1350 2992 ironia
1383 2954 1628 3004 quaedam,
1670 2957 1719 2993 ut
1753 2954 1872 3006 apud
1903 2954 1993 2994 Cic.

1117 3015 1172 3054 de
1204 3015 1321 3054 Orat.
1347 3016 1385 3063 4,
1410 3014 1477 3063 40,
1504 3015 1605 3056 ⁴84:
1643 3016 1754 3055 Haec
1784 3020 1821 3056 et
1848 3016 1998 3054 horum

1115 3077 1269 3116 similia
1306 3078 1406 3117 iura
1445 3089 1546 3118 suae
1583 3079 1764 3118 civitatis
1792 3079 1998 3129 iynoran-

1115 3144 1194 3179 tem
1242 3145 1423 3180 ereetum
1466 3145 1504 3180 et
1550 3142 1739 3181 celsum
1781 3141 1917 3179 alacri
1960 3145 1998 3179 et

1109 3207 1305 3252 prompto
1348 3214 1420 3243 ore
1454 3207 1580 3252 atque
1613 3204 1727 3243 voltu
1763 3203 1841 3241 huc
1871 3206 1998 3252 atque

1114 3265 1212 3303 illuc
1240 3265 1464 3305 intuentem
1492 3265 1646 3316 vagari
1665 3287 1715 3293 --
1734 3269 1816 3304 toto
1844 3265 1997 3315 foro--

1114 3338 1249 3366 nonne
1267 3327 1474 3376 imprimis
1490 3327 1745 3378 slayitiosum
1755 3327 1997 3377 putandum

1114 3388 1209 3429 est?
1237 3389 1326 3428 Liv.
1351 3389 1390 3437 7,
1417 3389 1488 3427 ⁴6:
1521 3389 1615 3428 celsi
1643 3393 1681 3428 et
1700 3399 1769 3438 spe
1787 3389 1901 3428 haud
1921 3389 1995 3427 du-

1114 3450 1183 3490 bia
1209 3451 1366 3501 feroces
1396 3451 1438 3489 in
1471 3450 1679 3499 proelium
1706 3452 1876 3490 vadunt.
1926 3450 1994 3490 Si-
