2231 3787
192 263 218 298 2
236 246 290 299 14
824 244 1039 285 uoaATu
1070 243 1372 284 sArfflARUM

259 380 578 431 praesentes
610 375 811 432 Austri,
855 374 1069 445 coquite
1096 373 1287 426 horum
1315 371 1556 425 obsonia.
1600 371 1938 441 Quamquam

257 480 410 531 Putet
448 495 578 548 aper
616 476 982 546 rhombusque
1023 492 1238 530 recens,
1281 472 1419 525 mala
1464 472 1620 543 copia
1657 471 1875 543 quando

259 584 490 649 Aegrum
532 577 777 632 sollicitat
816 575 1174 637 stomachum,
1217 591 1338 628 cum
1378 572 1565 644 rapula
1604 573 1794 644 plenus

257 685 429 751 Atque
469 680 651 734 acidas
693 678 888 732 mavolt
927 677 1114 729 inulas.
1191 675 1433 729 Necdum
1471 674 1643 728 omnis
1683 674 1871 728 abacta

257 782 552 852 Pauperies
593 779 766 851 epulis
807 796 1022 849 regum,
1064 795 1186 830 nam
1223 775 1418 829 vilibus
1458 777 1573 829 ovis
1939 775 1985 827 42

256 884 542 954 Nigrisque
583 892 664 934 est
702 881 834 935 oleis
874 880 1034 934 hodie
1073 879 1242 933 locus.
1319 877 1476 932 Haud
1515 878 1586 931 ita
1623 876 1835 948 pridem

262 985 465 1038 Galloni
503 983 788 1055 praeconis
829 990 944 1037 erat
982 983 1299 1054 acipensere
1339 997 1528 1034 mensa

258 1085 483 1139 infamis.
539 1084 720 1149 Quid?
759 1085 883 1139 tunc
910 1082 1166 1137 rhombos
1194 1083 1370 1136 minus
1397 1099 1638 1153 aequora
1664 1080 1916 1135 alebant?

298 1236 366 1276 41.
402 1236 601 1286 Quamvis
629 1237 708 1286 p,t=.
748 1256 791 1262 —a
827 1233 892 1274 42.
916 1234 1024 1273 male
1054 1244 1101 1283 c,
1135 1234 1197 1272 uti
1228 1232 1404 1273 volebat
1434 1233 1640 1284 Doering.
1678 1255 1721 1260 —
1756 1232 1822 1273 48.
1856 1236 1952 1272 tunc

239 1299 347 1338 lise:
383 1303 469 1338 tum
498 1299 661 1349 p,LCt.
694 1295 940 1343 Bentleius‚
978 1298 1061 1335 FM.
1091 1320 1135 1324 m
1160 1307 1319 1345 aequor
1339 1295 1576 1344 alebatbS,
1610 1295 1802 1334 Pottierii
1824 1293 1955 1346 pleri-

246 1372 347 1412 que,
384 1362 482 1401 LCt.
520 1362 581 1410 {ct
603 1370 706 1406 nos,
741 1370 898 1411 cp,7.,a,
924 1370 989 1409 pr.
1014 1371 1054 1405 ν,
1089 1358 1418 1398 Lambethanus
1437 1360 1477 1397 et
1500 1358 1692 1397 Pottierii
1713 1358 1950 1408 quattuor.)

184 1479 318 1517 tiosos
349 1488 504 1516 eorum
537 1476 703 1515 cibos.»
753 1476 804 1514 At
833 1475 1065 1525 indignan—
1130 1477 1234 1515 tio.»
1286 1475 1428 1526 (Oleae
1452 1476 1572 1514 enim
1602 1474 1688 1514 cibi
1719 1474 2007 1525 cupiditatem

184 1541 238 1580 tis
267 1542 353 1587 est,
389 1542 520 1589 atque
543 1549 868 1589 saepenumero
890 1538 932 1576 in
953 1538 1064 1577 votis
1131 1539 1340 1585 excitant,
1373 1539 1598 1589 nigrarum
1613 1539 1763 1577 autem
1780 1537 1834 1577 de
1853 1537 2009 1577 condi—

185 1601 653 1652 exsecrationihusque
700 1601 905 1639 concitati
955 1600 1066 1639 affe-
1130 1602 1227 1639 tura
1252 1600 1481 1651 praecepit
1506 1599 1677 1640 Colum.
1695 1600 1760 1648 112,
1783 1600 1835 1639 50
1857 1599 2004 1650 6151.)

184 1668 280 1705 ctus
311 1664 522 1703 indicium
553 1663 754 1715 praebet.
819 1662 904 1701 Cfr.
938 1662 1063 1701 Hand

184 1728 307 1765 Turs.
346 1727 376 1765 I.
417 1738 457 1777 p.
497 1725 568 1766 441
607 1737 672 1776 sq.
724 1748 768 1752 —
813 1726 1064 1774 Praesentes]

186 1790 337 1839 «quasi
375 1789 554 1827 numina
596 1798 776 1827 omnem
817 1798 945 1826 suam
975 1788 1063 1826 vim

185 1853 487 1890 exserentes.»
539 1850 660 1890 Conf.
700 1850 778 1889 Od.
819 1851 865 1897 1,
907 1849 979 1898 35,
1020 1851 1059 1890 2.

190 1937 231 1940 —
271 1914 538 1961 Quamquam
583 1913 685 1964 cet]
733 1913 946 1962 «Corrigit
990 1923 1060 1959 se,

185 1976 313 2025 quasi
351 1975 511 2014 frustra
550 1976 734 2015 Austros
776 1975 1059 2021 invocaverit,

185 2049 286 2076 cum
334 2035 568 2077 luxuriosis
620 2038 673 2077 sit
722 2048 908 2077 necesse
959 2047 1062 2075 suas

183 2101 338 2150 putere
370 2098 523 2149 epulas
545 2100 678 2149 atque
702 2097 895 2146 delicias,
930 2108 1066 2148 quan-

183 2162 344 2200 tumvis
375 2160 576 2211 sapidas,
609 2163 793 2212 propter
814 2161 1065 2200 satietatem

185 2226 226 2262 et
248 2224 563 2262 affluentiam.»
589 2224 869 2269 COMM.CRUQ.
892 2223 1066 2273 (Quam-

182 2286 262 2331 vis,
303 2285 423 2336 quod
453 2286 601 2324 tamen
631 2284 878 2324 sufficiente
909 2286 1065 2323 aucto—

183 2348 307 2387 ritate
331 2349 465 2396 earet,
489 2346 682 2398 praefert
703 2346 877 2386 Liibker
897 2347 952 2386 ad
975 2348 1066 2387 Ho-

183 2413 262 2449 rat.
281 2420 325 2461 p.
351 2409 461 2459 415.)
487 2431 534 2437 -
555 2409 684 2461 Putet]
719 2409 969 2449 «fastidium
989 2421 1065 2462 pa-

183 2472 260 2519 rit,
285 2472 409 2522 quasi
429 2473 626 2522 puteat.»
649 2496 692 2501 —
709 2473 917 2524 rhombus]
942 2471 1066 2525 ψῆτ-

186 2546 265 2581 τα,
298 2535 458 2573 Bucce.
496 2556 540 2561 —-
572 2535 689 2573 mala
713 2535 849 2586 copta]
884 2546 1060 2586 «prava,

185 2607 300 2646 quae
341 2595 463 2643 facIt,
515 2597 563 2634 ut
610 2597 840 2636 stomacho
887 2596 1065 2637 labore-

186 2668 330 2697 mus.»
368 2680 411 2684 —
442 2657 621 2708 quando]
657 2658 1060 2709 «quandoquidem,

186 2720 438 2769 quoniam»;
473 2730 576 2759 nam
598 2722 774 2771 tenipus
795 2720 1067 2771 significatur

188 2781 334 2821 statim
379 2783 489 2832 part.
528 2793 635 2821 cum.
676 2804 723 2810 —
760 2783 926 2833 rapula]
973 2784 1066 2822 Ra-

186 2843 433 2882 diesehen.
471 2866 516 2872 —
547 2844 728 2883 acidas-
749 2844 904 2895 inulas]
953 2855 1066 2883 «non

187 2905 287 2953 quia
324 2906 476 2944 acida
512 2908 577 2944 est
621 2907 731 2946 hae-2
777 2906 938 2955 herba,
986 2907 1065 2946 sed

187 2967 329 3017 quod,
364 2978 467 3007 cum
497 2969 721 3018 coquitur,
755 2972 880 3008 aceto
912 2969 1066 3008 condi-

185 3033 271 3069 tur.
323 3028 441 3068 Inula
486 3032 635 3069 autem
679 3041 817 3081 genus
863 3033 930 3070 est
974 3030 1067 3070 ole-

189 3103 332 3131 rum.»
355 3094 454 3131 Aca.
489 3090 707 3142 (ἑλένιον,
730 3093 914 3142 Alam..)
942 3093 1067 3132 Ama-

189 3164 260 3192 ras
288 3157 417 3193 vocat
447 3155 532 3193 Sat.
556 3156 603 3202 Ξ,
637 3155 686 3201 8,
720 3157 784 3194 51.

241 3216 388 3257 44-46.
428 3218 611 3257 Necdum
633 3219 734 3267 ceh]
760 3220 1063 3268 «Quamquam

189 3279 273 3319 cibi
330 3279 552 3320 naturales
611 3282 651 3319 et
702 3279 923 3331 simplices
977 3292 1062 3319 non

186 3353 370 3393 prorsus
412 3343 631 3382 removeri
673 3345 911 3394 potuerunt
942 3354 963 3380 a
997 3342 1065 3381 (li-

188 3405 327 3443 xitum
357 3403 515 3455 epulis3
552 3415 650 3444 nam
680 3405 772 3444 ovis
801 3407 933 3455 atque
956 3404 1064 3445 oleis

190 3466 440 3507 etiamnunc
481 3468 660 3507 utuntur
701 3478 942 3508 coenarum
980 3467 1064 3507 ini-

1184 1662 1330 1703 46-49.
1368 1664 1628 1702 «Praeterea
1659 1663 1800 1701 variat
1830 1673 2010 1714 semper

1128 1723 1362 1765 lurconum
1402 1726 1457 1765 de
1499 1725 1609 1766 cibis
1649 1725 1854 1777 pretiosis
1893 1725 2009 1764 iudi-

1130 1790 1271 1837 cium3
1321 1790 1384 1829 sic
1424 1790 1657 1840 acipenser
1700 1788 1848 1840 (Sto'r)
1895 1789 2009 1838 apud

1129 1853 1322 1900 antiquos
1358 1853 1537 1901 piscium
1569 1852 1845 1891 nobilissimus
1885 1850 2006 1902 (Plin.

1130 1915 1179 1953 H.
1205 1915 1255 1953 N.
1280 1914 1327 1962 9,
1362 1914 1446 1964 27.)
1480 1915 1567 1953 iam
1599 1914 1783 1953 minoris
1805 1914 2010 1964 aestima-

1129 1977 1199 2014 tur
1222 1976 1509 2025 (quamquam
1530 1975 1705 2015 nobilem
1723 1976 1854 2016 vocat
1875 1976 2010 2015 etiam

1130 2037 1308 2077 Ovidius
1354 2037 1539 2078 Halieut.
1579 2049 1622 2078 v.
1666 2038 1810 2088 132.);
1858 2039 2009 2077 eontra

1128 2099 1321 2138 rhombus
1362 2101 1465 2150 (Sat.
1498 2101 1540 2148 1,
1573 2101 1619 2148 2,
1655 2099 1765 2150 116.)
1803 2101 1898 2139 tum
1928 2111 2010 2139 ne-

1130 2159 1300 2211 glectus
1341 2173 1457 2202 nunc
1498 2162 1770 2212 quaeritur.»
1810 2184 1853 2191 —
1885 2162 2010 2201 Haud

1130 2224 1189 2262 ita
1220 2224 1399 2273 pridem]
1434 2223 1607 2264 «Lucilii
1648 2226 1874 2276 tempore,
1922 2225 2009 2264 cir-

1130 2287 1240 2326 citer
1278 2288 1379 2325 ante
1419 2287 1500 2326 hos
1542 2287 1700 2326 LXXX.
1735 2297 1917 2326 annos.»
1959 2308 2004 2315 —

1130 2349 1297 2388 Galloni
1322 2348 1554 2400 praeconis]
1579 2348 1824 2389 «Gallonius
1844 2359 2009 2400 praeco

1130 2412 1300 2462 primus
1339 2411 1649 2462 acipenserem
1688 2412 1860 2462 piscem
1900 2422 2007 2451 suae

1129 2484 1312 2513 mensae
1337 2474 1564 2524 apposuit,
1596 2485 1734 2525 quare
1761 2474 1855 2514 eius
1876 2485 2009 2513 men-

1129 2546 1177 2575 sa
1208 2536 1341 2574 etiam
1363 2546 1386 2573 a
1409 2534 1569 2575 Lucilio
1600 2537 1814 2575 taxatur.»
1865 2536 2005 2576 Comi.

1130 2598 1260 2643 CRUQ.
1316 2595 1464 2636 Lucilii
1497 2608 1655 2638 versus
1693 2598 1886 2638 servavit
1915 2598 2006 2638 Cic.

1131 2659 1185 2698 de
1217 2660 1338 2698 Finn.
1362 2660 1409 2708 Ξ,
1443 2660 1493 2709 8,
1526 2659 1602 2700 24:
1638 2660 1669 2698 O
1697 2660 1833 2709 Publi,
1867 2671 2010 2712 09111·-

1128 2732 1216 2773 9e8,
1252 2722 1441 2761 Galloni:
1473 2733 1514 2761 es
1532 2722 1651 2761 homo
1670 2722 1817 2771 miser,
1848 2723 2005 2772 inquim

1131 2784 1320 2824 Coenasti
1347 2785 1389 2823 in
1417 2784 1507 2823 vita
1525 2795 1743 2834 nunquam
1763 2784 1882 2833 bene,
1914 2796 2010 2825 cum

1130 2846 1271 2885 omnia
1307 2846 1351 2883 1η
1388 2846 1470 2884 ista
1507 2846 1721 2886 Consumis
1755 2847 1909 2896 squilla
1939 2852 2009 2887 at—

1131 2919 1208 2958 que
1223 2909 1458 2958 acipensere
1471 2919 1566 2948 cum
1587 2908 1744 2961 (quom)
1763 2911 2003 2949 decumano,

1132 2970 1254 3011 Conf.
1279 2970 1317 3021 ἕ.
1344 2972 1409 3010 25.
1457 2972 1503 3020 2,
1527 2972 1603 3020 28,
1629 2972 1695 3011 90.
1725 2983 1806 3023 pro
1833 2972 2003 3020 Quinct.

1131 3032 1202 3079 30,
1251 3031 1317 3071 94.
1363 3056 1406 3060 ψ
1446 3032 1551 3084 erat]
1598 3033 1734 3073 Huius
1778 3044 1819 3072 ν.
1853 3032 2005 3074 ultima

1130 3093 1300 3145 syllaba
1359 3095 1400 3133 vi
1459 3106 1671 3136 caesurae
1728 3095 2002 3147 producitur.

1131 3156 1254 3196 Conf.
1286 3158 1373 3196 Sat.
1406 3158 1450 3203 1,
1485 3156 1530 3205 4,
1564 3157 1630 3197 82.
1680 3157 1723 3206 1,
1757 3158 1806 3206 5,
1841 3158 1906 3197 90.
1955 3159 2004 3206 1,

1130 3219 1178 3266 9,
1212 3220 1278 3257 21.
1330 3219 1558 3268 2,1,82.
1612 3219 1656 3263 2,
1701 3219 1824 3265 3,1.
1876 3220 1922 3269 2,
1957 3220 2003 3269 3,

1131 3281 1223 3320 ς260.
1249 3301 1292 3308 -
1314 3285 1400 3320 tulo
1420 3303 1443 3309 -
1463 3281 1574 3332 nido]
1603 3281 1702 3331 quia
1725 3279 1828 3332 pulli
1850 3291 2005 3321 earum

1131 3343 1327 3383 nondum
1378 3354 1458 3395 pro
1503 3342 1668 3383 deliciis
1708 3342 2001 3383 habebantur.

1184 3406 1356 3446 50-52.
1415 3409 1562 3444 auctor
1589 3426 1611 3432 —
1630 3404 1894 3456 praetorius]
1943 3405 2005 3444 Ex

1129 3467 1379 3509 Scholiastis
1420 3469 1533 3508 inter
1571 3477 1619 3507 se
1659 3465 1824 3507 collatis
1863 3467 2003 3506 Inter-
