2231 3787
217 246 319 300 410

820 251 1033 292 HORATII
1064 251 1431 293 EPISTOLARUM

285 382 361 433 An
402 380 535 434 freta
571 380 772 434 vicinas
813 380 948 434 inter
985 381 1253 435 currentia
1294 389 1492 442 turreS,

284 484 362 534 An
400 483 627 553 pingues
666 482 823 536 Asiae
863 482 1037 553 campi
1077 481 1354 552 collesque
1394 481 1708 534 morantur?
2006 482 2037 533 ὃ

287 583 430 649 Quid
457 583 698 638 studiosa
725 583 918 638 cohors
946 601 1172 655 operum
1199 582 1393 636 struit?
1430 583 1545 636 Hoc
1571 598 1790 653 quoque
1819 599 1965 636 curo.

323 735 403 774 ΕΡ.
439 735 507 773 IlI.
543 733 581 774 4..
607 739 736 773 terres
767 734 1007 785 (superscr.
1030 735 1072 784 u)
1094 732 1173 782 βκ,
1207 736 1344 772 terras
1364 743 1388 771 e
1412 731 1519 772 Cod.
1544 730 1744 772 Blandin.
1768 732 1984 783 antiquis-

267 797 380 837 simo
410 794 646 836 Bentleius.
695 796 758 845 (Ut
797 805 901 844 nos,
943 796 1080 836 nostri
1121 798 1165 835 et
1193 795 1419 845 Pottierii.)
1456 818 1501 824 —
1539 796 1578 834 5.
1613 795 1733 835 colles
1761 796 1985 846 campique

213 920 486 973 peditionem
522 921 834 961 Armeniacam
874 919 978 960 fecit
1011 931 1093 973 per
1121 921 1126 997 ι
1155 918 1323 969 allatis,
1373 918 1508 959 veluti
1548 919 1670 960 Ovid.
1715 930 1770 960 ex
1808 922 1947 960 Ponto
1984 920 2034 971 4,

211 983 516 1025 Macedoniam
539 985 583 1022 et
603 983 850 1022 Thraciam.
899 982 1090 1024 Consule
1122 1000 1126 1062 Ι
1157 982 1230 1031 40,
1263 981 1340 1021 36:
1393 982 1553 1031 Quique
1585 981 1777 1033 (Tanais)
1818 983 1924 1022 duas
1952 987 2038 1024 ter-

214 1047 346 1086 etiam
396 1045 582 1084 Dionem
633 1046 835 1085 Cassium
883 1045 975 1086 Lib.
1022 1045 1088 1086 54.
1153 1055 1250 1093 raS,
1281 1044 1424 1083 Asiam
1465 1043 1691 1094 Cadmique
1728 1055 1934 1095 sororem,
1968 1046 2039 1085 Se-

214 1109 319 1159 Cap.
351 1107 390 1146 9.
427 1130 471 1134 -
504 1107 762 1157 Hebrusque]
794 1107 891 1147 vid.
923 1108 979 1147 ad
1010 1107 1089 1147 Od.
1148 1111 1283 1157 parat
1317 1110 1355 1147 et
1390 1118 1536 1146 cursus
1573 1107 1682 1147 inter
1719 1111 1942 1157 utramque
1967 1108 2039 1159 fa-

214 1171 257 1218 4,
291 1170 367 1218 ⁶25,
400 1169 466 1208 20.
494 1191 540 1197 -—
564 1169 710 1221 nivali]
746 1168 991 1210 «hiemali»
1027 1169 1090 1209 Cf.

213 1231 290 1271 Od.
317 1232 363 1279 4,
398 1231 470 1277 37,
506 1231 581 1270 49;
630 1232 782 1272 nivalis
818 1232 1090 1272 Haemoniae.

213 1295 289 1336 «L‘t
319 1293 523 1333 Horatius
555 1295 681 1345 aquis
712 1293 849 1345 glacie
873 1294 1093 1335 adstrictis

209 1357 445 1406 compede-m
474 1355 650 1406 tribuit,
693 1357 749 1396 ita
781 1356 984 1408 Virgilius
1015 1358 1089 1396 Ge.

211 1419 260 1468 4,
293 1419 386 1459 436.
408 1419 575 1471 frenum
595 1421 639 1459 et
660 1420 865 1472 Sympos.
889 1420 1090 1470 Aenigm.

213 1483 286 1532 40,
322 1484 358 1522 2.
382 1486 594 1522 catenas.»
635 1483 785 1523 OBBAR.
829 1481 946 1523 Talia
966 1482 1094 1522 vide-

210 1544 313 1586 licet
352 1556 488 1596 saepe
527 1544 647 1596 apud
682 1547 837 1597 poetas
879 1546 1094 1586 fluctuant

209 1610 325 1648 inter
344 1604 399 1647 τὸ
420 1603 589 1665 κύριον
610 1610 652 1647 et
675 1607 1090 1665 προσωποποιΐαν,

211 1682 326 1723 quae
357 1670 583 1711 Schmidio
614 1670 671 1709 ad
700 1671 743 1710 h.
768 1670 795 1711 l.
820 1671 1009 1713 fortasse
1030 1672 1095 1711 ni-

210 1735 295 1775 mis
315 1734 479 1786 placuit
494 1735 694 1774 censenti
715 1734 788 1775 hic
809 1736 1092 1786 potissimum

212 1796 267 1837 de
298 1797 432 1836 fluvio
465 1796 549 1836 deo
582 1797 868 1848 cogitandum
900 1809 1015 1839 esse.
1044 1821 1088 1826 —

212 1860 361 1911 turres]
409 1860 578 1899 «Herus
624 1863 667 1900 et
710 1861 913 1900 Leandri.
974 1862 1094 1900 Inter

212 1925 370 1964 Seston
393 1924 436 1962 et
465 1922 657 1973 Abydon
677 1923 877 1962 medium
901 1925 967 1963 est
996 1922 1096 1962 Hel-

212 1985 400 2037 lesponti
444 1984 649 2025 fretum.»
705 1987 912 2025 Ponpnmz.
971 1986 1092 2033 Quae

214 2048 443 2101 explicatio
475 2048 762 2088 confirmatur
799 2048 933 2088 etiam
973 2049 1095 2087 Stra-

212 2111 343 2152 bonis
368 2111 441 2161 43,
464 2111 531 2151 22.
565 2109 662 2150 1060
685 2110 740 2150 de
763 2111 993 2161 utriusque
1017 2122 1095 2163 op-

211 2175 302 2227 pidi
340 2176 447 2223 situ,
496 2174 551 2214 de
594 2173 771 2214 duobus
811 2168 1010 2231 πύργοις
1052 2176 1095 2214 et

212 2249 347 2278 cursu
368 2247 611 2288 aquarum:
645 2236 749 2294 περὶ
779 2233 865 2277 τοῦ
895 2231 983 2293 ῥοῦ
1005 2233 1091 2277 τοῦ

212 2300 265 2341 ἐκ
304 2296 391 2352 τῆς
421 2297 765 2356 Προποντίδος.
820 2298 989 2350 (Catull.
1016 2299 1090 2350 64,

212 2363 315 2403 358;
349 2363 465 2401 unda
485 2362 760 2411 Scamandri,
795 2363 911 2411 Quae
932 2362 1094 2412 passim

211 2426 403 2476 rapido
433 2425 684 2475 diffunditur
715 2425 1093 2477 Hellesponto.)

211 2488 262 2527 V.
299 2492 438 2526 turres
480 2487 610 2537 igitur
647 2487 825 2538 proprie
869 2488 1094 2539 accipien-

213 2550 341 2599 dum,
376 2561 428 2589 30
458 2549 617 2590 suadet
647 2550 780 2589 etiam
810 2550 983 2602 poetica
1018 2561 1094 2589 ra-

213 2615 295 2663 tio,
341 2615 389 2652 ut
425 2612 620 2652 turribus
654 2612 736 2653 illis
767 2615 967 2653 omnium
1003 2625 1095 2653 ser-

214 2688 346 2717 mone
388 2675 622 2716 celebratis
663 2676 824 2728 oppida
863 2675 933 2716 illa
973 2676 1093 2716 desi—

214 2742 416 2789 gnentur,
440 2739 586 2790 potius
603 2750 738 2790 quam
760 2740 936 2779 notione
955 2739 1093 2778 omni-

213 2802 298 2843 bus
328 2801 515 2843 urbibus
547 2804 794 2851 communi3
830 2814 976 2854 neque
1013 2814 1092 2842 ex-

213 2863 468 2916 plicandum
499 2866 574 2903 aut
603 2866 781 2904 turritas
799 2865 920 2904 urbes
942 2866 1001 2916 (ut
1022 2865 1093 2903 Ti-

214 2924 319 2965 bull.
346 2927 389 2975 4,
423 2927 468 2973 7,
504 2927 574 2965 49:
614 2928 742 2975 thue
770 2928 903 2966 maris
924 2931 1091 2966 vastum

208 2992 439 3038 prospectet
458 2988 642 3028 turribus
663 3000 822 3039 aequor
841 3012 857 3018 —
872 3012 890 3019 -
912 2990 1088 3041 Tyros),

214 3050 334 3101 quod
373 3050 566 3102 praefert
598 3051 841 3101 Obbarius,
888 3054 963 3091 aut
1001 3063 1092 3091 sco-

207 3113 343 3164 pulos.
407 3112 531 3160 Quod
577 3113 632 3152 ad
676 3113 912 3154 lectionem
957 3118 1093 3154 terras

214 3176 391 3223 attinet,
426 3186 528 3215 cum
558 3187 628 3214 w.
651 3176 762 3227 freta
790 3177 1004 3216 currentia
1023 3178 1092 3216 in-

214 3243 276 3278 ter
302 3238 463 3277 vicinas
500 3241 637 3277 terras
674 3238 715 3278 in
757 3239 927 3288 omnia,
975 3249 1089 3290 quae

216 3300 382 3351 ubique
413 3302 539 3349 sunt,
587 3299 696 3340 freta
729 3300 970 3351 quadrent,
1018 3302 1090 3342 hic

1154 1169 1237 1219 cit,
1297 1180 1349 1208 ac
1399 1168 1644 1218 similibus,
1698 1169 1811 1209 duae
1858 1171 2035 1218 terrae,

1155 1232 1257 1272 Asia
1287 1233 1330 1271 et
1355 1232 1553 1282 Europa,
1586 1230 1658 1271 vel
1686 1231 1941 1272 nominibus
1966 1230 2038 1271 vel

1157 1293 1250 1334 ali1s
1280 1294 1415 1344 signis
1456 1294 1563 1333 satis
1604 1293 1660 1333 ab
1692 1292 1785 1334 aliis
1816 1293 1938 1335 fretis
1970 1294 2039 1334 di-

1157 1357 1452 1407 stinguuntur.
1497 1377 1541 1384 —
1582 1357 1820 1409 currentia]
1861 1357 1916 1397 de
1955 1357 2040 1398 fre-

1155 1419 1232 1469 tis,
1265 1420 1314 1459 ut
1342 1421 1477 1459 Poe‘ta
1505 1419 1625 1471 apud
1657 1420 1745 1460 Cic.
1770 1419 1825 1460 de
1846 1421 1896 1460 N.
1919 1420 1972 1460 D.
1996 1420 2035 1469 3,

1158 1482 1230 1531 40,
1263 1481 1337 1523 24:
1373 1483 1593 1533 Europam
1619 1482 1877 1533 Libyamque
1894 1494 2040 1533 rapam

1155 1544 1225 1584 ubi
1269 1545 1415 1584 dividit
1456 1546 1586 1585 unda.
1622 1568 1667 1574 —
1697 1546 1876 1597 pinques
1915 1545 2040 1586 Asiae

1156 1608 1306 1657 campi]
1348 1608 1499 1648 Iustin.
1538 1607 1612 1657 38,
1657 1608 1706 1647 7:
1756 1619 1888 1657 neque
1924 1607 2039 1647 caelo

1153 1669 1277 1709 Asiae
1305 1681 1389 1710 esse
1418 1670 1688 1721 temperatius
1716 1670 1833 1709 aliud
1860 1681 1934 1710 nec
1953 1670 2039 1709 solo

1153 1732 1344 1783 fert-ilius.
1398 1755 1442 1760 -—
1488 1731 1725 1784 morantur]
1773 1743 1916 1773 «nunc
1958 1743 2038 1773 vos

1156 1794 1401 1834 retineam»
1430 1805 1519 1834 non
1542 1794 1724 1845 quidem
1744 1796 1927 1846 propter
1947 1794 2040 1834 loca

1156 1855 1225 1896 illa
1254 1857 1498 1906 voluptaria
1521 1855 1692 1907 (Salust.
1718 1856 1841 1897 Catil.
1869 1857 1968 1908 44.),
1990 1860 2040 1896 ut

1155 1917 1294 1958 voluit
1322 1918 1586 1971 Rappoltus,
1628 1918 1708 1959 sed
1746 1920 1930 1970 propter
1967 1919 2040 1958 Ti-

1155 1980 1367 2020 berianae
1400 1980 1692 2032 expeditionis
1724 1980 1859 2020 finem
1891 1991 1943 2019 ac
1964 1991 2040 2019 ne-

1158 2044 1402 2084 cessitates.
1434 2044 1567 2083 Recte
1590 2044 1740 2082 autem
1762 2045 1884 2082 notat
1903 2043 2039 2082 Diint-

1157 2117 1254 2156 zer,
1287 2107 1377 2145 tres
1408 2107 1574 2145 tractus
1604 2106 1869 2157 praecipuos
1901 2116 1952 2144 ac
1973 2106 2039 2144 Ti-

1156 2168 1368 2208 berianae
1402 2166 1693 2219 expeditionis
1723 2167 1860 2208 veluti
1889 2169 2039 2208 statio-

1157 2241 1237 2271 nes
1268 2241 1293 2269 a
1322 2232 1454 2281 poeta
1484 2231 1592 2270 scite
1620 2229 1868 2281 significari.

1213 2293 1304 2333 6-8.
1337 2292 1534 2344 studiosa]
1568 2292 1770 2333 absolute
1804 2292 1865 2344 (ut
1891 2291 1969 2331 Od.
1994 2294 2033 2342 ⁰2,

1157 2356 1232 2405 20,
1268 2356 1340 2395 49:
1369 2356 1544 2405 peritus,
1591 2355 1670 2396 Od.
1694 2355 1740 2405 3,
1763 2355 1809 2405 4,
1834 2356 1909 2396 58:
1943 2357 2037 2396 avi-

1156 2418 1280 2469 dus.):
1308 2416 1565 2458 «litterata»
1590 2418 1729 2458 Comi.
1751 2418 1881 2465 CRUQ.
1903 2419 2035 2470 (Cave

1156 2482 1333 2532 iungas:
1370 2480 1590 2521 «studiosa
1622 2482 1870 2533 operum.»)
1896 2506 1941 2511 —
1965 2493 2036 2530 co-

1154 2544 1265 2593 hors]
1297 2542 1512 2584 Paulatim
1544 2555 1640 2584 mos
1669 2544 1869 2594 invaluit,
1902 2546 1950 2585 ut
1971 2546 2036 2586 sic

1157 2605 1455 2658 appellaretur
1483 2618 1591 2658 yrea:
1623 2607 1745 2658 (Epp.
1778 2609 1822 2657 4,
1868 2608 1915 2657 9,
1951 2608 2034 2660 43.)

1155 2668 1507 2709 adolescentium
1537 2669 1772 2719 nobilium,
1807 2671 1880 2720 qui
1902 2671 2037 2711 comi-

1156 2730 1363 2771 tabantur
1404 2730 1720 2783 proconsulem
1764 2732 1833 2772 vel
1875 2744 2036 2785 quem-

1155 2804 1331 2844 cunque
1372 2792 1506 2832 alium
1546 2804 1649 2833 cum
1686 2794 1872 2846 imperio
1913 2799 2034 2836 extra

1122 2868 1125 2908 ῃ
1155 2855 1317 2896 urbem
1348 2856 1551 2896 missum.
1606 2857 1696 2897 Cic.
1727 2857 1785 2897 ad
1816 2858 1864 2906 Q.
1890 2859 1956 2898 Fr.
1983 2860 2029 2908 4,

1156 2919 1201 2967 4,
1234 2917 1283 2958 4;
1332 2919 1442 2968 Quos
1478 2930 1576 2959 vero
1607 2924 1681 2959 aut
1717 2932 1770 2960 ex
1807 2922 2034 2962 domesticis

1154 2981 1476 3020 convictionibus
1505 2986 1579 3021 aut
1608 2994 1662 3022 ex
1689 2985 1931 3024 necessariis
1959 2997 2033 3035 ap-

1150 3043 1429 3092 paritionibus
1456 3047 1589 3084 tecum
1618 3056 1700 3085 esse
1727 3047 1916 3097 voluisti,
1961 3049 2032 3098 qui

1155 3107 1301 3155 quasi
1331 3117 1391 3146 eoe
1420 3108 1641 3149 cohorte
1663 3111 1926 3159 praetoris
1959 3123 2033 3161 ap-

1147 3170 1303 3220 pellari
1330 3171 1458 3210 solent
1502 3174 1586 3213 cet.
1618 3172 1772 3213 Tibull.
1813 3175 1856 3221 4,
1901 3174 1948 3223 3,
1989 3176 2028 3214 ⁶2.

1120 3257 1124 3279 l
1154 3236 1214 3275 Ex
1236 3236 1551 3288 Porphyrionis
1571 3236 1745 3278 Scholio
1766 3236 1923 3278 collato
1944 3238 2032 3277 Lu·-

1153 3297 1250 3338 cilio
1282 3300 1456 3340 Douzae
1486 3312 1529 3353 p.
1553 3301 1620 3340 25.
1648 3299 1826 3352 prodire
1855 3299 2032 3339 videtur

215 3373 322 3402 vero
352 3361 662 3413 Hellespontus
692 3363 858 3414 optime
890 3363 1092 3414 designe-
1153 3361 1207 3401 ab
1240 3361 1402 3403 Lucilio
1432 3362 1542 3404 tales
1563 3363 1748 3403 comites
1769 3363 1871 3401 κατ’
1894 3362 2030 3420 εἰρω-

218 3427 288 3463 tur
316 3436 356 3463 v.
380 3429 539 3472 turreS,
572 3423 641 3464 vel
662 3425 746 3465 hoc
769 3426 946 3465 nomine
969 3426 1090 3466 reiici
1153 3426 1283 3465 νείαν
1313 3425 1555 3477 appellatos
1585 3436 1685 3466 esse
1721 3425 1905 3464 mercede
1941 3435 2029 3464 me-

216 3485 375 3534 debet3
424 3488 464 3527 in
509 3486 617 3527 locis
657 3489 806 3528 autem
838 3499 860 3527 a
893 3487 1088 3528 Bentleio
1152 3500 1224 3528 ras
1254 3489 1442 3541 legiones.
1497 3490 1579 3538 (Sic
1612 3486 1868 3534 Hocheder3
1914 3497 2029 3526 mer-
