2231 3787
319 293 419 344 756

1120 291 1335 331 HORATII

385 423 737 476 Nanciscetur
773 422 914 475 enim
952 422 1184 492 pretium
1222 435 1526 489 nomenque
1566 424 1782 489 poetae,

389 524 442 577 Si
481 522 650 576 tribus
689 523 952 595 Anticyris
990 531 1150 593 caput
1187 518 1481 574 insanabile
1521 536 1794 590 nunquam

389 625 609 677 Tonsori
649 624 831 677 Licino
871 622 1211 676 commiserit.

2027 517 2129 570 300

1290 622 1336 675 O
1377 638 1477 692 ego
1516 620 1726 682 laeVUS‚

389 726 490 789 Qui
529 741 731 795 purgor
768 723 928 776 bilem
965 722 1067 776 sub
1106 723 1255 775 verni
1297 722 1555 793 temporis
1591 721 1801 775 horam!

387 828 501 879 Non
541 825 675 877 alius
713 823 912 877 faceret
949 823 1171 877 meliora
1208 829 1483 894 poemata3
1522 840 1710 877 verum

386 926 464 978 Nil
505 926 629 978 tanti
670 934 765 978 est.

844 925 982 995 Ergo
1023 924 1210 995 fungar
1250 924 1367 978 vice
1408 924 1564 982 cotis,
1607 932 1822 977 acutum

426 1075 518 1115 0299.
544 1086 686 1114 nomen
707 1075 967 1124 pretiumque
988 1074 1029 1113 d.
1060 1097 1102 1101 —
1127 1073 1220 1113 302.
1239 1084 1379 1124 puryo
1401 1073 1449 1121 d,
1482 1073 1601 1124 Regii
1623 1074 1819 1124 septem,
1853 1073 1898 1112 et
1916 1071 2069 1112 Lamb.

376 1162 408 1165 —
443 1139 558 1178 verni
587 1137 659 1176 sab
691 1136 798 1177 Cod.
827 1135 985 1176 Helleri
1008 1139 1049 1176 et
1072 1135 1285 1186 Cuningh.
1313 1157 1360 1163 —-
1385 1134 1479 1176 304.
1505 1135 1630 1174 tantis
1650 1139 1764 1186 tei-90
1785 1145 1839 1174 ex
1860 1135 2073 1186 scriptura

371 1202 511 1239 tantist
541 1201 586 1239 B.
626 1223 668 1227 —
700 1200 856 1250 funyor
885 1199 972 1238 duo
1003 1198 1119 1250 apud
1151 1197 1412 1239 Gonodium.

317 1333 437 1379 «Quo
471 1331 704 1371 videantur
745 1332 892 1371 divino
930 1330 1000 1371 illo
1046 1331 1192 1370 furore

315 1395 491 1444 perciti,
538 1405 760 1435 summam
801 1393 1110 1445 negligentiam
1151 1393 1191 1432 in

316 1467 502 1508 corpore
535 1457 732 1497 curando
764 1457 1017 1497 affectant.»
1044 1479 1086 1484 —
1120 1456 1194 1494 tri-

317 1518 390 1557 bus
435 1519 645 1569 Anticyris
689 1518 803 1570 cet]
856 1518 1081 1566 «insania,
1124 1517 1192 1556 cui

313 1584 383 1620 ter
439 1583 610 1620 tantum
676 1580 915 1628 hellebori,
977 1581 1191 1631 quantum

313 1643 549 1693 Anticyrae
591 1644 825 1694 quotannis
867 1643 1051 1687 crescit,
1095 1652 1192 1681 me-

315 1704 410 1744 deri
449 1716 535 1744 non
580 1706 739 1756 possit,
783 1705 826 1745 id
867 1708 955 1752 est,
1008 1714 1192 1756 prorsus

314 1765 613 1807 insanabilis.»
653 1768 738 1807 Cir.
771 1767 826 1807 ad
856 1768 942 1807 Sat.
975 1768 1015 1814 ⁶2,
1048 1766 1088 1814 3,
1123 1765 1187 1805 83.

317 1852 360 1857 —
393 1829 549 1880 Licino]
580 1830 746 1869 Licinus
776 1830 851 1869 fuit
887 1830 1016 1869 huius
1047 1829 1192 1868 homi—

312 1891 379 1929 nis
402 1900 674 1938 cognomen,
698 1902 786 1929 non
808 1892 990 1929 Licinius
1010 1901 1189 1938 nomen,

309 1953 358 1989 ut
379 1949 587 1990 scribitur
608 1961 824 2002 persaepe
846 1952 888 1990 in
913 1962 1072 2002 prosae
1097 1961 1192 1989 ora-

312 2012 441 2051 tionis
462 2011 774 2063 scriptoribus,
809 2012 1189 2064 quemadmodum

314 2085 337 2113 e
370 2074 508 2113 Basilo
537 2072 802 2125 plerumque
839 2074 1040 2114 fecerunt
1068 2074 1192 2113 Basi-

311 2136 426 2175 liwn.
456 2136 517 2184 (V.
540 2136 762 2176 onomast.
783 2135 1058 2185 Tullianum.)
1084 2137 1193 2174 «No-

310 2209 416 2238 men
448 2200 513 2237 est
544 2199 735 2237 tonsoris
778 2198 955 2246 famosi,
1004 2199 1078 2249 qui
1106 2208 1191 2249 po-

311 2263 407 2300 stea
444 2258 604 2298 dicitur
642 2259 782 2300 factus
813 2263 992 2300 senator
1021 2271 1045 2298 a
1078 2260 1191 2299 Cae-

311 2333 433 2366 sare,
469 2321 588 2372 quod
620 2321 783 2362 odisset
813 2323 1098 2375 Pompeium,
1135 2322 1190 2362 de

312 2395 400 2435 quo
431 2384 516 2423 hoc
546 2385 762 2435 scriptum
792 2388 859 2425 est
891 2385 1187 2437 epitaphium:

311 2447 552 2486 Marmorea
591 2447 747 2486 tumulo
778 2448 944 2486 Licinus
972 2448 1101 2495 iacet,
1149 2451 1193 2486 at

312 2508 413 2548 Cato
456 2508 595 2556 nullo,
639 2509 854 2557 Pompeius
891 2521 1054 2559 parvo:
1102 2510 1193 2559 quis

306 2574 423 2620 putet
443 2580 525 2609 esse
545 2570 639 2609 deos
654 2569 698 2609 9»
727 2570 864 2612 Comi.
887 2573 1016 2617 CRUQ.
1044 2570 1190 2622 (Paulo

313 2631 440 2671 aliter
468 2630 611 2670 Schol.
637 2631 771 2671 Persii
794 2632 833 2678 Ξ,
863 2631 947 2680 36.,
982 2634 1055 2683 qui
1087 2644 1191 2673 eum

313 2693 417 2733 dicit
447 2693 637 2732 libertum
656 2692 830 2744 Augusta·
852 2693 1043 2733 Caesaris
1060 2706 1194 2744 prae-

313 2755 502 2804 divitem,
534 2755 651 2793 cuius
681 2759 989 2795 monumentum
1009 2760 1065 2796 est
1089 2767 1195 2806 pre-

321 2818 412 2856 tiosi
443 2817 578 2866 operis
606 2817 674 2855 via
697 2817 870 2856 Salaria
883 2829 1017 2868 prope
1035 2818 1192 2866 urbem,

315 2879 370 2917 ad
406 2879 584 2928 lapidem
618 2879 876 2930 secundum.)
928 2879 1092 2927 Quodsi
1123 2881 1195 2919 Li-

316 2940 440 2979 cinus
472 2940 542 2978 hic
573 2940 835 2981 Horatianus
866 2952 913 2980 re
937 2952 1043 2980 vera
1075 2940 1194 2981 idem

318 3002 383 3041 est
414 3002 545 3051 atque
585 2999 675 3049 ille,
717 3002 790 3052 qui
832 3005 1013 3042 auctore
1055 3002 1192 3042 Dione

318 3063 471 3103 Cassio
493 3061 565 3110 54,
599 3063 665 3101 ⁵21.
715 3064 880 3114 origine
914 3063 1058 3104 Gallus
1083 3066 1192 3112 erat,

319 3127 564 3176 captusque
603 3135 625 3163 a
665 3125 870 3166 Romanis
908 3137 1064 3166 servus
1102 3125 1195 3166 Iulii

321 3187 524 3227 Caesaris
554 3185 694 3226 fuerat
726 3189 767 3226 et
799 3187 854 3227 ab
878 3199 930 3227 eo
951 3188 1196 3227 manumis—

319 3259 417 3294 sus,
452 3247 507 3287 ab
538 3251 733 3299 Augusto
755 3247 915 3288 Galliae
937 3251 1198 3300 procurator

320 3310 462 3350 factus
484 3312 550 3349 est
572 3321 611 3349 a.
636 3321 679 3349 u.
704 3321 742 3349 c.
766 3310 878 3359 739„
911 3311 1195 3351 statuendum

322 3372 425 3418 erit,
459 3382 511 3410 eo
543 3374 766 3423 tempore,
801 3383 888 3423 quo
918 3374 998 3412 Ars
1022 3374 1196 3423 po‘e‘tica

325 3435 566 3484 composita
600 3435 688 3480 est,
723 3432 842 3473 illum
874 3434 959 3473 iam
992 3445 1043 3472 ex
1075 3435 1197 3485 prin-

326 3495 433 3545 cipis
478 3494 626 3535 favore
667 3494 881 3535 excidisse
913 3493 980 3535 vel
1023 3494 1194 3541 obisse;

1256 1342 1360 1371 nam
1380 1331 1547 1370 homini
1569 1329 1771 1381 quamvis
1791 1328 2018 1382 improbo,
2051 1328 2131 1369 sed

1257 1393 1312 1433 ab
1343 1395 1539 1444 Augusto
1569 1391 1812 1432 honoribus
1843 1391 2022 1441 affecto,
2069 1392 2132 1432 sic

1255 1454 1439 1495 illudere
1476 1455 1547 1493 vix
1582 1456 1770 1506 poterat.
1831 1454 1985 1505 Utique
2020 1454 2133 1494 Lici—

1254 1517 1327 1566 ni,
1372 1518 1420 1556 ut
1464 1517 1546 1555 viri
1584 1515 1760 1567 indigne
1794 1515 2050 1568 praedivitis
2089 1518 2133 1556 et

1255 1579 1583 1631 praepotentis,
1625 1589 1790 1618 nomen
1819 1580 1976 1630 postea
2005 1579 2133 1630 quasi

1254 1642 1297 1680 in
1327 1640 1550 1693 proverbii
1586 1640 1956 1681 consuetudinem
1985 1641 2129 1681 venit:

1255 1706 1375 1745 Pers.
1405 1703 1433 1743 l.
1465 1702 1491 1743 l.
1524 1703 1704 1743 Martial.
1737 1703 1784 1751 8,
1817 1704 1867 1753 3,
1903 1704 1941 1744 6.
1979 1705 2129 1744 Iuven.

1256 1767 1306 1815 4,
1352 1766 1443 1806 409.
1494 1768 1536 1805 et
1576 1764 1650 1814 44,
1691 1766 1770 1805 305
1800 1776 1898 1817 sqq.
1951 1766 2129 1806 Sueton.

1255 1827 1403 1867 Octav.
1429 1828 1495 1867 67.
1537 1827 1732 1868 Macrob.
1757 1829 1930 1868 Saturn.
1950 1829 1999 1876 2,
2023 1827 2063 1868 4.
2085 1838 2129 1880 p.

1255 1890 1333 1930 335
1362 1901 1428 1941 sq.
1480 1889 1627 1929 Sidon.
1661 1888 1799 1941 Apoll.
1828 1890 1875 1939 5,
1909 1891 1947 1930 7.
1999 1890 2135 1930 Hora-

1254 1951 1422 1990 tianum
1465 1953 1616 1991 tamen
1663 1952 1861 1991 Licinum
1907 1951 2134 1992 diversum

1253 2014 1409 2063 putant
1438 2013 1632 2052 Diintzer
1662 2015 1705 2052 et
1738 2012 2047 2064 Dillenburger
2075 2013 2131 2053 ab

1256 2084 1324 2122 eo,
1345 2074 1419 2125 qui
1435 2075 1618 2125 Augusti
1635 2074 1784 2114 favore
1802 2074 2044 2115 fruebatur.
2064 2074 2130 2115 Cf.

1255 2134 1455 2186 Madvigii
1479 2136 1624 2186 Opusc.
1642 2136 1770 2176 Acad.
1784 2136 1857 2176 alt.
1879 2136 2015 2189 9202
2031 2146 2130 2188 sqq.

1311 2197 1405 2237 304.
1458 2197 1551 2237 302.
1606 2198 1637 2237 Ο
1680 2209 1754 2250 690
1790 2197 1952 2248 laevus]
1982 2197 2131 2249 Virgil.

1254 2258 1344 2300 Ecl.
1372 2261 1409 2308 4,
1430 2260 1494 2300 46.
1515 2261 1682 2300 etAen.
1702 2261 1742 2309 2,
1761 2259 1832 2300 54:
1859 2259 2134 2300 Simensmm

1255 2323 1375 2362 laeva
1393 2322 1548 2372 fuisset.
1586 2323 1643 2362 «O
1664 2333 1736 2362 me
1759 2322 1986 2362 hominem
2005 2333 2135 2374 prae·

1254 2386 1506 2436 posterum,
1541 2385 1616 2435 qui
1645 2395 1830 2435 magnos
1851 2385 1958 2425 istos
1979 2386 2134 2436 poetas

1255 2457 1342 2486 non
1373 2447 1591 2496 imitatus,
1625 2446 1835 2487 remediis
1857 2446 1912 2487 ad
1938 2457 2135 2498 purgan-

1257 2508 1361 2548 dam
1390 2507 1525 2548 bilem
1565 2509 1678 2561 aptis
1709 2510 1945 2561 quotannis
1974 2510 2132 2550 nturi»

1254 2570 1332 2610 Bili
1363 2571 1481 2610 enim
1511 2570 1769 2611 tribuebant
1791 2569 2130 2625 μελαγχολίαν.

1258 2631 1412 2674 Celsus
1441 2634 1490 2682 ⁶2,
1525 2633 1599 2673 43:
1637 2633 1707 2673 ubi
1735 2634 1848 2686 lonyi
1873 2634 2135 2684 valentesque

1255 2694 1390 2734 morbi
1417 2695 1503 2734 sin-e
1529 2694 1642 2746 febre
1670 2699 1786 2745 sunt,
1821 2699 1867 2735 ut
1895 2695 2130 2745 comitialis,

1255 2761 1300 2796 ut
1343 2757 1580 2804 insania,
1626 2760 1794 2796 veratro
1836 2767 1998 2807 quoque
2040 2756 2133 2797 albo

1255 2819 1455 2858 utendum
1484 2823 1554 2858 est.
1610 2819 1657 2857 Id
1690 2829 1821 2869 neque
1847 2819 1977 2860 hieme
2003 2831 2134 2870 neque

1257 2884 1411 2918 aestate
1451 2884 1558 2920 reete
1600 2881 1754 2929 datum·
1799 2881 1950 2932 optime
1990 2892 2106 2922 vere
2115 2893 2130 2931 ;

1257 2940 1526 2980 tolerabiliter
1554 2946 1791 2983 auctumno.
1819 2966 1863 2972 —-
1889 2955 2056 2996 puryor
2076 2943 2135 2984 bi-

1257 3001 1348 3053 lem]
1381 3002 1422 3041 in
1452 3013 1585 3054 prosa
1616 3007 1723 3044 orat.
1757 3005 1847 3045 bile.
1892 3006 1970 3047 Est
1997 3017 2133 3048 accu-

1257 3064 1421 3104 sativus
1461 3065 1678 3106 Graecus:
1725 3067 1881 3118 «quod
1910 3067 1968 3108 ad
1994 3067 2134 3109 bilem

1258 3126 1455 3165 attinet.»
1483 3149 1525 3154 —
1549 3127 1710 3179 horam]
1749 3130 1878 3170 «anni
1908 3130 2130 3183 tempus,»

1259 3189 1305 3226 ut
1336 3186 1413 3227 Od.
1438 3187 1477 3236 3,
1503 3188 1567 3237 43,
1592 3189 1631 3228 9.

1315 3248 1515 3290 303-308.
1557 3250 1630 3290 Nil
1648 3252 1756 3291 tanti
1775 3251 1845 3302 est]
1868 3251 2005 3294 «Nihil
2024 3254 2132 3294 tanti

1260 3310 1470 3360 aestimo,
1503 3309 1620 3351 nulla
1649 3323 1832 3364 prorsus
1860 3314 1968 3354 mihi
1997 3325 2132 3356 causa

1261 3374 1349 3420 est,
1393 3383 1472 3412 cur
1500 3383 1687 3424 magnus
1716 3376 1847 3426 poeta
1875 3374 1932 3414 ad
1959 3373 2133 3416 illorum

1258 3432 1427 3474 scilicet
1456 3433 1688 3475 modulum
1716 3435 1814 3476 fieri
1843 3436 2062 3488 cupiam.»
2083 3459 2129 3467 -

1258 3496 1372 3547 Erqo
1394 3495 1495 3548 cet]
1529 3497 1665 3548 «Ergo
1687 3497 1895 3548 quoniam
1915 3498 2000 3539 hoc
2025 3499 2130 3540 mihi
