2231 3787
738 258 832 296 ΜΒ.
869 258 915 296 ΙΙ.
952 256 1112 296 EPlST.
1148 257 1176 293 1.

1769 250 1859 303 601

124 390 300 441 Paene
330 386 561 441 recens?
600 385 747 440 Adeo
775 394 1017 439 sanctum
1045 393 1125 437 est
1154 392 1304 436 vetus
1333 401 1490 436 omne
1519 390 1725 454 poema.

121 488 420 559 Ambigitur
460 488 709 559 quotiens
748 495 866 541 uter
904 494 1022 539 utro
1062 485 1128 538 sit
1167 485 1335 556 prior,
1379 485 1550 538 aufert

1803 486 1868 536 5:15

122 590 386 644 Pacuvius
427 589 567 643 docti
609 589 800 664 samam
841 588 1011 650 senis,
1053 587 1244 640 Accius
1284 586 1399 647 alti,

109 740 313 790 Doering.
363 740 421 789 (ec
451 738 651 778 mentibus
679 739 819 778 haeret
848 740 931 778 cet.
966 738 1059 777 sine
1092 737 1299 788 interrog.
1334 737 1456 787 signo
1487 736 1606 787 LCt.)
1658 760 1699 764 —
1747 738 1813 776 56.

104 801 266 851 samam
285 801 392 840 docti
411 801 581 852 primus
604 800 828 840 Schmidii.
858 821 901 827 —
924 799 1070 839 Accius
1087 798 1254 850 bSEcp,
1279 800 1309 847 t,
1332 797 1570 846 Bentleius,
1605 798 1652 838 F:
1685 798 1819 838 Attius

108 862 224 911 LMs,
257 862 397 902 Aetius
426 861 514 901 duo
546 861 755 901 Schmidii
787 863 830 901 et
861 862 907 901 C.

54 994 245 1042 nendus,
294 1005 440 1034 nonne
486 992 732 1045 permultos
771 994 930 1033 etiam-

53 1067 168 1096 nunc
224 1056 414 1096 lectores
473 1056 609 1096 habet
667 1058 800 1106 atque
851 1055 932 1094 ad-

52 1118 340 1158 miratores‘?»
393 1119 471 1158 Cn.
509 1119 700 1158 Naevius
740 1120 932 1169 Campa-

53 1191 134 1221 nus
164 1191 203 1220 a.
247 1191 288 1219 u.
336 1191 373 1219 c.
421 1180 514 1219 519.
561 1181 754 1231 primam
804 1179 933 1219 fabu-

52 1241 139 1282 lam
169 1242 342 1290 docuit,
385 1243 586 1281 mort-uus
627 1252 665 1280 a.
695 1253 738 1280 u.
763 1252 800 1280 c.
834 1242 928 1280 550.

53 1305 219 1352 Uticae,
253 1304 296 1343 in
328 1302 492 1344 exsilio.
544 1305 726 1343 Praeter
756 1306 932 1354 tragoe—

52 1365 146 1406 dias
177 1368 221 1405 et
251 1365 506 1405 comoedias
546 1365 799 1405 celebratur
837 1366 930 1405 eius

51 1426 220 1467 Bellum
261 1428 474 1467 Punicum
517 1428 731 1478 primum,
780 1428 932 1466 Satur—

53 1490 134 1529 niis
165 1488 368 1529 versibus
400 1489 716 1541 conscriptum,
756 1489 811 1528 de
843 1500 930 1539 quo

52 1551 141 1591 vid.
182 1552 270 1591 Cic.
309 1551 429 1590 Brut.
469 1551 542 1599 ⁴9,
576 1552 628 1590 75
660 1561 726 1601 sq.
779 1550 841 1591 Cf.
877 1552 925 1589 A.

53 1613 232 1653 Schiitte
264 1613 319 1652 de
342 1613 421 1652 Cn.
445 1613 608 1652 Naevio
629 1614 774 1663 po'eta.
817 1613 930 1651 Her—

52 1674 187 1726 bipoli
230 1674 350 1715 -184-1.
387 1674 426 1714 8.
488 1676 566 1714 Cn.
605 1675 753 1714 Naevii
794 1675 930 1713 vitam

54 1737 313 1788 descripsit,
365 1735 572 1787 reliquias
621 1735 794 1786 collegit
841 1737 926 1775 cet.

53 1801 152 1840 Ern.
204 1797 482 1838 Klussmann.
535 1800 664 1838 lenae
715 1797 835 1837 4843.
889 1797 927 1837 8.

54 1863 183 1902 llertz
213 1862 256 1900 in
286 1860 440 1900 Annal.
473 1859 615 1900 Berol.
650 1859 769 1900 4843.
801 1861 851 1899 II.
883 1871 926 1910 p.

52 1924 147 1962 ⁶2⁴7.
226 1924 289 1963 De
346 1922 495 1962 Naevii
551 1923 791 1974 praetextis
841 1922 927 1962 vid.

0 2007 5 2017 ·
55 1986 242 2024 Grauert
260 1984 401 2024 Philol.
421 1984 672 2024 Schneidew.
696 1985 746 2023 II.
770 1995 813 2035 p.
836 1985 927 2023 1¹45.

54 2058 153 2098 sqq.
213 2047 313 2086 Sine
362 2047 703 2097 interrogatione
751 2048 926 2096 autem,

55 2119 189 2160 quam
229 2109 400 2159 primus
437 2108 642 2159 apposuit
680 2107 929 2157 Bentleius,

57 2172 172 2210 totus
203 2168 326 2209 locus
358 2169 404 2208 fit
433 2169 656 2209 absurdus
678 2180 823 2220 neque
845 2168 931 2209 ullo

55 2231 189 2270 modo
235 2230 440 2282 explicari
490 2232 665 2282 potest;
716 2232 796 2270 etsi
847 2231 931 2270 hoc

55 2295 198 2333 astute
231 2293 414 2332 tentavit
446 2292 707 2332 Lambinus:
758 2293 933 2332 «Naevii

55 2356 218 2407 scripta
256 2365 342 2394 non
384 2354 584 2394 feruntur
614 2353 820 2395 manibus
853 2354 933 2394 ho-

56 2418 246 2464 minum;
303 2428 407 2456 nam
453 2427 555 2456 eum
606 2418 819 2456 memoria
866 2419 934 2456 te-

997 993 1303 1042 aestimandis,
1345 994 1402 1032 ita
1442 996 1491 1032 ut
1520 994 1735 1044 cuiusque
1767 994 1873 1032 cha-

997 1057 1143 1094 racter
1171 1066 1257 1094 uno
1285 1054 1478 1095 alterove
1501 1057 1694 1106 epitheto
1716 1054 1874 1095 defini—

996 1119 1115 1166 atur,
1174 1116 1370 1168 qualium
1411 1117 1674 1157 iudiciorum
1711 1118 1876 1157 affatim

997 1178 1138 1220 habes
1169 1180 1287 1231 apud
1309 1180 1573 1219 Frontonem
1604 1192 1646 1230 p.
1674 1180 1767 1220 4224.
1791 1179 1871 1219 Ed.

998 1242 1121 1280 Rom.
1161 1252 1200 1280 a.
1240 1241 1359 1282 4846.
1424 1242 1555 1281 Totus
1592 1243 1718 1291 igitur
1749 1240 1872 1281 locus

998 1304 1191 1343 continet
1232 1302 1407 1351 laudes,
1455 1315 1566 1354 quas
1597 1304 1872 1353 grammatici

997 1368 1041 1405 et
1071 1365 1174 1405 mali
1204 1368 1362 1417 poetae
1396 1364 1505 1406 illius
1529 1366 1706 1412 aetatis,
1739 1367 1876 1405 Anse-

996 1439 1087 1476 res,
1122 1427 1264 1476 Bavii,
1291 1428 1459 1476 Maevii,
1485 1428 1628 1479 poetis
1648 1426 1875 1466 veteribus

996 1488 1194 1528 tribuere
1226 1489 1448 1538 solebant,
1484 1500 1572 1540 quo
1602 1489 1875 1529 recentiores

997 1552 1260 1600 (Horatium,
1294 1550 1542 1602 Virgilium,
1575 1552 1769 1602 Varium)
1802 1551 1878 1590 de-

997 1614 1243 1664 primerent
1272 1624 1323 1652 ac
1353 1612 1604 1661 laederent;
1639 1612 1800 1664 quibus
1823 1624 1874 1652 ex

995 1673 1199 1714 laudibus
1231 1674 1462 1715 nonnullas
1485 1674 1671 1714 fortasse
1700 1685 1753 1714 ex
1772 1675 1877 1712 Var-

996 1737 1116 1776 ronis
1147 1735 1269 1777 libris
1291 1737 1346 1776 de
1368 1737 1509 1787 poetis
1532 1736 1877 1786 desumpserant

997 1798 1130 1838 invidi
1177 1797 1248 1837 illi.
1311 1800 1402 1838 Nec
1442 1797 1630 1837 multum
1671 1797 1879 1837 differunt

999 1871 1104 1908 eae,
1145 1871 1255 1911 quas
1287 1858 1575 1908 Quintilianus
1616 1858 1768 1898 tribuit
1796 1870 1876 1899 ve—

997 1921 1167 1961 teribus
1203 1923 1348 1973 poetis
1388 1921 1565 1961 Latinis.
1614 1921 1698 1960 Cfr.
1736 1922 1877 1972 Bergk

1001 1984 1251 2023 Comment.
1277 1983 1332 2022 de
1352 1981 1443 2023 Rel.
1464 1983 1588 2023 Com.
1609 1984 1692 2022 Att.
1717 1993 1760 2034 p.
1781 1982 1874 2023 447.

1001 2067 1044 2073 —
1071 2045 1223 2097 aufert]
1255 2045 1407 2096 «quasi
1438 2044 1554 2084 dono
1575 2043 1645 2083 vel
1674 2045 1875 2096 praemio

997 2109 1178 2159 accipit,
1213 2110 1256 2147 et
1276 2108 1384 2146 docti
1404 2108 1774 2147 existimationem
1795 2107 1878 2147 ob-

996 2170 1148 2208 tinet.»
1194 2170 1263 2208 Sic
1294 2169 1426 2220 Soph.
1458 2170 1600 2218 Antig.
1635 2168 1734 2208 464:
1771 2169 1878 2225 κέρ-

997 2228 1080 2280 δος
1118 2231 1252 2286 φέρει
1293 2241 1373 2282 pro
1404 2231 1621 2286 φέρεται,
1669 2229 1879 2270 «lucrum

999 2292 1156 2339 aufert,
1180 2293 1480 2345 adipiscitur.»
1507 2314 1551 2320 —
1575 2293 1795 2344 Pacuvius]
1817 2294 1872 2334 M.

998 2356 1239 2403 Pacuvius,
1274 2354 1582 2405 Brundisinus,
1606 2355 1730 2394 Ennii
1751 2365 1882 2395 soro-

1000 2418 1061 2458 ris
1092 2417 1230 2466 filius,
1265 2419 1394 2457 natus
1425 2428 1464 2456 a.
1490 2429 1531 2456 u.
1558 2428 1596 2456 c.
1621 2417 1734 2466 534„
1768 2418 1880 2457 ami-

57 2480 184 2527 nent,
218 2489 363 2529 neque
387 2481 518 2529 egent
547 2478 802 2518 adiumento
824 2478 937 2519 litte·
965 2451 969 2546 ⁴
1002 2491 1080 2520 cus
1122 2481 1168 2519 C.
1199 2478 1352 2528 Laelii,
1401 2489 1503 2518 cum
1547 2479 1706 2518 LXXX.
1740 2490 1880 2519 annos

56 2550 221 2580 rarum.
274 2540 435 2579 Haeret
474 2541 517 2579 in
548 2541 746 2580 omnium
777 2542 933 2581 animis
966 2567 969 2606 Ι
1000 2543 1129 2582 natus
1179 2552 1339 2580 novam
1395 2540 1622 2580 docuisset
1669 2540 1878 2589 fabulam,

56 2601 264 2654 perinde,
311 2613 364 2642 ac
405 2603 439 2642 si
479 2603 533 2642 sit
562 2614 765 2643 recens.»
803 2624 846 2631 -
891 2604 935 2642 in

55 2664 247 2704 manibus
267 2688 292 2694 -
313 2664 383 2716 est]
417 2663 705 2704 «lectitatur.»
752 2667 932 2706 Sueton.

59 2726 191 2777 Calig.
229 2728 302 2767 46:
349 2727 481 2767 Cassii
510 2727 651 2766 Severi
683 2728 842 2777 scripta
871 2739 935 2767 se-

57 2793 180 2828 natus
208 2789 402 2829 consultis
426 2789 582 2828 abolita
608 2790 770 2838 requiri
799 2794 835 2829 et
855 2800 936 2829 esse

61 2852 103 2889 in
129 2851 322 2890 manibus
358 2851 617 2901 lectitarique
645 2852 849 2901 permisit.
887 2875 930 2879 —

59 2913 211 2964 haeret]
245 2914 334 2953 Cic.
369 2915 496 2953 Tusc.
530 2914 576 2962 3,
617 2915 664 2963 2,
697 2914 746 2953 3:
785 2916 937 2964 poetae

60 2996 81 3002 -
101 2996 124 3002 -
144 2975 398 3024 audiunt-ur,
441 2977 656 3027 lequntur,
699 2977 937 3016 ediscantur

60 3040 97 3075 et
130 3036 416 3075 inhaerescunt
447 3038 612 3086 penitus
646 3038 689 3077 in
717 3038 932 3078 mentibus.

61 3119 108 3126 -
141 3098 273 3137 Paene
299 3098 454 3149 recens]
488 3099 756 3150 «Tamquam
794 3111 934 3151 prope

60 3161 213 3199 noster
243 3158 438 3209 aequalis
470 3161 630 3199 esset.»

115 3222 181 3260 55.
206 3221 272 3260 56.
314 3220 547 3271 Ambiqitur
567 3221 668 3272 cet.]
689 3221 810 3262 Salse
833 3235 937 3274 per-

62 3283 262 3332 sequitur
292 3280 439 3322 solitas
472 3283 515 3321 et
543 3281 807 3334 plerumque
840 3285 937 3324 ine-

61 3344 158 3393 ptas
193 3344 447 3383 criticorum
487 3343 554 3383 sui
593 3345 806 3394 temporis
845 3345 937 3385 dis-

62 3405 311 3454 putationes
341 3404 395 3444 de
433 3404 752 3455 antiquioribus
796 3407 937 3456 poetis

64 3465 178 3505 inter
216 3478 263 3507 se
308 3466 620 3518 comparandis
662 3469 794 3517 atque
835 3466 936 3506 inde

1000 2605 1237 2643 Tarentum
1270 2604 1473 2654 migravit
1502 2602 1652 2653 ibique
1687 2605 1881 2643 mortem

1001 2664 1110 2705 obiit
1137 2676 1278 2717 prope
1309 2666 1647 2716 nonagenarius.
1694 2665 1755 2704 Ex
1787 2666 1880 2706 eius

1005 2727 1264 2778 tragoediis,
1312 2738 1422 2778 quas
1465 2726 1704 2766 duodecim
1748 2727 1881 2766 mini-

1000 2800 1125 2829 mum
1157 2790 1428 2840 composuit,
1472 2788 1745 2829 clarissimae
1784 2788 1881 2829 fue-

1000 2854 1103 2892 runt
1120 2851 1300 2902 Antiopa
1322 2853 1366 2891 et
1385 2852 1633 2891 Dulorestes.
1682 2850 1746 2890 Cf.
1770 2850 1875 2890 Plin.

1001 2915 1052 2954 H.
1079 2915 1128 2953 N.
1147 2913 1214 2962 35,
1234 2913 1273 2962 4,
1298 2914 1342 2952 7:
1367 2914 1563 2953 Proxime
1578 2912 1786 2953 celebrata
1805 2917 1875 2963 esi,

1000 2977 1043 3015 in
1071 2977 1164 3027 foro
1196 2976 1340 3014 boario
1370 2977 1470 3015 aede
1497 2976 1709 3025 Herculis,
1745 2976 1880 3015 Pacu-

999 3039 1057 3077 vii
1079 3040 1231 3088 poetae
1256 3038 1441 3087 pictura.
1488 3038 1615 3077 Ennii
1643 3049 1786 3077 sorore
1813 3048 1883 3089 qe-

1001 3101 1112 3140 nitus
1140 3101 1204 3139 hic
1242 3100 1324 3151 fait
1351 3100 1654 3149 clarioremque
1682 3110 1777 3139 eam
1805 3111 1880 3138 ar-

1001 3167 1082 3203 tem
1127 3161 1362 3213 (pingendi)
1408 3163 1560 3201 Romae
1606 3162 1701 3212 fecit
1741 3162 1880 3212 ,qloria

1001 3234 1162 3263 scenae.
1191 3246 1235 3251 ——
1259 3223 1379 3274 docti]
1415 3222 1578 3274 «probe
1600 3223 1763 3262 versati
1782 3232 1880 3261 ma-

1001 3286 1118 3325 xime
1150 3285 1192 3324 in
1224 3285 1400 3324 Graecis
1431 3285 1572 3335 poetis
1599 3285 1642 3323 et
1672 3283 1808 3333 epicis
1838 3284 1881 3322 et

1002 3347 1201 3397 tragicis,
1236 3358 1288 3386 ex
1318 3345 1478 3396 quibus
1501 3354 1681 3383 suarum
1703 3345 1880 3394 tragoe-

1003 3407 1177 3447 diarum
1199 3407 1458 3458 argumenta
1480 3405 1728 3455 desumpsit
1746 3415 1878 3455 prae—

970 3478 972 3482 ’
1004 3469 1208 3518 terquam
1248 3469 1378 3507 unius
1419 3467 1674 3518 praetextae
1715 3465 1879 3506 Pauli.»
