2231 3787
253 280 354 332 320

887 276 1101 316 HORATII
1131 275 1431 316 SATIRARUM

323 413 591 464 Iul-antem
628 426 713 462 me
754 408 892 462 scire
930 406 1058 459 nihil
1096 406 1355 458 mirantur
1395 412 1452 456 ut
1488 420 1654 455 unum

324 512 537 567 Scilicet
576 509 778 582 egregii
818 508 1098 561 mortalem
1138 506 1337 576 altique
1378 504 1566 558 silenti.

324 614 572 668 Perditur
610 612 743 665 haec
784 611 918 663 inter
957 609 1154 661 misero
1193 607 1283 659 lux
1321 624 1427 659 non
1466 606 1581 659 sine
1620 604 1782 657 votis:

327 719 373 772 O
413 733 526 771 rus.
569 713 785 786 quando
826 728 926 782 ego
966 719 1017 763 te
1045 708 1381 780 adspiciam?
1419 706 1747 779 quandoque
1775 705 1956 760 licebit
2003 706 2070 758 60

323 821 472 871 Nunc
509 825 750 870 veterum
794 813 961 872 libris,
1011 828 1153 865 nunc
1192 827 1380 864 somno
1423 818 1475 862 et
1512 807 1772 862 inertibus
1812 806 1958 860 horis

364 1033 429 1072 57.
478 1031 690 1069 mirantur
718 1026 858 1078 hScp,
906 1024 1106 1078 plerique
1152 1024 1365 1072 Pottierii,
1410 1022 1549 1062 LCtF:
1582 1022 1768 1060 miratur
1811 1022 2019 1072 quattuor

309 1094 522 1141 Pottierii,
557 1103 610 1132 ex
642 1089 751 1132 Cod.
784 1088 938 1129 Battel.
970 1086 1194 1128 Bentleius
1226 1088 1269 1126 et
1298 1087 1354 1126 M.
1383 1108 1427 1113 —-
1451 1089 1490 1124 et
1516 1095 1647 1124 unum
1678 1095 1715 1124 c.
1753 1106 1797 1111 —
1831 1083 1897 1122 59.
1921 1084 2020 1122 Por-

282 1267 437 1308 57-64.
467 1264 610 1316 unum]
647 1263 965 1315 «praecipuum
993 1261 1134 1300 omni-

255 1343 347 1380 um,
390 1330 608 1380 quotquot
648 1327 792 1367 sunt.»
853 1326 903 1366 Ut
944 1324 1128 1364 Cicero:

257 1405 361 1434 unus
388 1392 601 1444 yladiator
628 1390 686 1428 M.
710 1388 938 1435 Antonius,
982 1383 1134 1426 Catul-

253 1456 342 1496 lus:
375 1465 482 1494 unus
510 1451 811 1503 caprimulgus.
849 1473 893 1478 —-
926 1447 1131 1499 Perditur]

256 1520 348 1558 Hoc
387 1527 505 1556 nunc
545 1514 727 1566 quidem
767 1513 948 1552 unicum
979 1521 1134 1550 exem—

254 1580 377 1633 plum
400 1581 467 1618 est
497 1575 743 1629 praesentis
774 1574 939 1626 passivi
969 1573 1013 1612 in
1037 1583 1136 1612 ver-

255 1643 313 1682 bo
337 1642 536 1692 perdere,
570 1637 689 1678 unde
722 1637 1030 1676 Lachmannus
1052 1645 1132 1674 suo

254 1707 349 1744 iure
391 1703 445 1743 de
484 1699 731 1752 corruptela
771 1698 990 1749 cogitavit.
1047 1696 1135 1736 Sed

255 1781 359 1809 cum
390 1768 524 1808 etiam
554 1765 634 1805 alia
657 1763 772 1816 apud
807 1763 1038 1803 Horatium
1067 1759 1135 1800 le-

257 1833 414 1883 gantur
433 1823 561 1879 ἅπαξ
583 1824 842 1880 λεγόμενα,
869 1823 1133 1876 prudentius

255 1893 431 1933 videtur
477 1893 520 1930 in
570 1890 775 1930 codicum
824 1887 1012 1926 lectione
1057 1896 1134 1924 ac—

258 1956 508 2007 quiescere.
543 1976 583 1982 -
620 1953 709 2001 aaz]
744 1950 908 1989 adies.»
957 1947 1019 1987 Cf.
1045 1948 1131 1985 Sat.

260 2020 306 2066 4,
341 2020 388 2066 5,
421 2017 486 2056 39.
539 2017 626 2055 Sat.
660 2016 710 2063 2,
752 2014 799 2061 ⁶2,
843 2011 936 2051 446.
974 2030 1017 2037 -
1052 2021 1135 2048 non

258 2083 344 2120 sine
356 2078 474 2129 votis]
495 2089 607 2117 «non
625 2078 717 2117 sine
740 2073 993 2115 huiusmodi
1015 2074 1138 2124 opta-

258 2145 355 2191 tis,»
390 2141 534 2193 qualia
564 2140 825 2190 sequuntur.
862 2160 904 2166 —
935 2134 1134 2186 veterum]

260 2206 529 2256 scriptorum
578 2204 678 2242 ante
728 2198 1029 2240 Alexandrum
1076 2199 1132 2238 M.

260 2268 489 2313 Similiter,
524 2265 605 2306 sed
634 2263 734 2303 κατ’
766 2262 1031 2319 εἰρωνείαν,
1056 2262 1138 2300 Lu-

259 2332 372 2372 cian.
391 2331 516 2370 Rhet.
537 2331 686 2368 Praec.
709 2327 757 2366 47
775 2338 782 2364 ;
806 2321 1137 2379 ἀναγίγνωσκε

258 2389 317 2434 τὰ
356 2386 574 2432 παλαιὰ
613 2389 702 2442 μὲν
732 2384 800 2441 μὴ
833 2385 893 2428 σύ
924 2399 998 2441 γε,
1040 2388 1137 2426 Iso-

260 2458 450 2503 cratem,
493 2453 866 2499 Demosthenem,
907 2449 1137 2490 Platonem

259 2519 548 2568 subiungens.
612 2514 735 2555 Cous.
768 2515 854 2553 Sat.
886 2514 931 2561 ⁶2,
965 2512 1012 2560 3,
1061 2512 1133 2550 44ε

262 2584 468 2632 Quorsum
514 2578 719 2629 pertinuit
761 2577 920 2625 stipare
962 2574 1138 2613 Platona

260 2644 517 2690 Menandro,
566 2640 771 2690 Eupolin,
822 2637 1135 2684 Archilochum,

261 2707 426 2746 comites
456 2703 555 2753 (rus)
578 2704 748 2741 educere
768 2699 933 2740 tantos?
963 2700 1071 2749 Epp.
1096 2698 1136 2745 4,

262 2770 312 2818 Ξ,
362 2769 410 2807 4;
465 2766 633 2806 Troiani
676 2764 766 2804 belli
809 2763 1139 2812 scriptorem--

261 2832 477 2870 Praeneste
518 2828 657 2878 relegi.
709 2849 754 2854 -—-
799 2825 954 2876 somno]
1000 2824 1139 2863 meri-

263 2891 416 2939 diano,
448 2891 594 2938 siesta,
628 2888 748 2939 quod
776 2888 916 2926 Varro
946 2887 992 2926 R.
1017 2887 1064 2925 R.
1091 2886 1135 2933 4,

262 2954 313 3001 ⁴2,
346 2954 384 2992 5.
419 2951 546 2990 dicit:
597 2951 798 2989 aestivum
837 2949 943 2988 diem
981 2948 1014 2986 si
1056 2957 1139 2985 non

263 3015 519 3066 diffindcrem
556 3013 726 3052 insititio
760 3022 902 3051 somno
941 3009 1135 3057 meridie,

261 3078 400 3116 vivere
418 3087 501 3115 non
523 3085 699 3125 possem.
751 3075 860 3125 Epp.
886 3073 931 3121 4,
965 3071 1030 3120 44,
1064 3070 1134 3110 35:

265 3140 401 3180 Coena
438 3138 570 3176 brevis
606 3138 728 3176 iuvat
763 3140 800 3175 et
834 3145 965 3185 prope
1002 3134 1140 3172 rivum

263 3211 430 3242 somnus
458 3200 501 3238 in
529 3199 668 3238 herba.
704 3220 752 3226 —
790 3196 987 3236 inertibus
1013 3195 1137 3246 horis]

266 3264 378 3314 quel
420 3262 553 3302 dolce
595 3260 681 3311 far
723 3260 912 3298 niente.
982 3256 1136 3296 Tibull.

266 3328 310 3375 4,
346 3327 390 3374 4,
424 3326 477 3364 5:
527 3324 595 3363 Me
636 3333 730 3361 mea
765 3324 999 3370 paupertas
1029 3320 1141 3358 vitae

266 3389 463 3427 traducat
489 3385 626 3425 inerti.
663 3407 707 3411 -
739 3381 920 3433 Ducere]
961 3375 1136 3430 ἕλκειν,

1194 1258 1326 1299 Lesbii
1355 1260 1491 1298 Duces
1518 1257 1590 1296 sub
1610 1256 1775 1296 umbra.
1823 1257 1937 1306 Virg.
1961 1257 2070 1295 Aen.

1197 1322 1243 1370 6,
1278 1321 1382 1361 743:
1433 1320 1606 1360 Animae
1626 1343 1649 1349 -
1669 1341 1692 1348 —
1711 1319 1876 1359 Lethaei
1906 1320 1962 1358 ad
1988 1320 2074 1371 flu-

1194 1385 1317 1423 minis
1338 1384 1495 1423 undam
1515 1384 1691 1423 Securos
1720 1383 1861 1421 latices
1881 1386 1919 1421 et
1947 1382 2075 1432 longa

1196 1446 1348 1486 oblivia
1370 1450 1535 1496 potant.
1587 1444 1680 1484 Val.
1714 1443 1854 1484 Flacc.
1888 1443 1935 1493 4,
1969 1444 2072 1483 536:

1196 1510 1344 1560 lonqac
1383 1510 1596 1548 ducentem
1626 1507 1779 1547 oblivia
1813 1517 1989 1557 poenae.
2027 1530 2072 1535 —

1197 1572 1348 1611 oblivia
1375 1571 1500 1621 vitae]
1533 1572 1637 1610 Stat.
1672 1569 1772 1609 Silv.
1811 1571 1857 1619 4,
1900 1569 1948 1618 4,
1991 1570 2072 1609 57:

1190 1636 1342 1686 pigrae
1374 1634 1637 1686 Markland:
1667 1633 1812 1685 pigra)
1843 1633 1998 1673 oblivia
2016 1634 2078 1673 vi-

1197 1702 1276 1737 tae.
1305 1719 1349 1724 —
1371 1697 1475 1748 faba
1503 1697 1766 1747 Pythayorae
1786 1696 1980 1748 coqnata]
2002 1697 2080 1736 Se-

1196 1771 1331 1800 renus
1375 1760 1551 1799 Samon.
1587 1771 1629 1799 v.
1669 1757 1770 1798 741:
1816 1759 2080 1810 Pythayorae

1196 1826 1376 1873 coqnata
1418 1821 1543 1873 (faba)
1588 1822 1666 1860 levi
1708 1821 1876 1860 condita
1912 1821 2078 1861 cumino

1195 1885 1397 1925 Proderit.
1451 1883 1716 1924 «Dubitabat
1755 1884 1873 1923 enim
1913 1884 2079 1934 Pytha-

1199 1958 1351 1998 goras,
1404 1958 1460 1985 an
1503 1947 1547 1986 in
1592 1957 1645 1986 eo
1690 1957 1877 1997 corpore
1920 1945 2080 1986 lateret

1199 2010 1346 2049 anima
1384 2009 1521 2060 patris
1553 2009 1619 2048 sui
1659 2019 1715 2047 an
1745 2007 1926 2048 alterius
1970 2019 2080 2060 pro-

1198 2072 1374 2124 pinqui,
1417 2082 1503 2122 qua
1535 2071 1590 2110 de
1621 2082 1669 2109 re
1699 2069 1815 2110 ridet
1845 2081 1950 2110 eum
1989 2072 2080 2111 Ho-

1198 2135 1334 2174 ratius
1379 2135 1422 2173 et
1467 2134 1560 2173 eius
1605 2143 1876 2184 sequaces.»
1932 2133 2073 2173 Coun.

1201 2199 1330 2243 CRUQ.
1346 2197 1634 2248 Pythagoreis
1655 2195 1941 2236 interdictum
1958 2206 2077 2246 esse,

1199 2272 1255 2301 ne
1299 2256 1510 2311 κυάμοις
1565 2259 1884 2306 vescerentur,
1943 2258 2082 2298 refert

1202 2324 1356 2364 Cicero
1390 2321 1445 2361 de
1475 2321 1616 2360 Divin.
1651 2321 1698 2369 4,
1731 2320 1805 2369 30,
1840 2320 1925 2369 62.,
1972 2321 2082 2370 quod

1200 2385 1319 2425 habet
1357 2383 1615 2435 inflationem
1648 2393 1850 2433 magnam
1878 2383 1914 2421 is
1941 2383 2077 2432 cibus,

1201 2446 1499 2496 tranquillitati
1537 2445 1685 2484 mentis
1714 2445 1950 2493 quaerentis
1976 2456 2081 2485 vera

1202 2509 1484 2556 contrariam3
1529 2506 1599 2546 alii
1637 2505 1742 2546 alias
1781 2517 1939 2547 causas
1970 2507 2081 2548 affe-

1201 2574 1316 2612 runt.
1354 2570 1455 2621 (Cfr.
1485 2570 1662 2609 Aristot.
1694 2579 1763 2620 ap.
1787 2569 1910 2619 Diog.
1934 2570 2076 2610 Laert.

1203 2635 1248 2683 8,
1282 2633 1364 2684 34.)
1416 2635 1600 2672 Prorsus
1632 2631 1853 2671 contraria
1884 2633 1951 2672 est
1980 2633 2081 2672 Ari-

1203 2696 1374 2736 stoxeni
1422 2692 1776 2741 narratiuncula,
1837 2696 1912 2744 qui
1960 2694 2080 2746 apud

1204 2757 1307 2798 Gell.
1331 2757 1378 2806 4,
1414 2758 1486 2795 44;
1518 2755 1630 2794 ¹nullo
1659 2756 1823 2804 saepius
1850 2755 2080 2807 lequmento

1201 2820 1487 2870 Pythayoram
1517 2817 1622 2856 dicit
1650 2828 1772 2856 usum
1801 2829 1929 2866 quam
1955 2818 2076 2868 fabis,

1203 2882 1402 2932 quoniam
1432 2881 1465 2919 is
1493 2880 1606 2919 cibus
1634 2883 1671 2919 et
1708 2879 1951 2920 subduceret
1985 2891 2080 2921 sen-

1201 2945 1278 2984 sim
1315 2943 1457 2982 alvum
1493 2946 1529 2981 et
1568 2942 1780 2993 levigaret.
1841 2941 2078 2993 Volgarem

1202 3005 1503 3046 narrationem
1531 3004 1602 3043 hic
1633 3003 1866 3044 manifesto
1897 3007 2078 3046 secutus

1203 3071 1270 3109 est
1314 3068 1532 3108 Horatius.
1599 3068 1742 3106 Locus
1787 3068 1856 3107 est
1896 3078 2079 3119 prorsus

1203 3130 1355 3172 similis
1396 3131 1504 3181 Epp.
1542 3130 1589 3175 2,
1632 3129 1677 3177 4,
1718 3129 1791 3168 52:
1843 3133 1881 3168 et
1917 3130 2080 3169 somnia

1201 3194 1475 3244 Pythagorea.
1538 3192 1629 3231 Hoc
1650 3191 1780 3242 igitur
1801 3191 1928 3230 dicit:
1964 3193 2080 3232 «No-

1202 3256 1288 3296 bile
1334 3254 1438 3296 illud
1480 3253 1711 3304 legumen,
1762 3253 1883 3304 quod
1924 3251 2080 3304 volgus

1204 3318 1386 3370 quidem
1430 3327 1642 3368 spernere
1687 3314 1820 3364 solet,
1871 3315 1954 3356 sed
1995 3326 2078 3368 pro

1204 3382 1393 3431 cognato
1415 3379 1499 3420 sibi
1530 3377 1683 3417 habuit
1703 3376 1774 3417 vel
1804 3378 1898 3428 ipse
1919 3377 2080 3428 Pytha-

267 3450 392 3500 quasi
418 3450 570 3488 vinum
592 3444 883 3493 «obsorbere,
917 3444 1138 3483 haurire.»
1203 3454 1375 3494 goras.»
1440 3442 1595 3492 Utique
1636 3440 1769 3479 utitur
1810 3439 1956 3491 lepida
1994 3439 2080 3478 iro-

267 3511 344 3550 Od.
374 3512 409 3560 4,
437 3511 499 3558 47,
532 3511 605 3549 Ξ4ῑ
638 3509 714 3548 Hic
736 3507 961 3546 innocentis
984 3506 1139 3556 pocula
1203 3506 1296 3553 nia,
1343 3504 1420 3545 sed
1462 3501 1578 3542 nulla
1619 3503 1732 3541 inest
1770 3501 2002 3542 virulentia
2032 3501 2076 3540 in
