2231 3787
277 260 378 310 550
881 260 1097 300 HORATII
1125 260 1492 301 EPISTOLARUM

347 390 449 455 Qui
490 389 733 461 queritur
771 388 1010 443 salebras
1051 397 1103 442 et
1141 388 1396 442 acerbum
1436 387 1602 457 frigus
1641 397 1692 441 et
1730 388 1955 449 imbres,

348 494 448 544 Aut
486 491 672 545 cistam
711 490 982 544 effractam
1022 499 1074 543 et
1111 489 1377 543 subducta
1414 489 1606 542 viatica
1642 488 1839 559 plorat,

346 595 479 646 Nota
517 592 679 646 refert
715 591 1014 645 meretricis
1054 591 1321 652 acumina,
1365 607 1530 660 saepe
1569 589 1834 651 catellam,

2030 592 2095 642 55

348 695 522 765 Saepe
561 691 941 764 periscelidem
979 701 1186 763 raptam
1226 691 1326 745 sibi
1365 690 1567 753 flentis,
1608 691 1682 744 uti
1720 709 1844 745 mox

346 795 497 847 Nulla
535 794 671 847 fides
711 793 919 846 damnis
958 793 1212 863 verisque
1252 792 1530 846 doloribus
1569 792 1722 845 adsit.

387 937 453 977 54.
486 937 537 988 ct]
570 941 645 975 aut
673 937 754 976 LC.
791 937 855 986 (Ut
886 946 989 985 nos,
1024 935 1208 985 bSEcd.)

274 1063 439 1103 nomine
452 1072 608 1100 muros.
633 1059 697 1100 Cf.
718 1061 804 1099 Sat.
825 1061 865 1108 Ξ,
881 1059 920 1109 4,
936 1060 1003 1098 55.
1030 1058 1151 1098 Ovid.

274 1125 377 1165 Met.
403 1124 469 1172 45,
493 1122 572 1162 709
594 1133 661 1173 sq.
689 1144 731 1149 —-
766 1121 965 1171 salebras]
997 1136 1015 1156 «
1033 1121 1157 1160 itine-

274 1187 336 1226 ris
366 1185 697 1236 asperitatem.»
733 1184 872 1223 Comi.
898 1184 1028 1228 CRUQ.
1052 1206 1096 1211 ——
1122 1187 1158 1222 et

274 1246 489 1298 subducta]
521 1245 674 1286 Melius
702 1246 787 1284 hoc
809 1246 877 1285 est
898 1256 1033 1295 quam
1056 1243 1158 1284 alio-

275 1322 377 1351 rum
407 1313 481 1348 aut
510 1308 733 1355 subducta,
769 1318 872 1347 cum
903 1307 991 1346 duo
1025 1307 1158 1346 dum-

275 1374 395 1412 taxat
422 1381 585 1422 genera
613 1371 936 1417 memorentur,
969 1368 1155 1408 alterum

276 1433 665 1474 incommodorum
681 1432 864 1478 itineris,
884 1430 1072 1470 alterum
1091 1442 1159 1470 re-

277 1507 377 1535 rum
399 1495 678 1533 amissarum.
706 1517 750 1521 —
773 1493 946 1543 viatica]
967 1493 1155 1542 «omnia,

279 1568 393 1609 quae
432 1556 572 1595 itineri
615 1555 868 1594 necessaria
900 1558 1024 1603 sunt,
1071 1555 1157 1594 im-

276 1619 432 1670 primis
462 1617 694 1668 pecunia.»
722 1639 765 1644 —-
801 1617 1011 1668 acumina]
1035 1620 1159 1657 astu-

279 1682 386 1730 tias,
417 1680 580 1730 Pfiffe
608 1679 695 1717 und
722 1678 928 1728 Kuiffe,
962 1690 1073 1730 quas
1093 1691 1160 1718 sa—

278 1744 456 1794 crilegas
470 1742 735 1781 meretricum
746 1744 857 1779 artes
868 1743 996 1779 vocat
1012 1752 1160 1780 exem-

279 1805 362 1857 plis
407 1803 545 1843 allatis
583 1803 761 1842 Ovidius
802 1805 851 1842 A.
889 1804 938 1841 A.
980 1803 1024 1851 4,
1062 1801 1156 1842 435.

280 1866 420 1907 Plaut.
450 1864 624 1905 Trucul.
657 1866 700 1912 4,
736 1866 780 1912 4,
814 1865 880 1904 34.
904 1867 1075 1904 amator
1104 1865 1159 1904 de

282 1930 452 1970 amica:
511 1928 764 1975 Priusquam
807 1939 937 1966 unum
980 1928 1157 1975 dederis,

284 1996 470 2040 centum,
521 2001 628 2040 quae
667 1994 839 2039 poscat,
884 1994 1038 2039 parat:
1083 1990 1163 2028 Aut

283 2064 439 2092 aurum
452 2053 603 2102 periit,
628 2056 702 2090 aut
722 2052 927 2090 conscissa
942 2052 1159 2101 pullulast,

281 2116 363 2155 Aut
391 2118 530 2164 empta
559 2114 739 2163 ancilla,
784 2118 858 2153 aut
887 2115 1057 2164 aliquod
1084 2127 1163 2154 va—

282 2189 373 2217 sum
395 2180 653 2228 argenteum,
674 2175 756 2214 Aut
774 2177 1012 2215 armariola
1033 2178 1162 2217 Grae-

283 2250 356 2289 ca,
404 2243 500 2290 aut,
525 2238 686 2287 aliquid
727 2248 887 2287 semper
919 2243 997 2285 est,
1047 2241 1165 2289 Quod

281 2305 449 2352 pereat,
484 2291 704 2349 debeatque
734 2312 883 2340 amans
908 2307 1043 2341 scorto
1072 2314 1160 2341 suo.

289 2387 332 2391 —
366 2363 572 2412 catellam]
620 2363 813 2402 «Catella
853 2363 1163 2405 diminutivum

285 2427 354 2465 est
383 2436 407 2464 a
437 2429 588 2464 catena
617 2425 813 2475 dixitque
848 2427 1041 2466 catellam
1071 2429 1165 2467 imi-

284 2488 447 2526 tatione
469 2485 663 2526 Lucilii.»
697 2488 848 2526 Sciioi..
874 2488 991 2539 apud
1015 2491 1159 2529 Barth.

283 2549 422 2588 Advv.
448 2548 514 2595 37,
537 2549 605 2588 2⁵2.
640 2549 709 2588 Sic
738 2549 856 2600 apud
883 2551 972 2589 Liv.
997 2551 1063 2599 39,
1088 2552 1160 2591 34:

283 2612 457 2649 Praetor
485 2621 579 2649 suos
608 2611 761 2659 equites
786 2611 944 2651 catellis
964 2624 1013 2651 ac
1029 2613 1167 2664 fibulis

286 2674 470 2713 donauit.
527 2674 688 2712 Contra
712 2684 735 2712 a
756 2674 897 2714 verbo
918 2676 1081 2716 catulus
1096 2679 1165 2716 est

285 2737 405 2789 apud
424 2737 606 2776 Martial.
632 2737 697 2786 44,
723 2738 822 2777 498ε
856 2739 1038 2779 Delicias
1059 2752 1166 2790 par-

283 2811 361 2838 rae
390 2800 424 2838 si
452 2800 514 2838 vis
543 2799 693 2838 audire
721 2801 893 2840 catellae
923 2803 1009 2841 cet.
1034 2804 1078 2841 et
1098 2804 1166 2842 Iu-

286 2871 388 2899 ven.
415 2861 452 2908 6,
478 2860 578 2900 654:
612 2862 747 2900 Morte
774 2862 858 2900 viri
877 2864 1048 2912 cupiant
1067 2865 1165 2902 ani-

285 2933 402 2960 mam
449 2932 617 2961 servare
664 2923 850 2962 catellae.
929 2924 1163 2965 Catenulas

287 2983 380 3024 illas
423 2984 694 3023 muraenulas
721 2984 910 3024 vocabat
944 2987 1166 3037 posterior

289 3048 424 3085 aetas
470 3046 648 3085 Hieron.
675 3047 751 3097 Ep.
776 3046 841 3086 24.
867 3058 909 3097 p.
937 3048 1029 3087 429.
1061 3048 1165 3087 Val-

286 3107 390 3148 lars.
419 3128 461 3134 —
490 3108 786 3159 periscelidem]
819 3109 972 3148 Isidor.
999 3110 1069 3156 49,
1095 3110 1161 3159 34,

290 3170 363 3209 49;
408 3169 667 3208 Periscelides
707 3173 801 3208 sunt
830 3181 1003 3209 crurum
1033 3183 1165 3210 orna-

286 3236 426 3271 menta
453 3232 696 3280 mulierum,
731 3231 877 3280 quibus
905 3243 1069 3282 qressus
1098 3245 1166 3273 ea-

287 3305 382 3332 rum
413 3297 641 3341 ornantur,
676 3292 823 3332 circuli
856 3295 976 3333 aurei
1007 3295 1077 3335 vel
1099 3307 1165 3335 ar-

289 3356 433 3405 gentei
465 3366 599 3406 supra
631 3355 764 3404 talos,
799 3366 989 3406 quorum
1021 3357 1160 3398 forma

288 3416 521 3456 exhibetur
537 3428 561 3455 a
574 3418 796 3458 Viscontio
809 3420 993 3458 Menum.
1010 3421 1160 3471 Boryh.

289 3489 330 3529 p.
358 3479 449 3518 484.
476 3482 517 3519 et
548 3478 779 3531 aliquoties
810 3481 851 3519 in
875 3482 1024 3522 Museo
1055 3484 1165 3522 Bor—

1218 1058 1379 1098 bonico
1398 1060 1482 1099 cet.
1515 1058 1650 1099 Nobis
1666 1058 1893 1098 Fussbaiid.
1916 1082 1959 1086 —
1982 1059 2097 1110 mox]

1219 1121 1263 1160 h.
1297 1119 1323 1159 l.
1354 1120 1498 1169 brevi,
1545 1121 1588 1159 in
1631 1121 1817 1160 kurzem.
1875 1120 1938 1160 Cf.
1973 1120 2099 1160 Hand

1220 1184 1344 1222 Turs.
1369 1184 1437 1222 ΙΙΙ.
1470 1193 1511 1234 p.
1538 1183 1631 1222 656.
1660 1206 1705 1210 —
1737 1182 1859 1234 veris]
1896 1183 1988 1222 Hoc
2019 1182 2100 1222 ad-

1220 1245 1432 1284 iectivum
1465 1246 1597 1284 etiam
1630 1244 1687 1284 ad
1716 1256 1756 1284 v.
1791 1245 1954 1284 damnis
1983 1244 2100 1284 refe-

1220 1307 1412 1347 rendum
1443 1308 1525 1347 est.

1275 1370 1424 1409 58-62.
1453 1370 1645 1421 planum]
1679 1366 1885 1418 πλάνον,
1919 1368 2102 1408 circula—

1219 1434 1378 1479 torem,
1403 1433 1476 1482 qui
1498 1431 1787 1472 multitudinis
1809 1431 2100 1472 delectandae

1222 1505 1356 1534 causa
1388 1494 1431 1533 in
1462 1495 1600 1534 triviis
1632 1495 1749 1534 artes
1777 1505 1880 1534 suas
1902 1495 2099 1543 exercet,

1222 1555 1419 1595 Gaukler.
1461 1556 1602 1596 Utitur
1632 1555 1793 1595 eodem
1818 1567 1916 1595 voc.
1942 1556 2030 1596 Cic.
2055 1566 2098 1606 p.

1222 1616 1393 1657 Cluent.
1418 1619 1485 1667 26,
1507 1619 1573 1657 72.
1597 1618 1762 1658 Arnob.
1786 1618 1826 1667 2,
1846 1618 1921 1658 32:
1942 1618 2102 1667 Psyllis,

1218 1681 1374 1719 Marsis
1405 1679 1705 1731 (colubrarum
1733 1679 2100 1730 incantatoribus)

1222 1743 1398 1791 aliisque
1417 1743 1674 1782 institoribus
1693 1748 1818 1792 atque
1831 1744 1987 1792 planis.
2011 1746 2103 1783 Au-

1223 1806 1382 1853 gustin.
1416 1805 1617 1845 Confess.
1642 1805 1688 1853 4,
1721 1805 1765 1844 3:
1812 1806 1903 1846 illos
1935 1806 2102 1856 planos,

1225 1877 1325 1914 quos
1339 1867 1653 1906 mathematicos
1671 1872 1836 1908 vocant.
1861 1867 1924 1908 Cf.
1942 1868 2101 1907 Athen.

1227 1927 1293 1976 44,
1317 1929 1356 1967 5.
1380 1938 1424 1978 p.
1450 1929 1554 1968 6⁴6:
1589 1927 1860 1983 Θεόγνητος
1889 1930 1939 1971 ἑν
1970 1928 2105 1970 Φιλο-

1224 1986 1465 2042 δεσπότῳ·
1504 1984 1551 2029 Ὁ
1580 1990 1868 2032 Πανταλέων
1896 1992 1987 2045 μὲν
2017 1987 2105 2033 αὗ-

1224 2048 1308 2102 τὸς
1351 2046 1528 2101 αὐτοὺς
1565 2048 1677 2102 τοὺς
1717 2050 1883 2104 ξένους
1913 2051 2037 2105 Τούς
2065 2055 2103 2094 τ’

1225 2109 1522 2167 ἀγνοοῦντας
1539 2109 1688 2153 αὐτὸν
1703 2112 1887 2154 ἐπλάνα
1900 2117 1979 2156 καὶ
1999 2129 2107 2165 σχε-

1225 2173 1310 2215 δὸν
1335 2170 1685 2233 Ἀπεκραιῖῑάλα
1704 2173 1761 2215 τὰ
1784 2175 1997 2227 πλεῖστα,
2019 2173 2105 2219 τοῦ

1226 2235 1428 2292 γελάσαι
1456 2235 1599 2295 χάριν
1618 2233 1757 2279 Ἶδίαν
1777 2241 1861 2279 τιν’
1883 2236 2012 2294 αὖτῷ
2032 2241 2107 2280 θέ-

1225 2313 1371 2353 μενος
1387 2297 1692 2349 ἀδολεσχίαν.
1726 2301 1788 2340 ld.
1810 2302 1934 2349 4,35.
1967 2314 2010 2354 p.
2031 2303 2103 2342 49:

1221 2359 1548 2416 Ἔθαυμάζετο
1570 2366 1677 2422 παρ’
1690 2357 1888 2417 Ἕλλησι
1905 2366 1987 2404 καὶ
2001 2360 2108 2404 Ῥω-

1225 2429 1390 2479 μαίοις
1419 2427 1640 2484 Ματρί-ἀς
1671 2423 1697 2467 ὁ
1728 2424 1907 2478 πλάνος
1938 2423 1966 2467 ὁ
1991 2422 2108 2467 Ἄλε-

1227 2486 1468 2546 ξανδρεύς.
1515 2491 1594 2529 Hic
1624 2490 1774 2540 igitur,
1808 2489 1863 2529 de
1894 2501 1982 2540 quo
2015 2490 2106 2539 Ho÷

1226 2553 1364 2591 ratius
1386 2554 1547 2600 narrat,
1572 2551 1685 2592 saltu
1705 2551 1956 2603 periculoso
1974 2552 2103 2601 facto,

1227 2615 1350 2654 humi
1393 2613 1626 2666 prolapsus
1657 2614 1895 2654 simulabat
1923 2625 1972 2654 se
2004 2625 2106 2654 crus

1227 2677 1411 2728 fregisse
1435 2680 1477 2716 et
1497 2678 1709 2726 hominis,
1734 2679 1803 2716 cui
1823 2679 1909 2719 hoc
1930 2677 2103 2726 accidit,

1227 2741 1402 2790 gestum
1441 2738 1869 2790 lamentationesque
1900 2739 2108 2779 imitaba-

1226 2803 1310 2840 tur.
1387 2800 1552 2848 Quodsi
1592 2801 1690 2851 quis
1735 2813 1758 2840 e
1803 2804 2107 2853 spectatorum

1226 2863 1357 2902 turba
1388 2863 1693 2902 misericordia
1723 2866 1866 2904 tactus
1897 2865 1938 2904 ei
1968 2865 2107 2917 opitu-

1226 2925 1304 2964 lari
1334 2923 1485 2973 vellet,
1529 2924 1597 2965 ille
1629 2925 1776 2967 subito
1808 2937 1832 2966 e
1864 2926 1958 2967 solo
1989 2927 2107 2966 exsi—

1226 2986 1375 3035 liebat,
1400 2998 1536 3027 novas
1553 2989 1813 3039 praestigias
1830 2989 2103 3040 incepturus,

1227 3049 1340 3088 adeo
1362 3052 1422 3098 ut,
1448 3051 1521 3100 qui
1543 3052 1800 3090 accurrerat
1820 3050 1876 3090 ad
1897 3049 2105 3090 auxilium

1226 3112 1559 3163 praebendum,
1603 3113 1749 3153 abiret
1778 3113 1965 3153 derisus.
2019 3113 2126 3157 Ve-,

1228 3186 1347 3222 rum,
1376 3186 1478 3214 cum
1499 3174 1735 3225 aliquando
1755 3187 1804 3215 re
1824 3186 1929 3214 vera
1952 3174 2103 3214 tibiam

1229 3236 1455 3287 fregisset,
1489 3248 1622 3276 nemo
1655 3237 1740 3277 iam
1772 3237 1809 3276 ei
1841 3246 2104 3276 succurrere

1227 3297 1383 3347 voluit,
1417 3308 1574 3338 omnes
1605 3310 1706 3338 cum
1738 3297 1998 3346 crederent,
2031 3297 2107 3337 de-

1228 3372 1315 3400 nuo
1346 3371 1451 3400 eum
1486 3359 1712 3400 ludificare
1745 3361 2102 3399 circumstantes.

1229 3422 1361 3472 («Nec
1405 3423 1441 3462 si
1471 3434 1576 3462 vere
1608 3433 1710 3462 crus
1741 3421 1918 3471 fregerit
1949 3419 2105 3473 planus

1228 3484 1282 3533 is,
1331 3483 1537 3524 crederet
1580 3482 1764 3523 ulterius
1803 3481 1896 3529 ille,
1943 3483 2017 3532 qui
2047 3481 2103 3521 ab
