2231 3787
185 326 287 378 ⁶260

824 324 1037 365 HORATII
1069 324 1369 366 SATIRARUM

256 456 497 511 Destinet
531 471 786 519 uxorem,
828 454 1108 508 interdicto
1148 453 1271 506 huic
1311 467 1468 504 omne
1509 449 1706 503 adimat
1744 450 1826 503 ius

255 561 475 612 Praetor
513 566 565 611 et
603 556 669 610 ad
717 573 877 609 sanos
922 555 1078 608 abeat
1117 553 1278 606 tutela
1315 551 1666 623 propinquos

256 659 434 726 Quid?
474 659 516 712 si
557 658 678 729 quis
717 665 929 727 gnatam
967 672 1063 725 pro
1104 662 1249 706 muta
1288 653 1518 706 devovet
1555 669 1716 722 agna,

255 764 466 831 Integer
504 769 585 813 est
623 758 824 811 animi‘?
861 759 937 810 Ne
977 754 1191 808 dixeris.

1268 754 1406 825 Ergo
1421 796 1430 816 ,
1472 753 1563 806 ubi
1602 769 1769 824 prava
1896 751 2000 807 220

255 861 500 922 Stultitia,
545 860 629 913 hic
668 876 876 912 summa
915 865 997 910 est
1035 854 1267 919 insania;
1309 855 1401 926 qui
1442 853 1761 916 sceleratuS,

257 965 317 1017 Et
355 963 585 1016 furiosus
625 961 750 1023 erit3
792 976 952 1030 quem
999 957 1142 1027 cepit
1179 946 1349 1009 vitrea
1386 955 1548 1018 fama,

254 1067 406 1118 Hunc
445 1060 818 1117 circumtonuit
859 1057 1100 1130 gaudens
1136 1056 1357 1111 Bellona
1395 1057 1646 1110 cruentis.

255 1168 405 1219 Nunc
443 1181 541 1235 age
580 1162 845 1216 luxuriam
883 1169 934 1214 et
972 1161 1364 1213 Nomentanum
1403 1158 1580 1229 arripe
1620 1175 1857 1213 mecum:

295 1309 388 1349 219.
421 1308 456 1346 si
485 1308 556 1355 qui
584 1304 820 1345 Bentleius.
858 1325 901 1331 —
947 1306 1091 1342 natam
1120 1301 1194 1353 bp.

186 1436 370 1474 riuntur.
397 1431 631 1472 Furlanetti
650 1431 750 1468 Iscr.
774 1429 858 1467 Est.
884 1439 926 1479 p.
953 1427 1055 1467 1139:

186 1494 411 1537 CVSONIA
446 1495 504 1533 M.
537 1494 583 1531 F.
615 1491 855 1538 POSILLA,
901 1489 1059 1529 eadem

185 1560 426 1609 scriptura,
461 1567 574 1605 quae
607 1556 702 1593 erat
731 1554 773 1592 in
805 1552 912 1592 Cod.
936 1550 1062 1591 Blan-

186 1621 273 1660 din.
318 1619 546 1669 antiquiss.
586 1628 608 1655 a
650 1627 716 1667 pr.
760 1626 818 1653 111.
884 1614 1061 1663 (Contra

183 1680 429 1722 Bentleiun]
450 1690 530 1730 pro
551 1677 750 1717 Lambini
779 1675 880 1715 lect.
900 1686 1061 1724 pupam

184 1742 446 1789 notandum,
480 1741 565 1779 1100
586 1740 720 1779 fuisse
743 1739 877 1777 etiam
896 1747 1061 1776 nomen

184 1805 428 1858 proprium.
492 1802 577 1842 Cfr.
611 1803 817 1841 Murator.
851 1811 893 1851 p.
929 1798 1057 1845 ›1239‚

186 1868 227 1908 3.
266 1868 310 1906 01
349 1878 391 1917 p.
436 1865 560 1913 4273,
609 1863 690 1913 44.)
740 1887 784 1890 —
832 1861 1060 1910 interdicto]

186 1928 278 1981 [lp.
303 1929 369 1968 Fr.
396 1928 470 1974 112,
504 1927 551 1965 ⁵2:
586 1927 673 1965 Lea)
700 1925 787 1964 XII.
821 1924 1062 1963 tabularum

182 1992 389 2042 furiosum
417 1989 592 2037 itemque
614 1987 864 2037 prodigum,
897 1986 964 2024 cui
990 1985 1062 2024 bo·-

184 2054 249 2092 nis
280 2051 611 2090 interdictum
651 2053 731 2098 est,
776 2049 815 2087 in
846 2048 1062 2086 curat-ione

185 2115 279 2166 (pro
311 2124 397 2164 quo
426 2123 523 2152 voc.
557 2111 735 2162 proprio
771 2111 974 2149 Horatius
1015 2109 1057 2148 h.

184 2176 212 2216 l.
245 2188 287 2215 v,
321 2175 448 2215 tutela
477 2174 625 2223 utitur)
660 2173 765 2212 iubet
803 2183 886 2212 esse
921 2183 1061 2222 ayna-

182 2244 333 2278 torum.
384 2237 504 2288 (Epp.
531 2236 544 2274 l
567 2267 574 2284 ,
601 2236 616 2274 4
638 2267 646 2284 ,
682 2235 780 2274 1102:
813 2235 896 2273 Nec
917 2234 1062 2273 medici

183 2301 316 2340 credis
346 2309 416 2338 nec
441 2298 652 2337 curatoris
672 2307 788 2347 essere
807 2296 839 2334 A
866 2300 1062 2345 praetore

184 2361 306 2412 clati.)
357 2359 501 2399 Verba
541 2360 634 2410 ipsa
676 2359 786 2397 haec
818 2359 964 2396 erant:
1012 2357 1066 2396 SI

184 2423 442 2464 FL'RIOSL'S
469 2422 624 2461 ESCIT
653 2420 782 2471 (erit),
821 2419 1060 2459 AGNATO-

183 2487 301 2526 RL'JJ
344 2485 407 2523 ΙΝ
443 2484 515 2522 EO
556 2484 622 2522 PE
626 2482 896 2531 CUNIAQUE
937 2481 1062 2520 EIUS

182 2546 448 2587 POTESTAS
465 2545 614 2584 ESTO.
660 2544 857 2594 (Dirksen
879 2554 921 2594 p.
945 2543 1058 2594 729.)

237 2669 439 2710 220-223.
484 2669 598 2719 Ergo
630 2667 732 2718 cet]
767 2666 935 2706 Festive
969 2667 1060 2706 Ho-

183 2733 318 2772 ratius
350 2729 505 2781 triplici
537 2730 620 2769 hoc
651 2729 788 2768 inciso
810 2727 924 2767 ridet
943 2729 1062 2780 puti-

184 2794 291 2833 dum
322 2794 567 2833 Stoicorum
599 2801 773 2831 morem
813 2790 867 2829 hc
876 2801 898 2829 c
930 2800 1061 2830 suum

184 2851 476 2912 πασάόοξον,
530 2853 648 2904 quod
698 2852 936 2903 praecipue
979 2851 1062 2891 ad-

185 2928 314 2957 311131
318 2918 462 2963 erant,
498 2908 572 2954 ὅτι
593 2912 685 2963 ,τᾶς
704 2908 901 2970 ἄφρων
900 2913 1062 2953 [calve-

184 2990 282 3024 ται
323 2976 565 3016 identidem
594 2975 814 3022 variandi,
857 2986 944 3025 quo
980 2986 1061 3014 au-

183 3038 399 3080 ditoribus
431 3039 569 3088 magis
601 3036 910 3076 inculcaretur.
968 3037 1060 3076 Hoc

183 3102 312 3152 igitur
341 3099 436 3139 loco
470 3101 551 3138 ita:
601 3099 769 3148 «quivis
815 3100 858 3137 et
902 3096 1058 3137 stultus

184 3165 229 3202 et
257 3160 498 3202 sceleratus
526 3163 567 3199 et
599 3159 838 3199 ambitione
869 3159 1059 3209 flagrans

182 3234 291 3263 vero
323 3222 499 3262 nomine
542 3221 739 3261 furiosus·
773 3223 882 3261 est.»
915 3242 962 3248 —
994 3221 1061 3259 vi-

183 3285 287 3336 trea]
312 3283 445 3324 «falso
467 3281 703 3334 splendore
728 3283 890 3329 nitens,
925 3282 1057 3332 atque

185 3357 237 3385 eo
276 3356 356 3385 nos
395 3345 664 3395 decipiens.»
731 3343 854 3383 Conf.
893 3342 971 3383 Od.
1008 3343 1055 3391 l,

186 3408 257 3455 47,
290 3407 356 3446 ΞΟ.
393 3429 436 3434 -
468 3406 586 3445 Hunc
614 3404 918 3456 circumtonuit]
957 3404 1060 3455 Epi—

185 3478 285 3508 cum
315 3466 511 3508 colorem
539 3466 675 3507 habet
705 3467 775 3507 hic
796 3464 1056 3506 versiculus.

185 3530 318 3570 Estne
373 3530 626 3570 Ennianus‘.>
686 3528 767 3577 Qui
819 3527 1056 3577 attonitus,

1124 1421 1472 1482 ἐμβρόντητος,
1506 1436 1530 1465 3
1561 1426 1647 1466 deo
1679 1425 1825 1478 aliquo
1857 1428 1999 1476 esset,

1124 1500 1227 1528 eum
1249 1489 1455 1528 insanum
1474 1487 1640 1528 factum
1662 1489 1885 1529 interdum
1909 1500 2004 1529 cre-

1124 1550 1302 1589 debant.
1340 1572 1385 1578 —
1425 1550 1610 1602 Bellona]
1652 1549 1916 1602 Splendidus
1946 1551 2002 1590 de

1124 1611 1298 1651 Bellona
1343 1610 1467 1651 locus
1499 1614 1566 1652 est
1610 1612 1728 1664 apud
1771 1612 1923 1653 Silium
1952 1614 2000 1663 5,

1122 1676 1217 1715 ⁶220.
1250 1675 1539 1714 sacerdotum
1558 1687 1697 1726 genus
1714 1677 1999 1727 significatur,

1123 1737 1244 1788 quod
1278 1748 1331 1776 ex
1361 1737 1508 1776 infima
1542 1737 1673 1789 plebe
1698 1741 1810 1785 erat3
1844 1739 1918 1789 qui
1939 1738 2004 1778 fu-

1124 1800 1344 1839 riosorum
1374 1799 1417 1838 in
1458 1810 1630 1839 morem
1669 1799 1881 1841 saltantes
1922 1800 2004 1841 de-

1124 1861 1285 1901 strictis
1316 1859 1469 1911 gladiis
1491 1872 1590 1901 sese
1613 1862 1923 1911 cruentabant,
1955 1863 2005 1902 ut

1124 1921 1250 1971 Galli,
1284 1924 1467 1974 Magnae
1498 1924 1646 1964 Matris
1679 1924 1815 1964 deum
1843 1924 2003 1964 Idaeae

1124 1984 1396 2024 sacerdotes.
1458 1984 1519 2024 Illi
1550 1987 1698 2025 autem
1728 1985 2006 2026 vocabantur

1122 2047 1298 2097 fanatici
1328 2058 1382 2085 ex
1412 2048 1511 2086 aede
1537 2048 1743 2087 Bellonae.
1777 2049 1914 2088 Inscr.
1939 2058 1999 2088 m.

1124 2109 1215 2147 Lat.
1239 2109 1288 2147 N.
1312 2108 1433 2147 2347.
1469 2108 1593 2148 Conf.
1618 2108 1770 2149 Tibull.
1797 2111 1812 2149 4
1835 2141 1842 2159 ,
1868 2110 1917 2158 6,
1950 2108 2003 2149 45

1124 2180 1222 2221 sqq.
1261 2170 1423 2209 Lucan.
1462 2171 1614 2210 Phars.
1649 2173 1691 2220 11,
1735 2171 1836 2211 560:
1889 2175 2000 2221 tum,

1124 2242 1224 2280 quos
1242 2232 1359 2271 sectis
1376 2232 1548 2271 Bellona
1577 2233 1742 2272 lacertis
1760 2233 1899 2273 Saeva
1917 2244 2004 2273 mo-

1121 2297 1206 2342 vet,
1247 2294 1430 2333 cecinere
1460 2295 1552 2333 cleos
1587 2295 1824 2344 crinemque
1852 2299 2002 2334 rotan-

1129 2359 1185 2394 tes
1204 2355 1490 2405 Sanguineum
1507 2356 1674 2406 populis
1692 2357 1910 2396 ulularunt
1930 2356 2005 2395 tri-

1123 2418 1205 2456 stia
1234 2417 1358 2456 Galli.
1410 2419 1561 2456 Iuven.
1584 2417 1630 2467 4,
1665 2418 1767 2458 423:
1800 2423 1847 2458 ut
1873 2419 2003 2469 fana—

1124 2481 1227 2519 ticus
1257 2483 1388 2518 oestro
1417 2480 1657 2529 Percussus,
1696 2481 1889 2530 Bellona,
1931 2485 2001 2521 tuo

1124 2541 1297 2580 divinat.
1370 2540 1679 2592 Spectaculum
1715 2541 1821 2582 illud
1858 2553 2004 2594 popu-

1123 2600 1163 2640 lo
1193 2600 1492 2652 praebebant,
1529 2603 1849 2654 posterioribus
1880 2605 2002 2644 certe

1124 2662 1417 2714 temporibus,
1443 2675 1481 2702 a.
1503 2664 1544 2703 d.
1564 2665 1632 2703 IX.
1652 2663 1742 2704 Kal.
1761 2664 1895 2717 April.
1918 2664 1999 2716 (24.

1126 2724 1167 2764 d.
1200 2725 1373 2776 Martii.)
1405 2724 1591 2765 Trebell.
1625 2725 1729 2765 Poll.
1765 2726 1916 2766 Claud.
1950 2726 1998 2768 4:

1124 2798 1218 2827 cum
1238 2791 1338 2826 esset
1365 2788 1604 2827 nuntiatum
1623 2799 1730 2826 nono
1750 2788 1844 2827 Kal.
1866 2788 2000 2839 April.

1125 2870 1147 2876 —
1167 2870 1190 2876 -
1208 2848 1425 2898 sanguinis
1462 2849 1526 2888 die
1556 2849 1776 2888 Claudium
1814 2850 2004 2900 impera-

1123 2913 1253 2948 torem
1292 2909 1464 2959 factum.
1526 2911 1685 2950 Vetera
1728 2913 1878 2952 tamen
1915 2913 2003 2952 Ka-

1122 2970 1320 3011 lendaria
1348 2972 1434 3010 hoc
1465 2971 1533 3011 die
1566 2971 1669 3012 nihil
1701 2973 1919 3014 eiusmodi
1940 2974 2004 3014 si-

1124 3034 1279 3084 gnant,
1313 3034 1393 3074 sed
1417 3034 1637 3084 QUANDO
1659 3035 1773 3075 REX
1787 3035 2003 3076 COMITIO

1121 3096 1295 3135 FUGIT.
1333 3118 1377 3123 —
1409 3097 1604 3148 cruentis]
1639 3096 1800 3136 «rebus
1831 3107 1866 3137 s.
1897 3107 2003 3148 spe-

1124 3156 1327 3206 ctaculis,
1361 3168 1563 3197 cruore.»
1611 3157 1691 3198 Alii
1721 3159 1867 3198 minus
1895 3169 2003 3210 pro-

1122 3217 1341 3258 babiliter:
1363 3220 1632 3260 «cruentatis
1648 3219 2000 3260 sacerdotibus.»

1123 3282 1199 3320 Est
1239 3284 1340 3331 τοῖς
1369 3281 1677 3339 αἱματηροῑς,
1725 3291 1777 3321 30
1815 3291 2001 3332 prorsus

1123 3343 1185 3381 sic
1217 3341 1342 3382 Silius
1374 3344 1422 3392 4,
1456 3344 1558 3383 470:
1604 3342 1736 3382 saevis
1762 3352 1861 3392 qens
1891 3342 2004 3383 laeta

1124 3405 1167 3444 et
1196 3403 1301 3443 ibid.
1326 3403 1429 3445 533:
1462 3405 1695 3456 9audetque
1713 3404 1909 3444 nitescere
1928 3394 2023 3444 du!

1122 3467 1181 3505 ris
1215 3467 1428 3506 Virtutem.

1178 3527 1379 3570 224-230.
1426 3525 1746 3579 Nomentanum]
1788 3525 1910 3568 Conf.
1955 3538 1997 3566 v.
