2231 3787
957 100 1054 140 LlB.
1090 99 1120 136 1.

1184 95 1299 134 sAT.
1336 93 1364 130 1.
2057 79 2085 129 7

318 247 447 299 'sam
485 238 695 294 facilem
736 235 901 295 dicat,
944 230 1083 284 votis
1122 235 1180 281 ut
1222 221 1485 297 praebeat
1524 216 1752 272 aurem?

314 350 607 402 Praeterea
647 383 656 394 .
701 383 709 392 .

754 382 762 390 .
804 338 881 390 Ne
923 334 1026 395 sic,
1069 338 1128 384 ut
1166 328 1259 399 qui
1300 322 1586 384 iocularia,
1628 318 1814 372 ridens

318 452 669 507 Percurram;
709 473 780 480 —
818 451 1154 510 quamquam
1192 429 1462 483 ridentem
1506 423 1694 478 dicere
1732 437 1925 473 verum

318 551 463 618 Quid
501 545 681 603 vetat?
720 551 778 597 ut
815 539 1003 613 pueris
1043 536 1172 590 olim
1210 533 1339 587 dant
1377 526 1624 584 crustula
1661 521 1847 578 blandi
2027 518 2095 569 ⁶25

322 658 614 713 DoctoreS,
657 647 926 703 elementa
963 639 1130 695 velint
1168 647 1225 690 ut
1267 635 1484 689 discere
1524 631 1725 701 prima,
1765 656 1836 665 -

324 757 433 813 Sed
471 764 652 809 tamen
692 756 871 804 amoto
912 757 1245 816 quaeramus
1286 736 1431 792 seria
1468 732 1615 787 ludo.

364 942 432 982 ⁶23.
483 940 727 984 Praetereo,
761 935 810 972 ut
838 929 1021 970 volebat
1049 923 1335 971 Bouhierius,
1370 919 1459 959 duo
1492 915 1633 958 Codd.
1666 910 1857 954 Vindob.
1895 933 1937 937 -
1974 919 2044 948 nec

310 1007 368 1045 stc
397 1001 633 1045 Pottierius
665 1010 688 1038 e
721 997 919 1048 quinque
951 1000 1137 1033 suorum
1169 985 1309 1028 Codd.
1338 1008 1381 1013 -—
1418 984 1483 1023 27.
1519 981 1672 1021 antisse
1705 976 1795 1030 (sic)
1827 977 1874 1016 B.

258 1170 420 1213 modus
471 1164 762 1207 Lucretianus
821 1153 1148 1199 continuandae

260 1232 448 1275 orationi
478 1227 745 1269 inserviens.
781 1225 827 1263 ln
850 1219 1060 1261 omnibus
1081 1217 1149 1257 his

260 1297 571 1352 quotidianum
585 1299 847 1333 sermonem
863 1284 1039 1337 egregie
1056 1281 1153 1321 imi-

261 1364 400 1410 tatur,
430 1360 518 1398 hoc
548 1355 726 1395 dicens:
766 1348 904 1396 «Sed,
937 1346 1021 1386 etsi
1052 1355 1155 1396 per-

262 1436 367 1477 gere
409 1424 452 1462 in
493 1419 658 1460 eodem
696 1412 963 1465 argumento
1004 1409 1150 1454 iuvat,

262 1490 352 1529 iam
373 1486 489 1526 serio
511 1482 684 1533 loquar,
718 1488 774 1517 ne
797 1478 950 1516 cetera
971 1480 1153 1523 quoque

263 1551 416 1593 ridens
436 1554 702 1601 percurram
725 1536 1019 1593 (iocabundus
1045 1533 1157 1574 levi-

265 1620 335 1656 ter
373 1606 692 1666 pertractem),
739 1607 785 1643 ut
830 1602 902 1653 qut
946 1596 1158 1639 iocularia

266 1676 510 1732 percurrit,
553 1672 597 1712 id
630 1671 721 1718 est,
755 1670 804 1707 ut
834 1663 978 1706 solent
1008 1661 1158 1701 areta-

266 1742 354 1793 logi
385 1748 540 1780 coram
570 1732 687 1784 volgi
717 1727 895 1770 circulis
926 1727 968 1766 in
999 1722 1157 1777 plateis

269 1815 409 1856 nugas
449 1810 554 1842 suas
591 1794 795 1849 proferre
832 1788 905 1830 vel
943 1788 1078 1828 etiam
1115 1785 1159 1823 in

269 1867 479 1910 Atellanis
511 1860 652 1903 macci
684 1860 730 1898 et
756 1856 1034 1896 vbuccones.»
1080 1847 1161 1888 Alii

271 1933 418 1973 minus
441 1925 646 1979 apposite
669 1918 960 1962 construunt:
998 1917 1070 1952 «ut
1089 1911 1162 1961 qui

270 1994 482 2037 iocularia
509 1990 651 2030 ridens
678 1981 945 2037 percurrit.»

326 2056 476 2098 25-27.
524 2052 623 2092 olim
652 2047 767 2099 dant]
806 2042 977 2085 «solent
1007 2041 1161 2089 dare»,

275 2119 498 2173 frequenti
535 2126 620 2156 usu
658 2124 701 2151 v.
735 2110 834 2150 olim
872 2108 916 2147 in
947 2102 1164 2156 exemplis

277 2187 322 2225 et
365 2176 745 2223 similitudinibus.

277 2249 387 2299 Epp.
414 2247 429 2284 4
457 2276 465 2290 ,
489 2244 564 2290 40,
598 2240 675 2281 42:
708 2241 754 2277 ut
773 2236 937 2276 calceus
958 2232 1057 2271 olim
1077 2230 1162 2269 cet.

279 2308 418 2350 Plaut.
451 2307 580 2345 Truc.
616 2303 660 2349 4,
702 2301 749 2349 4,
789 2297 864 2338 45:
906 2296 1019 2335 Nam
1056 2303 1168 2331 mmo

281 2373 445 2413 leonum
473 2391 496 2396 —
527 2389 551 2395 -
573 2364 671 2416 plus
700 2365 759 2403 est
785 2361 886 2412 sere,
920 2367 1051 2406 quam
1070 2354 1169 2393 olim

282 2434 578 2479 rnuscarumst,
623 2438 720 2467 cum
761 2424 922 2464 caletur
963 2419 1166 2459 maxi-me.

283 2500 351 2540 Sic
397 2497 532 2536 etiam
576 2491 790 2542 quondam
839 2484 1081 2535 usurpatur
1126 2482 1169 2520 in

284 2554 712 2612 comparationibus.
775 2549 899 2591 ovid.
924 2548 1103 2588 Metam.
1128 2544 1169 2593 8,

286 2626 381 2666 494:
405 2624 474 2663 Sic
494 2620 656 2661 rustica
676 2616 890 2667 quondam
909 2609 1073 2651 Fistula
1092 2608 1174 2646 dis-

280 2687 459 2740 paribus
493 2682 705 2735 paulatim
733 2677 869 2729 surgit
900 2673 1057 2714 avenis.
1106 2670 1170 2711 Cf.

288 2751 422 2792 Bach.
449 2748 504 2789 ad
534 2747 713 2787 Metam.
747 2744 794 2791 9,
830 2739 923 2780 470.
957 2759 1003 2765 —-
1026 2737 1178 2776 Docto-

288 2814 367 2866 res]
401 2805 805 2869 «γραμματισταί,
838 2802 913 2854 qui
937 2800 1085 2851 prima
1104 2797 1178 2838 lit-

292 2880 489 2918 terarum
545 2873 746 2913 ele-menta
797 2867 1042 2919 (στοιχεῖα
1096 2862 1180 2901 καὶ

291 2936 570 2997 γράμματα)
588 2943 754 2987 pueros
777 2930 956 2978 docent,
973 2925 1179 2973 crustula„

294 2997 638 3056 (μελιτώματα,
668 2996 829 3036 melltta
856 2990 1040 3032 dulctoca
1059 2990 1181 3040 Apu-

294 3067 380 3107 leio
411 3065 514 3106 Met.
548 3061 598 3111 4,
641 3061 727 3108 27.,
760 3055 971 3103 bellaria,
1018 3054 1182 3091 Sttss-

297 3130 438 3171 broct
466 3124 615 3175 Wolf.)
646 3121 872 3163 interdum
902 3119 954 3158 iis
981 3116 1104 3164 dant,
1138 3115 1186 3154 ut

296 3192 506 3235 libentius
553 3186 768 3228 discant.»
828 3185 892 3223 Dc
938 3181 1006 3220 his
1051 3181 1184 3229 atque

299 3254 517 3299 similibus
557 3247 858 3291 incitamentis
898 3244 1011 3285 conf.
1049 3243 1187 3291 Quin-

301 3319 360 3360 til.
395 3319 440 3367 4,
476 3318 525 3366 4,
556 3315 634 3355 26:
681 3312 776 3352 Non
810 3309 986 3350 excludo
1016 3310 1185 3353 autem)

304 3385 344 3423 ist
388 3382 497 3432 quod
540 3382 596 3419 est
643 3379 806 3422 nolum,
852 3371 1088 3411 irritandae
1135 3368 1191 3408 acl

821 2170 900 2211 Od.
934 2168 981 2217 4,
1028 2166 1073 2216 4,
1121 2167 1185 2224 5.ο

1214 1150 1454 1191 discendum
1494 1145 1700 1197 infantiae
1729 1141 1875 1194 qratia
1904 1138 2107 1179 eburneas

1215 1215 1343 1256 etiam
1372 1213 1614 1251 litterarmn
1641 1208 1804 1259 formas
1824 1204 1867 1243 in
1889 1203 2027 1242 lusum
2048 1200 2107 1250 of—

1216 1280 1329 1330 ferre
1356 1276 1420 1315 vel
1450 1275 1484 1314 st
1506 1273 1607 1323 quid
1627 1270 1768 1317 aliud,
1803 1278 1884 1317 quo
1904 1264 2041 1316 ‹maqis
2061 1263 2109 1302 il-

1218 1343 1262 1380 la
1278 1344 1394 1379 aetas
1407 1337 1606 1390 gyaucleat,
1630 1331 1811 1373 inveniri
1825 1332 1976 1380 potest,
2001 1326 2110 1376 quod

1218 1407 1429 1451 tractare,
1474 1398 1650 1446 intueri,
1697 1394 1918 1434 nominare
1957 1391 2110 1430 iucun-

1220 1470 1319 1508 (lum
1339 1466 1404 1505 sit.
1440 1464 1743 1512 Hieronymus
1764 1457 1899 1508 Epist.
1919 1453 1976 1494 ad
1999 1454 2111 1492 Gau-

1221 1532 1424 1573 dentium
1476 1528 1531 1567 de
1587 1521 1821 1565 Pacatulae
1868 1515 2109 1558 infantulae

1223 1594 1489 1637 educatione
1509 1602 1516 1629 :
1539 1588 1711 1630 Interim
1735 1581 1968 1636 (Pacatula)
1989 1579 2112 1620 modo

1221 1662 1462 1701 litterarum
1490 1654 1693 1694 elementa
1721 1648 1967 1700 coqnoscac,
2013 1643 2112 1682 izm—

1221 1727 1294 1775 9at
1325 1719 1529 1771 syllaba-S,
1578 1716 1710 1754 discat
1742 1710 1938 1758 ηοηιὶηα,
1983 1705 2114 1745 verba

1224 1784 1446 1831 consociet,
1482 1784 1609 1830 atque
1638 1781 1684 1817 ut
1711 1785 1809 1815 voce
1839 1770 2005 1813 tinnula
2033 1769 2115 1808 ista

1225 1849 1461 1895 meditetur,
1478 1843 1779 1894 proponantur
1799 1837 1836 1877 ei
1855 1832 2112 1880 crustula,

1225 1914 1361 1954 mulsa
1402 1906 1620 1960 praemia,
1672 1907 1709 1943 et
1754 1898 1951 1951 quicquid
1994 1898 2118 1947 [justu

1227 1987 1355 2016 suave
1385 1977 1462 2022 est,
1511 1969 1621 2020 quod
1656 1968 1808 2006 vernat
1843 1964 1886 2002 in
1921 1958 2115 2013 floribus,

1228 2041 1339 2090 quod
1366 2036 1517 2078 rutilat
1538 2034 1581 2073 ¹in
1602 2029 1789 2084 gemmis,
1822 2026 1933 2076 qaod
1953 2022 2119 2062 blandi-

1229 2109 1299 2144 tm·
1330 2103 1373 2142 in
1408 2099 1557 2150 pupis,
1602 2096 1831 2143 acceptura
1859 2088 2033 2140 festinet.
2071 2107 2115 2113 —-

1230 2166 1323 2218 sed]
1358 2165 1450 2204 Hac
1481 2155 1713 2214 particula,
1746 2156 1795 2193 ut
1825 2150 1993 2198 solent,
2028 2159 2120 2188 :za—

1230 2229 1450 2288 ρε-’νθεσιν
1487 2221 1704 2264 claudens
1741 2216 1979 2257 transitum
2020 2211 2124 2251 facit

1233 2293 1290 2333 ad
1333 2288 1627 2342 praecipuum
1674 2291 1807 2321 suum
1853 2274 2119 2320 consilium,

1233 2353 1356 2406 quod
1393 2352 1480 2390 hoc
1521 2348 1613 2387 est:
1666 2340 1870 2390 «Quodsi
1909 2335 2123 2377 ridiculae

1235 2414 1467 2458 dumtaxat
1488 2411 1592 2452 sunt
1610 2416 1753 2446 vanae
1776 2401 1875 2443 illae
1899 2400 2124 2451 querimo-

1236 2482 1335 2521 niae
1375 2476 1586 2520 militum,
1634 2470 1872 2510 nautarum
1910 2462 2015 2512 cet,
2049 2462 2125 2512 qui

1237 2547 1389 2585 tamen
1419 2536 1731 2580 condicionem
1762 2538 1906 2576 suam,
1951 2525 2007 2565 de
2038 2535 2124 2576 qua

1239 2608 1472 2657 tantopere
1502 2595 1843 2640 lamentantur,
1896 2598 2001 2630 cum
2045 2585 2127 2627 alia

1237 2668 1498 2724 permutare
1521 2669 1753 2711 nunquam
1775 2652 1976 2695 animum
1996 2650 2128 2690 indu-

1240 2732 1365 2779 cunt,
1404 2727 1535 2778 longe
1567 2723 1710 2764 maior
1741 2719 1878 2759 etiam
1907 2716 1951 2755 in
1980 2713 2129 2754 homi-

1243 2795 1374 2836 nibus
1404 2791 1500 2832 istis
1531 2785 1808 2840 perversitas
1837 2782 1951 2821 haec
1982 2776 2130 2817 cerni-

1243 2860 1376 2906 nitur,
1411 2852 1531 2906 quod
1562 2847 1694 2891 simul
1723 2842 2007 2897 βαναύσους
2029 2841 2127 2887 1105,

1244 2923 1354 2963 dum
1375 2918 1459 2960 sibi
1481 2914 1733 2963 ceterisque
1759 2906 2037 2962 persuadere
2061 2914 2134 2943 co-

1247 2985 1422 3032 nantur,
1456 2977 1562 3020 nihil
1589 2974 1710 3017 aliud
1739 2972 1823 3014 sibi
1853 2968 2133 3023 propositum

1247 3059 1364 3095 esse,
1388 3044 1471 3085 nisi
1491 3044 1540 3082 ut
1560 3049 1693 3081 senes
1714 3036 1816 3078 facti
1836 3033 2028 3074 honesto
2046 3030 2134 3070 otio

1248 3109 1415 3164 perfrui
1437 3104 1624 3159 possint,
1658 3110 1819 3152 reapse
1843 3099 1995 3137 tamen
2015 3094 2134 3133 insa-

1252 3171 1410 3216 tiabilis
1454 3168 1565 3209 lucri
1602 3164 1822 3217 cupiditas
1854 3162 2134 3200 transversos

1251 3238 1339 3289 agit
1369 3236 1414 3275 et
1434 3242 1577 3283 usque
1599 3228 1655 3269 ad
1685 3229 1827 3279 ipsam
1848 3223 2043 3264 mortem
2065 3228 2139 3257 ex-

1253 3299 1465 3342 cruciat.»
1524 3297 1608 3334 Pro
1630 3288 1813 3343 apodosi
1835 3286 1985 3326 autem
2005 3291 2139 3334 prae—

1255 3361 1514 3406 cedentium
1531 3363 1793 3408 quamquam
1809 3372 1827 3380 =
1842 3372 1863 3378 -
1873 3348 2020 3400 prima
2033 3355 2139 3396 quo-
