2231 3787
846 250 943 290 LIB.
977 251 1006 289 l.
1069 250 1231 290 EPIST.
1265 252 1314 290 11.

238 382 530 447 Quaeritur
568 389 847 452 argentum
885 381 1182 452 puerisque
1221 380 1381 434 beata
1420 382 1669 436 creandis

237 485 402 545 Uxor,
446 492 497 537 et
536 482 766 538 incultae
806 492 1066 555 pacantur
1102 501 1322 538 vomere
1364 484 1551 538 silvae:

238 584 396 651 Quod
437 586 566 638 satis
606 593 687 639 est
724 585 807 639 cui
849 585 1127 657 contingit,
1170 584 1297 638 nihil
1337 586 1566 658 amplius
1606 596 1767 660 optet.

237 689 353 741 Non
391 687 585 741 domus
624 696 677 742 et
717 686 936 749 sundUS,
979 706 1085 742 non
1123 688 1264 742 aeris
1304 705 1532 743 acervus
1572 698 1624 743 et
1662 691 1777 744 auri

278 876 345 918 45.
373 877 605 928 placantur
632 876 893 918 Wakefield.
923 901 966 906 —
991 877 1057 918 46.
1081 879 1300 929 contingit,
1333 879 1436 918 nihil
1463 879 1616 929 bcE‚t‚
1649 880 1872 923 Bentleius
1895 886 1938 923 et

224 940 280 980 0:
314 940 536 992 contingit,
569 940 629 979 nil
649 939 823 989 Sd,FM‚
857 941 1049 992 conliyit,
1082 941 1146 982 liic
1173 942 1349 991 nihilL,
1383 943 1574 994 contigit,
1606 945 1642 982 is
1673 945 1775 984 nihil
1809 946 1856 985 C.
1894 969 1938 974 —

225 1002 292 1044 47.
316 1002 366 1055 et]
390 1007 464 1043 aut
481 1003 523 1043 d.
546 1002 664 1055 (Inde
687 1014 709 1043 a
733 1015 776 1043 v.
801 1002 868 1044 47.
889 1004 1038 1045 Codex
1058 1015 1082 1045 c
1102 1015 1290 1045 mancus
1313 1006 1381 1045 est
1401 1016 1544 1056 usque
1567 1005 1622 1045 ad
1644 1007 1780 1059 Epist.
1801 1008 1839 1057 3,
1859 1009 1942 1058 <23.)

171 1174 235 1216 44.
285 1175 409 1215 tarde
457 1176 600 1216 fluens
650 1187 822 1227 poenae
873 1177 1049 1216 Achivis

169 1239 454 1280 sustinendae
486 1239 791 1290 gravitatem.»
839 1240 990 1279 OBBAR.

225 1301 290 1342 44.
316 1301 383 1342 4-5.
420 1302 659 1354 Quaeritur]
693 1303 945 1342 Sententiae
964 1301 1050 1340 hoc

169 1363 303 1404 modo
334 1365 450 1404 inter
480 1375 528 1404 se
552 1366 901 1404 connect-untur:
938 1365 1050 1403 «Re—

170 1430 238 1468 cte
260 1428 436 1467 vivendi
467 1430 616 1467 autem
648 1430 827 1478 tempus
849 1427 1052 1466 differtur

169 1501 193 1530 a
236 1489 461 1543 plerisque
508 1490 564 1530 ob
611 1491 797 1530 nimium
841 1501 938 1530 rem
985 1489 1051 1529 fa-

170 1553 313 1594 ciendi
330 1553 552 1601 studium3
577 1554 702 1593 cuius
720 1552 937 1605 cupidinis
958 1563 1052 1592 mo-

169 1615 342 1656 lestiam
373 1615 497 1655 facile
537 1615 704 1656 devitat
742 1617 804 1664 is,
853 1617 929 1668 qui
969 1626 1049 1655 sua

170 1681 288 1719 sorte
321 1681 556 1719 contentus
586 1679 689 1718 nihil
717 1680 898 1729 amplius
918 1683 1047 1729 optat.

169 1745 209 1784 Is
240 1743 445 1792 demum,
480 1743 555 1794 qui
584 1744 672 1782 huc
702 1744 926 1795 pervenit,
961 1743 1052 1782 ani-

169 1817 293 1846 mum
331 1817 462 1846 suum
500 1805 703 1846 excolere
743 1808 787 1846 et
827 1806 882 1846 ab
915 1807 1048 1846 animi

169 1867 579 1921 perturbationibus
611 1880 656 1908 se
688 1869 879 1909 liberare
920 1871 1051 1921 pote-

168 1932 265 1972 rit.»
302 1953 346 1960 —-
381 1932 616 1984 arqentum]
657 1932 700 1971 h.
735 1930 761 1971 l.
794 1943 883 1971 non
923 1943 1053 1971 «vasa

170 1999 418 2046 ai·9entea‚›>
452 1996 500 2034 ut
529 2006 753 2034 nonnemo
782 1995 1053 2046 interpreta—

170 2060 240 2098 tus
271 2059 359 2106 est,
394 2057 476 2097 sed
502 2059 705 2108 pecunia,
738 2059 787 2097 ut
817 2058 904 2097 Sat.
929 2057 975 2107 4,
1009 2058 1048 2105 4,

171 2120 246 2160 86:
293 2131 389 2159 cuni
417 2124 462 2159 tu
483 2124 656 2171 argento
681 2124 777 2170 post
805 2120 948 2159 onznia
969 2131 1053 2170 po-

170 2195 262 2222 nas.
315 2184 401 2222 Sat..
433 2183 482 2230 ⁶2,
527 2182 574 2231 6,
617 2183 690 2223 40:
747 2183 778 2221 Ο
820 2182 855 2221 si
896 2194 1051 2222 urnam

172 2246 338 2298 arqenti
365 2246 453 2296 fors
482 2256 590 2295 quae
617 2245 718 2284 mihi
754 2249 967 2285 monstret.
1004 2268 1048 2273 —

165 2310 350 2360 pueris·
371 2307 576 2359 creandis]
615 2306 815 2347 Formula
848 2306 972 2347 solita
1009 2308 1052 2346 in

172 2369 371 2412 formulis
430 2382 480 2410 ac
545 2369 706 2410 tabulis
764 2369 1049 2422 nuptialibus.

172 2433 308 2474 Plaut.
334 2432 430 2473 Aul.
466 2433 514 2481 2,
550 2433 593 2480 4,
628 2433 694 2472 26.
742 2433 959 2472 Eunomia
996 2432 1052 2471 ad

173 2497 374 2538 fratrem:
418 2496 536 2545 Quod
564 2495 635 2535 tibi
665 2496 959 2545 sempiternum
980 2507 1054 2535 sa-

173 2560 310 2600 lutare
330 2559 392 2599 Sit
411 2559 549 2598 liberis
562 2559 853 2608 procreandis.
877 2582 895 2588 -
915 2581 933 2587 -
960 2560 1052 2598 Volo

172 2626 209 2663 te
236 2633 416 2662 morem
445 2622 612 2661 domum
646 2621 807 2661 ducere.
860 2619 966 2660 Gell.
1000 2620 1049 2671 4,

173 2683 222 2724 3:
266 2685 415 2724 iurare
444 2695 471 2723 a
500 2683 735 2723 censoribus
762 2687 930 2723 coactus
962 2687 1054 2722 erat

176 2746 416 2798 (Carvilius)
447 2757 625 2785 uxorem
654 2757 695 2785 se
723 2745 899 2786 liberum
929 2757 1054 2796 quae—

173 2811 350 2849 rendum
398 2810 544 2860 qratia
595 2809 850 2848 habiturum.
915 2809 1048 2849 Tacit.

175 2872 285 2910 Ann.
312 2871 377 2919 Μ,
401 2871 472 2910 27:
508 2870 670 2921 (Silium
693 2873 737 2911 et
755 2870 1051 2922 Messalinam)

176 2932 368 2971 adhibitis
387 2933 457 2981 qui
477 2933 764 2984 obsignarent,
794 2934 906 2974 velut
923 2934 1055 2973 susci-

174 2996 421 3046 piendorum
462 2995 688 3035 liberorum
730 3008 862 3037 causa
904 3009 1054 3037 conve-

177 3058 296 3097 nisse.
330 3057 557 3107 Augustin.
579 3059 720 3098 Serm.
740 3059 813 3099 96:
839 3059 942 3099 Cum
961 3059 1055 3110 ipsa

176 3130 313 3159 umore
341 3119 376 3158 si
404 3119 618 3159 acceditur
650 3121 797 3160 modus
818 3133 1055 3171 procrean-

178 3183 241 3222 dis
267 3181 406 3221 liberis
425 3180 602 3231 debitus,
632 3182 721 3221 iam
742 3187 962 3231 peccatum
981 3188 1054 3232 est,·

179 3246 236 3284 ad
261 3245 336 3283 hoc
366 3244 474 3284 enini
503 3244 670 3283 ducitur
697 3255 823 3283 uxor.
882 3246 994 3285 Nam
1012 3246 1056 3284 id

178 3307 304 3346 etiam
323 3306 489 3347 tabulae
509 3306 715 3355 indicant,
745 3306 814 3345 ubi
837 3308 1055 3349 scribitur:

181 3369 393 3410 liberum
416 3369 854 3419 procreandorum
884 3380 1052 3410 causa.

182 3430 339 3472 Similis
370 3434 466 3471 erat
494 3431 830 3471 Atheniensium
870 3430 1056 3471 formula

183 3493 300 3544 apud
321 3493 612 3534 Menandrum
632 3492 819 3533 Meinek.
844 3493 910 3533 Fr.
930 3494 1054 3533 Com.

1113 1176 1182 1215 IV.
1202 1187 1245 1227 p.
1266 1176 1366 1216 ⁶275:
1400 1175 1592 1217 Παίὸων
1613 1176 1683 1218 ἐπ’
1706 1175 1865 1237 ἀρότῳ
1888 1194 1997 1235 γνη-

1115 1239 1232 1278 σίων
1276 1236 1551 1297 ἑπισῖτόρων
1594 1239 1778 1295 Δι’ὄωμί
1821 1246 1902 1285 σοί
1945 1258 1998 1299 γε

1112 1297 1201 1354 τὴν
1231 1299 1444 1353 ἐμαυτοῦ
1487 1302 1742 1363 θυγατέρα.
1780 1330 1825 1335 —
1858 1308 1993 1361 beata]

1116 1364 1394 1417 «opulentam
1447 1366 1510 1407 Cf.
1537 1367 1616 1407 Od.
1647 1368 1696 1418 3,
1731 1370 1778 1418 7,
1813 1370 1851 1410 3.
1905 1372 1992 1411 Sat.

1113 1429 1163 1476 9.,
1205 1427 1254 1477 8,
1300 1428 1339 1467 l.
1393 1428 1647 1470 «Nobilem»
1690 1432 1836 1472 mInus
1875 1436 1998 1474 recte

1113 1491 1433 1541 interpretatur
1475 1493 1685 1533 Diintzer.
1751 1495 1858 1535 Mire
1900 1494 1993 1536 alii:

1114 1553 1150 1599 4)
1187 1553 1451 1603 «fecunda3»
1486 1555 1523 1605 ⁶2)
1550 1558 1677 1607 «apta
1699 1559 1743 1596 et
1763 1569 1877 1609 quae
1901 1570 2000 1599 ma-

1112 1617 1248 1655 ritum
1268 1615 1416 1656 beat.»
1443 1640 1488 1645 ——
1512 1618 1707 1670 incultae]
1740 1631 1882 1672 «quae
1904 1621 1999 1662 nul-

1112 1678 1205 1718 lum
1221 1680 1490 1730 proventum
1506 1680 1710 1731 afferunt,
1728 1684 1848 1722 certe
1866 1682 1995 1735 longe

1114 1742 1335 1781 minorem
1368 1753 1503 1793 quam
1535 1753 1682 1783 arva.»
1709 1768 1754 1773 —
1781 1751 1999 1795 pacantur

1116 1804 1426 1844 «adducuntur
1455 1805 1512 1845 ad
1542 1805 1788 1847 culturam»
1822 1807 1883 1849 Gl.
1910 1809 1998 1850 Co-

1115 1867 1224 1908 dicis
1273 1869 1320 1908 E.
1361 1868 1753 1915 Quemadmodum
1810 1872 1998 1913 Romani

1109 1935 1270 1981 pacata
1291 1929 1501 1970 dicebant
1530 1943 1668 1982 regna
1688 1932 1806 1973 bello
1829 1934 1995 1976 domita

1116 1996 1160 2034 et
1198 1995 1242 2034 in
1279 1995 1611 2046 provinciarum
1641 1995 1832 2037 formam
1861 1999 1997 2039 reda-

1116 2060 1210 2106 cta,
1252 2058 1315 2097 sic
1345 2056 1482 2098 silvae
1514 2059 1650 2098 aratri
1690 2069 1774 2111 ope
1808 2061 1852 2100 in
1892 2073 1998 2102 arva

1115 2119 1271 2161 fertilia
1301 2122 1498 2161 mutatae
1528 2122 1652 2161 recte
1684 2122 1892 2163 dicuntur
1913 2136 2000 2175 pa-

1116 2185 1228 2231 cari;
1252 2195 1394 2223 vomer
1414 2194 1643 2224 armorum
1665 2184 1804 2224 instar
1825 2197 1901 2227 eas
1922 2186 2000 2227 do-

1117 2247 1223 2285 mat.
1277 2245 1413 2285 Simili
1448 2246 1639 2296 imagine
1675 2247 1794 2298 Virg.
1835 2250 1909 2289 Ge.
1945 2251 1995 2300 Ξ,

1118 2308 1211 2347 239.
1248 2307 1303 2347 de
1348 2310 1491 2347 terra:
1543 2319 1595 2347 ea
1636 2319 1710 2347 nec
1751 2313 2002 2352 mansuescit

1117 2371 1294 2409 arando.
1331 2369 1480 2419 (Aliter
1500 2369 1812 2412 Lachmannus
1833 2373 1889 2412 ad
1911 2375 2001 2413 Lu-

1119 2434 1227 2472 cret.
1252 2443 1294 2484 p.
1319 2432 1419 2472 338:
1458 2436 1693 2481 «pacantur
1711 2433 1858 2484 silvae,
1894 2446 1997 2476 cum

1118 2496 1263 2543 serae,
1303 2496 1351 2533 ut
1381 2496 1527 2534 aratro
1558 2493 1682 2535 locus
1713 2496 1787 2545 sit,
1827 2497 1898 2538 vel
1928 2498 2000 2539 fu-

1117 2559 1274 2608 gantur
1314 2555 1385 2596 vel
1429 2557 1728 2607 trucidantur;
1777 2561 1999 2610 quemad-

1116 2619 1301 2659 modum
1345 2618 1544 2659 Manilius
1589 2621 1766 2672 scripsit
1795 2621 1844 2670 4,
1893 2624 1996 2663 482:

1114 2683 1168 2722 Et
1200 2693 1359 2731 pacare
1392 2686 1504 2722 metu
1539 2683 1688 2732 silvas,
1722 2683 1843 2735 quod
1874 2685 1996 2725 Hue-

1116 2747 1202 2785 tius
1233 2747 1278 2784 et
1314 2744 1538 2785 Bentleius
1569 2747 1690 2786 recte
1721 2747 1999 2798 interpretati

1117 2810 1236 2852 sunt,
1271 2808 1469 2858 itemque
1490 2809 1650 2849 Statius
1671 2808 1809 2849 Theb.
1833 2809 1874 2858 4,
1898 2811 1994 2850 252.

1118 2871 1173 2910 de
1204 2868 1423 2910 Atalanta:
1459 2874 1546 2909 tum
1575 2871 1707 2911 saltus
1732 2872 1839 2923 forte
1857 2883 1999 2913 remo-

1116 2938 1178 2973 tos
1194 2932 1381 2972 Pacabat
1399 2939 1588 2983 corna»)
1638 2935 1792 2985 Aeque
1813 2928 1998 2992 ἄκυρον

1119 2997 1188 3035 est
1205 2993 1485 3036 Wakefieldii
1511 2996 1739 3046 placantur
1760 3009 1925 3037 vomere
1945 3009 1998 3037 ac

1117 3059 1153 3099 si
1194 3058 1293 3109 quis
1332 3058 1526 3098 diceret:
1576 3057 1744 3110 «gladio
1786 3059 1997 3100 destricto

1117 3132 1190 3161 me
1220 3120 1454 3172 placavit.»
1505 3122 1652 3172 Longe
1673 3120 1791 3162 aliud
1821 3124 1890 3163 est
1908 3122 1998 3162 Eu-

1117 3183 1270 3235 ripidis
1300 3182 1406 3222 illud
1437 3183 1567 3224 Herc.
1591 3183 1675 3224 fur.
1699 3185 1776 3224 20:
1822 3180 1996 3236 ἐξημε-

1118 3243 1272 3303 ρῶσαι
1319 3248 1485 3299 γαῖαν,
1536 3246 1748 3287 monstris
1792 3245 1993 3286 sublatis.

1119 3308 1322 3359 («Pacare
1342 3309 1579 3360 opponitur
1597 3308 1690 3348 fere
1716 3308 1870 3358 hostili,
1895 3307 1998 3357 pla-

1119 3381 1218 3410 care
1245 3370 1400 3410 irato.»
1451 3371 1618 3420 OBBAR.)

1175 3432 1323 3473 47-53.
1355 3434 1451 3472 Non
1480 3434 1624 3472 domus
1653 3431 1755 3484 cet]
1786 3431 1993 3480 Variavit‚

1121 3505 1236 3545 quae
1277 3506 1409 3547 supra
1449 3496 1800 3535 memoraverat:
1853 3494 1999 3533 donzus
