2231 3787
747 251 844 291 LIB.
878 253 909 290 Ι.
973 251 1136 291 EPIST.
1170 252 1277 292 XIX.

1826 248 1918 301 581

173 382 423 436 Formido
464 391 539 443 et,
583 380 829 435 luctantis
872 390 1027 435 acuto
1069 399 1136 435 ne
1177 398 1333 436 secer
1373 383 1568 452 ungui,

172 483 430 555 Displicet
467 484 566 538 iste
605 483 783 546 locuS‚
827 483 1023 546 clam0‚
1068 491 1120 537 et
1157 482 1360 537 diludia
1400 500 1583 554 posco.

171 584 355 639 Ludus
397 585 539 639 enim
577 585 762 656 genuit
800 584 1070 656 trepidum
1108 593 1380 639 certamen
1422 594 1474 639 et
1513 585 1669 647 iram,

169 689 254 741 Ira
291 695 469 741 truces
509 687 812 740 inimicitias
852 694 903 741 et
941 686 1168 741 funebre
1207 686 1423 742 bellum.

207 855 274 896 46.
307 865 446 906 unque
475 853 517 894 d.
568 876 613 881 —
660 852 728 893 47.
768 852 868 904 iste]
911 853 980 894 ille
1010 853 1149 894 Codd.
1187 852 1288 904 aliq.
1325 874 1372 881 —
1406 853 1518 892 iocus
1547 851 1799 893 Praedicow
1831 855 1873 893 et.

153 916 392 970 Gargallus.

95 1055 355 1116 κερώτερος
395 1053 550 1110 ὀμφά.
593 1080 637 1085 -
679 1056 752 1097 tibi
788 1057 975 1108 pulcher]
1042 1055 1128 1095 hac
1167 1065 1275 1096 usus
1316 1054 1451 1096 veluti
1482 1056 1766 1096 excusatione
1798 1055 1926 1106 quasi

95 1120 287 1162 «Iudicio
331 1122 406 1160 tuo
453 1122 687 1161 contentus
737 1122 780 1160 te
828 1120 973 1171 ipsum
1041 1117 1236 1169 aliquam
1259 1119 1430 1158 tantum
1451 1118 1827 1157 intermissionem
1848 1127 1925 1168 pe-

93 1182 291 1224 laudas.»
322 1185 530 1223 Pomm.

1040 1180 1176 1227 teret,
1207 1177 1524 1219 molestissimo
1547 1177 1604 1217 illi
1626 1177 1842 1218 recitandi
1863 1178 1925 1218 of—

1038 1241 1138 1281 ficio
1171 1252 1273 1282 sese
1305 1242 1348 1280 in
1378 1243 1648 1292 perpetuum
1684 1240 1920 1281 subtrahit.

146 1301 294 1343 45-47.
340 1301 515 1341 naribus
542 1300 617 1353 uti]
652 1301 826 1342 «sannis
856 1301 974 1340 vitu-
1039 1303 1251 1343 Ceterum
1269 1302 1323 1342 de
1342 1301 1676 1342 recitationibus
1690 1302 1819 1353 digna
1838 1304 1920 1351 est,

89 1364 344 1416 perantium
369 1364 476 1403 uti.»
521 1365 676 1403 Poan.
722 1361 846 1403 Conf.
880 1364 968 1402 Sat.
1037 1376 1152 1416 quae
1184 1364 1356 1416 legatur
1384 1363 1507 1405 Plinii
1528 1363 1719 1416 Epistola
1749 1365 1814 1403 47.
1857 1365 1924 1403 Li-

91 1426 130 1475 4,
165 1426 210 1475 6,
233 1427 281 1465 5:
314 1437 417 1465 naso
437 1426 649 1475 suspendis
669 1426 832 1464 adunco
852 1425 973 1476 [qno-

89 1492 163 1528 tos.
198 1489 285 1528 Sat.
309 1489 358 1536 2,
393 1488 441 1536 8,
474 1487 550 1528 64:
595 1488 772 1527 Balatro
797 1498 970 1538 suspen-

89 1551 187 1591 dens
206 1551 348 1591 omnia
366 1561 485 1590 naso.
518 1550 697 1590 Persius
720 1551 735 1589 4
759 1581 768 1599 ,
791 1548 868 1590 40:
902 1550 970 1588 7η·-

87 1614 166 1654 mis
199 1613 318 1653 uncis
354 1612 540 1652 Naribus
569 1613 768 1664 indulges.
821 1612 969 1652 «Cum

87 1676 199 1716 haec
230 1678 362 1727 atque
394 1674 495 1715 talia
519 1675 674 1724 audio,
708 1675 859 1715 nescio
882 1685 968 1725 qua

87 1737 320 1778 formidine
351 1736 585 1789 perculsus
618 1738 691 1788 (ait
711 1736 812 1776 κατ’
834 1737 968 1794 εἰρω-

85 1799 234 1852 νείαν)
274 1801 411 1840 timeo
450 1810 583 1839 nares
615 1810 876 1850 corrugare,
923 1800 967 1839 id

87 1864 175 1911 est,
222 1867 376 1913 aperte
428 1864 555 1913 gestu
598 1861 840 1912 verbisque
884 1860 966 1902 illis

86 1924 416 1974 demonstrare,
451 1926 726 1975 quantopere
759 1934 837 1964 eos
865 1935 968 1964 con-

23 1999 33 2009 ·
86 1988 306 2035 temnam,
341 1989 404 2035 et,
438 1997 493 2025 ne
517 1985 634 2026 male
656 1997 729 2025 me
751 1984 963 2036 mulcent,

85 2059 222 2100 quam
238 2048 471 2088 celerrime
488 2059 688 2100 possum,
704 2050 754 2089 iis
771 2061 843 2090 me
862 2050 967 2090 sub-

84 2111 256 2150 traho.»
283 2134 328 2139 —
351 2111 559 2162 luctantis]
595 2123 692 2151 «me
725 2112 964 2153 adorientis

83 2184 354 2224 mecumque
401 2174 771 2223 contendentis3»
817 2177 963 2226 imago

82 2236 221 2288 petita
264 2235 320 2274 ab
366 2234 542 2275 athletis
585 2237 732 2287 potius
773 2248 910 2287 quam
941 2248 963 2275 a

83 2296 415 2349 gladiatoribus.
444 2320 489 2325 —-
513 2302 636 2337 acuto
656 2321 679 2326 -
695 2320 718 2327 -
736 2298 881 2350 unqui]
905 2299 967 2338 Si-

83 2359 316 2411 gnificatur
362 2360 618 2411 iniquorum
669 2359 782 2401 livor
831 2363 963 2411 atque

82 2420 246 2462 malitia
277 2421 569 2462 detestabilis.
596 2445 641 2450 ——
672 2422 874 2473 Displicet
892 2423 967 2463 iste

82 2483 207 2535 locus]
242 2483 364 2534 «ubi,
410 2486 459 2524 ut
488 2484 685 2524 carmina
717 2495 818 2524 mea
846 2486 965 2525 reci-

83 2546 198 2596 tem,
230 2557 311 2586 vos
339 2545 468 2587 voltis
502 2546 656 2598 (probe
689 2547 807 2587 enim
835 2558 965 2599 prae-

81 2607 213 2648 video
242 2607 357 2658 fore,
390 2610 439 2649 ut
458 2608 710 2650 clanculum
737 2611 895 2661 postea
919 2611 963 2650 in

84 2680 157 2710 me
179 2671 224 2710 et
252 2671 297 2710 in
327 2681 428 2711 mea
448 2671 715 2711 invehantur
736 2670 963 2712 obtrecta-

84 2732 203 2772 tores
235 2732 383 2783 mei).»
419 2756 464 2760 —
497 2733 657 2772 diludia
683 2732 834 2785 posco]
868 2735 964 2774 «Di-

81 2791 199 2833 ludia
229 2794 436 2835 dicuntur
465 2796 690 2847 tempora,
729 2807 844 2847 quae
875 2795 964 2848 gla-

83 2855 329 2896 diatoribus
367 2858 674 2897 conceduntur
711 2859 826 2899 inter
866 2859 961 2899 dies

82 2927 336 2967 munerum,
356 2919 519 2970 quibus
532 2922 797 2971 pugnatur.»
817 2922 956 2963 Comi.

83 2979 215 3025 Can.
266 2981 353 3020 «Ut
382 2981 493 3021 intra
524 2982 619 3023 dies
650 2984 846 3035 quinque
874 2996 961 3036 pu-

82 3041 260 3091 gnent.»
282 3041 384 3081 Aen.
406 3041 959 3096 (qna‘diqenAufschub

84 3102 270 3152 Merkel,
302 3103 521 3156 Rastta9
548 3107 753 3157 Passow.)
804 3109 958 3149 Iocosa

1034 1427 1105 1467 bri
1136 1428 1175 1467 7.

1090 1489 1157 1530 48.
1182 1489 1249 1530 49.
1283 1490 1424 1530 Ludus
1455 1491 1558 1542 cet]
1600 1490 1751 1529 «Risus
1783 1490 1827 1528 et
1854 1490 1922 1528 io-

1034 1562 1137 1600 cus,
1187 1552 1262 1602 qui
1303 1552 1424 1591 initio
1464 1551 1622 1604 plenus
1660 1550 1922 1591 facetiarum

1032 1612 1291 1663 videbatur,
1338 1615 1458 1654 haud
1502 1626 1603 1654 raro
1649 1613 1832 1654 tandem
1877 1614 1921 1653 in

1032 1676 1220 1716 acerbas
1242 1677 1358 1716 rixas
1381 1677 1670 1728 degenerat.»
1706 1675 1839 1715 «Nolo
1862 1687 1917 1716 ne

1030 1750 1113 1790 per
1141 1738 1295 1779 ludum
1338 1739 1520 1790 quidem
1561 1740 1675 1778 inter
1704 1749 1785 1778 vos
1814 1750 1919 1778 ver-

1032 1802 1146 1850 sari,
1180 1812 1284 1841 nam
1316 1803 1433 1841 acria
1464 1801 1566 1841 inde
1590 1801 1835 1841 certamina
1856 1802 1920 1841 in-

1031 1863 1209 1903 terdum
1239 1864 1461 1912 oriuntur,
1497 1874 1610 1914 quae
1633 1863 1742 1902 inire
1764 1873 1919 1902 meum

1031 1936 1120 1965 non
1152 1927 1244 1972 est3
1289 1925 1392 1965 nihil
1427 1927 1546 1966 enim
1576 1926 1683 1965 mihi
1712 1928 1915 1977 prosunt,

1029 1987 1168 2028 immo
1215 1999 1265 2027 ea
1299 1988 1512 2029 detestor.
1573 1990 1686 2039 Ergo
1719 1989 1813 2028 sine
1844 1998 1918 2028 me

1029 2051 1145 2090 inter
1201 2061 1283 2090 vos
1341 2051 1569 2099 rixamini,
1641 2049 1913 2099 nebulones,

1034 2113 1252 2163 quantum
1281 2111 1454 2152 mltis.»
1501 2133 1545 2140 —
1593 2111 1748 2164 genuit]
1780 2107 1917 2168 ἀορί-

1031 2185 1177 2223 στως,
1204 2174 1415 2223 «gignere
1438 2173 1593 2213 solet.»
1620 2197 1665 2202 —-
1690 2173 1911 2224 trepidum]

1032 2235 1107 2274 «in
1138 2246 1226 2285 quo
1258 2235 1482 2286 trepidant
1511 2236 1565 2284 ii,
1613 2236 1689 2285 qui
1719 2236 1834 2275 inter
1863 2245 1911 2275 se

1031 2298 1260 2336 certamen
1292 2306 1394 2336 acre
1427 2298 1731 2346 committunt,
1751 2311 1770 2331 »
1816 2296 1933 2336 leb-2

1028 2359 1154 2410 haft.
1192 2381 1236 2387 ——
1268 2358 1441 2409 funebre
1470 2358 1631 2410 bellum]
1664 2369 1830 2410 «prope
1850 2359 1914 2398 in-

1028 2421 1319 2470 ternecivum,
1345 2422 1387 2460 in
1404 2431 1492 2472 quo
1514 2419 1640 2460 multi
1662 2420 1910 2460 occidunt.»

1030 2483 1241 2523 Ceterum
1281 2481 1502 2534 Epistolae
1535 2482 1676 2522 exitus
1707 2492 1813 2522 sane
1845 2482 1912 2521 io-

1028 2556 1160 2585 cosus
1193 2546 1237 2584 in
1266 2546 1466 2585 mentem
1489 2546 1673 2584 revocat
1690 2542 1795 2583 illud
1815 2544 1913 2596 Epi-

1028 2608 1201 2647 charmi
1232 2607 1351 2659 apud
1380 2607 1540 2646 Athen.
1565 2607 1605 2655 2,
1629 2606 1667 2646 3.
1692 2617 1735 2658 p.
1760 2605 1827 2645 36.
1850 2606 1907 2646 C:

1022 2665 1103 2709 Ἐκ
1132 2669 1222 2723 μὲν
1252 2670 1429 2720 θυσίας
1458 2668 1603 2720 θοίνη
1625 2691 1649 2698 -
1669 2691 1716 2717 -,
1748 2662 1829 2706 Ἐκ
1858 2664 1909 2708 δὲ

1026 2733 1199 2786 θοίνης
1227 2729 1370 2782 πόσις
1401 2731 1602 2785 ἐγένετο.
1635 2731 1682 2770 Β.
1706 2726 1905 2788 Χάριεν,

1027 2788 1093 2845 ὥς
1122 2796 1175 2849 γε’
1203 2807 1291 2848 μοι
1322 2792 1500 2845 [ὄοκεῑ].
1543 2794 1593 2832 Α.
1628 2787 1706 2832 Ἐκ
1737 2790 1788 2832 δὲ
1818 2789 1906 2832 πό-

1026 2870 1131 2907 σιος
1162 2855 1349 2910 κῶμος,
1382 2855 1436 2897 ἐκ
1464 2852 1633 2908 κώμου
1660 2853 1696 2894 δ’
1716 2854 1904 2909 ἐγένετο

1024 2921 1202 2962 θυανία
1234 2921 1301 2972 (al.
1336 2921 1524 2970 ovavc'a)
1546 2930 1555 2940 ·
1591 2912 1673 2958 Ἕκ
1704 2917 1754 2958 δὲ
1783 2919 1906 2960 θυα-

1023 2985 1129 3034 νίας
1148 2982 1256 3036 δίκη
1289 2978 1484 3036 [’γένετ’,
1516 2980 1569 3022 ἐκ
1597 2979 1733 3034 δίκης
1752 2979 1801 3022 δὲ
1823 2994 1906 3021 κα-

1023 3045 1225 3100 ταὸίκη,]
1265 3041 1344 3086 Ἐκ
1378 3043 1429 3086 δὲ
1471 3042 1732 3097 καταδίκης
1765 3042 1900 3086 πέδαι

1022 3121 1072 3150 τε
1102 3110 1181 3151 καὶ
1226 3106 1472 3160 σφάκελος
1502 3108 1583 3148 καὶ
1612 3108 1774 3160 ζημία.
