2231 3787
842 307 938 347 LIB.
974 308 1002 346 l.
1065 307 1229 347 EPIST.
1263 309 1348 349 ΧΗ.

1901 314 2003 364 495

251 436 526 497 Miramur,
570 437 612 489 si
654 437 942 491 Democriti
982 454 1150 509 pecus
1189 438 1299 492 edit
1337 440 1539 511 agellos

250 537 533 608 Cultaque,
577 537 704 591 (lum
744 556 972 610 peregre
1001 548 1082 593 est
1107 541 1316 595 animus
1343 543 1459 596 sine
1489 560 1718 616 corpore
1744 546 1924 612 velox;

248 639 379 693 Cum
420 648 472 692 tu
516 640 650 694 inter
690 641 929 695 scabiem
968 650 1165 696 tantam
1205 651 1258 696 et
1296 645 1540 716 contagia
1578 645 1712 701 lucri

246 739 323 793 Nil
364 758 589 812 parvum
628 742 807 813 sapias
847 752 899 797 et
936 743 1112 799 adhuc
1152 744 1400 800 sublimia
1440 763 1623 801 cures:

172 979 279 1018 nime
313 979 480 1018 animus
508 990 537 1018 a
564 980 882 1031 coqitationibas
917 981 1051 1021 abdu-

170 1045 350 1090 ceretur,
369 1042 676 1092 patrimonium
697 1043 901 1094 neyleoeit,
924 1055 1052 1096 aqi-os

169 1105 346 1144 deseruit
385 1105 571 1145 incultos.
623 1105 686 1146 Cf.
719 1107 847 1146 Tusc.
880 1108 928 1155 5,
972 1107 1046 1153 39,

170 1166 262 1207 444.
289 1169 381 1207 415.
417 1170 604 1208 Prorsus
625 1170 672 1207 ut
696 1169 900 1210 Horatius
920 1171 1049 1209 Ioan—

168 1240 247 1269 nes
289 1229 611 1281 Chrysost.„ad
647 1230 829 1270 viduam
867 1232 955 1272 iun.
999 1233 1044 1272 T.

168 1293 197 1332 1.
236 1293 315 1332 Ed.
355 1293 491 1333 Paris.
530 1304 632 1333 nov.
672 1306 715 1346 p.
750 1293 845 1334 423.
888 1295 1050 1335 Demo-

166 1356 325 1395 critum
369 1358 497 1396 vocat
530 1352 615 1396 τὸν
656 1355 1048 1410 μηλόβοτον

164 1411 338 1458 ἀνέντα
354 1417 442 1471 τὴν
456 1417 620 1477 χώραν
636 1416 724 1473 τὴν
735 1414 903 1460 αὑτοῦ.
922 1420 1047 1460 Idem

165 1480 220 1520 de
247 1482 507 1532 Anaxagora
537 1482 670 1522 tradit
690 1481 980 1523 Philostratus
1001 1494 1042 1522 V.

162 1543 359 1595 Apollon.
399 1545 443 1594 4,
485 1544 557 1584 43:
596 1541 681 1584 τὸν
719 1543 1046 1599 Κλαζομένιον

158 1600 477 1662 Ἀναξαγόραν
512 1601 706 1661 ἀγέλαις
738 1620 789 1647 τε
828 1609 911 1649 καὶ
947 1607 1046 1662 μή·-

162 1667 263 1720 λοις
290 1666 350 1709 τὰ
380 1668 556 1711 ἑαυτοῦ
587 1665 761 1711 ἀνέντα
781 1669 1047 1729 προβάτοις

159 1724 256 1785 3ἔφη
298 1730 485 1785 μᾶλλον
524 1728 560 1787 ἢ
597 1728 874 1791 ἀνθρώποις
903 1734 1045 1785 φιλο-

161 1794 397 1848 σοφῆσαι.
436 1820 480 1825 —
506 1808 684 1849 pereqre
722 1798 792 1850 est]
828 1799 1045 1839 «medita-

161 1859 265 1898 tioni
296 1859 534 1900 immersus
557 1862 601 1899 et
631 1862 758 1912 quasi
784 1865 1043 1913 segregatus

159 1931 182 1960 a
214 1932 428 1973 corpore,
475 1921 631 1974 procul
674 1923 802 1964 abest
841 1935 865 1963 a
905 1924 1042 1965 rebus

158 1983 489 2025 terrestribus.»
524 1985 613 2025 Cic.
637 1997 719 2037 pro
741 1985 825 2027 Mil.
852 1987 928 2037 112,
962 1986 1036 2026 33:

155 2050 316 2086 vestrae
341 2048 671 2098 pereqrtnantur
700 2048 856 2089 aures?
889 2073 934 2078 ———
966 2060 1041 2090 ve-

156 2108 247 2160 looe]
295 2110 440 2149 «inter
481 2111 576 2148 veri
624 2110 832 2168 θεωρίας
879 2123 1040 2164 magna

158 2181 259 2210 cum
281 2170 484 2211 facilitate
506 2182 735 2212 versans.»
786 2172 907 2214 Plato
929 2175 1042 2215 The-

157 2236 289 2274 aetet.
312 2245 355 2286 p.
383 2234 474 2273 473.
499 2235 564 2273 E.:
601 2232 664 2289 τῷ
696 2229 798 2276 ὄντι
818 2233 876 2276 τὸ
897 2235 1040 2290 σῶμα

154 2294 310 2349 μόνον
347 2296 396 2337 ἐν
432 2295 489 2354 τῇ
532 2294 667 2338 πόλει
703 2303 857 2339 κεῖται
886 2296 1037 2342 αὐτοῦ

156 2357 259 2412 (τοῦ
297 2358 629 2417 διατρίβοντος
666 2360 715 2401 ἐν
746 2361 1038 2419 φιλοσοφίᾳ)

155 2423 236 2462 καὶ
285 2420 531 2475 ἐπιδημεῖ,
583 2419 613 2476 ἡ
663 2422 714 2464 δὲ
761 2421 1039 2466 διάνοια--

157 2483 376 2543 πανταχῇ
398 2487 596 2555 φέρεται
625 2483 748 2526 κατὰ
777 2486 1035 2546 Πίνδαρον,

155 2547 214 2587 τά
245 2560 293 2587 τε
322 2546 411 2602 γᾶς
451 2549 680 2606 υπένερθε
719 2550 800 2590 καὶ
837 2547 896 2590 τὰ
936 2551 1038 2592 ἐπί-

156 2609 274 2651 πεδα
317 2607 659 2669 γεωμετροῦσα
700 2611 801 2652 κτλ.
863 2613 1037 2654 Plutar-

156 2674 264 2714 chus
305 2673 361 2713 de
401 2684 502 2714 sera
541 2675 733 2715 numinis
768 2675 963 2716 vindicta
994 2688 1033 2717 c.

154 2737 230 2776 22:
279 2731 403 2777 ὥστε
438 2733 526 2790 τὴν
560 2735 734 2790 ψυχὴν
763 2738 1037 2792 ἐποχουμέ-

155 2811 242 2851 νην
272 2797 408 2850 λείως
438 2794 543 2847 οἷρν
574 2793 735 2858 ὥσπερ
766 2800 816 2842 ἐν
849 2799 1034 2861 γαλήνῃ

155 2858 218 2914 τῷ
262 2863 387 2910 φωτὶ
432 2859 606 2919 ῥᾳδίως
645 2861 801 2918 πάντη
836 2866 918 2906 καὶ
950 2877 1036 2905 τα-

154 2919 214 2970 χὺ
246 2923 495 2979 φέρεσθαι.
547 2949 591 2953 -
632 2926 823 2979 scabiem]
871 2928 1038 2968 «sordi-

155 2985 260 3024 dam
280 2984 466 3025 aliorum
486 2988 737 3037 avaritiam,
767 2989 1035 3040 quibuscum

153 3047 375 3099 Agrippae
428 3049 620 3089 rationes
676 3050 754 3090 tibi
809 3053 1033 3103 putandae

155 3111 299 3150 sunt.»
350 3109 516 3149 Scabies
544 3111 759 3161 significat
789 3115 907 3154 acria
928 3126 1036 3155 ava-

154 3173 277 3211 ritiae
309 3172 604 3220 irritamenta,
651 3174 700 3213 ut
734 3185 838 3215 cum
868 3176 924 3216 de
953 3189 1036 3218 vo-

154 3232 394 3285 luptatibus
413 3236 668 3285 usurpatur.
711 3236 801 3276 Cic.
821 3237 877 3277 de
901 3240 1030 3291 Legg.

156 3295 203 3344 ⁴,
238 3296 313 3343 ⁴7,
347 3294 419 3336 47:
471 3295 669 3346 Voluptas
695 3297 906 3338 malorum
937 3311 1034 3340 ma-

154 3359 216 3395 ter
244 3357 448 3407 omnium,
491 3358 610 3397 cuius
645 3358 855 3398 blanditiis
882 3371 1034 3400 corru-

149 3419 212 3468 pti
240 3429 348 3468 quae
375 3423 535 3460 natura
555 3419 664 3460 bona
682 3424 791 3470 sunt,
825 3422 925 3470 quia
945 3423 1036 3461 dul-

155 3481 294 3521 cedine
321 3482 399 3522 hac
424 3487 462 3522 et
488 3482 622 3523 scabie
648 3486 813 3533 carent,
844 3495 928 3523 non
947 3495 1034 3523 cer-

155 3546 257 3581 nunt
283 3544 397 3582 satis.
449 3545 659 3584 Ceterum
688 3544 866 3584 scabiem
894 3545 1033 3585 mani-

1970 755 1993 767 υ

1934 753 1999 805 llo

1116 982 1227 1022 festo
1258 984 1531 1035 iungendum
1563 997 1665 1027 cum
1691 999 1732 1028 v.
1756 989 1882 1040 lucri,
1917 992 1998 1031 etsi

1115 1044 1332 1085 nonnullis
1373 1057 1504 1087 secus
1544 1049 1688 1089 visum
1730 1053 1812 1091 est.
1865 1053 1998 1093 Recte

1115 1108 1361 1158 Cruquius:
1415 1111 1555 1150 «inter
1599 1111 1799 1153 scabiem
1844 1118 1999 1155 conta-

1112 1170 1324 1219 giosam.»
1374 1172 1528 1223 Veget.
1557 1174 1795 1217 Mulomed.
1831 1177 1876 1226 3,
1918 1180 1994 1218 74:

1112 1233 1279 1272 Scabies
1306 1237 1550 1286 contagiosa
1591 1242 1648 1277 est
1687 1243 1723 1278 et
1763 1242 1913 1281 transit
1954 1242 1998 1282 in

1105 1295 1260 1344 plures.
1309 1319 1354 1325 —
1396 1300 1609 1352 contaqia]
1655 1299 1790 1341 «lucri
1835 1304 1996 1356 cupido

1111 1357 1257 1397 morbi
1288 1360 1530 1411 contagiosi
1562 1362 1701 1403 instar
1731 1365 1817 1405 iam
1855 1377 1995 1419 prope

1111 1431 1269 1461 omnes
1300 1422 1502 1462 invasit.»

1167 1485 1232 1523 45.
1283 1485 1355 1524 Nil
1383 1497 1570 1535 parvum
1599 1488 1702 1540 cet.]
1746 1490 1885 1531 «Cum
1922 1502 1996 1532 sa-

1109 1546 1301 1597 pientiae
1339 1548 1486 1588 studio
1527 1549 1689 1590 ductus
1729 1563 1802 1592 res
1848 1555 1996 1593 exter—

1110 1619 1211 1658 nas⁷
1246 1620 1361 1661 quae
1393 1611 1591 1652 caducae
1624 1614 1667 1652 et
1688 1613 1772 1653 sub
1794 1617 1995 1667 sapiente

1110 1673 1278 1723 positae
1301 1674 1428 1723 sunt,
1463 1673 1684 1726 despicias
1707 1679 1840 1728 atque
1862 1680 1996 1720 adhuc

1110 1735 1242 1775 etiam
1281 1737 1560 1787 provectiore
1593 1740 1737 1778 aetate
1769 1742 1871 1791 post
1909 1742 1995 1781 mi-

1108 1797 1244 1837 litiam
1278 1798 1371 1850 (Od.
1396 1800 1442 1849 4,
1476 1800 1561 1852 29.)
1594 1801 1798 1853 interque
1830 1805 1894 1843 tot
1920 1816 1996 1844 re-

1108 1872 1207 1900 rum
1244 1862 1421 1912 patroni
1466 1863 1527 1902 tui
1573 1874 1728 1914 curas,
1774 1865 1991 1917 sublimia,

1106 1920 1200 1962 τῶν
1228 1920 1481 1980 μετεώρων
1519 1926 1694 1976 species
1726 1928 1770 1966 et
1808 1939 1989 1977 causas,

1106 1986 1372 2026 scruteris.»
1424 2010 1469 2014 —
1517 1988 1682 2040 sapias]
1729 1989 1994 2042 Simpliciter

1104 2058 1185 2098 pro
1217 2045 1428 2105 φρονῇς,
1465 2051 1701 2100 «cogites»
1738 2052 1994 2093 Doederlei-

1105 2111 1162 2150 nii
1192 2111 1500 2162 interpretatio
1531 2113 1688 2162 Synon.
1721 2115 1791 2154 111.
1816 2126 1859 2167 p.
1884 2115 1988 2155 323:

1104 2173 1169 2211 da
1212 2174 1275 2212 du
1323 2174 1444 2213 dein
1488 2175 1624 2214 edles
1669 2176 1841 2217 Wesen
1887 2180 1994 2218 und

1103 2235 1324 2275 Streben
1368 2236 1708 2289 behauptest‚
1757 2250 1811 2279 ex
1839 2240 1990 2281 verbis

1103 2297 1209 2348 ipsis
1250 2297 1348 2337 elici
1385 2299 1561 2350 nequit3
1607 2311 1692 2340 nec
1730 2312 1802 2341 vv.
1833 2306 1871 2341 et
1908 2304 1990 2343 ad-

1102 2360 1179 2398 huc
1215 2358 1421 2411 explicari
1459 2359 1629 2401 debent
1657 2364 1817 2414 «atque
1848 2364 1987 2404 adeo»

1105 2421 1245 2472 (Hand
1265 2423 1390 2462 Turs.
1411 2423 1441 2461 I.
1460 2433 1503 2474 p.
1524 2423 1634 2473 465.)
1660 2423 1730 2464 vel
1754 2427 1987 2478 «insuper»

1103 2483 1274 2537 (Walch
1303 2485 1489 2525 Emend.
1529 2487 1618 2526 Liv.
1656 2498 1699 2538 p.
1739 2488 1867 2538 490),
1907 2488 1988 2528 sed

1102 2547 1336 2587 manifesto
1367 2547 1423 2587 de
1460 2548 1665 2600 tempore
1704 2549 1987 2602 intelligenda

1101 2612 1224 2660 sunt,
1267 2613 1316 2650 ut
1354 2611 1714 2661 quattuordecim
1743 2612 1836 2654 aliis
1868 2614 1986 2666 apud

1102 2674 1332 2713 Horatium
1376 2671 1507 2714 locis:
1562 2675 1842 2716 «etiamnunc
1886 2679 1988 2728 post

1101 2739 1193 2777 tam
1223 2737 1482 2777 diuturnum
1511 2738 1712 2789 tempus,
1747 2740 1867 2790 quod
1895 2739 1989 2792 ple-

1099 2811 1266 2851 rosque
1295 2799 1464 2840 lassare
1505 2800 1723 2851 potuisset
1753 2804 1886 2853 atque
1919 2802 1986 2843 ef-

1100 2863 1258 2912 ficere,
1291 2865 1340 2902 ut
1367 2861 1528 2902 talibus
1550 2862 1605 2902 ab
1636 2863 1986 2916 investigationi-

1099 2925 1185 2966 bus
1226 2925 1394 2965 iamdiu
1425 2924 1743 2966 destitissent.»
1778 2949 1823 2955 —-
1855 2927 1985 2967 subli-

1096 2987 1199 3039 mia]
1225 2984 1309 3026 «τὰ
1327 2988 1558 3044 μετέωρα,
1582 2986 1838 3037 caelestia;»
1864 2989 1985 3041 «phi-

1098 3049 1346 3101 losophiam
1364 3049 1643 3101 physicam.»
1682 3051 1822 3090 Comi.
1848 3052 1979 3098 Cimo.

1098 3113 1284 3163 Superas
1310 3124 1379 3152 res
1408 3112 1515 3152 dixit
1544 3113 1776 3153 Lucretius
1805 3114 1820 3152 4
1843 3145 1851 3162 ,
1886 3114 1977 3154 ⁴28.

1097 3177 1242 3227 Atque
1272 3175 1336 3215 sic
1366 3175 1621 3215 necessario
1642 3186 1741 3215 voc.
1766 3176 1983 3227 interpre-

1097 3238 1283 3278 tandum
1315 3248 1415 3278 esse
1437 3235 1555 3277 clare
1578 3237 1888 3278 demonstrant
1908 3248 1977 3276 vv.

1099 3300 1265 3349 1¹6-20„
1302 3300 1347 3339 in
1385 3299 1547 3350 quihus
1583 3300 1714 3339 unice
1755 3299 1809 3338 de
1841 3309 1980 3349 quae-

1097 3361 1315 3402 stionibus
1359 3359 1633 3401 naturalibus
1677 3362 1831 3411 agitur.
1888 3361 1979 3400 Nec

1095 3424 1339 3474 generatim
1362 3421 1579 3475 explicem
1602 3433 1704 3462 cum
1724 3423 1974 3461 Diintzero:

1096 3486 1358 3527 «Universae
1374 3484 1680 3536 philosophiae
1693 3483 1976 3534 quaestiones

1093 3547 1286 3587 maxime
1324 3545 1538 3586 sublimes
1569 3556 1621 3584 ac
1652 3543 1973 3586 difficillimas.»
