2231 3787
820 225 916 263 ARS
951 223 1189 264 PoETffix.

169 352 449 419 Sortilegis
491 370 590 405 non
633 354 927 424 discrepuit
965 355 1224 408 sententia
1270 355 1502 425 Delphis.

170 454 415 507 Carmine
458 456 546 524 qui
591 456 791 525 tragico
833 454 991 508 vilem
1032 457 1253 509 certavit
1293 456 1362 509 ol)
1403 456 1627 516 hircum,

167 554 286 606 Mox
327 557 484 607 etiam
525 566 765 625 agrestes
806 561 1028 627 Satyros
1070 556 1287 609 nudavit
1326 566 1378 609 et
1417 575 1576 627 asper

98 827 237 868 iulans
283 828 457 868 laseixia
503 828 763 868 hilaritatem
815 832 973 869 exeita-

96 894 181 938 rct,
216 894 564 930 consentaneum
599 895 712 938 erat,
748 894 789 930 ut
824 902 972 930 serino

97 955 137 993 in
183 953 438 993 universum
481 953 597 992 idem
639 959 779 995 esset,
827 956 971 1005 quiin

94 1015 340 1066 tragoedia,
371 1016 448 1054 sed
473 1016 815 1055 admitterentur
837 1016 973 1055 verba

95 1078 393 1129 loquendique
436 1079 602 1117 l'ormae
635 1090 685 1117 ex
719 1080 974 1128 quotidiano
1006 1071 1008 1111 ἱ

97 1151 181 1180 usu
223 1142 407 1191 petitae,
456 1141 719 1190 numerique
765 1152 972 1180 x·ei·sunin

96 1201 259 1253 aliquid
291 1203 346 1242 de
377 1204 613 1242 severitate
646 1202 815 1252 legum,
860 1214 973 1253 quae

97 1265 330 1315 tragoediis
369 1266 573 1316 propriae
606 1270 730 1312 sunt,
775 1266 975 1305 remitte—
1005 1267 1008 1321 l

97 1329 239 1366 rent.»
273 1328 528 1366 Hfinmnncs
562 1327 601 1366 in
627 1328 765 1367 Praet'.
800 1328 853 1367 ad
890 1329 974 1367 lCu-

96 1389 176 1440 rip.
210 1388 331 1439 (Iyel.
370 1401 411 1440 p.
447 1390 552 1428 XIV.
588 1390 795 1441 Sequitur
824 1394 971 1430 autem

95 1452 349 1502 opinionem
395 1462 703 1498 communem,
757 1464 809 1492 ex
861 1465 1007 1503 qua,¹

95 1525 196 1553 cum
213 1514 396 1564 Thespis
418 1514 658 1555 invenisset
684 1515 971 1565 tragoediam,
1005 1530 1008 1574 i

94 1587 181 1615 non
214 1576 270 1615 ita
302 1575 439 1615 multo
470 1579 572 1627 post
599 1576 777 1628 trilogiis
799 1579 974 1628 tragicis

95 1638 241 1678 addita
271 1639 357 1678 sint
387 1638 587 1678 dramata
616 1641 820 1689 satyrica.
858 1642 974 1679 «iam
1006 1667 1008 1673 ·

95 1712 198 1741 cum
228 1702 269 1741 in
302 1702 369 1740 his
401 1712 580 1752 quoque
615 1702 685 1742 dei
726 1707 858 1754 atque
893 1705 974 1743 he-
1006 1703 1008 1707 “

94 1775 196 1804 roes
217 1764 497 1811 inducantur,
524 1767 762 1817 praecipue
786 1766 975 1806 demon-

93 1826 326 1866 strandum
360 1829 449 1874 est,
485 1826 646 1877 quibus
669 1829 708 1866 in
733 1828 869 1868 rebus
892 1829 975 1868 dif-
1006 1833 1009 1866 ἕ

94 1889 235 1929 serant
265 1899 289 1927 a
320 1889 589 1939 tragoedia.»
624 1892 684 1929 lta
717 1892 834 1931 enim
867 1903 976 1931 con-

93 1952 340 1992 nectendus
384 1953 454 1991 hic
494 1952 616 1993 locus
656 1954 832 1993 videtur
872 1966 974 1994 cum

95 2014 347 2065 tragoediae
360 2017 480 2054 recte
495 2016 830 2066 componendae
843 2006 976 2068 prae—
1008 2033 1009 2036 ¹

97 2077 253 2128 ceptis,
284 2087 396 2126 quae
418 2078 708 2128 praecedunt.
744 2080 876 2119 Totus
897 2091 978 2119 au-

95 2142 185 2180 tem
216 2138 299 2179 loci
320 2138 442 2179 color
464 2141 680 2180 eiusmodi
705 2143 795 2188 est,
825 2144 872 2181 ut
894 2142 978 2182 du-

95 2202 235 2242 bitare
273 2203 342 2241 vix
388 2213 605 2253 queamus
638 2204 864 2244 Horatium
897 2205 979 2244 do-

96 2276 199 2305 cere
229 2263 448 2312 voluisse,
497 2265 723 2316 quomodo
755 2266 810 2305 ad
842 2268 977 2306 Grae-

97 2337 251 2368 carum
282 2326 536 2379 exemplum
564 2329 743 2368 Latinae
774 2329 979 2369 scriben-

96 2391 181 2430 dae
228 2391 379 2430 essent
421 2388 596 2430 fabulae
641 2392 889 2441 satyricae,
943 2393 978 2432 si

97 2453 196 2505 quis
228 2452 312 2491 hoc
342 2453 383 2492 in
425 2462 589 2503 genere
620 2452 853 2494 elaborare
883 2454 979 2494 vel—

96 2515 177 2558 let;
203 2515 429 2566 inceptum
450 2516 598 2555 tamen
620 2515 706 2555 hoc
729 2527 826 2557 esse
848 2516 975 2569 longe

96 2576 401 2619 difficillimum
455 2578 499 2616 et
547 2578 667 2628 quod
715 2589 976 2620 successum

95 2639 385 2693 probabiliter
446 2650 534 2679 non
587 2642 642 2680 sit
691 2640 973 2692 habiturum,

97 2703 262 2755 quippe
279 2701 397 2754 quod
415 2703 713 2742 Romanorum
731 2703 863 2743 indoli
885 2715 979 2744 mo-
1008 2723 1009 2728 =

98 2764 312 2815 ribusque
334 2764 480 2804 minus
498 2766 648 2815 aptum
667 2766 735 2804 sit.
773 2765 865 2805 vid.
892 2767 977 2806 Ex·
1008 2779 1010 2798 ι

97 2837 279 2867 cursum
300 2827 353 2866 VI
361 2858 369 2865 .

151 2889 383 2930 220-224.
431 2889 861 2942 Carmine-trayico]
908 2892 1010 2952 Sic.

53 2952 58 2956 ”
98 2949 300 3002 Virgilius
330 2950 418 2991 Ecl.
450 2952 496 3001 9,
527 2952 593 2992 33.
643 2952 847 2994 Pollionis
886 2955 978 2994 tra-

99 3013 279 3066 goedias
307 3014 501 3053 carmina
524 3016 667 3054 vocat.
695 3038 740 3043 —
773 3016 845 3065 qui
875 3016 978 3068 cet.]

97 3078 194 3116 Non
214 3075 341 3124 dicit,
371 3076 561 3127 Thespin
582 3077 802 3117 invenisse
824 3077 978 3118 drama

99 3138 370 3188 satyricum,
403 3137 483 3178 sed
505 3138 590 3179 hoc
608 3150 615 3177 :
650 3149 764 3178 «non
786 3139 842 3178 ita
864 3138 980 3179 mul-

99 3203 143 3240 to
185 3202 287 3252 post
315 3200 537 3240 inventam
569 3201 844 3252 tragoediam
874 3201 978 3241 illud

99 3273 278 3314 quoque
310 3273 449 3314 genus
480 3263 708 3304 inventum
740 3274 893 3313 esse,»
935 3266 979 3304 et
1008 3277 1009 3283 ¹

100 3324 282 3376 quidem
303 3336 328 3364 a
344 3326 538 3374 Pratina‚
561 3324 769 3377 Aeschyli
787 3325 974 3377 aequali.

104 3409 149 3414 —
179 3387 303 3427 vilem
322 3409 345 3416 -
365 3387 414 3427 ob
449 3387 633 3438 hircum]
692 3388 801 3427 Hinc
831 3389 976 3440 ipsum

102 3460 266 3489 nomen
323 3447 584 3507 τραγῳδίας
641 3450 977 3502 (Bocksopferqe-
1006 3466 1008 3471 ⁴

1039 835 1175 881 sunyj.
1227 832 1285 869 l)e
1311 833 1561 881 tragoediae
1594 834 1759 883 origine
1784 835 1836 873 el'.
1862 835 1913 872 ad

1039 903 1079 930 x:
1105 893 1198 931 ⁹276.
1237 916 1279 920 -
1315 894 1417 931 Μαι·
1447 894 1571 933 οΙίαηι
1602 896 1706 944 cet.]
1753 897 1915 935 «Inane

1040 957 1130 992 erat
1171 955 1415 1004 negotium,
1465 967 1552 1006 quo
1590 957 1735 996 Critici
1778 959 1918 998 Hora-

1040 1017 1147 1055 tium
1194 1017 1232 1054 in
1278 1018 1454 1066 satyrici
1501 1018 1711 1058 dramatis
1752 1022 1915 1071 origine

1039 1080 1136 1129 post
1169 1079 1440 1128 tragoediam
1483 1081 1685 1130 ponenda
1720 1093 1916 1132 pugnare

1040 1150 1140 1178 cum
1158 1140 1389 1179 Aristotele
1415 1142 1548 1191 (l‘o'et.
1570 1141 1918 1191 .t.)‹1cmonsn·a-

1040 1204 1139 1241 runt
1170 1204 1245 1241 aut
1267 1213 1368 1241 cum
1394 1214 1608 1243 excusare
1634 1208 1777 1245 conati
1799 1212 1914 1248 sunt.

1039 1266 1280 1315 Utrumque
1311 1276 1449 1315 genus
1471 1267 1827 1316 antiquissimum
1851 1271 1919 1309 l'u-

1005 1327 1007 1373 J
1039 1328 1124 1367 isse
1157 1328 1214 1365 ait
1245 1329 1462 1367 Horatius.
1497 1329 1648 1368 Redde
1671 1331 1800 1380 igitur
1818 1343 1919 1371 ηιαι·

1038 1391 1161 1429 etiam
1202 1389 1352 1430 verbis
1392 1390 1552 1429 acsbald
1590 1393 1748 1432 auch.»
1800 1395 1918 1434 HANn

1039 1453 1161 1491 Turs.
1187 1452 1256 1490 111.
1281 1464 1323 1502 p.
1349 1452 1441 1491 656.
1483 1452 1742 1502 (Falsissima
1767 1460 1917 1497 contra

1040 1514 1214 1554 Schellii
1245 1515 1521 1567 aliorumque
1554 1520 1620 1558 est
1652 1519 1919 1570 interpreta-

1040 1578 1123 1616 tio:
1156 1589 1258 1616 mox
1279 1578 1525 1627 significare
1548 1581 1695 1620 statim
1718 1586 1808 1631 post
1831 1585 1919 1621 tra—

1040 1640 1220 1690 goedias
1251 1641 1415 1679 Horatii
1448 1643 1649 1693 tempore
1683 1645 1816 1683 etiam
1842 1645 1920 1683 Ro—

1041 1713 1138 1741 mae
1185 1703 1406 1753 Satyricas
1453 1703 1624 1744 fabulas
1663 1706 1732 1745 edi
1771 1705 1919 1745 solitas

1041 1776 1166 1811 esse;
1214 1765 1256 1804 id
1301 1765 1418 1816 quod
1453 1767 1571 1805 omni
1610 1767 1816 1807 historiae
1849 1779 1921 1807 re-

1039 1829 1218 1878 pugnat.
1282 1828 1457 1866 Frustra
1495 1830 1646 1868 autem
1678 1832 1919 1880 provocant

1041 1888 1093 1927 ad
1119 1889 1226 1939 Epp.
1252 1889 1292 1936 ⁶2,
1319 1890 1356 1937 4,
1383 1890 1453 1928 ’191
1478 1901 1484 1927 ;
1507 1891 1814 1930 Mooetrahitur
1831 1903 1923 1931 ma-

1008 1966 1009 1974 *
1039 1950 1158 1989 nibus
1187 1961 1333 2001 requm
1360 1951 1534 2001 fortuna
1554 1953 1755 2004 retortis.)
1775 1975 1821 1981 —
1845 1966 1920 1994 nu-

1040 2011 1168 2062 davit]
1191 2014 1386 2064 «primus
1408 2014 1551 2054 nudos
1573 2015 1742 2054 induxit
1764 2016 1805 2055 in
1827 2027 1922 2056 sce-

1042 2086 1194 2122 nam,»
1230 2075 1272 2114 id
1304 2079 1392 2123 est,
1428 2077 1538 2116 «hoc
1569 2076 1819 2118 fabularum
1850 2089 1922 2129 ge—

1042 2148 1125 2176 nus
1158 2138 1364 2176 invenit.»
1407 2159 1449 2165 —
1485 2138 1628 2190 asper]
1661 2141 1848 2180 Maxime
1879 2143 1920 2181 in

1042 2200 1114 2247 iis,
1140 2210 1254 2250 quae
1278 2201 1444 2250 Satyris
1468 2200 1792 2251 tribuebantur,
1818 2213 1923 2242 con-

1042 2260 1154 2301 sulto
1195 2262 1401 2302 rusticius
1432 2274 1484 2303 ac
1515 2264 1661 2303 minus
1693 2262 1825 2315 polite
1857 2266 1922 2304 io-

1010 2322 1011 2325 ’
1042 2323 1278 2371 cabantur,
1322 2335 1456 2375 quam
1487 2325 1660 2365 solebat
1690 2326 1919 2366 comoedia

1042 2398 1170 2426 nova.
1231 2388 1372 2428 Minus
1422 2391 1543 2428 recte
1589 2391 1768 2428 vertunt
1810 2390 1921 2429 Voss

1040 2449 1346 2497 stachlicht,
1371 2449 1537 2490 Arnold
1558 2450 1820 2498 boissend;
1854 2455 1922 2492 est

1039 2513 1186 2564 potius
1216 2513 1347 2552 rauh
1376 2514 1481 2552 und
1514 2513 1654 2561 derb,
1692 2515 1740 2553 ut
1770 2512 1921 2554 eluce-

1041 2574 1105 2613 bit
1142 2585 1195 2613 ex
1224 2573 1431 2625 Aeschyli
1472 2575 1678 2616 versibus
1717 2577 1921 2626 satyricis

1008 2666 1009 2676 i
1041 2637 1211 2686 Fragm.
1237 2635 1365 2676 Dind.
1392 2637 1486 2676 466.
1509 2638 1603 2677 255.
1629 2640 1672 2677 et>
1692 2637 1921 2689 Sophoclis

1042 2699 1107 2737 Fr.
1147 2697 1239 2738 ⁴47.
1271 2698 1366 2738 334..
1421 2700 1600 2739 Tzetzes
1640 2700 1683 2739 in
1723 2700 1921 2740 Crameri

1041 2760 1207 2801 Anecd.
1224 2761 1262 2800 3.
1283 2761 1434 2812 p.337.
1453 2763 1512 2801 ait
1532 2773 1579 2802 se
1602 2763 1794 2814 primum
1818 2773 1919 2802 cum

1008 2822 1135 2864 'aliis
1179 2825 1431 2874 ignorasse,
1480 2824 1728 2864 cuiusmodi
1772 2827 1923 2865 essent

1042 2885 1216 2926 fabulae
1247 2887 1490 2936 satyricae,
1524 2886 1762 2938 deinceps:
1794 2889 1921 2927 ε’ντυ-

1041 2945 1141 2997 χών
1161 2951 1440 3005 σατυρικοῖς
1460 2945 1701 3006 δράμασιν
1718 2947 1918 2999 (Plurane

1041 3012 1283 3051 etiamtunc
1331 3013 1595 3063 supererant
1647 3020 1782 3061 quam
1829 3012 1920 3062 Cy—

1042 3073 1195 3125 clops?
1225 3074 1303 3113 Vix
1325 3073 1494 3122 credo.)
1523 3069 1801 3129 Εὐριπίδου,
1833 3068 1919 3112 αῦ-

1042 3133 1124 3186 τὸς
1152 3133 1306 3188 μόνος
1325 3135 1534 3189 ἐπέγνων
1554 3134 1607 3176 ἐκ
1628 3132 1810 3175 τούτων
1830 3148 1920 3174 σα-

1040 3196 1236 3256 τυρικῆς
1281 3195 1524 3249 ποιήσεως
1554 3198 1635 3237 καὶ.
1666 3195 1919 3250 κωμῳδίας

1039 3259 1307 3318 διαφοράν·
1355 3256 1384 3313 ἦ
1429 3259 1519 3313 μὲν
1565 3252 1652 3300 οὖν
1691 3257 1918 3314 κωμῳδία

1038 3322 1240 3381 δριμέως
1269 3321 1410 3363 τινῶν
1445 3322 1793 3374 καθαπτομένη
1822 3320 1921 3362 δια-

1038 3385 1233 3436 βολαῖς,
1266 3383 1606 3442 ἐπιλοιδορίαις
1631 3389 1755 3425 κινεῖ
1778 3383 1919 3438 γέλω-

1040 3461 1122 3489 τα·
1159 3444 1188 3500 ἡ
1219 3447 1270 3488 δὲ
1294 3444 1527 3506 σατυρικὴ
1551 3449 1746 3500 ποίησις
1765 3442 1920 3503 ἄκρα-
