2231 3787
874 230 970 268 LlB.
1004 231 1034 268 1.

1096 231 1207 269 sAT.
1243 232 1290 268 V.

1932 235 1999 285 99

254 358 484 410 Mansuri
526 357 808 429 oppidulo,
852 358 999 429 quod
1038 377 1199 412 vorsu
1240 359 1422 414 dicei-e
1463 378 1566 414 non
1608 373 1711 417 cst.

255 459 430 529 Signis
469 459 721 530 perfacile
759 469 864 513 est:
918 461 1060 514 vonit
1098 460 1354 514 vilissima
1393 480 1574 515 rorum

254 561 350 614 Hio
387 578 554 632 aqua;
596 561 694 615 scd
733 562 885 633 panis
926 561 1081 633 longe
1121 562 1541 633 pulcherrimus,
1585 564 1719 618 ultra

254 662 487 716 Callidus
526 674 581 716 ut
620 663 788 717 soleat
828 663 1066 718 humeris
1110 673 1325 735 poi-tare
1364 666 1560 729 viator;

1939 671 2004 720 90

252 766 384 818 Nam
424 765 618 819 Canusi
657 765 962 837 lapidosus,
1005 783 1179 837 aquae
1219 784 1325 819 non
1367 766 1526 820 ditior
1564 771 1699 820 urna

297 946 363 985 94.
399 947 559 985 dulcior
591 957 703 986 corr.
739 946 790 993 b,
825 950 913 987 tres
945 948 1157 987 Torrentii
1192 950 1235 986 et
1265 948 1310 986 C.

183 1095 301 1134 niam
327 1094 560 1135 deflexisse
586 1095 702 1144 (nam
733 1096 776 1133 in
795 1095 914 1144 Equo
937 1097 1062 1135 lulico

182 1156 419 1206 Campania
454 1157 623 1196 limitem
666 1157 808 1205 habel,
854 1158 1057 1197 Antonin.

181 1220 275 1258 ltin.
308 1230 351 1270 p.
387 1219 514 1270 Mt),
548 1229 652 1258 cum
682 1221 854 1268 tamen,
888 1220 924 1259 si
954 1231 1062 1270 pro-

181 1284 281 1333 pter
310 1281 461 1321 nescio
494 1291 630 1331 quam
661 1292 844 1321 causam
885 1282 1061 1332 Equum

182 1344 367 1383 tuticum
423 1344 568 1383 'visere
627 1342 870 1393 voluisset,
932 1343 1059 1394 longe

180 1406 459 1446 commodius
488 1405 543 1445 ab
575 1407 670 1457 ipso
691 1407 946 1446 Benevento
969 1409 1062 1446 tan-

182 1473 276 1509 tum
323 1469 450 1508 XXII.
497 1470 552 1509 M.
596 1471 641 1509 P.
680 1468 736 1509 ab
785 1468 856 1508 illo
897 1469 1060 1521 oppido

182 1532 398 1581 distante,
445 1532 614 1571 Trivico
651 1532 837 1580 omisso,
885 1532 1061 1583 Equum

178 1595 363 1634 tuticum
404 1594 641 1645 pervenire
681 1594 912 1645 potuisset.
974 1595 1061 1633 Re-

179 1659 299 1696 ctum
348 1656 432 1695 iter
479 1666 504 1694 a
552 1656 721 1695 Trivico
771 1656 927 1696 fuisset
980 1667 1061 1706 per

178 1717 389 1759 Asculum
445 1719 685 1758 Canusium
741 1730 915 1759 versus.
996 1720 1059 1758 De

179 1782 354 1823 duobus
384 1783 534 1821 autem
564 1783 699 1833 Equis
738 1782 884 1822 tuticis
926 1782 1061 1821 Cani—

177 1856 294 1897 pano
324 1843 484 1892 altero,
524 1843 662 1883 altero
692 1843 832 1895 Apulo
865 1844 1059 1894 cogitare

178 1906 280 1947 noli.
305 1907 380 1946 Les
399 1906 638 1946 itineraires
657 1907 827 1946 anciens
845 1907 1061 1956 incllquenl

178 1970 289 2009 deux
315 1973 455 2008 routes
475 1980 589 2018 pour
618 1973 828 2008 traverser
856 1969 911 2008 les
939 1980 1062 2007 mon-

177 2035 342 2083 taynes,
393 2042 443 2070 en
489 2042 530 2071 se
578 2032 755 2071 rendunt
798 2030 826 2070 ὰ
867 2031 1056 2070 Brindes.

177 2095 329 2143 L'une,
377 2094 472 2133 celle
503 2095 550 2133 cle
579 2094 828 2133 l'illne'raire
859 2095 907 2133 de
935 2095 1059 2133 Jeru-

178 2156 305 2196 salem
327 2167 414 2206 par
444 2157 593 2206 Equus
625 2157 829 2204 Tuticus,
872 2157 1057 2205 Fojano,

178 2223 215 2258 et
237 2219 398 2259 Civitas
421 2218 655 2267 Serdonis,
681 2218 864 2258 Orclona.
888 2219 1061 2258 L¹autre

176 2285 296 2320 route
323 2284 380 2320 est
408 2281 504 2320 celle
533 2282 581 2320 cle
610 2281 654 2319 la
684 2280 791 2319 table
820 2281 868 2319 cle
899 2281 1062 2320 Peutln-

178 2354 252 2394 967·
275 2354 361 2392 par
382 2340 566 2390 Eclano,
598 2343 770 2389 Bonil03
802 2341 1055 2392 Aquilonia,

180 2404 384 2452 Cairano;
416 2405 616 2452 Venusa,
645 2404 839 2452 Venouse,
863 2404 905 2442 la
918 2404 1060 2452 patrie

179 2467 227 2506 de
264 2470 382 2506 notre
418 2464 553 2515 poete.
613 2467 699 2505 Nos
734 2477 969 2517 voyaqeurs
1010 2477 1061 2505 ne

174 2530 339 2579 prirenl
368 2539 530 2568 aucune
564 2529 612 2568 cle
649 2540 712 2568 ces
747 2530 859 2568 deust·
893 2532 1056 2577 routes,

177 2592 287 2632 mais
333 2592 383 2630 ils
423 2591 624 2630 suivirent
665 2603 723 2630 un
764 2592 923 2630 chemin
965 2591 1061 2641 plus

178 2657 320 2703 court,
354 2654 425 2703 qul
444 2653 597 2692 circule
617 2654 722 2693 dans
743 2654 798 2693 les
816 2658 1060 2705 montaynes

178 2720 217 2756 el
245 2716 316 2766 qui
344 2727 384 2755 se
413 2720 557 2755 trouve
586 2717 705 2755 trace'
731 2727 805 2755 sur
840 2716 896 2755 les
922 2727 1059 2767 gran-

179 2779 248 2818 des
265 2782 400 2817 carles
419 2778 768 2828 topographiques
783 2779 840 2817 clu
858 2789 1060 2827 royaume

179 2841 228 2879 de
256 2840 423 2890 Naples.
486 2840 537 2880 Ce
572 2840 730 2880 chemin
769 2851 809 2880 se
845 2841 980 2892 dirige
1009 2852 1059 2880 en

179 2907 342 2941 sortant
370 2903 418 2942 de
445 2903 655 2942 Benevent
683 2914 757 2942 sur
775 2904 1057 2953 montefusco:

178 2966 210 3005 il
234 2977 357 3015 passe
392 2978 476 3016 par
512 2967 711 3016 Paparici
748 2971 785 3007 et
812 2968 1058 3015 mir-abella,-

180 3032 326 3067 tourne
373 3028 417 3067 la
463 3029 586 3068 haute
633 3033 856 3081 montayne
895 3031 1063 3069 nomme

181 3090 294 3140 Capo
330 3090 372 3128 di
409 3090 610 3140 mavolo,
656 3095 695 3130 et
731 3093 899 3131 conduit
937 3091 966 3131 ὰ
1001 3104 1076 3150 απ.

179 3153 264 3192 lieu
308 3154 474 3191 nomme'
522 3153 553 3191 T
552 3153 701 3193 revico.
764 3153 1059 3194 Walckenaer

179 3215 211 3252 Ι.
244 3225 288 3266 p.
320 3213 415 3254 247.
458 3237 503 3242 —
541 3225 665 3254 versu
699 3216 834 3256 dicere
866 3227 951 3256 non
987 3215 1057 3267 est]

181 3275 276 3316 scil.
301 3275 494 3324 «facile»,
528 3275 648 3327 quod
677 3287 730 3316 ex
751 3275 890 3317 altero
910 3288 1058 3318 mem-

180 3337 263 3378 bro
293 3336 592 3390 supplendum
623 3338 703 3378 est.
764 3338 925 3379 Similia
956 3342 1060 3380 sunt

183 3400 250 3440 his
272 3401 448 3450 Critiae,
471 3400 745 3441 Schneidew.
771 3400 866 3441 Del.
888 3412 932 3453 p.
961 3401 1054 3443 ⁴40.

1128 1092 1234 1135 υἱὸν
1261 1090 1512 1148 Ἀθηναῖοι]
1543 1096 1869 1149 στεφανῶσιν),
1909 1095 2006 1140 Ἀλ-

1127 1154 1349 1209 κιβιάδην
1398 1159 1576 1198 νέοισιν
1628 1155 1850 1213 ὑμνήσας
1895 1160 2008 1220 τρό-

1127 1232 1257 1269 ποις’
1312 1214 1377 1260 Οὐ
1423 1218 1514 1276 γάρ
1560 1234 1659 1273 ,τως
1703 1216 1762 1276 ἦν
1806 1220 2004 1278 τοῦνομ’

1126 1279 1417 1339 ἐφαρμόζειν
1465 1281 1675 1339 ελεγι-ίῳ,
1725 1283 1825 1327 Νῦν
1874 1285 1912 1326 δ’
1956 1287 2007 1328 ἐν

1128 1344 1329 1397 ἰαμβείιῖ)
1379 1347 1589 1386 κείσεται
1634 1342 1724 1388 οὐκ
1773 1343 2004 1407 ἀ,ιιε’τρ(υς.

1124 1408 1397 1448 Archestrati
1427 1408 1545 1460 apud
1575 1410 1734 1449 Athen.
1769 1412 1818 1461 7,
1860 1414 1926 1452 ¹24.
1962 1425 2004 1465 p.

1126 1468 1206 1510 284
1227 1481 1273 1509 e:
1303 1465 1492 1521 Ἰχθύος
1521 1465 1839 1525 αὐξηθέντος,
1872 1470 1928 1513 ὃν
1959 1476 2009 1516 ἐν

1123 1533 1281 1589 μέτρῳ
1313 1527 1370 1573 οὗ
1397 1533 1540 1586 θέμις
1571 1536 1732 1575 εἰπεῖν.
1783 1538 2007 1589 Imprimis

1126 1595 1240 1634 cons.
1285 1596 1408 1635 Ovid.
1454 1608 1507 1636 ex
1548 1599 1685 1637 Ponto
1728 1598 1776 1648 4,
1828 1600 1902 1648 42,
1952 1602 2008 1640 7:

1124 1659 1237 1697 Nam
1276 1659 1406 1707 pudet
1450 1659 1493 1698 in
1535 1661 1720 1710 (semines
1762 1661 1825 1700 ila
1862 1673 2012 1702 nomen

1121 1720 1279 1771 findere
1306 1731 1470 1770 versus,
1511 1722 1685 1761 Desinat
1715 1727 1760 1762 ul
1782 1724 1908 1774 prior
1936 1725 2012 1764 hoc

1124 1782 1378 1831 incipiatque
1410 1783 1571 1831 minor,·
1601 1784 1655 1823 Et
1678 1786 1856 1835 pudeat,
1890 1787 1923 1825 sl
1954 1790 2006 1835 te,

1126 1855 1211 1893 qua
1243 1844 1406 1893 syllaba
1442 1850 1568 1895 parte
1606 1851 1821 1896 moratur,
1868 1848 2011 1888 Artius

1125 1907 1326 1956 appellem
1356 1907 1700 1957 Tuticanumque
1718 1920 1872 1949 vocem.
1924 1912 2010 1950 Nec

1120 1973 1236 2019 poles
1276 1969 1320 2007 in
1357 1980 1523 2009 versum
1553 1970 1751 2010 Tuticani
1793 1983 1910 2011 more
1937 1984 2010 2012 ve—

1124 2030 1240 2079 ntre,
1272 2031 1370 2070 Fial
1397 2035 1444 2070 ut
1472 2043 1492 2071 e
1522 2032 1649 2083 longa
1677 2033 1840 2082 syllaba
1862 2035 2009 2084 prima

1125 2093 1282 2143 brevis,
1326 2093 1407 2133 Aul
1429 2096 1719 2144 producatur,
1763 2107 1871 2146 quae
1900 2108 2010 2136 nunc

1124 2156 1355 2206 correptius
1374 2157 1475 2205 exit,
1507 2158 1561 2196 Et
1586 2158 1638 2197 sit
1659 2163 1861 2207 porrecta
1880 2159 2007 2210 longa

1123 2219 1304 2258 secunda
1322 2230 1459 2258 mora.
1509 2218 1652 2259 Manil.
1678 2221 1726 2268 2,
1761 2221 1863 2261 897:
1901 2222 2010 2262 Dae-

1122 2281 1286 2320 monien
1334 2286 1570 2321 memorant
1617 2283 1764 2330 Graiu·
1818 2284 2009 2323 Romana

1117 2354 1198 2392 pet·
1234 2354 1313 2382 ora
1351 2345 1579 2392 Quaeritur
1618 2345 1661 2383 in
1698 2356 1822 2384 versu
1849 2346 2005 2386 titulus.

1123 2404 1306 2445 Martial.
1341 2406 1389 2454 9,
1424 2407 1501 2454 42,
1537 2407 1610 2445 110:
1656 2407 1816 2446 Nomen
1846 2408 2003 2458 nobile,

1122 2467 1264 2516 molle,
1297 2467 1519 2507 delicatum
1552 2468 1766 2519 (Earinon)
1797 2470 1923 2509 Versu
1943 2472 2004 2510 cli—

1124 2541 1215 2569 cere
1236 2542 1317 2569 non
1335 2531 1432 2569 rude·
1452 2530 1661 2578 volebam‚·
1693 2532 1773 2571 Sed
1802 2535 1848 2570 tu
1874 2533 2006 2582 sylla-

1125 2592 1178 2631 ba
1206 2596 1437 2631 contumaoe
1465 2604 1690 2644 repugnas,
1726 2615 1772 2622 —
1804 2595 2008 2645 perfacile

1124 2654 1198 2706 est]
1234 2654 1544 2705 «designare»;
1587 2655 1707 2706 quod
1739 2655 2005 2696 eliciendum

1124 2719 1191 2757 est
1208 2728 1261 2756 ex
1277 2728 1320 2756 V.
1340 2718 1488 2757 elicere.
1511 2740 1559 2746 —
1576 2719 1687 2758 venit
1702 2740 1723 2747 -
1740 2741 1763 2748 —
1779 2720 1855 2758 Hic
1871 2721 2003 2770 aqua]

1122 2778 1307 2819 Martial.
1326 2779 1365 2828 3,
1390 2781 1464 2820 56:
1489 2780 1552 2819 Sit
1567 2781 1746 2820 cisterna
1758 2782 1859 2820 mihi
1879 2793 2006 2832 quam

1121 2843 1245 2882 vinea
1277 2842 1390 2882 malo
1421 2843 1666 2892 Ravennae,
1715 2844 1818 2883 Cum
1849 2845 2007 2894 possim

1122 2905 1252 2943 mullo
1276 2905 1451 2944 vendere
1463 2905 1601 2954 pluris
1630 2917 1801 2955 aquam.
1830 2930 1874 2934 —
1896 2907 2008 2946 vilis-

1121 2968 1229 3006 sima
1245 2966 1400 3018 rerum]
1424 2966 1529 3006 Plat.
1550 2968 1742 3018 Euthyd.
1761 2979 1804 3020 p.
1825 2968 1919 3009 304.
1934 2970 2002 3009 Β.;

1122 3025 1178 3068 τὸ
1200 3022 1326 3085 ὕδωρ
1347 3024 1662 3069 εὐωνότατον.
1689 3053 1734 3059 -
1756 3030 1885 3083 ultra]
1909 3042 2006 3072 cer-

1123 3094 1165 3132 te
1200 3102 1342 3142 usque
1379 3091 1436 3131 ad
1467 3092 1729 3140 Canusium3
1768 3092 1865 3132 Aldi
1893 3093 2005 3133 ultro

1122 3155 1298 3193 rectum
1315 3163 1498 3194 sensum
1514 3165 1602 3194 non
1621 3154 1824 3205 praebet.
1851 3176 1897 3184 —-
1931 3155 2006 3194 hu-

1121 3216 1247 3255 meris
1279 3215 1473 3267 portare]
1525 3218 1691 3256 Panem
1735 3217 1778 3256 in
1820 3215 2004 3257 reticulo

1123 3278 1242 3318 servi
1262 3277 1514 3329 portabant.
1547 3278 1644 3318 Vid.
1672 3280 1760 3319 Sat.
1787 3281 1825 3328 4,
1860 3280 1898 3327 4,
1931 3277 2000 3318 47.

1178 3340 1324 3380 94-95.
1359 3340 1525 3392 Canusi]
1556 3340 1688 3380 hodie
1720 3341 1907 3389 Canosa,
1946 3339 2004 3379 ad

1122 3403 1331 3443 Aufidum
1368 3403 1412 3443 in
1447 3404 1641 3452 Daunia,
1685 3402 1899 3442 LXXXIV.
1943 3403 1997 3442 Μ.

183 3462 324 3513 Bergk
363 3474 409 3515 p.
442 3463 545 3504 440:
593 3463 686 3505 Καὶ
715 3458 800 3504 νῦν
837 3462 1055 3506 Κλεινίου
1123 3468 1167 3505 P.
1201 3477 1226 3505 a
1255 3466 1511 3506 Benevento
1533 3464 1713 3505 distans.
1751 3465 2000 3515 Antequam
