2231 3787
227 311 329 364 224
860 310 1072 350 iionATn
1101 308 1401 349 s-meAiiUM

301 443 418 506 Quo
459 440 625 511 magis
666 439 744 493 his
784 438 1001 501 credas,
1045 455 1179 508 puer
1205 437 1345 490 hunc
1373 454 1473 506 ego
1500 452 1696 505 parvus
1725 433 1951 489 Ofellam

303 542 524 612 Integris
564 540 758 612 opibus
798 541 917 593 novi
959 557 1063 592 non
1102 538 1257 591 latius
1297 555 1454 590 usum

301 645 474 709 Quam
515 659 651 695 nunc
691 641 897 695 accisis
975 638 1166 692 Videas
1205 646 1400 691 metato
1436 638 1488 689 in
1527 636 1698 708 agello

303 746 435 799 Cum
475 761 670 815 pecore
711 751 763 795 et
801 741 970 812 gnatis
1010 740 1198 792 sortem
1238 738 1488 792 mercede
1533 738 1809 800 colonum,
1941 737 2041 790 445

300 847 415 899 Non
453 862 580 915 ege,
625 851 947 903 narrantem,
990 849 1192 894 temere
1232 839 1317 893 edi
1358 839 1477 893 luce
1515 839 1751 910 profesta

302 946 610 1016 Quidquam
649 951 862 1015 praeter
901 941 1019 996 olus
1058 941 1299 995 fumosae
1340 958 1462 994 cum
1500 940 1641 1012 pede
1681 957 1898 1011 pernae.

347 1157 431 1196 1¹2.
468 1154 653 1207 Ofellam]
687 1154 782 1194 Vid.
817 1153 873 1194 ad
903 1165 944 1192 v.
978 1153 1016 1192 2.
1054 1176 1098 1181 —
1133 1152 1226 1192 443.
1260 1152 1414 1192 lautius
1442 1162 1557 1192 unus
1587 1152 1699 1192 Feae
1730 1162 1754 1191 a
1785 1161 1876 1191 sec.
1909 1161 1988 1199 m.‚

285 1222 333 1259 ut
360 1217 539 1258 volebat
567 1219 618 1258 H.
652 1217 924 1270 Stephanus;
971 1215 1118 1256 laetius
1146 1216 1196 1255 N.
1231 1215 1449 1255 Heinsius.
1495 1236 1540 1243 --
1584 1214 1676 1254 445.
1707 1213 1819 1254 natis
1845 1211 1989 1263 bc,LC

288 1284 388 1332 (non
419 1281 513 1332 Sp).

232 1468 348 1519 virg.
383 1470 490 1507 Aen.
516 1466 591 1515 40,
629 1466 723 1505 ⁶259.
761 1488 804 1493 ——
830 1463 953 1516 puer]
986 1465 1106 1504 certe
1172 1466 1350 1505 strenue
1373 1463 1629 1511 facientem,
1663 1462 1745 1503 etsi
1766 1472 1882 1502 nunc
1901 1462 2048 1514 potius

232 1542 269 1569 a.
290 1542 331 1568 u.
357 1541 395 1569 c.
419 1530 532 1575 7¹23
555 1529 639 1567 hoc
663 1527 780 1567 enim
800 1525 869 1567 vel
891 1528 1107 1577 sequente

232 1602 347 1631 anno
365 1591 698 1630 triumvirorum
716 1590 757 1628 in
775 1590 1011 1628 veteranos
1026 1586 1111 1626 lar-

232 1655 389 1704 gitione
412 1651 542 1692 Ofella
565 1651 751 1691 fundum
789 1660 921 1691 suum
952 1650 1111 1689 amise-

232 1718 311 1755 rat.
363 1715 529 1755 Eadem
551 1716 700 1753 autem
722 1712 922 1752 condicio
946 1709 1107 1751 Ofellae

233 1781 363 1828 atque
395 1776 600 1815 Moeridis
624 1775 844 1826 virgiliani
867 1773 953 1814 Ecl.
978 1774 1022 1823 9,
1056 1774 1105 1812 2:

232 1841 314 1880 vivi
338 1839 626 1889 pervenimus,
653 1839 815 1877 advena
836 1837 988 1885 nostri,
1022 1837 1109 1885 Quo

232 1912 447 1951 nunquam
479 1901 595 1939 veriti
625 1911 785 1949 sumus,
830 1903 877 1938 ut
899 1909 1110 1948 possessor

233 1963 356 2015 agelli
384 1963 576 2002 Diceret:
613 1962 746 2000 «Haec
777 1972 867 2000 mea
890 1964 1008 1999 sunt:
1038 1970 1111 1999 ve-

234 2030 336 2065 teres
376 2025 557 2074 mim-ate
599 2023 781 2062 coloni.»
831 2045 875 2050 -
920 2020 1108 2072 Ιηίεῃνὶε]

235 2086 475 2140 penultima
504 2085 744 2137 producta,
787 2086 833 2123 ut
863 2085 1036 2124 Lucret.
1063 2084 1107 2132 4,

235 2151 329 2190 926.
385 2150 497 2199 virg.
522 2147 609 2188 Ecl.
636 2149 681 2196 4,
715 2149 754 2186 5.
791 2170 836 2177 -
868 2157 949 2185 ozon
970 2145 1108 2197 latius]

237 2224 349 2252 «non
378 2210 563 2262 largius,
596 2221 684 2249 non
713 2209 977 2261 profusius.»
1029 2209 1110 2259 Op-

235 2274 411 2326 ponitur
450 2273 678 2323 angustius.
740 2272 866 2311 Caes.
900 2272 946 2310 B.
982 2271 1028 2311 C.
1060 2270 1106 2319 3,

239 2337 308 2375 ⁴6:
360 2346 446 2374 rem
486 2335 870 2385 frumentariam-,
904 2345 988 2383 qua
1027 2344 1109 2372 αη-

234 2401 350 2449 quste
378 2397 583 2436 utebatur.
646 2398 829 2435 Prorsus
866 2396 994 2446 igitur
1033 2405 1110 2434 su-

235 2470 541 2511 pervacaneae
565 2460 690 2497 erant
719 2458 998 2497 coniecturae
1021 2456 1112 2495 lau-

236 2522 317 2560 tius
347 2523 390 2560 et
419 2521 578 2560 laelius.
617 2541 659 2547 —
696 2518 852 2570 accisis]
886 2520 1110 2567 Quatenus

238 2586 324 2623 iam
355 2594 440 2623 non
471 2594 704 2634 possessor
727 2582 852 2634 agelli
883 2584 996 2631 erat,
1031 2580 1112 2622 sed

238 2645 420 2686 colonus
450 2648 634 2685 tantum.
673 2668 713 2676 -—
765 2645 923 2696 Videas]
957 2647 1110 2693 «tunc,

238 2709 273 2747 si
304 2707 361 2746 ibi
398 2707 575 2755 fuisses,
621 2707 773 2747 videre
805 2709 1026 2759 poteras.»
1065 2728 1107 2734 —

238 2773 389 2809 metato
433 2770 471 2808 in
517 2769 669 2820 agello]
718 2780 879 2820 «quem
924 2770 1114 2809 metator

238 2833 481 2882 assignarat
501 2831 723 2873 Umbreno
744 2833 1000 2871 veterano.»
1036 2831 1117 2870 Te-

240 2897 305 2933 ste
349 2895 545 2945 Appiano
575 2894 622 2932 B.
655 2894 701 2933 C.
739 2892 786 2942 4,
819 2894 857 2932 3.
905 2891 1115 2932 militibus

239 2955 433 2995 attributi
465 2958 566 2995 sunt
595 2956 876 3007 potissimum
907 2955 1000 3006 agri
1028 2954 1113 2994 ho-

240 3029 338 3057 rum
369 3017 656 3068 oppidorum:
701 3018 904 3068 Capuae,
937 3018 1112 3068 Rhegii,

238 3079 534 3126 Venusiae,
568 3080 827 3128 Beneventi,
872 3080 1112 3127 Nuceriae,

239 3140 436 3187 Arimini,
459 3140 654 3180 Vibonis.
685 3141 770 3180 Csr.
795 3139 991 3180 Valerius
1009 3141 1114 3180 Cato

240 3203 329 3243 Dir.
353 3201 425 3242 45:
458 3203 618 3241 Pertica
639 3214 745 3251 quae
773 3207 933 3242 nostros
963 3206 1117 3241 metata

241 3269 298 3305 est
326 3265 453 3314 impia
485 3265 652 3315 affectos.
715 3265 804 3304 Cic.
830 3263 1012 3315 Philipp.
1039 3263 1110 3312 44,

242 3326 287 3375 4,
323 3327 395 3366 40:
443 3337 567 3376 quam
608 3325 791 3376 (urbem)
831 3327 919 3365 iam
955 3327 1116 3375 peritus

242 3392 418 3428 metator
461 3392 497 3427 et
538 3388 711 3427 callidus
755 3389 997 3437 decempeda
1038 3399 1115 3429 sua

244 3452 363 3490 Sama
384 3451 592 3490 diviserat.
627 3450 749 3490 Coris.
775 3450 852 3489 Od.
878 3451 922 3498 2,
948 3451 1020 3498 45,
1045 3451 1109 3490 45.

246 3535 292 3543 —
321 3513 483 3566 fortem]
516 3523 728 3563 «navum,
761 3523 871 3564 opus
897 3513 1114 3553 rusticum

1172 1538 1286 1567 novo
1332 1527 1511 1566 domino
1556 1536 1691 1577 quam
1740 1525 1920 1566 sibimet
1966 1525 2050 1577 ipsi

1173 1601 1327 1641 agrum
1359 1588 1502 1629 colit.»
1554 1588 1640 1628 Cfr.
1664 1588 1772 1639 Epp.
1796 1590 1844 1637 2,
1870 1589 1885 1628 4
1909 1620 1917 1637 ,
1952 1587 2046 1629 439.

1172 1653 1287 1702 Virg.
1313 1653 1388 1691 Ge.
1424 1651 1470 1699 3,
1503 1650 1605 1690 G288:
1653 1651 1728 1690 Hic
1771 1650 1914 1699 lab0r;
1956 1651 2050 1690 hinc

1172 1714 1336 1754 laudem
1376 1714 1502 1764 fortes
1545 1717 1707 1763 sperate
1749 1713 1896 1752 coloni.
1970 1710 2049 1752 Alii

1173 1778 1318 1817 minus
1348 1777 1545 1828 apposite
1579 1775 1880 1815 «honestum»
1912 1773 2052 1826 expli-

1173 1842 1289 1879 cant.
1336 1861 1380 1866 —
1423 1838 1607 1877 mercede
1648 1836 1851 1888 colonum]
1899 1835 2051 1877 Coloni

1174 1902 1291 1941 enim
1323 1902 1397 1939 aut
1425 1900 1620 1951 partiarii
1652 1901 1797 1948 erant,
1845 1900 1894 1938 ut
1921 1897 2052 1938 Italo-

1173 1975 1273 2003 rum
1320 1963 1499 2012 massaj,
1558 1965 1631 2001 aut
1681 1961 1873 2001 nummis
1922 1971 2051 2011 agros

1173 2024 1457 2076 locupletium
1480 2023 1698 2064 colebant.
1736 2022 1840 2063 Plin.
1865 2023 1973 2074 Epp.
1999 2022 2048 2072 9,

1175 2088 1247 2127 37:
1278 2087 1468 2127 Medendi
1486 2098 1573 2125 una
1593 2086 1729 2133 ratio,
1763 2086 1797 2124 si
1824 2097 1908 2124 non
1927 2096 2053 2125 num-

1174 2161 1254 2200 mo,
1273 2150 1340 2189 sed
1354 2149 1548 2199 partibus
1568 2149 1695 2188 locem
1711 2147 1904 2198 (praedia
1923 2146 2050 2200 mea),

1174 2213 1229 2251 ita
1262 2213 1309 2250 ut
1339 2210 1517 2250 dimidia
1546 2209 1617 2250 vel
1652 2211 1780 2249 tertia
1808 2211 2052 2261 proventus

1173 2284 1276 2325 pars
1323 2271 1464 2312 coloni
1507 2273 1586 2322 sit,
1638 2271 1809 2322 reliqua
1853 2272 2048 2320 domini;

1174 2334 1335 2375 Ofellae
1375 2346 1529 2375 merces
1558 2346 1593 2375 s.
1627 2336 1747 2374 certa
1785 2335 1941 2386 pensio
1978 2344 2053 2374 as-

1173 2398 1340 2448 signata
1373 2398 1481 2436 erat.
1534 2396 1596 2436 Cf.
1621 2395 1790 2436 Colum.
1816 2398 1864 2447 4,
1897 2396 1937 2436 7.

1230 2460 1244 2498 «1
1258 2459 1272 2498 4
1284 2459 1352 2499 6-4
1366 2459 1430 2498 22.
1462 2459 1556 2497 Non
1576 2480 1599 2487 -
1617 2480 1640 2486 -
1661 2457 1823 2509 temere]
1857 2469 1970 2498 «non
1991 2457 2054 2498 sa-

1176 2520 1281 2570 cile,
1313 2532 1456 2560 raro.»
1495 2541 1538 2547 —
1571 2520 1628 2559 Ac
1656 2519 1769 2572 mihi]
1800 2520 1894 2560 wie
1922 2520 2053 2560 denn
2128 2523 2132 2527 ’

1176 2584 1318 2624 auch.
1387 2584 1585 2623 Praestat
1626 2583 1739 2622 haec
1783 2581 1907 2622 alteri
1947 2581 2049 2622 lect.

1177 2651 1241 2695 αι,
1289 2646 1391 2696 quia
1431 2644 1547 2684 nulla
1579 2646 1648 2684 est
1683 2645 1899 2696 oppositio
1939 2645 2054 2685 inter

1178 2705 1338 2747 Osellae
1360 2707 1524 2745 victum
1554 2706 1858 2757 quotidianum
1880 2709 1924 2746 et
1944 2718 2053 2747 con-

1176 2770 1339 2809 vivium
1359 2767 1537 2818 aliquod
1559 2769 1813 2819 opiparum;
1845 2779 1949 2808 nam
1969 2769 2054 2809 ho-

1177 2831 1337 2882 spitem
1368 2839 1568 2880 quoque,
1616 2830 1698 2870 etsi
1734 2832 1836 2881 post
1874 2829 2053 2881 longum

1177 2892 1390 2943 temporis
1427 2890 1702 2931 intervallum
1739 2891 2052 2932 advenientem

1177 2958 1307 3004 atque
1329 2955 1511 3005 propter
1525 2954 1610 2993 hoc
1631 2954 1777 3005 ipsum
1793 2955 2047 3005 gratiorem,

1179 3027 1320 3067 aeque
1350 3016 1522 3055 modica
1545 3027 1698 3056 mensa
1720 3015 1981 3067 excipiebat.
2001 3038 2049 3045 —

1177 3089 1347 3129 operum
1380 3078 1526 3130 vacuo]
1575 3090 1701 3118 «cum
1742 3080 1926 3130 propter
1967 3079 2053 3118 im-

1176 3140 1306 3180 brem
1336 3143 1493 3180 neuter
1531 3141 1654 3192 operi
1692 3141 1856 3180 rustico
1891 3150 2052 3180 vacare

1179 3203 1374 3254 posset.»
1409 3225 1453 3230 ——
1492 3202 1588 3242 bene
1630 3206 1722 3242 erat
1764 3203 1868 3251 cet.]
1912 3200 2050 3242 Plaut.

1180 3264 1323 3305 Casin.
1362 3265 1409 3314 2,
1442 3263 1486 3314 3,
1520 3263 1600 3304 37:
1650 3264 1720 3303 ubi
1761 3264 1821 3302 ilci
1864 3263 1960 3303 bene
2000 3263 2052 3303 sit

1177 3327 1311 3378 ligno,
1345 3337 1461 3376 aqua
1488 3326 1649 3375 calida,
1682 3326 1794 3375 cibo,
1831 3326 2051 3365 vestimen-

1176 3390 1239 3429 tis.
1277 3410 1320 3417 -
1353 3388 1467 3440 urbe]
1499 3389 1640 3428 Etiam
1679 3387 1722 3426 in
1753 3387 1925 3438 oppidis
1965 3387 2050 3426 mi-

1177 3450 1359 3491 noribus
1390 3453 1433 3490 et
1462 3461 1564 3490 rure
1600 3450 1746 3501 pisces
1777 3449 1934 3488 marini
1963 3450 2050 3489 Ro-

1176 3523 1275 3553 mae
1306 3512 1482 3553 emendi
1513 3513 1664 3562 erant,
1697 3511 1734 3552 si
1763 3512 1860 3562 quis
1889 3510 2048 3552 lautius
