2231 3787
299 303 400 354 (¹)th

1102 298 1316 338 HORATll

370 436 658 504 Serpentes
699 429 887 484 avibus
924 429 1282 499 geminentur,
1326 425 1548 496 tigribus
1589 425 1725 496 agni.

368 535 596 605 Inceptis
634 532 885 603 gravibus
926 531 1242 601 plerumque
1283 536 1335 580 et
1375 544 1564 598 magna
1603 526 1861 597 professis

368 638 702 706 Purpureus,
747 633 847 685 late
887 631 978 701 qui
1019 629 1321 700 splendeat,
1363 646 1501 681 unus
1541 637 1594 681 et
1632 627 1763 681 alter

2053 626 2118 678 215

369 736 621 789 Adsuitur
660 750 889 804 pannus,
932 748 1054 784 cum
1092 730 1245 784 lucus
1286 738 1339 783 et
1377 747 1470 782 ara
1510 729 1710 782 Dianae

372 840 430 891 Et
469 834 806 908 properantis
847 850 1020 904 aquae
1059 849 1157 903 per
1195 848 1451 885 amoenos
1492 830 1722 883 ambitus
1763 847 1949 899 agrOS,

414 1010 478 1050 13.
514 1010 608 1049 aeni
639 1010 684 1048 B.
729 1031 769 1036 —-
812 1008 871 1046 Π.
906 1006 971 1057 Et]
1002 1006 1080 1045 Aut
1111 1006 1151 1045 S.

300 1180 323 1207 a
363 1168 493 1218 poeta
531 1176 617 1205 non
656 1163 873 1203 debent.»
919 1185 960 1190 —
1009 1161 1178 1213 coeant]

302 1229 364 1270 Cf.
390 1230 497 1280 Epp.
526 1229 561 1275 sl,
588 1228 628 1274 5,
652 1227 724 1265 25.
760 1229 803 1264 ut
832 1227 951 1263 coeat
976 1236 1062 1274 par
1088 1226 1182 1263 Iun-

299 1296 508 1343 yalurque
521 1289 636 1339 pari.
663 1309 705 1314 —
735 1288 950 1336 Serpentes
967 1287 1069 1337 cet]
1093 1286 1180 1325 Etsi

302 1353 515 1405 primum,
550 1352 597 1389 ut
628 1351 683 1388 ita
716 1349 886 1395 dicam,
922 1351 1054 1400 caput
1083 1347 1181 1387 libri

302 1416 458 1454 finiens
490 1413 601 1452 redit
624 1410 956 1463 quodammodo
979 1411 1034 1449 ad
1055 1422 1095 1449 v.
1122 1412 1178 1459 4.,

303 1476 382 1516 alia
414 1471 626 1515 ἀδύνατα
647 1474 922 1524 significans,
959 1471 1092 1511 nolim
1115 1474 1183 1511 ta-

305 1549 405 1578 men
437 1537 477 1576 li.
511 1536 536 1576 l.
570 1547 670 1576 cum
711 1534 924 1575 Lambino
963 1535 1182 1586 interpre-

304 1601 383 1640 tari
415 1600 469 1638 de
502 1599 654 1639 formis
685 1598 979 1638 monstruosis
1012 1609 1064 1637 ex
1093 1608 1184 1636 ser-

303 1664 434 1714 pente
467 1664 509 1700 et
541 1662 630 1710 avi,
667 1673 719 1700 ex
750 1659 905 1710 tigride
935 1662 978 1699 et
1008 1670 1118 1710 agno
1142 1659 1183 1698 in

303 1735 442 1763 unum
465 1724 687 1770 conflatis;
721 1722 802 1763 sed
821 1722 1027 1773 {seminari
1055 1721 1184 1771 signi—

304 1787 406 1825 ficat
435 1784 654 1836 «copulari
681 1787 722 1824 et
753 1784 972 1836 placidam
994 1785 1184 1824 societa-

305 1852 396 1887 tem
417 1848 746 1897 amicitiamque
770 1848 924 1886 inire.»
955 1846 1017 1886 Cf.
1042 1846 1180 1896 Epod.

310 1911 382 1957 ⁴6,
407 1910 457 1948 30
479 1921 576 1959 sqq.
625 1909 683 1948 Ex
716 1908 851 1948 altera
873 1909 1040 1947 ratione
1066 1907 1184 1946 haud

306 1972 435 2011 nimis
457 1971 565 2010 scite
593 1972 828 2020 imaginem
851 1972 891 2009 in
915 1970 1094 2010 exordio
1118 1980 1186 2009 sa-

307 2035 358 2074 tis
391 2033 741 2072 demonstratam
772 2031 906 2072 veluti
943 2034 1181 2083 repeteret.

361 2095 532 2135 ‹lli-2¹8.
580 2095 754 2144 Inceplts
784 2096 885 2146 cet.]
939 2110 957 2130 «
976 2095 1183 2134 poemata

306 2160 431 2210 epica
471 2160 513 2197 et
548 2157 830 2207 tragoediae,
879 2168 992 2208 quae
1024 2168 1184 2208 magna

306 2221 528 2272 quaedam
560 2231 610 2259 ac
642 2232 722 2259 non
753 2220 874 2269 prius
903 2221 1051 2258 audita
1086 2230 1188 2271 pro-

308 2284 503 2330 mittunt,
538 2293 673 2333 saepe
697 2283 737 2321 in
761 2293 813 2321 eo
835 2284 1038 2333 peccant,
1067 2281 1186 2332 quod

306 2346 543 2396 scriptores
584 2343 701 2383 falsis
741 2343 969 2383 lenociniis
1011 2345 1186 2382 utentes

306 2408 377 2446 hic
408 2405 491 2446 illic
521 2417 609 2445 non
641 2417 720 2446 suo
752 2405 847 2445 loeo
876 2408 1078 2445 ornatum
1113 2405 1187 2444 ad-

307 2468 474 2508 hibent.
494 2484 512 2503 »
552 2490 598 2496 —
644 2469 884 2518 Purpureus
903 2491 925 2497 -
945 2491 967 2497 -
990 2469 1188 2507 Adsuitm·

301 2531 487 2582 pannus]
520 2529 714 2581 Intellige
735 2530 803 2570 vel
835 2531 889 2571 de
913 2534 1038 2582 togae
1060 2541 1188 2582 prae-

307 2596 449 2632 textae
482 2591 566 2631 lato
600 2591 723 2632 clavo
753 2592 822 2632 vel
855 2593 909 2633 de
933 2594 1077 2633 instita
1099 2595 1187 2633 sto-

309 2653 393 2694 lae.
453 2655 502 2693 V.
546 2655 738 2693 adsuitur
782 2656 927 2706 ipsum
972 2655 1188 2705 signifieat

309 2716 561 2757 huiusmodi
579 2716 899 2768 descriptiones
921 2716 1185 2768 plerumque

310 2789 665 2829 supervacaneas
690 2790 788 2819 esse
809 2792 816 2826 ς
852 2778 1046 2830 loquitur
1068 2780 1186 2819 enim

309 2841 501 2879 maxime
541 2839 596 2879 de
635 2841 954 2892 intempestivis
985 2852 1007 2880 a
1039 2852 1087 2881 re
1119 2841 1187 2879 di-

310 2901 631 2951 gressionibus,
657 2900 956 2952 ὲπεισοόίοις.
1000 2902 1185 2953 Singulis

311 2965 460 3001 autem
491 2974 604 3012 quae
637 2974 738 3003 mox
777 2968 996 3004 memorat
1033 2967 1185 3004 notare

311 3024 485 3063 videtur
515 3027 634 3063 certa
666 3026 887 3075 quaedam
919 3037 1024 3066 suae
1066 3028 1187 3065 aeta-

313 3089 366 3126 tis
389 3088 617 3139 poemata,
648 3086 780 3126 veluti
800 3088 1090 3139 probabiliter
1111 3088 1189 3127 Fu-

314 3150 428 3188 rium
458 3146 715 3187 Bibaculum
747 3150 786 3187 in
816 3150 996 3189 flumine
1020 3150 1184 3189 Rheno.

316 3211 378 3251 Cf.
404 3212 490 3250 Sat.
523 3211 569 3258 t,
604 3210 677 3258 40,
710 3211 775 3249 37.
827 3212 920 3258 Quo
953 3213 993 3251 in
1025 3222 1187 3262 genere

318 3272 557 3312 elaboravit
588 3273 719 3311 etiam
752 3272 968 3313 Fabianus
1000 3272 1089 3322 ille,
1134 3273 1188 3313 de

318 3345 406 3384 quo
437 3335 605 3373 Seneca
638 3334 842 3373 Controv.
869 3335 906 3373 2.
936 3335 1100 3375 Praef:
1135 3336 1192 3375 lo-

317 3407 461 3435 corum
489 3396 652 3435 habitus
679 3397 979 3447 fluminumque
999 3392 1193 3437 decursus

320 3464 355 3498 et
384 3458 548 3497 urbium
577 3459 677 3497 situs
703 3469 917 3508 moresque
940 3460 1193 3508 populorum

1245 1161 1328 1213 eus]
1362 1161 1554 1212 Respicit
1583 1159 1639 1199 ad
1659 1160 1702 1199 h.
1727 1158 1752 1199 l.
1777 1160 1953 1200 Persius
1977 1160 1991 1199 l
2014 1191 2021 1207 ,
2046 1160 2119 1199 70:

1244 1235 1316 1262 nec
1342 1233 1500 1272 ponere
1528 1222 1667 1261 lucum
1694 1222 1898 1273 artifices3
1930 1219 2066 1261 veluti
2088 1222 2123 1261 si

1244 1286 1361 1336 Virg.
1387 1286 1493 1324 Aen.
1519 1284 1566 1332 3,
1601 1284 1699 1324 679:
1736 1284 1878 1333 quales
1906 1295 2000 1323 cum
2027 1294 2125 1323 ver-

1244 1349 1321 1387 tice
1342 1342 1451 1386 ‘celso
1480 1348 1632 1386 Aeriae
1662 1357 1838 1396 quercus
1866 1351 1941 1386 aut
1968 1346 2124 1396 conife-

1246 1421 1320 1449 rae
1339 1410 1542 1459 cyparissi
1564 1409 1865 1459 Constiterant,
1901 1409 2008 1448 silva
2036 1409 2123 1448 alla

1244 1472 1350 1511 Iovis
1393 1472 1557 1510 lucusve
1599 1471 1789 1519 Dianae,
1847 1481 1950 1510 cum
1993 1470 2122 1518 dixit,

1247 1534 1459 1585 deinceps
1503 1534 1545 1572 in
1592 1534 1658 1573 his
1705 1532 2012 1573 descrihendis
2051 1532 2125 1572 diu

1247 1598 1508 1636 immoratus
1541 1597 1673 1635 esset.
1725 1594 1839 1635 Talis
1869 1597 2018 1635 autem
2057 1593 2126 1634 lu—

1248 1670 1326 1699 cus
1357 1659 1535 1709 copiose
1567 1658 1759 1697 describi
1804 1659 1977 1709 poterat
2007 1659 2050 1697 et
2083 1658 2124 1696 in

1247 1722 1435 1772 utraque
1473 1721 1697 1772 Iphigenia
1736 1722 1780 1760 et
1819 1719 1895 1759 ubi
1940 1721 2124 1760 Dianam

1248 1786 1570 1823 Nemorensem
1619 1783 1790 1822 Ariciae
1840 1781 2004 1822 cultam
2049 1782 2121 1833 (cf.

1248 1845 1457 1893 Strabo-5,
1482 1844 1537 1894 3.)
1572 1846 1843 1884 memoraret
1860 1846 2004 1896 po'eta.
2048 1845 2126 1896 (Ad

1248 1907 1518 1958 Iphigeniam
1548 1905 1742 1957 aliquam
1771 1907 1971 1946 Latinam
1993 1907 2129 1946 Hora-

1248 1972 1391 2010 tianae
1423 1971 1578 2011 aetatis
1609 1971 1721 2010 haec
1753 1970 1884 2010 refert
1920 1968 2128 2010 Welcker

1250 2032 1400 2084 Suppl.
1425 2033 1474 2072 V.
1501 2034 1550 2072 II.
1576 2034 1620 2072 T.
1647 2034 1715 2072 ΙΙΙ.
1747 2043 1790 2084 p.
1827 2031 1964 2082 4437.)
1999 2055 2044 2060 —
2075 2032 2129 2070 Et

1247 2095 1516 2145 properantis
1556 2094 1658 2145 cet]
1698 2095 1866 2135 Versus
1909 2095 2013 2146 ipsis
2043 2105 2128 2134 nu—

1250 2159 1385 2198 meris
1424 2159 1514 2198 suis
1554 2157 1782 2209 praeclare
1825 2157 2127 2197 conformatus

1251 2222 1319 2260 est
1348 2220 1403 2259 ad
1434 2220 1515 2259 rivi
1545 2221 1722 2260 amoeni
1753 2230 1934 2260 cursum
1957 2219 2130 2258 imitan-

1251 2283 1372 2323 dum.
1410 2306 1453 2310 —
1489 2284 1644 2334 flumen
1681 2283 1877 2332 Rhenum]
1920 2281 2123 2321 adieetiv.

1249 2348 1297 2385 ut
1327 2344 1406 2384 Od.
1431 2344 1478 2393 4,
1512 2344 1558 2394 4,
1592 2345 1665 2385 38:
1698 2347 1940 2385 Metaurum
1956 2346 2123 2397 flumen.

1250 2409 1382 2447 Tacit.
1408 2408 1516 2447 Hist.
1542 2407 1589 2456 4,
1626 2408 1699 2446 4⁵2:
1747 2418 1867 2447 mare
1902 2407 2123 2446 Oceanum.

1252 2472 1355 2511 Mire
1380 2472 1531 2510 autem
1563 2470 1617 2510 de
1649 2471 1800 2510 Rheno
1830 2469 2000 2518 Italico,
2034 2470 2128 2510 exi-

1250 2545 1334 2585 guo
1357 2533 1475 2585 apud
1497 2534 1737 2573 Bononiam
1759 2533 1965 2581 flumine,
1990 2533 2127 2572 inter-

1250 2597 1448 2647 pretatus
1480 2597 1546 2635 est
1576 2597 1606 2634 I.
1639 2596 1686 2634 B.
1717 2595 1864 2635 Vicus.
1901 2617 1945 2622 -
1986 2595 2125 2646 arcus]

1251 2658 1325 2708 qui
1357 2657 1582 2708 quomodo
1618 2668 1705 2696 non
1736 2667 1818 2708 per
1837 2655 2037 2708 putidam
2059 2655 2128 2695 di·-

1251 2720 1526 2771 gressionem
1557 2730 1641 2758 nee
1673 2729 1753 2770 per
1781 2719 1934 2758 inanes
1969 2718 2127 2758 amba-

1251 2792 1346 2832 ges,
1382 2781 1462 2820 sed
1492 2781 1665 2832 poetice
1697 2779 2022 2820 describendus
2052 2791 2127 2820 es-

1250 2845 1340 2891 set,
1375 2842 1696 2882 demonstravit
1727 2840 1927 2892 Virgilius
1947 2843 2057 2882 Aen.
2080 2842 2124 2891 4,

1250 2905 1352 2943 700:
1402 2905 1514 2954 Ergso
1554 2905 1632 2942 Iris
1669 2904 1826 2943 croceis
1858 2915 1937 2954 per
1965 2905 2127 2944 caelum

1248 2966 1414 3005 roscida
1435 2966 1598 3015 pinnis,
1641 2966 1754 3005 Mille
1787 2966 1952 3006 trahens
1978 2967 2122 3006 varios
2182 2984 2187 2989 ·

1249 3029 1422 3067 adverso
1451 3028 1532 3067 sole
1559 3028 1738 3077 colores,
1770 3028 1959 3068 Devolat.

1308 3090 1451 3129 49:23.
1499 3090 1578 3129 Sed
1615 3101 1725 3129 nunc
1755 3089 1858 3140 cet.]
1892 3089 1965 3129 ald
2005 3090 2126 3141 quod

1253 3153 1293 3191 te
1316 3152 1481 3202 ipsum,
1516 3154 1669 3203 poeta,
1703 3152 1739 3191 si
1760 3153 1902 3191 artem
1923 3150 2123 3200 calleres,
2196 3193 2201 3197 ,

1253 3213 1402 3264 sugere
1433 3225 1718 3265 nequaquam
1748 3213 1989 3254 debebat.»
2040 3214 2129 3254 «Si-

1255 3276 1344 3316 cuti
1375 3274 1457 3315 alia
1487 3276 1698 3327 temporis
1728 3274 1948 3315 vocabula
1977 3275 2031 3315 ad
2069 3275 2128 3316 lo-

1256 3348 1358 3376 cum
1400 3337 1629 3377 transferri
1673 3336 1836 3386 solent,
1891 3337 1948 3376 ita
1993 3337 2128 3378 etiam

1255 3410 1384 3447 nune,
1420 3398 1539 3449 quod
1570 3409 1650 3450 pro
1671 3399 1736 3438 hic
1756 3398 1975 3450 ponitur.»
2007 3399 2126 3438 HAND

1256 3462 1379 3501 Turs.
1423 3462 1492 3500 IV.
1534 3472 1576 3512 p.
1620 3461 1713 3501 342.
1762 3484 1806 3489 —
1845 3461 1897 3501 Et
1935 3461 2124 3513 fortasse]

322 3532 436 3560 nemo
476 3521 686 3570 descripsit
723 3520 1014 3559 abundantius.
1053 3545 1095 3549 —
1127 3523 1193 3561 lu-
1259 3523 1395 3562 «Auch
1429 3523 1578 3562 kannsc
1615 3524 1670 3562 clu
1696 3523 1894 3562 vielleicht
1928 3524 2017 3564 eine
2045 3523 2126 3572 Cy-
