2231 3787
886 233 981 271 ΗΒ.
1018 234 1044 271 1.

283 363 413 414 Esse
455 362 504 413 in
544 363 835 416 amicorum
875 381 1117 417 numero.

1108 234 1218 272 SAT.
1256 235 1321 273 w.

1924 237 2024 290 1115

1194 365 1439 434 Magnum
1478 366 1579 419 hoc
1619 386 1719 437 ego
1759 369 1927 425 ‹lut-o,

285 463 440 528 Quod
482 463 655 534 placui
695 463 812 522 tibi,
856 465 946 535 qui
988 465 1125 535 turpi
1167 466 1405 519 secernis
1446 466 1753 531 honestum,

281 566 394 617 Non
435 574 585 636 patre
625 566 925 636 praedat-0,
965 567 1062 619 sed
1101 568 1204 619 vita
1245 578 1296 621 et
1336 579 1552 640 pectore
1592 589 1744 641 puro,

281 667 436 738 Atqui
477 669 519 719 si
560 668 698 720 vitiis
738 667 1102 722 mediocribus
1142 688 1204 724 ac
1244 688 1362 724 mea
1402 672 1587 742 paucis
1960 677 2026 724 ⁴353

282 768 538 821 Mendosa
578 779 658 822 est
698 779 906 830 natura,
949 769 1147 841 alioqui
1190 781 1358 830 recta,
1402 772 1545 826 velut
1583 775 1626 826 si

282 870 507 941 Egregio
549 871 821 942 inspersos
862 873 1228 944 reprehendas
1269 891 1497 945 corpore
1538 893 1764 930 naevos.

281 972 333 1024 si
375 990 553 1043 neque
595 974 869 1026 avaritiam
910 993 1087 1046 neque
1128 975 1318 1029 sordes
1358 986 1448 1029 aut
1486 977 1624 1030 mala
1662 977 1827 1031 lustra

280 1073 512 1128 Obiiciet
552 1093 677 1128 vere
718 1077 1005 1146 quisquam
1045 1076 1195 1139 mihi,
1239 1096 1406 1148 purus
1445 1088 1497 1131 ct
1536 1080 1717 1133 insons
1754 1112 1822 1118 —

278 1175 340 1229 Ut
377 1193 462 1228 me
505 1175 807 1229 collaudem
845 1208 915 1215 -
953 1179 995 1229 si
1038 1188 1090 1230 et
1129 1179 1249 1231 vivo
1289 1196 1446 1233 carus
1487 1181 1697 1233 amicis:
1963 1183 2028 1234 70

316 1365 382 1403 62.
417 1365 506 1417 eqo]
538 1365 637 1404 mihi
667 1377 709 1418 p.
747 1386 791 1393 ·—
827 1365 893 1406 64.
926 1368 1037 1406 ritae
1059 1372 1227 1417 pectore
1257 1370 1298 1408 in
1329 1380 1483 1408 rasura
1515 1369 1558 1409 h.
1598 1394 1640 1398 —
1677 1371 1741 1409 65.
1776 1375 1849 1410 au!
1878 1382 1969 1410 mea

257 1439 300 1478 p,
334 1430 422 1467 tres
455 1428 662 1467 Pottierii.
699 1452 742 1456 —
777 1429 843 1468 66.
877 1429 1064 1478 alioquin
1094 1429 1199 1470 hSd.
1237 1454 1281 1459 —
1317 1433 1382 1470 67.
1419 1433 1627 1482 insparsos
1658 1432 1685 1472 b
1723 1436 1765 1472 et
1795 1443 1908 1472 corr.
1943 1434 1967 1471 d

259 1490 482 1539 (inspersos
524 1501 590 1542 pr.
638 1489 696 1540 d).
748 1514 793 1518 —
839 1493 1067 1541 reprendas
1111 1493 1194 1532 LCt
1241 1496 1284 1532 et
1328 1493 1562 1534 Bentleius.
1602 1518 1646 1522 —
1679 1495 1745 1535 68.
1780 1508 1830 1535 ac
1860 1497 1975 1535 mala

258 1551 407 1604 bScdp
440 1555 483 1592 et
514 1564 669 1594 omnes
701 1555 919 1602 Pottierii,
960 1556 1032 1601 Lt,
1070 1566 1144 1594 nec
1179 1556 1297 1594 mala
1333 1567 1383 1595 cx
1417 1556 1524 1596 Cod.
1558 1556 1708 1596 Bland.
1744 1559 1972 1608 antiquiss.

260 1615 307 1653 C.
345 1615 433 1665 (aut
464 1615 654 1656 debetur
683 1617 843 1656 Acroni
876 1619 1177 1669 manuscripto
1209 1629 1278 1669 ap.
1322 1618 1459 1658 Bentl.
1502 1622 1546 1658 et
1592 1619 1769 1659 editioni
1816 1621 1969 1659 venet.

258 1677 396 1728 4490.)
432 1701 475 1706 —
510 1678 575 1717 70,
600 1679 634 1717 si
655 1679 745 1718 rivo
765 1683 802 1718 et
823 1680 977 1729 Lcfflt
1010 1691 1112 1728 nos,

199 1853 272 1882 ren
301 1842 588 1881 umherreiten.
646 1843 715 1882 Sic
738 1841 874 1882 Plaut.
899 1842 1008 1882 Rud.
1035 1842 1073 1891 4,

199 1905 248 1951 2,
281 1905 358 1944 29:
405 1904 567 1954 Oppida
596 1905 755 1944 circum
782 1905 989 1944 vectabor.
1029 1927 1073 1932 -—

198 1967 450 2007 Satureiano
486 1989 509 1995 -
538 1990 562 1996 —
597 1967 782 2017 caballo]
826 1968 1073 2016 Saturium,

1147 1679 1330 1731 bScdpl

1143 1854 1245 1883 rum
1289 1843 1458 1884 artibus
1504 1845 1673 1884 aditum
1719 1857 2021 1898 expugnasse,

1143 1907 1190 1944 ut
1236 1906 1383 1945 facere
1428 1905 1511 1946 sihi
1555 1911 1850 1959 proposuerat
1891 1910 2025 1949 homo

1142 1966 1212 2008 ille
1244 1969 1525 2020 importunus
1547 1971 1634 2009 Sat.
1661 1971 1705 2019 4,
1740 1971 1784 2019 9,
1818 1972 1892 2011 58;
1926 1977 2027 2011 tem-

199 2030 375 2069 Horatio
404 2030 666 2077 Sameramin,
708 2031 820 2069 test-e
851 2030 1076 2080 Stephano
1134 2042 1247 2080 pora
1268 2042 1476 2079 quaeram
1488 2043 1501 2079 ‚·
1535 2033 1765 2072 Occurram
1794 2034 1835 2072 in
1867 2035 2023 2074 triviis:

199 2092 302 2141 Byz.
336 2092 377 2131 in
409 2103 449 2131 v.
483 2089 739 2149 Σατύριονῑ
786 2087 922 2148 χώρα
956 2090 1077 2144 ,τλη-

1141 2095 1356 2134 deducam.
1394 2118 1439 2123 —
1479 2095 1878 2145 turpi-honestum]
1920 2107 2019 2146 gen.

198 2154 307 2194 σίον
338 2153 604 2211 Τάραντος,
651 2151 706 2194 τὸ
746 2150 941 2195 ἑθνικὸν
980 2155 1077 2193 Σα-
1106 2167 1110 2220 Ι
1142 2167 1282 2197 masc.
1319 2178 1367 2185 —
1399 2157 1468 2196 sed
1496 2158 1583 2196 vita
1614 2161 1651 2196 et
1688 2162 1858 2206 pectore
1894 2158 2022 2209 puro]

198 2219 386 2273 τυρΐνος
423 2218 504 2257 καὶ
542 2214 791 2274 Σατύριος.

199 2280 269 2318 tur
298 2280 385 2318 iam
416 2280 458 2319 in
489 2278 669 2319 oraculo
700 2278 941 2318 Phalantho
973 2279 1076 2318 dato

197 2340 315 2392 apud
346 2340 488 2380 strab.
522 2341 561 2389 6,
594 2341 633 2389 3,
659 2342 704 2380 2:
736 2338 972 2396 Σατύριόν
1002 2353 1077 2380 τοι

197 2399 328 2442 δῶκα
372 2399 590 2459 Τάραντά
633 2414 682 2442 τε
731 2404 875 2443 πίονα
918 2400 1075 2454 δῆμον

197 2462 417 2518 Οἰκῆσαι.
480 2465 663 2504 Videtur
707 2466 841 2506 fuisse
887 2477 1073 2517 campus

196 2539 411 2568 amoenus
442 2539 493 2567 ac
531 2526 681 2567 fertilis
719 2539 857 2579 prope
903 2529 1070 2568 Taren—

196 2593 314 2639 tum,
347 2589 422 2629 ubi
451 2590 724 2641 procedente
749 2594 949 2641 tempore
971 2601 1074 2630 con-

195 2652 334 2692 ditum
379 2654 445 2693 est
487 2653 700 2704 oppidum
744 2652 875 2693 hodie
916 2653 1072 2693 Satur-0

195 2715 365 2754 dictum
404 2714 564 2765 (media
603 2713 732 2766 longa
775 2717 957 2766 propter
995 2726 1072 2755 ac-

196 2778 375 2817 centum
405 2777 666 2827 Graecum),
700 2777 818 2816 unde
850 2778 936 2817 iam
967 2778 1072 2817 Ser-

195 2839 290 2878 vius
326 2838 383 2878 ad
419 2840 494 2878 Ge.
529 2840 576 2887 2,
618 2839 720 2878 497:
772 2840 994 2879 Tarentum
1035 2843 1073 2879 et

194 2899 413 2939 Saturium
439 2901 601 2940 vicinae
628 2906 723 2940 sant
758 2901 980 2942 Calabriae
1009 2903 1071 2942 οἱ-

193 2962 353 3001 vitates.
389 2984 434 2990 —-
466 2974 573 3002 nono
595 2967 690 3013 post
717 2964 865 3016 mense]
898 2963 1071 3004 Scilicet

197 3023 315 3062 Bruti
346 3022 572 3064 tribunum
609 3027 856 3065 accuratius
895 3027 1072 3078 perspi-

195 3095 298 3124 cere
336 3083 471 3124 voluit
509 3086 741 3128 Maecenas
781 3090 915 3139 atque
955 3087 1070 3129 clam

195 3147 409 3198 experiri,
444 3148 590 3187 utrum
625 3149 665 3188 ei
694 3149 922 3189 fidendum
951 3153 1071 3191 esset

195 3219 357 3256 necne,
391 3209 555 3260 quique
586 3211 765 3250 omnino
797 3214 948 3251 essent
975 3212 1069 3252 eius

194 3281 344 3311 mores
371 3272 503 3321 atque
534 3271 772 3321 ingenium.
834 3275 1069 3313 Praeterea

194 3333 410 3384 significat
460 3335 605 3373 semet
656 3333 802 3384 ipsum
852 3336 1070 3385 patienter

194 3397 503 3447 exspectasse,
549 3395 692 3435 donec
723 3406 876 3436 rursus
907 3396 1069 3437 admit-

194 3459 380 3507 teretur,
414 3468 559 3508 neque
587 3468 694 3497 vero
715 3455 851 3498 solitis
873 3457 1069 3498 adulato-

853 2219 1076 2256 Memora-
1142 2229 1326 2259 «verum
1358 2220 1457 2270 quia
1490 2220 1533 2258 in
1564 2230 1636 2259 me
1668 2220 1764 2270 ipso
1804 2231 2022 2270 agnosce-

1140 2280 1221 2321 bas
1253 2283 1297 2321 et
1325 2282 1461 2321 vitam
1490 2291 1650 2332 puram
1681 2284 1723 2320 et
1753 2285 1910 2332 pectus
1936 2293 2021 2333 pu—

1140 2353 1254 2382 rum.
1331 2343 1399 2382 «Si
1443 2342 1564 2393 quod
1596 2344 1710 2383 inest
1740 2343 1983 2383 discrimen
2009 2376 2016 2391 ‚

1138 2405 1224 2443 vita
1256 2404 1312 2443 ad
1334 2405 1601 2444 exteriorem
1623 2415 1799 2445 morum
1820 2406 2018 2456 speciem

1139 2468 1271 2516 atque
1302 2466 1672 2506 existimationem
1703 2467 1918 2517 pertinet,
1946 2478 2018 2516 pe-

1136 2532 1224 2567 ctus
1245 2529 1388 2578 potius
1409 2527 1466 2567 ad
1487 2539 1603 2576 eam,
1637 2539 1772 2579 quam
1795 2540 1873 2569 nos
1896 2541 2014 2569 nunc

1136 2601 1350 2630 vocamus
1388 2591 1557 2629 «vitam
1598 2591 1874 2639 internam»,
1913 2593 2016 2631 inti-

1136 2663 1260 2692 mum
1291 2652 1512 2699 animum,
1554 2651 1739 2692 aliorum
1770 2652 1906 2693 oculis
1937 2654 2016 2694 mi—

1136 2726 1218 2755 nus
1254 2715 1519 2766 expositum.

1191 2775 1337 2816 68-74-.
1387 2787 1517 2826 neque
1545 2798 1569 2804 -
1598 2786 1728 2826 neque
1757 2798 1779 2805 -
1810 2777 1899 2828 aut]
1945 2778 2013 2816 Sic

1135 2838 1284 2886 Od.3,
1319 2839 1391 2887 42,
1427 2839 1464 2877 4.
1499 2837 1544 2887 3,
1579 2838 1653 2887 23,
1687 2839 1725 2878 5.
1778 2839 1936 2887 Sati,
1971 2839 2010 2888 9,

1134 2900 1201 2940 31.
1253 2901 1300 2948 2,
1349 2901 1396 2948 4,
1444 2900 1509 2940 43.
1564 2902 1614 2948 2,
1662 2901 1708 2949 ἓ,
1756 2901 1832 2940 ΞΞῑ
1883 2912 2014 2950 neque

1134 2967 1272 3002 ostrea
1299 2964 1383 3002 Nec
1403 2974 1550 3002 scarus
1569 2967 1643 3002 aat
1661 2984 1681 2991 -
1698 2985 1717 2991 -
1735 2963 1880 3014 laycis.
1921 2963 2007 3002 Csr.

1134 3025 1260 3066 Hand
1303 3027 1428 3066 Turs.
1462 3027 1512 3065 ΙΙ.
1545 3037 1588 3077 p.
1622 3025 1702 3065 536
1732 3036 1833 3077 sqq.
1870 3026 2009 3066 Haase

1133 3088 1187 3128 ad
1220 3089 1363 3139 Reisig
1391 3089 1483 3127 Lat.
1511 3088 1727 3137 Sprachw.
1760 3098 1803 3139 p.
1827 3086 1921 3128 4⁵20.
1959 3109 2004 3116 —

1132 3150 1284 3202 sordes]
1316 3151 1592 3201 sehznutziyer
1631 3150 1746 3190 Geiz.
1783 3173 1827 3177 —
1861 3149 2007 3200 lustra]

1131 3213 1294 3253 occulta
1322 3213 1414 3252 loca
1441 3211 1577 3262 (Plaut
1607 3212 1736 3252 Cure.
1762 3210 1802 3259 4,
1835 3211 1875 3261 Ξ,
1907 3211 2008 3260 24.),

1131 3273 1382 3326 lupanaria,
1417 3273 1629 3321 fornices,
1659 3271 2009 3312 adolescentium

1132 3336 1409 3388 perditorum
1460 3333 1770 3386 receptacula,
1822 3333 1897 3382 qui
1947 3331 2008 3371 ibi

1131 3410 1217 3439 non
1259 3397 1401 3439 solum
1444 3396 1609 3437 libidini
1651 3393 2003 3441 satisfaciebant,

1131 3459 1210 3499 sed
1255 3460 1388 3499 etiam
1442 3457 1750 3498 heluahantur.
1822 3456 2005 3507 Propter
