2231 3787
902 291 998 329 [1ss.
1034 291 1062 329 1.

304 424 426 487 Quo
468 422 707 493 cupiens,
749 430 934 492 pact03
977 439 1145 492 pavor
1184 429 1265 475 cst
1304 421 1592 493 utrobique
1634 423 1914 481 molestus,

1125 291 1288 330 EPIST.
1322 292 1389 331 Vi.

1962 292 2062 343 4323

1996 425 2060 476 10

307 524 602 595 lniprovisa
642 523 800 576 simul
841 524 1054 595 species
1094 531 1328 577 exterret
1366 531 1670 595 utrumque.

306 625 549 679 Gaudeat
589 643 655 679 an
696 625 899 687 doleat,
943 626 1123 696 cupiat
1162 634 1454 689 metuatne,
1500 627 1632 696 quid
1672 628 1737 680 ad
1780 646 1921 683 rem.

301 728 382 789 Si,
425 727 692 799 quidquid
729 728 861 781 vidit
899 728 1089 783 melius
1128 729 1352 800 peiusve
1392 747 1487 782 sua
1529 747 1657 800 spc,

301 829 503 884 Defixis
543 829 714 884 oculis
754 831 1045 901 animoque
1086 839 1138 884 et
1177 848 1406 902 corpore
1445 832 1664 902 torpet?

286 973 478 1024 septimo
500 976 543 1012 et
564 974 735 1014 Monac.
761 985 807 1021 e,
831 978 1025 1013 emet-nat
1044 973 1270 1013 Iacobsius
1293 974 1485 1024 «optima
1516 977 1561 1014 et
1578 977 1831 1016 necessaria
1853 987 2003 1017 emen—

288 1035 509 1075 datione.»
542 1038 705 1076 LAcmi.
741 1037 796 1076 ad
827 1039 1001 1077 Lucret.
1035 1048 1077 1088 p.
1110 1037 1204 1076 ς266.
1246 1060 1291 1065 -
1324 1037 1388 1076 43.
1416 1038 1584 1087 peiusve
1613 1038 1939 1090 bSEc(lp,LCtO
1958 1044 2001 1079 et

289 1097 541 1138 Bentleius:
568 1101 769 1150 peiusque
799 1101 953 1151 exigua
987 1099 1126 1140 Codd.

228 1217 321 1256 ritis
351 1217 443 1267 (pro
474 1215 682 1256 formula:
718 1216 893 1269 «populi
925 1217 1110 1257 Romani

230 1279 514 1327 Quiritiun1;»
548 1279 601 1319 cf.
627 1279 704 1319 Od.
731 1280 777 1327 ⁶2,
802 1280 847 1327 7,
873 1279 928 1329 3.)
961 1279 1106 1328 amici,

229 1342 431 1382 faventis.
483 1343 633 1381 Iuven.
672 1342 745 1390 40,
781 1342 858 1381 78:
907 1342 978 1391 qui
1015 1343 1111 1392 (po—

227 1404 371 1456 pulus)
423 1404 550 1444 dabat
598 1405 695 1443 olim
742 1404 991 1454 Imperium,
1047 1403 1113 1454 fa-

228 1479 333 1517 sces,
378 1468 578 1519 legiones,
627 1467 781 1506 omnia.
835 1468 886 1507 Et
919 1467 975 1506 ad
1005 1477 1112 1518 spe-

229 1531 344 1570 ciem
393 1532 514 1570 certe
568 1532 792 1581 Augustus
847 1530 1112 1570 comitiorum

223 1594 453 1644 pristinum
472 1593 538 1632 ius
558 1594 740 1633 reduoeit.
777 1594 895 1632 Suet.
921 1593 1016 1633 Oct.
1039 1592 1106 1633 40.

230 1657 311 1704 Qui
340 1668 381 1696 v.
407 1656 572 1695 ludicra
601 1657 879 1707 interpretati
907 1657 1010 1696 sunt
1029 1666 1112 1706 per

229 1719 554 1771 appositionem
584 1730 654 1757 w.
684 1719 860 1768 plausus
890 1719 974 1758 cet.
1001 1729 1111 1757 «nu-

229 1792 328 1832 gas,
361 1792 434 1821 res
465 1781 673 1829 inanes,»
706 1781 734 1820 ii
765 1783 885 1820 certe
917 1792 1005 1821 non
1036 1792 1111 1821 sa-

229 1845 281 1884 tis
303 1843 611 1895 expenderunt
641 1854 730 1883 non
761 1843 895 1884 fuisse
927 1844 1106 1893 Horatii,

229 1907 335 1946 dum
358 1907 488 1946 amici
509 1906 721 1946 iudicium
743 1908 953 1958 exquirit,
977 1917 1110 1947 suum

228 1973 318 2010 tam
345 1971 498 2021 aperte
531 1970 838 2020 Interponere3
873 1969 1111 2020 significari

228 2035 399 2073 tantum
421 2032 676 2084 oportebat,
710 2034 759 2071 ut
788 2032 836 2071 fit
864 2043 946 2083 per
966 2033 1110 2083 ipsam

229 2095 583 2145 interrogationis
605 2094 809 2133 sormam.
837 2117 882 2122 —-
908 2095 997 2144 Quo
1016 2105 1111 2144 spe-

228 2157 383 2196 ctanda
414 2155 549 2205 modo]
584 2155 652 2193 «id
684 2158 772 2203 est,
811 2166 898 2206 quo
930 2155 1106 2205 iudicio,

230 2229 318 2269 qua
350 2228 472 2269 spe.»
520 2218 660 2256 Comi.
687 2218 817 2263 CnrQ.
853 2217 929 2257 Vel
951 2217 1110 2258 clarius

231 2280 389 2319 etiam:
427 2289 567 2329 «quae
600 2279 846 2318 moderatio
877 2280 918 2318 in
940 2280 991 2320 iis
1014 2290 1113 2330 spe-

231 2342 400 2382 ctandis
431 2340 625 2381 tenenda
656 2342 753 2381 sit.»
800 2341 909 2382 Male
941 2340 1010 2380 alii
1030 2353 1111 2393 pro

231 2406 363 2445 tmesi
395 2404 521 2444 verbi
541 2406 744 2452 quomodo
760 2403 1026 2444 habuerunt.
1064 2427 1108 2432 —-

231 2468 314 2516 ore]
349 2466 493 2505 «voltu
524 2469 568 2505 et
597 2465 778 2506 oculis.»
830 2468 982 2506 Senon.

286 2529 405 2569 9-44.
438 2529 537 2580 fere]
569 2523 634 2579 ὡς
665 2523 782 2579 Ξ-’πος
803 2530 973 2577 εἰπεῖν,
998 2541 1113 2578 σχε-

231 2588 332 2631 δόν.
384 2590 504 2631 Plato
536 2593 664 2642 Legg.
698 2594 729 2631 I.
753 2603 796 2643 p.
822 2591 916 2633 644.
949 2594 1016 2631 Α.;
1066 2590 1119 2631 οἵ

232 2666 284 2708 γε
316 2651 684 2706 πεπαιδευμένοι
705 2650 882 2702 σχεδὸν
904 2653 979 2706 (im
999 2655 1114 2694 Gau-

230 2728 307 2757 zen
336 2727 579 2767 qenommen
608 2716 909 2768 qemeiniylich)
931 2711 1112 2771 ἀγαθοὶ

230 2780 488 2834 γίγνονται.
542 2778 627 2819 Cfr.
663 2779 789 2819 Hand
820 2781 943 2819 Turs.
978 2781 1029 2820 II.
1064 2791 1107 2832 p.

232 2841 325 2881 694.
355 2864 395 2870 -
421 2841 621 2892 miratur]
656 2842 877 2892 «Stupet»;
912 2843 1046 2882 etiam
1067 2843 1110 2881 in

232 2901 384 2951 malis,
426 2905 475 2941 ut
512 2904 674 2942 Lucan.
716 2904 762 2953 2,
802 2904 875 2943 27:
926 2905 1112 2944 Necdum

233 2967 290 3002 est
316 2964 384 3003 ille
412 2965 548 3013 dolor,
587 2967 657 3004 sed
684 2966 773 3004 iam
800 2970 953 3014 metus,·
990 2968 1111 3006 incu-

234 3025 304 3064 bat
322 3036 463 3064 amens
481 3026 747 3076 Miraturque
766 3028 938 3067 malum.
962 3052 1006 3057 —
1024 3040 1111 3078 pa-

232 3087 322 3138 vor]
355 3087 442 3126 Cic.
468 3088 594 3126 Tusc.
618 3087 664 3137 4,
699 3089 743 3137 8,
779 3089 850 3129 49:
888 3101 1108 3140 pavorem,

232 3154 387 3190 metum
401 3154 577 3189 mentem
592 3151 679 3190 loco
693 3157 938 3193 moventem:
956 3165 1111 3205 quem-

234 3213 475 3252 admodum
507 3214 709 3254 novimus
746 3215 992 3257 hereditate
1033 3217 1112 3257 ali-

234 3286 321 3326 qua
352 3276 654 3325 inexspectata
674 3275 744 3315 vel
773 3277 950 3328 publica
971 3291 1112 3330 pecu-

234 3338 331 3377 niae
354 3338 582 3377 sortitione
613 3336 759 3377 subito
790 3339 950 3380 ditatos
980 3342 1113 3382 inter-

235 3400 343 3440 dum
372 3399 511 3450 linqui
532 3400 693 3439 animo.
723 3424 767 3428 —
789 3401 1018 3453 utrobique]
1043 3407 1113 3444 «et

235 3464 279 3502 in
308 3464 467 3503 timore
498 3461 729 3502 amittendi
761 3465 804 3503 et
834 3464 876 3503 in
907 3475 986 3515 spe
1009 3476 1112 3506 con-

238 3525 473 3575 sequendi,
508 3536 560 3564 ex
592 3524 753 3575 quihus
785 3527 859 3565 aut
891 3525 1017 3566 dolor
1037 3530 1109 3567 aut

1160 1101 1417 1139 auctoritate
1449 1102 1477 1140 F
1482 1102 1522 1141 M
1529 1134 1534 1139 .

1176 1217 1386 1267 gaudium
1409 1219 1662 1270 contingit.»
1697 1221 1836 1261 Comi.
1858 1222 1987 1269 Cnco.
2009 1243 2052 1250 -—

1175 1279 1310 1330 simul]
1342 1280 1391 1318 ut
1420 1291 1556 1331 saepe
1579 1292 1659 1332 pro
1681 1283 1870 1323 simulac.
1894 1308 1938 1312 —
1962 1297 2056 1335 spe—

1174 1342 1268 1395 cies]
1309 1342 1575 1394 Vorstellunq.
1609 1342 1921 1396 (Gaultelycbild
1951 1350 2057 1389 Pas-

1174 1404 1297 1456 sow.)
1348 1406 1518 1445 Seneca
1550 1406 1604 1445 de
1627 1408 1692 1446 Ira
1716 1409 1755 1456 ⁶2,
1792 1409 1829 1457 4,
1863 1409 1908 1448 3:
1941 1412 2058 1450 Iram

1175 1468 1275 1518 quin
1302 1469 1454 1518 species
1489 1468 1629 1508 obtata
1665 1471 1848 1510 iniuriae
1875 1479 2054 1519 moveat,

1172 1542 1257 1570 uon
1287 1535 1343 1570 est
1363 1531 1546 1571 dubium.
1570 1555 1615 1560 -—
1640 1534 1836 1585 exterret]
1859 1533 2057 1589 ἐκπλήτ-

1174 1604 1257 1632 τει.
1310 1593 1398 1633 Cic.
1423 1594 1552 1634 Tusc.
1577 1593 1627 1643 4,
1651 1595 1697 1644 8,
1724 1596 1799 1634 119:
1834 1601 2051 1647 terrorem,

1173 1660 1327 1695 metum
1355 1657 1666 1696 concutientem.
1718 1659 1811 1699 Iam
1842 1671 1930 1700 non
1962 1663 2055 1702 sinc

1174 1719 1269 1757 arte
1300 1729 1381 1770 per
1410 1720 1553 1757 totum
1582 1717 1730 1759 locum
1762 1722 1899 1761 utitur
1918 1734 2056 1764 voca-

1173 1780 1289 1820 bulis
1330 1780 1488 1820 mediis
1528 1783 1572 1820 et
1609 1782 1802 1832 cupidini
1840 1787 1882 1824 ct
1919 1788 2055 1826 metui

1174 1854 1317 1894 aeque
1350 1844 1745 1893 convenientibus;
1789 1858 1892 1887 nam
1923 1850 2056 1889 etiam

1176 1906 1250 1957 qui
1279 1906 1574 1946 vehementer
1605 1908 1747 1958 cupit,
1792 1912 2054 1962 necopinata

1173 1968 1279 2008 boni
1321 1969 1469 2020 specie
1502 1969 1648 2009 subito
1689 1969 1835 2010 oblata
1867 1978 2057 2014 exterre—

1174 2036 1263 2081 tur,
1298 2032 1563 2079 concutitur;
1599 2033 1692 2073 eius
1720 2044 1848 2075 mens
1872 2046 1924 2075 ex
1947 2038 2055 2077 sede

1175 2107 1254 2135 sua
1293 2097 1337 2134 et
1375 2096 1491 2135 statu
1529 2095 1807 2137 demovetur.
1859 2100 1922 2138 Ita
1961 2101 2052 2140 Liv.

1175 2159 1224 2207 7,
1268 2157 1343 2196 39:
1409 2157 1594 2208 insignita
1638 2159 1807 2198 honoris
1854 2163 2057 2202 exterrito

1172 2220 1331 2260 subitae
1359 2220 1421 2259 rei
1448 2221 1655 2260 miraculo
1677 2223 1878 2273 deferunt.
1917 2226 2057 2276 Sagax

1175 2282 1373 2334 quidem,
1408 2283 1489 2322 etsi
1519 2294 1605 2323 non
1628 2295 1815 2335 prorsus
1844 2299 2058 2329 necessa-

1175 2346 1261 2393 ria,
1296 2346 1363 2384 est
1390 2345 1577 2385 Iacobsii
1609 2347 1653 2385 L.
1677 2347 1727 2385 V.
1751 2359 1794 2398 p.
1821 2349 1914 2388 457.
1941 2352 2054 2391 coni.

1175 2412 1385 2448 externat.
1427 2409 1633 2448 Horatius
1655 2409 1740 2448 hoc
1763 2421 1801 2450 v.
1828 2422 2057 2463 nunquam

1175 2471 1381 2521 usurpat,
1416 2469 1496 2510 sed
1524 2472 1705 2521 praeter
1736 2472 1955 2514 Catullum
1986 2475 2053 2524 64,

1176 2534 1242 2572 71.
1282 2533 1326 2571 et
1365 2532 1458 2571 465.
1500 2533 1633 2572 etiam
1674 2533 1794 2572 Ovid.
1834 2536 1935 2576 Met.
1977 2538 2053 2585 ti,

1176 2595 1250 2634 77:
1283 2595 1525 2633 Externum
1551 2594 1698 2645 sugam
1726 2595 1890 2646 frustra
1919 2601 2057 2638 tenta-

1176 2656 1268 2696 bat:
1309 2656 1444 2705 adeo,
1479 2658 1526 2695 ut
1562 2668 1649 2696 non
1683 2669 1764 2709 pro
1795 2651 2055 2715 ἀρχαῖαιιῷ

1175 2719 1331 2759 haberi
1363 2721 1518 2770 queat,
1553 2731 1688 2771 quem
1720 2721 1925 2762 Horatius
1948 2734 2056 2764 con-

1175 2781 1288 2822 sulto
1312 2782 1531 2822 devitarit.
1583 2784 1680 2834 Ipse
1708 2783 1934 2825 Iacobsius
1956 2797 2060 2825 con-

1175 2844 1272 2884 tulit
1301 2847 1446 2884 Pacat.
1478 2847 1639 2896 Paneg.
1672 2846 1745 2885 49:
1777 2847 1946 2887 Animos
1979 2861 2057 2888 ηο-

1173 2912 1280 2947 stros
1302 2908 1477 2957 perinde
1506 2908 1668 2947 laetitia
1696 2913 1734 2948 et
1764 2911 1882 2949 dolor
1911 2916 2054 2952 cacter-

1173 2975 1261 3011 uat.
1323 2970 1564 3012 Marklandi
1605 2973 1755 3011 contra
1800 2975 2051 3014 coniectura

1174 3038 1336 3073 emercet
1365 3034 1408 3072 in
1439 3034 1617 3073 diutinis
1649 3035 1782 3074 animi
1812 3036 2056 3076 affectioni—

1174 3095 1280 3144 bus,
1323 3106 1410 3134 non
1448 3095 1491 3134 in
1527 3095 1781 3135 huiusmodi
1812 3099 2055 3148 repentinis

1176 3156 1550 3197 commotionibus
1570 3157 1718 3197 locum
1739 3158 1888 3199 habet.
1914 3161 2050 3199 Etiam

1175 3219 1442 3259 Doederlein
1463 3221 1615 3269 Bauer.
1639 3221 1716 3271 yet.
1741 3221 1844 3260 Anz.
1866 3221 1984 3261 4836.
2005 3234 2047 3272 p.

1175 3282 1270 3321 862.
1305 3283 1452 3321 tuetur
1482 3282 1621 3321 Codd.
1646 3281 1882 3322 lectionem
1913 3287 2054 3321 cacter-

1174 3349 1238 3384 ret
1266 3346 1398 3395 atque
1422 3346 1653 3396 comparat
1673 3346 1845 3383 Lucret.
1869 3345 1919 3392 2,
1946 3345 2050 3384 *1026

1175 3416 1322 3457 seqq,
1369 3407 1443 3457 qui
1486 3406 1609 3446 locus
1649 3406 1827 3445 Horatio
1865 3406 2049 3447 fortasse

1175 3467 1441 3508 obversatus
1486 3470 1553 3508 sit.
1605 3491 1648 3495 —-
1695 3468 1786 3517 spe]
1834 3470 1942 3519 Spes
1984 3473 2051 3510 est

1175 3531 1319 3581 opinio
1342 3531 1555 3580 cuiusque
1587 3530 1650 3567 rei
1681 3529 1867 3569 futurae.
1896 3553 1940 3558 —-
1966 3532 2050 3571 De-
