2231 3787
938 249 1034 288 LIB.
1071 251 1100 291 Ι,

1163 254 1357 294 5ΑΤ.Χ.
1970 265 2064 318 177

314 370 427 423 Non
468 371 605 426 ridet
644 393 833 429 versus
874 378 1003 431 Enni
1044 384 1301 451 gravitate
1342 387 1604 450 minoreS,

313 472 445 526 Cum
485 474 552 528 dc
593 494 651 530 sc
691 476 927 549 loquitur
965 498 1070 535 non
1112 493 1166 536 ut
1205 488 1407 542 maiore
1447 494 1760 561 reprensis'?
1995 504 2060 553 55

311 574 451 638 Quid
491 585 633 630 vetat
670 588 722 632 et
758 592 967 636 nosmet
1004 585 1169 638 Lucili
1211 589 1408 660 scripta
1446 590 1686 663 legentes

308 676 608 740 Quaerere.
654 699 778 735 num
817 683 981 747 illius,
1025 705 1152 741 num
1191 707 1371 744 rerum
1411 693 1545 748 dura
1584 700 1790 768 negarit

312 780 617 834 Versiculos
655 792 845 838 natura
883 788 1052 858 magis
1093 788 1258 845 factos
1296 802 1348 846 et
1389 804 1578 850 euntes

306 881 539 943 Mollius,
582 901 644 937 ac
686 888 728 937 si
769 887 888 956 quis
928 889 1157 959 pedihus
1198 893 1326 963 quid
1367 895 1620 952 claudere
1661 904 1829 967 senis,

341 1072 407 1111 55.
431 1072 629 1123 loquitur,
662 1087 744 1115 non
766 1081 809 1116 uc
827 1079 990 1118 maiore
1010 1080 1234 1132 distinguit
1254 1084 1294 1123 M
1315 1095 1417 1125 cum
1439 1086 1664 1140 plerisque
1697 1093 1829 1137 Edd..
1866 1098 1996 1138 etiam

287 1133 488 1183 Bentleii,
522 1137 783 1186 Heindorlii,
818 1140 1061 1181 Kirchneri.
1099 1164 1144 1171 -—
1193 1144 1259 1183 59
1294 1151 1338 1185 αι
1366 1149 1400 1186 si
1431 1160 1532 1189 cuni
1564 1151 1731 1193 Aldinis
1764 1157 1835 1206 Lt,
1871 1165 1915 1198 αι
1947 1163 1997 1200 sit

287 1196 439 1236 Lamb.
473 1199 514 1237 in
558 1199 834 1248 Comment.,
882 1214 934 1241 an
967 1204 1002 1242 si
1040 1206 1226 1246 Dacierii
1256 1219 1502 1262 rursusque
1533 1216 1753 1268 Doeringii
1785 1224 1989 1273 suspicio.

284 1258 351 1307 (ac
379 1259 413 1297 si
444 1261 575 1299 etiam
606 1261 745 1302 Bentl.
782 1275 910 1304 «cum
940 1263 1141 1316 pluribus
1173 1271 1216 1308 et
1248 1270 1440 1313 melioris
1472 1279 1601 1316 notae
1636 1280 1933 1325 codicibus»)

227 1423 353 1472 quasi
388 1419 598 1469 Lucilius,
647 1432 750 1461 cum
781 1421 836 1461 de
868 1433 914 1462 sc
946 1422 1104 1474 loque-

224 1488 367 1533 retur,
414 1484 506 1524 aliis
552 1484 760 1524 omnibus
797 1497 823 1524 a
853 1497 901 1525 se
947 1497 1103 1537 repre-

222 1548 373 1589 hensis
394 1559 442 1589 se
471 1547 698 1600 praeferre
721 1546 874 1588 solitus
894 1549 962 1588 sit.
1002 1548 1104 1598 (Sci-

222 1610 323 1650 licet
351 1612 543 1661 Doering
580 1610 741 1662 aliique
779 1611 841 1651 sic
878 1611 1101 1663 interpre-

223 1676 390 1714 tantur:
427 1675 565 1714 «Cum
596 1673 786 1714 Lucilius
808 1673 862 1714 de
885 1685 933 1714 se
955 1673 1102 1725 loqui-

218 1739 309 1784 tur,
342 1747 488 1775 nonne
519 1737 576 1775 ita
603 1735 798 1787 loquitur
818 1747 869 1775 ac
891 1737 926 1776 si
954 1737 1101 1788 potior

218 1801 337 1839 esset
367 1800 437 1847 iis,
473 1809 586 1849 quos
608 1799 962 1850 reprelienditi’»)
986 1798 1098 1839 Nihil

215 1863 357 1913 magis
396 1863 451 1902 ab
484 1863 648 1902 Horatii
689 1861 871 1901 consilio
903 1861 1095 1902 alienum

216 1935 351 1976 quam
390 1925 675 1965 stultissimae
714 1925 846 1965 huius
883 1936 1096 1975 arrogan-

215 1989 299 2028 tiae
345 1989 620 2036 criminati03
667 1988 804 2028 utitur
847 1988 965 2028 enim
1010 1988 1094 2027 hac

213 2051 406 2100 ratione,
439 2054 487 2091 ut
515 2051 770 2092 libertatem
800 2050 919 2091 illam
948 2050 1019 2091 vel
1049 2052 1093 2092 in

213 2114 380 2164 optimo
424 2117 630 2165 poemate
679 2117 829 2166 partes
874 2115 1092 2166 quasdam

212 2176 573 2227 reprehendendi
603 2178 689 2217 iam
709 2179 856 2230 ipsum
877 2177 1091 2218 Lucilium

211 2241 416 2279 secutum
446 2241 652 2281 ostendat
671 2241 920 2293 doceatque
941 2242 1092 2281 omni-

212 2312 268 2341 no
299 2313 449 2342 errare
481 2314 578 2352 eos,
627 2305 701 2355 qui
739 2305 993 2345 huiusmodi
1024 2306 1091 2344 iu-

210 2366 324 2406 dicia
355 2377 535 2418 semper
566 2378 589 2406 e
612 2367 823 2419 superbia
846 2368 967 2407 nasci
989 2378 1090 2406 cre—

210 2428 329 2469 dant.
389 2431 543 2479 Itaque
576 2430 829 2469 necessario
851 2430 935 2470 hoc
958 2429 1086 2470 dicit:

211 2504 347 2532 «mec
380 2497 530 2532 tamen
560 2491 749 2532 Lucilius
779 2495 838 2532 ita
869 2492 1083 2544 loquitur,

208 2555 335 2606 quasi
381 2554 460 2595 illis
499 2557 643 2594 maior
685 2557 759 2604 sit;
812 2567 958 2607 neque
1005 2567 1086 2607 ego

206 2622 296 2659 tam
317 2630 417 2660 sum
440 2630 672 2670 arrogans,
697 2622 758 2669 ut,
783 2620 903 2671 quod
926 2619 1085 2660 inculta

204 2686 248 2722 et
277 2682 591 2733 negligentiora
613 2683 835 2734 quaedam
865 2684 907 2723 in
938 2683 1086 2724 Lucilii

203 2746 353 2786 Satiris
394 2745 516 2793 dico,
564 2757 636 2785 me
668 2745 725 2785 illi
760 2746 1081 2797 praese1¹am.»»

202 2809 292 2848 Nec
321 2808 447 2848 aliter
475 2808 613 2848 verba
644 2808 822 2860 intelligi
859 2820 1085 2860 gramma-

202 2871 284 2910 tica
316 2872 426 2910 ratio
447 2872 575 2918 sInit;
608 2873 657 2911 ut
677 2872 796 2911 enim
817 2872 1002 2922 demus,
1041 2873 1082 2913 in

202 2932 313 2971 duas
343 2933 584 2973 sententias
611 2945 796 2974 versum
825 2935 1008 2975 distrahi
1040 2938 1083 2975 et

200 2993 396 3045 suppleri
414 3005 546 3045 posse
566 2996 766 3048 loquitur,
796 3000 917 3038 certe
939 2999 1080 3038 omitti

199 3068 288 3096 non
342 3059 517 3108 poterat
570 3060 840 3110 praepositio
889 3062 989 3101 ante
1034 3073 1074 3100 v.

197 3120 403 3159 maiore.»
447 3120 615 3159 MADVIG
637 3121 823 3172 Opuscc.
847 3124 878 3162 Ι.
901 3134 944 3175 p.
980 3124 1072 3163 406.

251 3183 318 3221 57.
352 3182 419 3222 58.
452 3192 553 3221 num
582 3183 692 3222 illius
722 3185 824 3236 cet.]
857 3197 991 3226 «num
1021 3185 1075 3225 il-

195 3242 277 3283 lius
321 3244 548 3294 ingenium
577 3255 630 3283 ac
673 3244 857 3286 facultas
899 3249 1073 3299 poetica

195 3317 283 3345 non
322 3307 428 3346 satis
466 3305 656 3356 benigna
695 3308 933 3359 minusque
971 3312 1072 3361 apta

195 3368 250 3407 ad
281 3369 587 3421 componenda
627 3373 833 3420 poemata
864 3372 1070 3413 omnibus

194 3432 391 3470 numeris
422 3430 644 3479 absoluta,
691 3442 798 3471 num
833 3443 1071 3483 argumen-

193 3495 340 3532 torum
378 3494 579 3544 ipsorum
615 3492 801 3533 difficilis
838 3496 971 3545 atque
1001 3497 1069 3536 in-

337 3568 489 3606 HORAT.
521 3578 612 3605 vot„
645 3569 687 3606 11.
740 3580 805 3607 En.
834 3580 918 3607 im.
950 3570 1009 3608 ΙΙΙ.

1168 1428 1290 1475 grata
1320 1430 1476 1470 natura
1517 1432 1557 1471 in
1597 1444 1729 1476 causa
1771 1438 1922 1489 fuerit,
1971 1455 2047 1483 cur

1167 1489 1255 1529 tam
1287 1490 1475 1532 scabros
1505 1505 1662 1537 versus
1702 1499 1906 1542 fuderit.»
1958 1507 2048 1546 Nec

1165 1560 1270 1591 vero
1303 1563 1407 1593 cum
1427 1555 1683 1599 Heindorfio
1703 1561 1835 1603 velim
1857 1564 2047 1609 alterum

1165 1623 1263 1652 num
1295 1615 1516 1667 explicare
1551 1632 1691 1662 «num
1720 1627 1865 1676 potius
1883 1641 1918 1677 »ς
1965 1631 2046 1670 sed

1163 1686 1243 1725 pro
1276 1678 1493 1720 membris
1525 1684 1850 1740 παραλλήλοις
1878 1691 2040 1742 habeo,

1164 1736 1275 1778 duas
1306 1750 1489 1792 causas,
1523 1746 1604 1785 sed
1635 1748 1906 1802 dubitanter,
1941 1755 2044 1795 affe—

1161 1800 1383 1851 rentibus,
1417 1816 1498 1844 cur
1518 1807 1636 1849 haud
1657 1822 1800 1862 pauca
1822 1816 1940 1866 apud
1961 1818 2046 1857 Lu—

1161 1860 1308 1903 cilium
1354 1866 1500 1907 minus
1542 1871 1743 1921 perfecta
1786 1876 1886 1917 sint.
1961 1880 2041 1920 Hic

1159 1935 1337 1977 quoque
1370 1939 1506 1978 quam
1536 1935 1730 1976 maxime
1762 1940 1911 1989 potest
1940 1952 2040 1992 par-

1159 1989 1230 2026 cet
1271 1989 1460 2030 Lucilio:
1509 2005 1612 2035 nam
1653 2000 1774 2039 certe
1820 2002 1863 2040 in
1901 2002 2038 2043 altero

1157 2049 1366 2091 membro
1379 2065 1480 2094 num
1499 2068 1643 2098 rerum
1660 2063 1744 2100 cet.
1766 2062 1882 2103 inest
1903 2076 2040 2116 quae-

1156 2110 1259 2151 dam
1291 2118 1537 2167 excusatio,
1584 2122 1643 2162 ita
1680 2125 1832 2165 tamen
1863 2130 1909 2167 ut
1946 2131 2038 2169 sta,-

1156 2174 1234 2213 tim
1264 2176 1502 2231 significet,
1551 2186 1793 2227 maximam
1817 2200 2033 2232 versuum

1156 2240 1435 2289 asperiorum
1475 2245 1651 2297 culpam
1692 2249 1824 2290 tribui
1866 2252 2034 2295 debere

1155 2301 1316 2342 nimiae
1348 2304 1612 2348 festinationi
1639 2321 1691 2350 ac
1723 2313 2030 2364 negligentiae.

1158 2383 1202 2390 —
1236 2366 1371 2416 magis
1397 2368 1543 2421 factos]
1585 2373 1778 2414 «maiore
1810 2379 1904 2417 arte
1937 2378 2033 2419 ela-

1153 2424 1382 2475 boratos3»
1434 2433 1481 2470 ut
1530 2434 1681 2474 Graeci
1731 2442 2032 2492 πεποιημένα

1153 2486 1327 2538 dicunt,
1362 2500 1476 2541 quae
1509 2505 1613 2535 cum
1643 2499 1737 2538 arte
1770 2499 1881 2542 elata
1911 2508 2027 2545 sunt.

1150 2550 1330 2601 Longin.
1365 2554 1410 2593 8:
1445 2561 1773 2613 ‘'terrorque-'myzl
1803 2560 1929 2615 aegas
1948 2569 2030 2607 καὶ

1150 2611 1396 2668 τροπικήν,
1417 2618 1487 2657 cui
1509 2623 1761 2671 opponitur:
1787 2622 1840 2665 τὸ
1861 2627 2032 2682 ἀποίη-

1149 2686 1246 2714 τον.
1316 2678 1513 2719 Demetr.
1556 2682 1677 2723 Phal.
1716 2686 1789 2726 28:
1841 2684 2029 2731 ἁπλοῦν

1148 2739 1229 2778 καὶ
1269 2734 1504 2794 ἀποίητον
1547 2742 1775 2793 βούλεται
1812 2747 1932 2792 εἶναι
1970 2751 2026 2793 τὸ

1148 2799 1319 2855 πάθος.
1381 2806 1470 2847 Cic,
1498 2806 1553 2847 de
1585 2810 1701 2850 Orat.
1727 2811 1774 2862 3,
1808 2812 1884 2862 48,
1920 2816 2022 2857 484:

1147 2869 1400 2919 orationem,
1435 2882 1542 2920 quae
1571 2874 1736 2921 quidem
1760 2876 1811 2915 sit
1832 2877 1969 2927 polita
1989 2884 2027 2920 ec

1141 2930 1258 2980 facta
1278 2933 1459 2981 quodam
1477 2936 1614 2974 modo.
1647 2937 1767 2977 Brut.
1786 2939 1825 2988 8,
1850 2939 1901 2979 30
1923 2952 1930 2979 :
1955 2953 2025 2981 ac-

1142 2999 1295 3033 curata
1322 3000 1361 3035 et
1386 2997 1504 3047 facta
1525 2999 1706 3047 quodam
1724 3002 1846 3040 modo
1867 3005 2020 3044 oratio.

1195 3057 1341 3098 59-64.
1394 3070 1445 3098 ac
1483 3060 1518 3098 si
1558 3061 1665 3113 cet]
1702 3073 1869 3114 «quam
1907 3077 2021 3117 quos

1142 3120 1235 3173 ipse
1277 3123 1412 3161 nimia
1452 3122 1730 3164 festinatione
1771 3138 1875 3167 usus
1907 3129 2020 3168 effu-

1140 3185 1274 3223 tivit.»
1339 3186 1403 3224 De
1446 3185 1672 3236 particulis
1717 3198 1768 3226 ac
1809 3191 1852 3228 et
1894 3194 2018 3239 atque

1136 3249 1238 3298 post
1281 3249 1633 3299 comparativum
1663 3249 1764 3289 vide
1808 3262 1940 3302 supra
1972 3264 2012 3293 V.

1136 3309 1202 3350 34.
1238 3311 1281 3350 et
1325 3310 1381 3350 ad
1425 3311 1512 3349 Sat.
1552 3312 1597 3359 4,
1636 3312 1684 3361 6,
1732 3312 1823 3351 430.
1868 3336 1910 3340 —
1936 3325 2014 3363 pe-

1133 3373 1251 3413 dibus
1277 3395 1300 3402 -
1329 3374 1523 3413 claudere
1563 3374 1689 3424 senis]
1734 3375 1821 3413 Sat.
1861 3375 1908 3424 2,
1957 3377 2006 3422 4,

1135 3435 1209 3475 28:
1273 3447 1338 3475 me
1378 3436 1552 3485 pedibus
1599 3435 1770 3475 delectat
1816 3437 2010 3478 claudere

1131 3498 1258 3539 verba
1286 3498 1418 3537 Lucili
1447 3499 1545 3538 ritu.
1609 3496 1731 3538 Conf.
1767 3498 1822 3538 ad
1853 3500 1938 3540 Sat.
1966 3501 2003 3547 l,

1628 3574 1666 3609 12
