2231 3787
756 248 852 287 Llss.
890 250 918 286 1.
980 248 1142 287 EPIST.
1175 248 1321 288 xviii.
1851 249 1952 300 559

201 378 333 439 Nee,
377 395 498 430 cum
540 377 719 431 venari
763 377 906 431 volet
944 377 1058 440 ille,
1101 384 1352 449 poemata
1392 395 1611 450 pangeS.
1885 382 1952 433 40

203 478 382 531 Gratia
421 479 498 532 sic
537 479 756 532 fratrum
795 479 1155 550 geminorum,
1197 479 1508 551 Amphionis
1549 491 1708 552 atque

201 579 373 643 Zethi,
417 580 669 641 dissiluit,
713 580 887 635 donec
927 589 1183 652 suspecta
1221 599 1414 635 severo

201 682 464 736 Conticuit
499 681 632 753 lyra.
709 682 979 735 Fraternis
1019 683 1253 736 cessisse
1292 692 1510 755 putatur

200 783 437 837 Moribus
475 782 764 854 Amphion:
806 791 862 836 tu
901 783 1035 837 cede
1076 785 1306 855 potentis
1346 786 1502 840 amici

199 884 433 939 Lenibus
473 885 739 956 imperiis,
783 885 1107 957 quotiesque
1148 886 1344 940 educet
1382 888 1432 939 in
1473 905 1632 959 agros
1887 892 1952 943 45

198 986 398 1040 Aetolis
438 995 660 1040 onerata
697 986 869 1057 plagis
909 988 1145 1041 iumenta
1185 1005 1487 1060 canesque,

237 1121 306 1162 45.
354 1122 540 1172 quociens
581 1123 721 1162 educet
752 1123 800 1171 S,
848 1123 1003 1173 quocies
1047 1133 1208 1172 quoque
1251 1123 1363 1162 ducit
1391 1134 1433 1174 p.
1474 1148 1515 1152 —
1550 1124 1616 1164 46.
1649 1126 1816 1175 Aeoliis,
1850 1130 1898 1167 ut

184 1185 372 1225 coniecit
400 1184 576 1233 Vlitius,
612 1185 720 1225 Cod.
745 1186 931 1236 Franeq.
958 1188 1002 1224 et
1030 1195 1096 1237 pr.
1123 1184 1164 1223 d.

128 1298 217 1335 stra
250 1294 481 1334 dumtaxat
509 1292 744 1333 laudabilia
777 1305 876 1334 esse
904 1305 1009 1332 con·
1071 1288 1394 1350 ἆσύιιφοοον,
1450 1289 1641 1352 Αογόν,
1701 1296 1949 1349 φίλοινον,

127 1357 371 1402 tendimus,
413 1355 577 1404 aliena,
620 1357 793 1407 patroni
831 1356 1007 1406 praeci—

126 1432 234 1472 pue,
268 1419 412 1460 studia
441 1419 744 1458 detrectamus
772 1429 824 1457 ac
854 1429 1008 1469 repre-

126 1482 378 1522 hendimus.
390 1497 408 1515 »
427 1502 469 1508 —
480 1484 683 1530 poemata
699 1481 871 1532 panyes]
890 1482 940 1521 A.
956 1483 1002 1520 P.

125 1544 230 1585 446:
262 1545 352 1595 Ego
372 1545 485 1583 mira
511 1545 711 1593 poemata
731 1555 889 1594 pan-90.
936 1542 1005 1580 Sic

127 1608 258 1647 etiam
297 1608 339 1646 in
380 1617 512 1658 prosa
551 1607 763 1645 oratione.
820 1605 909 1645 Cic.
949 1604 1006 1643 ad

126 1670 243 1710 Fam.
272 1670 344 1719 46,
379 1671 450 1719 48,
485 1670 531 1710 3:
573 1671 636 1710 An
660 1669 815 1720 pangis
845 1668 1007 1717 aliquid

125 1732 406 1782 Sophocleum.
469 1734 600 1784 Tropi
647 1732 769 1782 origo
811 1730 1007 1770 cernitur

125 1795 170 1833 in
200 1793 470 1835 Columellae
501 1795 572 1835 illo
605 1795 676 1843 40,
709 1795 781 1833 254
806 1805 814 1831 :
848 1804 922 1832 ceu
942 1793 1008 1831 lit-

125 1860 216 1896 tera
252 1858 459 1906 proxima
502 1858 670 1908 primae
717 1856 921 1907 Panqitw·
962 1855 1005 1894 in

125 1929 222 1958 cera
262 1920 370 1958 docti
410 1931 609 1960 mucrone
639 1917 762 1970 (stilo)
795 1917 1002 1969 *niaqistri

179 1980 326 2021 44-44.
380 1982 532 2021 Gratia
578 1983 635 2021 sie
675 1982 861 2032 fratrum
901 1979 1004 2031 cet]

129 2044 338 2093 «Propter
357 2042 548 2083 similem
570 2043 819 2084 studiorum
841 2042 1008 2082 disc-re-

125 2105 322 2156 pantiam
363 2108 510 2145 ortum
549 2108 616 2146 est
646 2105 883 2156 aliquando
914 2104 1007 2144 dis-

127 2167 290 2207 cidium
313 2167 428 2207 inter
448 2169 562 2208 lovis
580 2170 624 2207 et
638 2169 854 2219 Antiopae
876 2167 1003 2214 filios,

125 2228 444 2280 Amphionem,
485 2231 554 2269 cui
586 2230 831 2270 Mercurius
861 2228 1006 2279 lyram

126 2290 243 2331 illam
274 2302 505 2331 murorum
543 2291 858 2331 Thebanorum
897 2301 1007 2330 con-

127 2353 330 2393 ditricem
352 2353 595 2394 donaverat
619 2354 709 2404 (Od.
737 2354 783 2402 3,
820 2355 862 2392 44
887 2385 894 2402 ,
931 2352 1002 2402 4.),

127 2416 171 2455 et
205 2415 411 2463 Zethum,
454 2418 682 2468 pastorem
717 2417 850 2466 atque
890 2415 1007 2465 agri—

128 2476 291 2526 colam,
337 2478 440 2517 artis
485 2479 683 2518 musicae
723 2479 1007 2529 contempto-

128 2551 244 2587 rem,
279 2542 323 2578 et
352 2541 530 2579 omnino
569 2541 798 2580 hominem
835 2542 1001 2579 durum.

129 2602 341 2653 (Propert.
364 2602 411 2652 4,
438 2602 511 2652 44,
544 2603 656 2653 293»
687 2605 894 2643 Attamen
916 2603 1006 2643 fra-

128 2666 217 2705 tres
248 2665 364 2704 int-er
393 2675 440 2705 se
472 2666 514 2705 in
546 2667 732 2716 gratiam
757 2665 1003 2716 redierunt,

128 2726 389 2767 conciliante
412 2738 489 2767 eos
510 2729 652 2767 matre
675 2729 875 2780 Antiopa.
900 2730 1007 2769 Tota

129 2788 183 2828 de
214 2787 361 2828 fabula
392 2788 445 2828 cf.
480 2788 686 2829 Welcker
719 2802 785 2841 φ’.
813 2791 935 2842 Tray.
958 2803 1003 2843 p.

128 2849 224 2889 848.
259 2872 303 2877 —
337 2850 524 2902 dissiluit]
557 2850 788 2892 «celeriter
823 2853 1007 2893 discissa

131 2912 241 2950 est.»
290 2933 333 2938 —
378 2917 568 2962 suspecta
607 2915 769 2966 severo]
818 2915 1003 2964 «invisa,

130 2982 266 3022 quam
297 2972 452 3013 oderat
479 2975 615 3015 homo
646 2987 832 3017 severus
864 2979 908 3017 et
929 2979 1007 3017 tri-

130 3034 231 3082 stis,
278 3036 429 3085 utpote
461 3046 576 3085 quae
608 3038 829 3087 ignaviae,
875 3039 1006 3079 volu-

129 3095 261 3146 ptatis
310 3094 580 3145 damnosae,
637 3099 1005 3150 intemperantiae

129 3158 476 3197 instrumentum
507 3161 638 3198 esset.
690 3161 813 3201 Zethi
852 3164 1007 3202 trucu-

129 3217 310 3259 lentiam
357 3219 474 3258 bene
525 3222 744 3271 expressit
790 3224 1006 3264 Pacuvius

129 3281 216 3321 hoc
246 3279 487 3321 versiculo:
534 3282 903 3333 Minitabiliterque
938 3286 1007 3324 in—

131 3354 306 3393 crepare
334 3344 453 3383 dictis
481 3343 613 3382 saevis
641 3343 806 3394 incipit;
841 3347 885 3384 et
917 3346 1007 3385 Eu-

132 3405 297 3456 ripides
320 3406 503 3457 (Fragm.
522 3404 651 3444 DInd.
674 3416 716 3457 p.
742 3406 808 3445 83.
833 3408 883 3446 N.
902 3407 1002 3458 27.):

134 3463 335 3507 Μοῦσάν
392 3469 475 3508 τιν’
526 3461 709 3507 ἄτοπον
768 3464 1002 3521 εἰσάγεις,

1071 1351 1332 1412 χοηιιάτων
1353 1352 1584 1409 ἀτημελῆ.
1614 1358 1737 1398 Idem
1760 1361 1822 1410 (N.
1848 1362 1912 1400 25.
1920 1362 1947 1411 ):

1070 1416 1249 1458 τοιαῦτ’
1299 1412 1353 1458 a'c
1341 1416 1452 1468 ιόε,
1503 1421 1585 1460 καὶ
1633 1417 1743 1471 ὁόξε
1723 1434 1788 1471 erg·
1836 1435 1953 1480 φοο-

1070 1492 1120 1519 νε
1125 1483 1191 1529 ἵν,
1237 1477 1496 1530 Σκάπτων,
1542 1477 1673 1538 ἀρῶν
1702 1497 1806 1536 γῆν,
1844 1496 1952 1525 ποι-

1069 1544 1260 1595 avim).
1247 1541 1532 1594 πιστατῶν,
1552 1541 1737 1596 Ἄὶλοις
1758 1544 1816 1586 τὰ
1836 1561 1953 1601 zocc-

1070 1601 1148 1656 wc).
1179 1603 1307 1646 ταῦτ
1340 1601 1434 1656 ἆφε
1423 1606 1484 1657 ὶς
1515 1609 1828 1661 σοφίσματα,
1871 1606 1950 1663 Ἐξ

1069 1666 1136 1706 ὠν
1153 1681 1203 1707 κε
1191 1673 1398 1708 rosamo
1381 1666 1744 1722 ἐγκατοικησεις
1763 1668 1948 1723 ὁόαοις.

1070 1730 1212 1770 Schol.
1253 1731 1307 1770 ad
1353 1730 1457 1771 Plat.
1499 1734 1627 1783 Gorg.
1665 1745 1708 1785 p.
1748 1734 1842 1775 486.
1885 1737 1948 1787 (N.

1069 1792 1169 1843 262)
1227 1789 1388 1845 Ζηθός
1432 1807 1557 1846 φησι
1601 1807 1664 1834 τι)
1706 1791 1948 1848 Aacpc'ovi,

1067 1853 1287 1909 μουσικῶ
1322 1850 1438 1905 ὄντι,
1466 1852 1638 1908 Ῥῑψον
1668 1855 1755 1911 τὴν
1784 1857 1948 1918 λίραν,

1069 1930 1120 1957 κε
1101 1918 1284 1974 έχρησο
1314 1916 1365 1958 δὲ
1397 1913 1487 1958 ὅτ)
1478 1931 1579 1970 οις.
1610 1941 1653 1948 -
1680 1922 1841 1962 cessisse
1862 1935 1951 1972 pu-

1069 1981 1251 2032 ταωνι]
1234 1983 1415 2031 «cessit,
1464 1985 1512 2022 ut
1541 1983 1721 2023 tradunt
1763 1988 1947 2036 poetae,

1071 2044 1233 2094 quibus
1285 2056 1364 2085 nos
1418 2046 1713 2087 accredimus.
1734 2062 1752 2082 ι)
1817 2051 1950 2089 Recte

1070 2108 1272 2157 Pagnini:
1307 2108 1348 2147 S’
1372 2119 1515 2148 arrese
1536 2107 1574 2159 (e
1601 2109 1737 2161 fama)
1759 2111 1838 2150 alle
1860 2113 1951 2162 fm-

1070 2173 1183 2208 terne
1202 2170 1348 2220 voylie.
1399 2171 1536 2218 Voss,
1560 2171 1749 2220 Merkel,
1776 2175 1947 2225 Goupy,

1071 2228 1141 2269 alii
1179 2231 1446 2282 interpretes
1483 2243 1525 2271 v.
1557 2237 1738 2281 putatur
1767 2245 1950 2285 prorsus

1071 2293 1290 2332 omittunt.
1330 2316 1372 2320 —
1407 2294 1606 2345 Moribus]
1645 2296 1835 2347 «quippe
1876 2299 1950 2348 qui

1070 2354 1214 2395 fratris
1244 2356 1550 2395 morositatem
1569 2355 1754 2407 pulchre
1779 2361 1946 2409 nosset,

1071 2417 1227 2466 cessit,
1261 2428 1315 2456 ne
1347 2417 1626 2469 implacabile
1654 2419 1806 2460 odium
1837 2422 1951 2461 inter

1071 2479 1230 2519 ambos
1261 2481 1495 2520 oriretur.»
1519 2503 1566 2509 —-
1590 2482 1806 2535 Amphion]
1831 2485 1951 2524 Post—

1071 2552 1206 2592 quam
1238 2541 1469 2593 respondit
1500 2542 1613 2593 (Eur.
1642 2544 1709 2583 Fr.
1736 2544 1801 2584 30.
1809 2544 1836 2594 ):
1884 2543 1949 2585 Τὸ

1069 2601 1105 2643 δ’
1134 2599 1256 2643 ασθο
1237 2605 1338 2653 ενές
1365 2616 1462 2656 μου
1494 2605 1577 2644 καὶ
1606 2601 1662 2644 τὸ
1691 2606 1749 2645 θν
1737 2602 1817 2658 {lv
1850 2604 1950 2646 σώ-

1069 2679 1224 2719 ματος
1253 2664 1468 2716 Kachgc
1450 2666 1530 2719 ἐμ-
1512 2668 1723 2720 έμφθης
1756 2667 1949 2728 καὶγὰρ

1071 2730 1114 2770 εἰ
1155 2742 1306 2787 φρονε
1285 2733 1353 2769 εῖν
1396 2724 1515 2779 έχω,
1567 2730 1660 2787 Κρε
1665 2735 1806 2771 ῖσσον
1849 2730 1947 2772 τόδ’

1068 2785 1173 2832 ἐστι
1203 2789 1434 2849 memo&
1473 2790 1756 2849 βραχίονος,
1803 2793 1949 2846 lyram

1070 2854 1153 2894 sub
1173 2854 1350 2905 chlamy
1354 2854 1408 2893 de
1427 2854 1611 2904 abdidit,
1631 2858 1679 2895 ut
1695 2858 1791 2896 est
1782 2869 1824 2896 ln
1847 2869 1950 2898 ana-

1070 2915 1234 2968 glypho
1256 2916 1373 2967 apud
1398 2917 1455 2955 W
1458 2916 1739 2957 inckelmann
1758 2920 1946 2959 Monam.

1068 2980 1176 3018 ined.
1210 2977 1304 3017 Vol.
1343 2979 1383 3018 2.
1423 2989 1465 3030 p.
1508 2979 1600 3019 443.
1652 2981 1950 3031 Amphionem

1071 3043 1115 3081 et
1150 3040 1338 3080 Zethum
1376 3041 1537 3081 Dircen
1575 3043 1810 3093 punientes
1848 3043 1948 3084 vide

1069 3104 1113 3143 in
1143 3102 1297 3144 Miiller
1326 3103 1499 3143 Denkm.
1524 3105 1593 3143 IV.
1620 3107 1669 3144 N.
1695 3106 1790 3144 245.
1815 3116 1854 3144 a.

1125 3164 1270 3205 45-50.
1308 3165 1483 3204 Lenibus
1510 3167 1708 3218 imperiis]
1745 3169 1880 3207 «Nam
1911 3169 1948 3206 si

1070 3237 1175 3266 vere
1206 3226 1283 3266 tibi
1304 3228 1474 3267 amicus
1497 3230 1586 3278 est,
1620 3240 1847 3280 nunquam
1870 3228 1949 3267 du—

1069 3299 1117 3327 ra
1138 3287 1208 3328 vel
1236 3289 1489 3340 importuna
1521 3292 1650 3329 erunt
1680 3291 1774 3329 eius
1805 3290 1944 3337 iussa;

1070 3360 1158 3400 quo
1189 3348 1355 3389 facilius
1385 3352 1432 3390 tu
1459 3361 1510 3389 ea
1532 3351 1714 3401 exsequi
1733 3350 1944 3401 poteris.»

1076 3433 1118 3438 ——
1159 3411 1322 3463 Aetolis]
1366 3411 1613 3461 «Meleager
1653 3410 1947 3462 Calydonium

1070 3482 1229 3523 aprum
1259 3472 1416 3512 nobilis
1446 3474 1631 3512 venator
1653 3473 1837 3523 excepit.
1879 3473 1946 3512 In-
