2231 3787
794 232 887 270 [113.
924 232 972 269 ll.
1026 232 1187 270 lipls'r.
1223 233 1252 271 1.

1838 231 1939 281 (503

188 358 404 412 Plautus
445 360 511 413 ad
553 360 827 432 exemplar
867 360 1030 415 Siculi
1072 379 1367 432 properare
1409 360 1734 432 Epicharmi.

112 594 307 634 Macrob.
334 596 372 644 6,
398 597 435 635 4.
466 609 510 648 p.
536 597 629 636 5⁴27.
655 599 803 649 Gron.)
837 609 884 638 se
908 601 998 639 stu-

113 656 236 696 diose
259 656 530 698 aemulatum
555 670 655 699 esse
677 660 994 700 Menandrum:

110 720 200 770 Ego
229 718 389 769 fateor,
433 722 587 770 sumpsi
617 732 699 760 non
730 722 783 761 ab
812 723 896 761 solo
926 723 996 762 illo

114 781 382 831 (Menandro)
428 784 571 832 modo,
619 784 700 822 Sed
737 788 783 823 ut
827 785 997 834 quisque

111 843 274 892 habuit,
319 845 555 884 conveniret
584 846 693 895 quod
720 846 845 896 mihi,
880 848 998 896 Quod

112 916 175 944 me
210 917 293 944 non
327 917 444 955 posse
473 907 619 947 melias
645 908 785 959 faeere
814 909 993 956 credidi,

111 968 252 1007 Etiam
282 979 310 1006 a
339 969 488 1008 Latino
521 969 572 1019 (a.
607 971 652 1010 C.
678 971 832 1009 Titinio
865 972 909 1010 et
937 969 993 1009 al)

111 1032 207 1082 ipso
239 1031 474 1082 Terentio).
510 1032 573 1072 Cf.
597 1033 730 1072 Munk
758 1034 812 1072 de
840 1032 996 1072 Atella-

112 1095 178 1134 nis
208 1105 251 1145 p.
276 1092 341 1133 74.
381 1117 425 1121 —-
459 1095 707 1146 Menandro]
753 1095 996 1135 Menander

110 1159 240 1209 poeta
284 1157 472 1196 eximius
517 1157 777 1196 comoediae
824 1167 990 1206 novae,

112 1221 237 1260 cuius
281 1222 542 1271 argumenta
589 1220 644 1259 ad
688 1231 760 1259 res
798 1221 993 1271 privatas

110 1283 418 1335 pertinebant,
445 1285 574 1322 natus
597 1285 664 1323 est
684 1295 722 1322 a.
744 1282 857 1330 3402„
878 1294 995 1322 mor-

112 1350 212 1385 tuus
243 1357 281 1385 a.
305 1346 400 1384 ⁶294.
426 1356 465 1384 a.
492 1346 594 1385 Chr.

165 1409 232 1448 58.
279 1408 465 1460 Plautus]
499 1409 544 1447 T.
575 1409 768 1448 Maccius
796 1407 990 1455 Plautus,

110 1471 325 1518 sarsinas,
350 1471 552 1510 mortuus
574 1481 612 1509 a.
637 1482 680 1509 u.
706 1482 742 1509 c.
769 1471 863 1510 570.
889 1471 995 1509 Ver—

110 1531 274 1572 siculus
304 1533 397 1583 ipse
429 1543 512 1583 per
541 1543 589 1571 se
621 1531 903 1571 difficillimus
926 1533 994 1571 est

110 1594 350 1647 explicatu,
400 1596 504 1645 quia
546 1607 626 1635 nos
658 1595 860 1635 Plautum
891 1605 993 1634 cum

110 1659 375 1710 Epicharmo
407 1658 678 1698 contendere
710 1657 828 1698 nullo
860 1658 994 1698 modo

111 1732 367 1772 possumus.
418 1721 521 1761 Mihi
552 1722 594 1760 in
626 1732 673 1760 re
705 1722 795 1760 tam
827 1721 996 1760 incerta

110 1785 289 1835 praeter
320 1785 494 1823 ceteras
535 1782 681 1834 placet
711 1783 922 1823 Schmidii
954 1784 997 1822 et

109 1847 230 1898 prior
273 1846 407 1897 Lingii
448 1846 777 1897 interpretatio:
827 1845 996 1885 «Plauti

112 1909 372 1949 comoediae
414 1909 605 1947 maxime
648 1912 750 1947 sunt
779 1909 995 1948 motoriae

47 2023 57 2032 ι
111 1973 178 2021 et,
210 1974 260 2010 ut
290 1972 332 2011 in
363 1970 447 2010 alio
475 1981 640 2021 genere
663 1971 900 2020 Homerus,
934 1971 997 2011 sic

111 2033 180 2074 ille
210 2045 371 2084 semper
400 2035 457 2073 ad
496 2038 684 2073 eventum
717 2034 887 2084 festinat
932 2034 993 2085 (A.

111 2099 156 2136 P.
183 2095 318 2145 1¹48.);
344 2100 553 2146 properat
580 2097 735 2147 igitur,
768 2098 817 2135 ut
842 2096 995 2148 rapido

110 2169 351 2209 progressu
382 2158 437 2197 ad
471 2157 645 2198 fabulae
672 2159 888 2208 cuiusque
910 2171 997 2197 κα-

113 2217 396 2278 ταστροφὴν
435 2222 689 2272 perveniat,
732 2232 879 2272 neque
911 2232 998 2260 un-

113 2295 247 2336 quam
278 2285 320 2323 in
353 2284 489 2324 rebus
512 2285 691 2324 minutis
714 2284 996 2323 immorando

111 2346 309 2386 retardat
352 2349 709 2399 spectatorem.»
796 2347 997 2386 Eundem

113 2410 285 2458 autem,
318 2411 367 2448 ut
395 2410 594 2458 videtur,
638 2407 923 2466 χαρακτῆρα
954 2410 998 2448 in

113 2472 379 2523 Epicharmo
400 2473 600 2523 reperire
626 2471 710 2511 sibi
730 2472 1000 2512 videbantur

115 2535 261 2574 Critici
308 2534 364 2574 illi
408 2535 567 2585 ignoti,
615 2546 807 2586 quorum
838 2535 999 2575 iudicia

114 2597 318 2636 Horatius
340 2597 499 2637 refert:
525 2598 734 2648 quocirca
755 2598 859 2637 huic
875 2596 1000 2637 Plau-

116 2662 210 2698 tum
241 2659 618 2711 aequiparabant,
651 2671 739 2700 non
761 2659 883 2710 quod
906 2659 1002 2699 imi-

114 2723 230 2762 tatus
262 2723 384 2762 esset
405 2721 602 2762 Siculum
622 2724 828 2773 poetam3
859 2723 999 2774 ipsius

116 2784 235 2823 enim
285 2783 554 2836 exemplaria
609 2784 788 2824 fuerunt
838 2786 998 2836 poetae

115 2847 242 2885 Attici
282 2858 424 2886 novae
465 2847 753 2896 comoediae,
795 2849 840 2886 et
869 2848 1000 2886 nimis

117 2909 284 2947 incerta
305 2910 476 2959 Bergkii
505 2910 760 2949 coniectura
783 2911 865 2958 est,
897 2920 1003 2948 ver-

119 2970 174 3009 ba
203 2970 413 3011 Varronis
454 2983 507 3010 ex
546 2970 659 3011 libro
690 2974 721 3012 Ι.
761 2971 816 3011 de
858 2972 1002 3023 poetis

117 3031 236 3083 apud
257 3032 395 3072 Prisc.
420 3033 466 3071 T.
491 3034 522 3072 I.
545 3045 590 3084 p.
613 3033 712 3073 452.
736 3035 828 3083 Kr.,
861 3034 1005 3073 deinde

116 3105 156 3134 se
186 3095 243 3133 ad
272 3094 480 3133 Siculos
509 3095 759 3145 applicavit,
793 3096 849 3135 ad
874 3094 1005 3136 Plau-

117 3158 212 3196 tum
259 3157 303 3195 et
342 3156 660 3207 Epicharmum
690 3157 873 3206 referri;
921 3169 1006 3198 nec

118 3220 260 3270 magis
290 3220 567 3259 Menaechm.
600 3219 714 3259 Prol.
745 3223 789 3260 7:
828 3222 902 3261 hoe
937 3233 1008 3261 ar-

116 3286 360 3333 momentum
379 3282 636 3333 97·aeeissat,·
667 3285 806 3321 tasmen
826 3284 921 3322 Non
943 3288 1008 3323 at-

119 3345 306 3395 gicissat,
351 3356 497 3384 verum
534 3345 759 3384 sicelissat:
806 3344 861 3384 de
906 3346 1011 3396 Epi-

1059 609 1357 650 personarum
1387 600 1575 651 patriam
1601 610 1701 641 esse
1733 600 1936 641 Siciliam.

1063 662 1313 712 (Praeterea
1343 661 1555 713 Prologus
1593 661 1661 702 ille
1694 674 1748 702 ne
1779 662 1941 703 Plauti-

1062 735 1144 763 nus
1175 723 1358 774 quIdem
1390 725 1472 764 est.
1515 725 1638 764 Conf.
1664 726 1843 765 omnino
1866 727 1944 765 La-

1062 786 1201 837 dewig
1242 787 1284 825 in
1326 785 1476 826 Philol.
1515 787 1789 828 Schneidew.
1827 790 1857 827 Ι.
1897 799 1940 839 p.

1060 849 1141 888 276
1162 849 1278 900 sqq.)
1321 850 1371 888 V.
1389 861 1626 900 properare
1654 851 1785 901 igitur
1806 850 1944 890 abso—

1060 909 1149 950 lute
1195 911 1391 961 positum
1436 914 1524 959 est;
1575 923 1648 951 vv.
1687 914 1840 951 autem
1889 913 1946 950 ad

1060 973 1279 1021 exemplar
1328 984 1382 1011 ex
1426 974 1577 1013 Latina
1622 973 1944 1015 consuetudine

1061 1034 1331 1084 significant,
1374 1036 1495 1085 quod
1533 1037 1679 1076 minus
1717 1038 1841 1077 recte
1871 1047 1946 1076 re-

1061 1097 1282 1136 centiores
1332 1096 1484 1137 dicunt
1531 1100 1775 1148 seeundum,
1821 1100 1946 1138 iuoeta

1060 1159 1290 1208 exemplar.
1342 1160 1537 1209 Eodem,
1578 1172 1666 1212 quo
1698 1173 1806 1212 ego,
1838 1173 1945 1213 pro-

1059 1221 1227 1272 pendet
1275 1221 1611 1274 Dillenburger:
1676 1226 1947 1274 «Pr-operare

1059 1286 1182 1323 recte
1229 1283 1540 1324 intellexerunt
1583 1286 1850 1338 interpretes
1888 1287 1944 1326 de

1060 1349 1184 1385 motu
1229 1350 1272 1386 et
1315 1347 1532 1398 agilitate,
1580 1360 1666 1399 qua
1712 1351 1755 1388 in
1786 1348 1945 1389 fabulis

1060 1410 1291 1460 utriusque
1321 1412 1480 1461 poetae
1513 1410 1570 1449 ad
1591 1413 1802 1451 eventum
1829 1411 1947 1452 sesti-

1060 1471 1252 1511 nabatur
1272 1473 1497 1522 animique
1520 1472 1796 1513 audientium
1818 1474 1946 1514 inde-

1059 1533 1176 1573 fessa
1215 1534 1258 1572 vi
1298 1534 1690 1575 intendebantur.»
1740 1536 1820 1576 Alii
1854 1537 1941 1576 sic:

1061 1596 1097 1646 4)
1120 1594 1322 1636 «Plautus
1341 1597 1516 1648 egregie
1539 1598 1734 1638 imitatus
1757 1600 1825 1639 est
1850 1600 1949 1651 Epi-

1061 1658 1339 1697 charmum.»
1373 1659 1410 1709 2)
1436 1660 1604 1699 «Citato
1627 1671 1762 1700 cursu
1789 1660 1943 1710 fertur,

1061 1721 1232 1769 nititur,
1280 1722 1329 1760 ut
1372 1720 1602 1772 exemplar
1645 1733 1777 1762 suum
1819 1733 1947 1763 asse-

1062 1785 1265 1832 quatur.»
1313 1783 1349 1833 3)
1376 1785 1594 1823 «Numeri
1623 1783 1808 1825 Plautini
1839 1797 1948 1825 ean—

1062 1844 1166 1884 dem
1197 1843 1379 1884 laudem
1415 1847 1648 1885 merentur
1678 1848 1811 1898 atque
1843 1848 1948 1899 Epi-

1062 1907 1321 1946 charmiani.
1333 1922 1351 1941 υ
1376 1905 1412 1956 4)
1434 1909 1641 1948 «Numeri
1658 1908 1842 1948 Plautini
1860 1921 1947 1949 non

1062 1969 1208 2008 minus
1250 1970 1397 2021 asperi
1432 1971 1535 2010 sunt
1573 1982 1709 2021 quam
1739 1972 1949 2023 Epichar-

1062 2032 1241 2071 miani.»
1274 2033 1311 2082 5)
1339 2034 1518 2083 «Aeque
1539 2033 1694 2073 vitiosa
1717 2034 1947 2085 utriusque

1064 2093 1141 2133 fuit
1170 2093 1393 2133 festinatio
1426 2096 1470 2134 et
1499 2094 1728 2145 celeritas,
1772 2096 1949 2136 Inimica

1064 2155 1232 2195 consilii
1263 2158 1307 2196 et
1337 2156 1633 2207 diligentiae.»
1683 2158 1769 2197 Sed
1790 2158 1834 2197 hi
1860 2159 1948 2198 duo

1062 2219 1303 2270 postremi,
1351 2219 1471 2269 quod
1503 2220 1701 2269 mireris,
1735 2231 1823 2260 non
1853 2222 1949 2260 ani-

1064 2280 1403 2320 madverterunt
1440 2280 1575 2320 Plauti
1605 2280 1676 2321 vel
1716 2283 1950 2322 minimam

1063 2343 1463 2394 reprehensionem
1484 2344 1648 2382 Horatii
1670 2343 1853 2384 consilio
1876 2345 1949 2384 hic

1063 2416 1248 2456 prorsus
1279 2408 1628 2456 repugnaturam
1658 2405 1818 2455 fuisse;
1860 2418 1949 2446 non

1066 2468 1184 2507 enim
1216 2477 1369 2516 suum,
1417 2467 1498 2507 sed
1537 2467 1676 2507 Plauti
1706 2468 1950 2509 admirato-

1065 2541 1165 2569 rum
1210 2529 1425 2569 iudicium
1464 2530 1648 2581 profert.
1691 2554 1735 2559 —
1782 2531 1950 2572 Siculi—

1063 2592 1323 2643 Epieharmi]
1348 2591 1519 2632 Siculus
1540 2592 1721 2642 dicitur,
1757 2595 1858 2644 quia
1880 2595 1951 2634 vix

1066 2655 1301 2695 trimestris
1325 2665 1348 2694 e
1369 2655 1508 2706 patria
1535 2655 1580 2694 in
1601 2654 1793 2694 Siciliam
1813 2656 1946 2695 venit.

1066 2718 1142 2757 Est
1182 2717 1301 2756 enim
1331 2717 1373 2756 in
1404 2715 1545 2757 insula
1577 2717 1639 2757 Co
1669 2718 1826 2767 natus,
1873 2728 1951 2759 ae-

1067 2778 1208 2830 qualis
1239 2779 1428 2818 Pindaro
1449 2781 1582 2829 atque
1605 2779 1841 2830 Aeschylo.
1880 2780 1953 2819 Vi-

1067 2845 1159 2883 tam
1177 2843 1386 2894 produxit
1405 2853 1550 2893 usque
1572 2842 1629 2882 ad
1651 2845 1827 2895 tempus
1846 2844 1950 2884 Hie-

1068 2906 1188 2945 ronis
1219 2905 1394 2955 tyranni
1426 2915 1466 2944 a.
1501 2906 1603 2944 ante
1627 2906 1730 2946 Chr.
1755 2905 1849 2946 477.
1884 2906 1947 2947 Cf.

1068 2967 1223 3008 Miiller
1259 2968 1415 3007 Dorier
1453 2967 1545 3018 (ed.
1575 2967 1666 3019 alt.)
1702 2970 1752 3008 ΙΙ.
1794 2980 1837 3020 p.
1870 2968 1950 3009 345

1070 3043 1136 3083 sq.
1173 3032 1450 3082 (Posterioris
1492 3032 1626 3071 etiam
1657 3033 1813 3072 aetatis
1844 3032 1953 3072 iudi-

1070 3096 1188 3135 cium
1240 3094 1400 3134 afferre
1453 3095 1588 3134 iuvat.
1654 3095 1952 3145 Hieronymus

1071 3158 1151 3209 Ep.
1175 3157 1241 3197 57.
1272 3168 1314 3208 p.
1340 3156 1434 3196 309.
1469 3155 1575 3197 Vall.
1597 3169 1603 3195 :
1640 3158 1849 3197 Terentius
1867 3158 1953 3197 Me-

1071 3221 1304 3268 nandrum,
1346 3219 1517 3258 Plautus
1560 3223 1598 3258 et
1641 3219 1843 3259 Caecilius
1879 3229 1952 3257 ve-

1071 3287 1176 3322 teres
1221 3281 1288 3332 (‘?)
1324 3282 1500 3321 comicos
1541 3281 1803 3330 interpretati
1840 3283 1947 3319 sant.

1074 3345 1186 3384 Num
1215 3344 1315 3394 quid
1343 3345 1514 3384 haerent
1533 3345 1575 3383 in
1603 3342 1770 3382 verbis?
1798 3353 1849 3381 ae
1867 3353 1951 3381 non

120 3408 291 3448 charmi
313 3408 558 3447 imitatione
581 3407 863 3458 interpretari
886 3406 1010 3456 licet,
1075 3408 1262 3446 decorem
1280 3408 1417 3458 mayis
1430 3410 1468 3445 et
1486 3406 1734 3456 eleyantiam
1753 3405 1795 3444 in
1816 3409 1951 3445 trans-

121 3480 222 3510 cum
267 3468 527 3521 simpliciter
571 3469 788 3521 significet
826 3468 1008 3510 fabulae
1075 3469 1228 3510 latione
1257 3466 1556 3517 conservantP)
