2231 3787
304 261 404 312 578

916 261 1131 301 HORATII
1160 261 1526 302 EPISTOLARUM

376 394 659 462 Temperat
696 390 945 453 Alcaeus,
989 391 1084 444 sed
1127 391 1289 443 rebus
1329 399 1381 443 et
1419 389 1607 443 ordine
1647 389 1853 460 dispar,

371 495 482 547 Nec
523 509 772 546 socerum
813 493 1043 564 quaerit,
1087 509 1249 562 quem
1287 490 1536 544 versibus
1576 489 1778 543 oblinat
1815 490 1967 546 atris,

2054 490 2121 542 30

370 596 481 648 Nec
520 612 752 665 sponsae
791 594 1047 664 laqueum
1084 592 1288 644 famoso
1329 591 1567 645 carmine
1605 591 1781 645 nectit.

370 697 524 749 Hunc
562 713 662 766 ego
704 712 809 747 non
854 694 956 747 alio
998 693 1198 747 dictum
1237 693 1387 763 prius
1425 710 1519 745 ore
1558 693 1774 746 Latinus

369 796 585 867 Volgavi
625 794 844 859 fidicen,
888 795 1032 847 iuvat
1069 795 1441 848 immemorata
1478 793 1737 847 ferentem

369 897 616 967 Ingenuis
657 896 938 967 oculisque
977 895 1081 966 legi
1120 895 1478 966 manibusque
1518 895 1704 948 teneri.

403 1048 469 1087 30.
503 1047 653 1086 obtinet
683 1047 741 1095 E,
774 1046 918 1085 allinet
945 1057 988 1097 p.
1027 1067 1071 1073 —
1118 1046 1183 1085 32.
1217 1046 1379 1085 Latinis
1406 1045 1483 1094 hd,
1517 1047 1533 1084 t
1562 1046 1606 1084 et
1633 1043 1820 1085 Wetzel.
1869 1044 1932 1095 (Ut
1960 1057 2064 1095 nos,

350 1111 438 1150 SEc
470 1113 514 1150 et
542 1109 736 1149 Pottierii
767 1107 955 1158 omnes.)
983 1131 1027 1136 —-
1052 1108 1118 1148 33.
1142 1107 1330 1147 Exhibet
1350 1108 1617 1159 scripturam
1641 1106 1814 1158 l⁷ol9avi
1843 1107 1889 1147 E.
1929 1130 1973 1136 —
1997 1107 2064 1148 34.

292 1249 654 1290 subobscoenam
697 1248 1062 1299 significationem
1093 1248 1172 1286 tri-

290 1312 432 1352 buere
476 1311 694 1351 vocabulo
731 1312 948 1358 mascula,
996 1320 1096 1349 nam
1137 1311 1173 1349 si

290 1373 362 1413 vel
393 1374 585 1413 maxime
616 1374 701 1413 hoc
735 1372 967 1418 voluisset,
1002 1371 1173 1410 adden-

292 1435 399 1475 dum
430 1435 595 1486 aliquid
624 1435 800 1483 fuisset,
835 1437 885 1474 ut
915 1435 981 1474 est
1006 1433 1047 1472 in
1069 1444 1174 1483 saga

289 1497 362 1537 illa
402 1497 614 1537 masculae
657 1497 907 1535 libidinis
951 1491 1173 1552 (τριβάδι)

290 1561 430 1612 Epod.
463 1562 511 1609 5,
546 1559 613 1600 44.
659 1559 827 1598 Verum
858 1558 1038 1597 omnino
1069 1557 1174 1597 nihil

289 1624 430 1673 magis
451 1623 651 1673 ineptum
669 1621 844 1669 fuisset,
870 1631 1004 1670 quam
1028 1620 1064 1660 si
1085 1620 1170 1669 hic,

289 1684 366 1724 ubi
409 1683 718 1724 tantummodo
761 1682 815 1722 de
847 1683 1033 1734 poeticis
1064 1683 1174 1732 Sap—

289 1748 406 1799 phus
435 1745 670 1787 virtutibus
702 1747 810 1796 agit,
843 1745 1042 1796 poetriae
1074 1755 1175 1783 mo-

288 1820 362 1848 res
393 1810 615 1856 notasset,
658 1807 821 1857 quibus
852 1808 946 1846 eius
978 1807 1174 1845 carmina

290 1881 375 1910 nec
415 1869 600 1909 meliora
630 1880 713 1908 nec
749 1869 904 1919 peiora
934 1867 1061 1906 reddi
1091 1879 1175 1918 po-

291 1934 449 1972 terant.
502 1931 627 1970 Idem
672 1931 793 1970 dicas
832 1929 934 1968 licet
977 1928 1032 1968 de
1063 1930 1175 1968 Tur-

289 1993 396 2033 nebi
415 1992 799 2044 interpretatione:
832 1991 1093 2030 «Masculam
1112 1991 1175 2029 in-

289 2054 462 2106 telligit,
510 2064 625 2105 quae
668 2056 760 2093 tam
802 2053 959 2092 audaci
991 2056 1034 2092 et
1063 2051 1174 2092 virili

288 2119 436 2157 animo
467 2116 621 2164 fuerit,
659 2118 708 2155 ut
738 2115 793 2154 de
816 2115 1020 2155 Leucade
1047 2116 1173 2166 petra

285 2180 578 2231 praecipitem
609 2178 715 2217 dare
747 2188 795 2217 se
819 2188 925 2217 ausa
948 2178 1014 2218 sit.
1063 2178 1168 2217 Stat.

287 2240 389 2281 Silv.
414 2242 454 2289 ὃ,
478 2240 517 2289 3,
543 2239 643 2280 ’154ε
677 2240 886 2289 saltusque
905 2240 1096 2290 ingressa
1112 2240 1175 2278 vi-

284 2304 383 2344 riles
402 2305 496 2343 Non
510 2303 746 2354 formidata
767 2306 864 2341 tem
876 2302 1016 2342 erari
1027 2313 1055 2341 a
1070 2303 1174 2341 Leu-

286 2368 388 2407 cade
428 2366 642 2416 Sappho.»
679 2388 723 2394 -
755 2364 949 2413 Alcaeus]
992 2363 1055 2404 Cf.
1089 2363 1168 2404 Od.

289 2430 334 2478 4,
366 2429 442 2476 32,
477 2429 500 2468 ὃ
534 2438 633 2478 sqq.

343 2491 410 2530 30.
434 2490 501 2529 34.
541 2491 624 2529 Nec
653 2500 842 2529 socerum
873 2488 975 2539 cet]
1008 2488 1171 2527 Exem-

285 2552 358 2605 plo
391 2552 624 2592 manifesto
656 2554 789 2603 atque
821 2551 1003 2591 indubio
1032 2552 1092 2602 (ut
1113 2552 1171 2590 ait

289 2614 591 2663 Quintilianus)
616 2615 909 2662 demonstrat,
944 2613 1169 2664 quomodo

287 2677 463 2727 Sappho
506 2678 550 2715 et
584 2675 770 2716 Alcaeus
811 2674 893 2715 alia
924 2676 1056 2725 atque
1087 2676 1171 2714 Ar-

287 2737 514 2778 chilochus
546 2739 806 2789 argumenta
838 2737 1082 2776 tractarint.
1122 2758 1166 2764 —

288 2801 465 2852 quaerit]
486 2803 634 2840 «certo
649 2799 831 2840 consilio
851 2799 1013 2849 deligit,
1034 2809 1169 2849 quem

288 2860 424 2901 veluti
458 2863 548 2902 luto
588 2863 824 2913 inquinans
855 2861 1038 2901 infamet
1066 2872 1171 2900 ver-

289 2922 412 2963 sibus
434 2926 682 2975 perniciem
705 2925 745 2963 ei
765 2922 1097 2963 afferentibus.»
1121 2944 1166 2949 —

287 2986 409 3034 atris]
441 2986 700 3026 «venenosis
731 2997 783 3025 ac
803 2984 1098 3032 mortiferis,»
1122 2984 1171 3021 ut

288 3050 408 3086 atrae
436 3047 604 3096 viperae
634 3047 712 3086 Od.
745 3047 795 3095 3,
825 3047 865 3095 4,
901 3047 967 3086 47.
1018 3047 1169 3097 Ipsum

287 3119 514 3148 venenum
546 3109 704 3148 dicitur
733 3113 873 3148 atrum
904 3108 982 3148 Od.
1015 3108 1031 3146 4
1057 3139 1064 3155 ,
1099 3106 1166 3155 37,

289 3170 355 3209 ³27.
405 3169 467 3209 Cf.
501 3169 638 3220 Epod.
672 3169 710 3217 6,
746 3170 818 3208 45ῑ
863 3169 898 3208 si
942 3169 1033 3218 quis
1075 3172 1169 3207 atro

289 3233 404 3271 dente
431 3242 496 3271 me
518 3230 725 3281 petiverit.
756 3253 799 3258 —
832 3230 1020 3281 sponsae]
1051 3232 1169 3270 Neo-

289 3293 437 3334 bulae.
485 3317 510 3322 -
540 3294 702 3344 famoso
736 3293 935 3345 carmine]
970 3293 1167 3333 «famam

290 3356 384 3396 eius
413 3355 663 3396 laedente.»
720 3355 789 3394 Sic
827 3355 1004 3394 Sueton.
1038 3355 1163 3395 Caes.

290 3417 365 3457 73:
415 3418 581 3467 famosa
627 3417 937 3469 epiqrammata
982 3415 1160 3466 (Calvi).

291 3480 437 3519 Octav.
467 3481 542 3519 55:
576 3479 725 3529 famosi
754 3478 890 3518 libelli.

1298 1245 1467 1287 302-34.
1515 1246 1648 1297 Hunc]
1692 1246 1894 1286 Proxime
1939 1246 2121 1297 quidem

1242 1309 1433 1349 refertur
1463 1308 1519 1348 ad
1539 1307 1751 1348 Alcaeum
1784 1308 1842 1359 (et
1864 1319 1986 1358 vere,
2020 1319 2123 1348 cum

1243 1370 1437 1411 Catullus
1468 1370 1536 1410 bis
1568 1370 1774 1421 quidem,
1809 1370 1956 1410 Carm.
1981 1371 2049 1410 Μ.
2081 1372 2125 1410 et

1241 1434 1326 1481 54„
1374 1433 1551 1472 tentarit
1596 1434 1791 1472 metrum
1835 1433 2120 1484 Sapphicum,

1240 1494 1466 1534 Alcaicum
1488 1494 1755 1545 nunquam),
1789 1505 1900 1541 non,
1930 1496 1978 1534 ut
1996 1493 2123 1534 multi

1239 1556 1499 1605 voluerunt,
1547 1557 1602 1596 ad
1636 1555 1974 1606 Archilochum,
2020 1567 2118 1606 nec,

1239 1620 1287 1658 ut
1316 1617 1538 1667 nonnulli,
1571 1619 1628 1658 ad
1657 1630 1700 1657 v.
1728 1619 1902 1668 pedem,
1945 1630 2118 1669 verum,

1240 1680 1625 1732 quemadmodum
1646 1691 1717 1719 vv.
1742 1680 1808 1719 30.
1834 1680 1900 1719 34.
1934 1692 2023 1720 non
2044 1681 2124 1720 mi-

1240 1754 1323 1783 nus
1354 1743 1410 1782 ad
1441 1743 1728 1794 Sapphonem
1759 1744 1964 1794 spectant
1985 1755 2122 1794 quam

1240 1805 1297 1845 ad
1322 1804 1557 1853 Alcaeum,
1586 1805 1649 1844 sic
1671 1804 1791 1855 quod
1812 1804 1867 1843 ad
1889 1805 2019 1845 huius
2039 1804 2123 1846 loci

1239 1877 1423 1906 sensum
1456 1867 1717 1905 universum
1758 1867 1914 1906 attinet
1946 1869 2122 1908 utrum-

1239 1939 1325 1980 que
1348 1930 1527 1979 poetam
1544 1927 1672 1968 simul
1691 1927 1921 1978 significat.
1956 1929 2018 1968 Cf.
2038 1929 2116 1970 Od.

1238 1992 1286 2039 ⁶3,
1312 1990 1386 2039 43,
1409 1989 1462 2030 24
1483 2001 1581 2041 sqq.
1616 1990 1695 2029 Od.
1721 1990 1766 2039 3,
1792 1990 1866 2039 30,
1895 1990 1946 2030 43
1967 2001 2034 2042 sq.
2072 2015 2116 2020 —

1237 2051 1627 2104 Latinus—fidicen]
1684 2053 1849 2103 «poeta
1895 2051 2117 2102 lyricus,»

1238 2118 1286 2154 ut
1317 2114 1394 2155 Od.
1420 2114 1460 2163 4,
1487 2114 1525 2164 3,
1549 2114 1622 2153 23:
1656 2115 1870 2154 Romanae
1885 2115 2034 2166 fidicen
2054 2115 2121 2164 ly-

1236 2189 1325 2217 rae.
1372 2176 1545 2217 Falsam
1574 2175 1675 2216 lect.
1707 2176 1869 2215 Latinis
1904 2175 2009 2216 olim
2039 2188 2120 2216 ex-

1236 2238 1460 2290 plicabant
1498 2237 1598 2278 vel:
1654 2238 1847 2278 «Latinis
1893 2239 2027 2278 modis
2069 2250 2120 2279 ac

1234 2301 1429 2350 verbis,»
1461 2299 1556 2340 vel:
1593 2301 1847 2349 «Romanis,
1881 2301 1925 2340 in
1954 2292 2119 2341 Roma-

1237 2374 1362 2403 nos.»
1399 2383 1443 2390 -
1482 2362 1667 2413 Volqavi]
1711 2362 1940 2414 «Sapphus
1970 2363 2015 2402 et
2043 2361 2119 2402 Al—

1236 2425 1331 2465 caei
1362 2436 1501 2476 genus
1532 2424 1740 2465 omnibus
1776 2425 1864 2464 iam
1893 2425 2006 2464 meis
2034 2435 2118 2476 po-

1235 2487 1465 2539 pularibus
1506 2488 1662 2526 notum
1704 2486 1922 2526 reddidi.»
1958 2507 2002 2514 —
2035 2480 2117 2527 im-

1234 2549 1482 2601 memorata]
1517 2559 1566 2588 «a
1597 2547 1716 2588 nullo
1748 2559 1802 2588 ex
1822 2549 1984 2589 Latinis
2015 2550 2115 2589 ante

1235 2611 1484 2667 me4licta.»
1504 2613 1658 2650 Poizpn.
1681 2631 1725 2638 —·
1744 2611 1957 2662 ferentem]
1975 2612 2116 2651 «tam-

1235 2685 1370 2725 quam
1399 2674 1574 2724 gratum
1604 2672 1771 2712 donum
1801 2683 1826 2711 a
1855 2683 1928 2712 me
1953 2672 2114 2713 Latinis

1234 2735 1480 2775 oblatum.»
1517 2758 1562 2762 -—
1606 2733 1813 2785 Ingenuis]
1861 2735 2114 2784 «generosis

1235 2800 1279 2838 et
1308 2796 1506 2837 candidis
1535 2794 1800 2844 lectoribus,
1821 2811 1839 2830 υ
1872 2794 2026 2846 quales
2056 2794 2115 2835 illi

1235 2862 1382 2908 erant,
1426 2869 1539 2909 quos
1575 2858 1808 2898 enumerat
1845 2857 1932 2897 Sat.
1967 2859 2011 2907 l,
2044 2859 2109 2908 ⁴0,

1233 2922 1379 2962 84-87.
1433 2921 1635 2972 Inqenui,
1678 2921 1761 2961 ulsi
1790 2919 1935 2968 fallor,
1968 2931 2112 2972 oppo—

1234 2985 1398 3023 nuntur
1429 2983 1561 3022 etiam
1583 2983 1804 3031 libertinis,
1838 2993 1926 3033 quo
1957 2993 2012 3021 ex
2030 2993 2111 3033 ge—

1234 3056 1340 3085 nere
1390 3044 1591 3097 plerique
1638 3044 1765 3084 erant
1811 3044 2108 3094 grammatici,

1233 3108 1397 3148 Horatii
1414 3106 1752 3147 obtrectatores.
1778 3106 1987 3146 Ceterum
2003 3107 2112 3146 Por-

1232 3171 1446 3222 phyrion:
1480 3171 1599 3209 «Hoc
1623 3168 1693 3209 vel
1723 3169 1780 3208 ad
1798 3166 2111 3209 Archilochum

1233 3233 1422 3273 refertur
1457 3231 1594 3272 multa
1631 3231 1856 3271 obscoena
1886 3229 2112 3269 dicentem

1233 3292 1301 3334 vel
1332 3293 1389 3333 ad
1419 3292 1653 3342 Lucilium,
1697 3293 1772 3343 qui
1801 3301 1944 3342 aeque
1974 3288 2110 3330 multa

1232 3355 1392 3406 punice
1416 3355 1550 3406 (recte
1572 3353 1902 3403 Dillenburger:
1937 3351 2108 3402 cynice}

1231 3427 1393 3468 spurca
1424 3415 1718 3467 composuit.»

1287 3477 1432 3518 35-38.
1468 3478 1584 3517 Scire
1613 3476 1716 3527 cet]
1751 3476 1973 3516 «Forsitan
1993 3475 2107 3516 scire
