2231 3787
938 269 1035 307 ΗΒ.
1071 269 1119 307 11.

1182 269 1294 307 SAT.
1328 269 1378 306 V.

933 554 1286 603 SATmA
1335 554 1420 601 V.

327 675 440 727 Hoc
480 690 730 744 quoque.
774 673 1000 735 Tiresia,
1043 681 1260 743 praeter
1298 680 1511 725 narrata
1551 674 1749 743 petenti

329 774 642 846 Responde.
686 775 883 845 quibus
923 775 1149 827 amissas
1191 791 1447 846 reparare
1488 792 1685 844 queam
1725 792 1812 828 res

311 950 361 988 V.
414 951 460 989 In
506 960 558 989 eo
603 948 788 1000 populu,
837 948 955 1000 apud
1003 959 1138 999 quem

257 1013 456 1062 ingentes
488 1022 597 1063 opes
618 1023 699 1063 per
719 1010 846 1063 plura
869 1010 1018 1051 secula
1042 1022 1141 1049 coa-

257 1075 486 1121 cervatae,
534 1085 680 1124 neque
724 1085 803 1113 eae
845 1085 925 1125 per
964 1084 1139 1112 merca-

256 1140 402 1177 turam
446 1138 521 1176 aut.
565 1137 844 1188 opificiorum
889 1139 933 1176 et
978 1137 1138 1175 artium

256 1199 470 1239 industria
491 1198 713 1239 laboriose
737 1200 1033 1250 conquisitae,
1059 1197 1140 1238 sed

257 1274 310 1302 ex
354 1264 445 1301 toto
489 1264 710 1301 terrarum
761 1261 870 1301 orbe
918 1260 1139 1300 bellorum

255 1326 419 1376 rapinis
461 1325 643 1365 coactae
688 1326 731 1363 et.
776 1334 1001 1364 summam
1033 1333 1140 1362 ava-

256 1388 399 1427 ritiam
432 1390 499 1435 et,
552 1388 670 1426 Livio
701 1389 845 1435 teste,
893 1387 1140 1425 desiderium

250 1462 329 1502 per
358 1452 508 1490 luxum
537 1455 661 1500 atque
690 1449 900 1489 libidinem
935 1450 1140 1499 pereundi

251 1515 532 1565 perdendique
562 1514 704 1553 omnia
744 1513 1047 1564 peperissent,
1096 1513 1138 1551 in

257 1589 309 1617 eo
350 1578 478 1628 igitur
517 1575 682 1628 populo
725 1586 776 1614 ea
817 1587 888 1615 ars
925 1587 1021 1615 reni
1058 1587 1139 1615 au-

256 1639 409 1691 gendi,
454 1650 568 1691 quae
605 1640 648 1678 in
679 1639 763 1678 hac
795 1639 935 1678 Satira
967 1638 1139 1679 descri-

256 1701 398 1750 bitur,
437 1701 638 1753 plurimis
670 1702 823 1752 utique
856 1701 1031 1740 innoxia
1070 1702 1139 1740 at-

256 1775 342 1815 que
387 1764 499 1804 adeo
549 1764 734 1804 honesta
779 1763 918 1802 videri
968 1763 1134 1803 debuit.

256 1830 339 1868 Per
367 1826 588 1867 beliorum
611 1827 730 1866 enim
757 1823 950 1866 civilium
980 1825 1137 1866 turbas

256 1900 413 1940 magna
447 1891 609 1929 civium
650 1899 752 1940 pars
785 1899 965 1927 omnem
996 1899 1135 1939 prope

257 1953 503 1993 honestatis
536 1954 579 1991 et
609 1951 784 1991 decoris
817 1961 1000 1991 sensum
1031 1951 1139 1989 ami-

257 2018 398 2063 serat3
447 2018 579 2066 atque
618 2026 718 2054 cum
761 2014 866 2055 satis
907 2012 1139 2065 exemplo-

255 2089 355 2117 rum
416 2078 621 2117 Horatius
679 2076 838 2127 aliique
897 2077 1137 2127 scriptores

257 2139 387 2180 nobis
436 2139 709 2191 praebeant,
771 2141 993 2178 Romanos
1044 2139 1138 2178 eius

257 2205 437 2253 aetatis,
484 2206 533 2243 ut
576 2204 749 2243 divitias
795 2204 1134 2254 conquirerent,

257 2265 424 2305 nullum
454 2264 626 2315 legibus
656 2265 842 2304 vetitum
874 2264 1042 2304 facinus
1065 2276 1140 2304 ne-

257 2339 344 2379 que
375 2328 557 2379 periurii
588 2338 670 2366 nec
710 2327 957 2378 parricidii,
1003 2329 1052 2366 ut
1081 2327 1136 2367 de

256 2391 439 2431 immani
489 2391 641 2430 fenore
692 2388 923 2438 sileamus,
988 2389 1138 2429 detre-

257 2456 426 2499 ctasse,
475 2454 639 2503 quanto
682 2453 827 2491 minus
871 2452 955 2491 hoc
1001 2453 1138 2491 artifi—

257 2518 374 2556 cium
402 2514 805 2562 reformidaverint,
841 2514 959 2565 quod
991 2526 1136 2565 neque

256 2578 376 2629 leges
419 2579 644 2625 vetarent,
698 2580 741 2616 et
786 2577 903 2627 quod
954 2579 1044 2617 tam
1093 2578 1136 2616 in

255 2639 437 2693 proclivi
470 2641 609 2688 esset,
643 2640 855 2690 quoniam
886 2640 928 2679 in
950 2640 1018 2680 his
1038 2651 1138 2692 per-

257 2704 357 2743 ditis
387 2702 588 2742 moribus
610 2701 801 2742 caelibes
825 2704 866 2742 et
888 2702 985 2742 orbi
1017 2703 1137 2742 avari

257 2767 299 2806 in
330 2766 424 2805 dies
455 2767 745 2816 augerentur,
779 2767 911 2816 atque
944 2777 1137 2806 consue-

257 2827 362 2867 tudo
393 2828 600 2867 Romanis
633 2827 910 2879 frequentata
945 2829 1136 2869 maiores

258 2890 424 2930 amicos
455 2901 506 2930 ac
548 2891 822 2941 pot-entiores
860 2891 979 2931 cives
1017 2890 1137 2931 omni

258 2962 420 3002 genere
461 2952 707 2992 officiorum
740 2954 1043 3005 prosequendi
1085 2966 1137 2994 eo

258 3011 501 3053 faciliorem
533 3014 702 3054 aditum
732 3015 789 3055 ad
820 3017 1037 3056 eiusmodi
1060 3017 1139 3057 ho-

259 3075 401 3114 mines
441 3074 708 3125 praeberet?
750 3077 811 3116 Ita
851 3078 1032 3118 tandem
1071 3079 1137 3118 fa-

259 3138 378 3176 ctum
411 3137 501 3184 est,
535 3138 583 3174 ut
614 3135 800 3177 fortasse
832 3139 873 3177 in
904 3138 1021 3179 nullo
1052 3139 1135 3180 alio

257 3197 420 3250 populo
450 3198 591 3249 magis
613 3209 746 3248 quam
767 3200 882 3251 apud
915 3202 1136 3243 Romanos

258 3260 342 3300 hoc
391 3262 763 3300 testamentorum
812 3263 1135 3312 captandorum

259 3322 454 3362 studium
489 3321 544 3361 ab
590 3321 862 3373 heredipetis
906 3325 1133 3375 tamquam

210 3377 213 3379 ’
260 3383 490 3434 singularis
521 3383 743 3435 quaedam
774 3395 845 3424 ars
867 3387 910 3424 et
930 3386 1135 3437 proprius

260 3448 472 3494 quaestus
517 3448 819 3486 exerceretur.
894 3447 980 3487 Csr.
1028 3449 1131 3488 Hor.

259 3507 367 3558 Epp.
395 3509 438 3557 l,
474 3532 477 3535 ι
510 3541 517 3557 ,
552 3509 617 3547 77.
654 3509 807 3548 Cicero
832 3509 1058 3557 Parasi-15,
1092 3512 1130 3549 2.

1205 950 1374 989 Seneca
1405 949 1460 988 de
1483 948 1632 988 Benef.
1659 949 1703 997 6,
1738 948 1804 988 38.
1858 949 1992 1001 Epist.
2018 951 2086 988 68.

1206 1010 1310 1051 Plin.
1358 1013 1407 1052 H.
1450 1013 1498 1051 N.
1544 1011 1608 1052 44.
1671 1014 1900 1051 Prooem.·.
1951 1012 2089 1061 Coepit

1205 1075 1361 1113 orbitas
1393 1075 1432 1113 in
1462 1075 1713 1114 auctoritate
1743 1086 1905 1114 summa
1934 1079 1971 1115 et
2006 1086 2088 1124 po-

1204 1137 1332 1176 tentia
1361 1148 1457 1176 esse.
1520 1135 1712 1176 Iuvenal.
1751 1138 1838 1176 Sat.
1879 1138 1944 1177 12.
2005 1139 2088 1176 Pc—

1205 1202 1319 1239 tron.
1344 1201 1431 1239 Sat.
1461 1199 1582 1239 4⁶24-st
1627 1199 1849 1249 simplioris
1891 1200 2088 1250 fortunae

1205 1264 1371 1302 domum
1400 1267 1643 1312 quaerentes
1672 1263 1892 1302 incidimus
1922 1264 1963 1302 in
1995 1267 2089 1302 tur-

1205 1327 1302 1366 bam
1357 1326 1693 1375 heredipetarum
1759 1327 2084 1375 sciscitantium,

1204 1391 1313 1438 quod
1342 1400 1470 1440 genus
1498 1389 1734 1438 hominum,
1778 1394 1853 1427 aut
1883 1390 1987 1428 unde
2015 1401 2087 1428 ve-

1202 1451 1415 1492 nii-emus?
1438 1453 1480 1492 et
1501 1450 1663 1491 crebro
1686 1452 1803 1503 apud
1827 1453 2084 1499 Lucianum,

1205 1517 1251 1554 ut
1281 1513 1389 1554 Dial.
1415 1515 1542 1554 Mort.
1569 1514 1606 1553 6.
1650 1515 1814 1553 Contra
1837 1514 1917 1553 hos
1940 1514 2083 1565 igitur,

1205 1578 1279 1628 qui
1326 1576 1625 1625 vocabantur,
1679 1579 1927 1628 captatores
1977 1576 2089 1616 haec

1204 1640 1341 1679 Satira
1365 1640 1616 1690 conscripta
1639 1641 1730 1688 est,
1765 1650 1922 1679 omnes
1944 1637 2085 1687 dolos,

1205 1703 1414 1753 artificia,
1448 1702 1628 1742 insidias
1659 1701 1946 1751 describens,
1989 1703 2088 1753 qui-

1203 1765 1288 1806 bus
1319 1766 1523 1805 homines
1545 1765 1613 1804 isti
1635 1764 1696 1803 uti
1719 1763 1935 1804 solebant.
1979 1765 2087 1803 Zi-:LL

1205 1840 1256 1868 ex
1276 1829 1552 1867 Hfflxnonmo.
1587 1828 1647 1867 Ex
1666 1826 1819 1867 festiva
1841 1829 1991 1866 autem
2013 1838 2089 1877 pa—

1204 1890 1328 1930 rodia
1373 1890 1634 1936 Homerica,
1691 1890 1734 1929 in
1785 1901 1872 1940 quo
1922 1901 2086 1940 genere

1203 1953 1321 2005 apud
1366 1954 1558 1992 Graecos
1605 1950 1879 1991 excellebant
1926 1950 2088 1991 Σίλλοι

1203 2017 1397 2056 Timonis
1429 2014 1623 2064 Phliasii,
1672 2014 1813 2056 Ulixes
1844 2015 1985 2066 pergit
2022 2016 2088 2054 in-

1203 2081 1432 2129 terrogare
1465 2078 1520 2117 de
1550 2077 1930 2118 vicissitudinibus
1969 2077 2087 2117 sutu—

1203 2153 1279 2181 rae
1312 2152 1419 2181 suae
1449 2141 1582 2189 vitae,
1616 2140 1832 2191 imprimis
1855 2140 1909 2179 de
1934 2141 2087 2180 certis-

1204 2204 1316 2244 sImo
1375 2214 1483 2254 opes
1543 2203 1730 2242 amissas
1790 2201 2082 2253 recuperandi

1204 2266 1359 2314 modo,
1381 2266 1494 2304 vatis
1515 2265 1712 2304 Thebani
1734 2264 1957 2313 umbram,
1985 2276 2087 2304 con-

1204 2329 1378 2367 tinuans
1424 2328 1548 2378 quasi
1583 2339 1653 2366 vv,
1693 2327 1852 2377 Odyss.
1890 2325 1938 2375 λ,
1989 2327 2080 2366 137.

1204 2389 1492 2441 Lepidissime
1526 2399 1631 2428 sane
1671 2400 1753 2439 per
1793 2390 1930 2428 totam
1971 2389 2084 2427 Sati-

1202 2462 1298 2490 ram
1328 2451 1558 2490 heroicam
1580 2449 1709 2491 Ulixis
1731 2461 1971 2501 personam
1993 2461 2086 2490 res-

1203 2525 1288 2565 que
1320 2513 1375 2552 ab
1408 2524 1461 2552 eo
1494 2512 1550 2552 ad
1581 2513 1754 2552 Troiam
1794 2517 1941 2562 gestas
1980 2524 2083 2552 cor-

1202 2577 1342 2628 ruptis
1374 2577 1673 2615 Romanorum
1705 2574 1906 2615 moribus
1941 2575 2083 2614 conti-

1202 2650 1289 2678 nuo
1325 2639 1382 2678 ita
1414 2638 1661 2686 immiscet,
1709 2639 1758 2677 ut
1801 2638 1911 2677 mira
1943 2648 2083 2688 quae-

1202 2702 1305 2742 dam
1327 2712 1468 2741 novae
1490 2701 1627 2747 vitae,
1656 2701 1711 2739 ita
1735 2700 1770 2740 si
1792 2700 1941 2740 dicere
1963 2698 2079 2748 licet,

1201 2764 1405 2804 satiricae
1447 2765 1492 2802 et
1533 2760 1865 2814 φανταστικῆς
1909 2763 2083 2814 species

1201 2826 1302 2866 inde
1335 2827 1514 2866 oriatur.
1550 2847 1594 2854 —-
1628 2826 1822 2877 Tempus
1858 2824 2083 2875 composi-

1202 2889 1331 2929 tionis
1369 2889 1590 2928 incertum
1620 2889 1709 2936 est;
1757 2888 1920 2938 scripta
1953 2886 2080 2926 vide-

1201 2954 1272 2992 tur
1300 2951 1542 2991 Kirchnero
1573 2962 1611 2990 a.
1645 2962 1689 2989 u.
1724 2961 1763 2990 c.
1796 2950 1908 2998 725„
1942 2950 2081 2989 Fran-

1200 3015 1270 3053 kio
1311 3025 1349 3053 a.
1393 3013 1513 3062 722„
1560 3011 1842 3052 Grotefendio
1883 3023 1921 3051 a.
1962 3011 2076 3060 723„

1200 3075 1293 3116 aliis
1333 3087 1371 3115 a.
1416 3074 1536 3115 724:
1584 3074 1653 3114 alii
1693 3075 1877 3126 propter
1915 3085 1985 3112 vv,
2028 3074 2079 3113 62

1199 3149 1327 3189 seqq.
1362 3138 1456 3177 sine
1489 3148 1623 3177 causa
1653 3136 1853 3177 referunt
1882 3135 1938 3175 ad
1969 3147 2007 3174 a.
2033 3147 2075 3174 u.

1200 3213 1238 3241 c.
1272 3200 1365 3241 734.
1399 3199 1469 3240 vel
1501 3201 1782 3250 sequentem.

1256 3264 1345 3302 11—5.
1381 3262 1548 3313 Tiresia]
1578 3263 1625 3301 In
1647 3270 1870 3300 marmore
1892 3260 2075 3299 Etrusco

1201 3325 1319 3377 apud
1355 3325 1591 3375 Inghirami
1623 3324 1731 3363 Gall.
1767 3323 1901 3361 Omer.
1935 3323 2004 3360 III.
2029 3332 2071 3372 p.

1201 3387 1293 3427 482.
1327 3385 1432 3426 Tab.
1471 3387 1574 3425 LIII.
1623 3385 1812 3424 Tiresias
1857 3383 1912 3422 ab
1958 3381 2074 3424 Ulixe

1201 3448 1427 3489 consultus
1466 3448 1594 3489 sedet
1624 3448 1666 3486 in
1695 3457 1800 3486 saxo
1840 3445 2072 3496 quadrato,

1198 3522 1336 3562 prope
1374 3513 1421 3550 ut
1458 3511 1500 3549 in
1539 3508 1646 3549 solio
1684 3508 1841 3548 sedere-
1873 3506 2075 3548 solebant
