2231 3787
222 277 324 328 388

822 274 1033 314 HORATH
1066 272 1433 313 EPISTOLARUM

295 410 346 463 Si
388 418 606 462 curatus
645 405 911 478 inaequali
954 414 1170 458 tonsore
1211 401 1432 473 capillos

296 510 547 570 Occurri,
590 507 766 573 rides3
811 508 853 560 si
894 507 1027 560 sorte
1067 502 1332 558 subucula
1371 518 1541 574 pexae

1972 501 2039 552 95

294 612 433 665 Trita
470 610 657 664 subest
695 609 906 662 tunicae
945 606 1028 661 vel
1068 607 1111 659 si
1150 613 1273 676 toga
1312 603 1538 657 dissidet
1576 603 1770 674 impar,

293 713 480 768 Rides:
524 711 681 782 quid,
726 727 845 763 mea
883 726 1006 763 cum
1045 714 1246 779 pugnat
1283 705 1547 760 sententia
1586 721 1798 766 secum,

294 814 449 880 Quod
490 813 639 884 petiit
679 811 906 882 spernit,
950 809 1143 880 repetit
1181 807 1329 879 quod
1367 823 1541 878 nuper
1579 805 1781 868 omisit,

331 956 397 997 94..
430 959 623 995 curtatus
652 954 752 994 LCt.
782 976 825 981 —
851 952 916 993 95.
951 951 1125 992 Occurrl
1156 949 1406 999 Sed,LCtO:
1443 948 1632 988 Occurrit
1661 947 1716 998 b,
1749 947 1932 988 Occurro
1962 959 1986 987 e

280 1018 420 1059 Codd.
453 1016 508 1056 ὁκ
539 1015 762 1057 Bentleius
794 1016 837 1056 et
867 1015 977 1055 FMJ.
1017 1037 1059 1042 —
1093 1014 1160 1053 97.
1193 1023 1353 1053 mecum
1385 1010 1511 1052 Codd
1539 1009 1719 1062 aliquot.

219 1144 416 1195 cybaeam
444 1143 701 1189 mammam,
735 1140 916 1180 triremis
948 1140 1095 1188 instar,

216 1206 539 1256 pulcherrimam
594 1208 719 1252 atque
771 1202 1097 1242 ornatissimam.

221 1271 339 1310 Ilaec
361 1270 510 1307 autem
539 1266 768 1306 Horatium
790 1275 844 1303 ex
871 1265 996 1315 parte
1019 1261 1103 1303 sal-

223 1335 313 1371 tem
335 1342 358 1370 a
375 1341 423 1371 se
447 1329 795 1381 deprompsisse,
819 1327 1100 1378 frequentem

221 1392 504 1440 balneorum,
548 1392 779 1430 tonsorum
811 1390 1101 1429 mutationem

221 1457 324 1505 eet.,
362 1455 468 1494 mibi
503 1463 723 1504 perquam
753 1450 984 1503 probabile
1017 1453 1097 1491 est.

221 1518 307 1558 Ioci
325 1517 443 1556 enim
459 1516 529 1555 hic
545 1525 726 1565 semper
743 1514 1010 1553 comitantur
1026 1523 1101 1552 ve-

222 1590 317 1620 ram
335 1581 378 1619 et
394 1580 507 1618 vitae
526 1579 671 1628 aptam
690 1574 1032 1628 philosophiam3
1057 1576 1101 1614 et

221 1642 372 1693 quidni
403 1642 445 1680 in
482 1639 642 1679 talibus
683 1637 839 1678 luserit
875 1638 917 1677 in
955 1639 1100 1677 semet

219 1705 394 1756 ipsum?
444 1702 652 1742 Senserat
696 1700 781 1740 hoc
824 1701 915 1740 iam
958 1701 1098 1740 mirus

220 1766 288 1806 ille
312 1766 555 1815 Cruquius,
589 1774 723 1814 saepe
755 1762 899 1802 fatuus
921 1773 972 1802 ac
993 1774 1098 1814 per—

219 1839 400 1876 versus,
434 1826 657 1866 interdum
688 1826 844 1864 acutus
873 1826 916 1864 et
946 1835 1094 1875 sagax.

220 1892 288 1931 Sic
318 1892 439 1929 recte
481 1889 551 1928 hic
582 1889 812 1938 comparat
843 1888 929 1926 Sat.
954 1888 1003 1936 2,
1037 1888 1094 1936 7.,

220 1956 263 1994 in
285 1964 374 2005 qua·
393 1963 535 2003 aeque
556 1951 747 2002 propriis
769 1950 823 1989 de
846 1950 960 1989 vitiis
982 1960 1099 1989 sem-

219 2027 300 2068 per
339 2017 513 2063 iocose,
560 2015 756 2052 attamen
796 2012 900 2052 satis
939 2022 1095 2063 aspere

217 2078 476 2128 loquentem
506 2075 672 2115 inducit
702 2075 872 2114 Davum
899 2084 1094 2114 servum.

219 2138 472 2180 Simillimus
515 2138 681 2177 Horatii
722 2137 853 2186 atque
895 2135 1096 2176 aemulus

218 2202 497 2242 felicissimus
529 2201 595 2239 est
634 2200 676 2238 in
717 2198 867 2238 Satiris
899 2209 1042 2250 nuper
1071 2208 1095 2236 a

218 2276 289 2305 me
322 2263 449 2304 editis
478 2264 707 2302 Areostus.

272 2327 418 2368 94-97.
469 2325 629 2373 «Quid,
670 2324 789 2375 quod
818 2326 866 2364 tu
898 2335 1091 2376 quoque,

218 2390 375 2430 dilecte
420 2389 679 2436 Maecenas,
731 2388 824 2438 ipse
872 2386 1095 2426 interdum

216 2452 376 2493 iudicia
420 2450 526 2490 facis
572 2450 718 2489 minus
764 2450 916 2489 recta‘?
965 2447 1095 2487 Velut

216 2525 318 2556 cum
350 2524 421 2553 me
454 2512 572 2552 rides
609 2513 792 2563 propter
832 2511 978 2551 levem
1016 2510 1095 2549 ali-

215 2586 351 2627 quam
381 2585 432 2614 ac
473 2574 697 2614 fortuitam
735 2574 777 2613 in
814 2573 969 2613 habitu
1000 2571 1095 2612 cul-

214 2641 350 2689 tuque
374 2635 708 2688 negligentiam,
732 2646 817 2675 nec
837 2646 943 2675 vero
965 2634 1092 2685 longe

215 2703 383 2742 maiora
412 2701 536 2749 vitia,
583 2700 627 2738 in
658 2710 771 2749 quae
804 2698 992 2739 subinde
1024 2698 1094 2736 in-

216 2763 338 2811 cido,
384 2761 675 2813 reprehendis
708 2762 751 2801 et
789 2761 1001 2810 castigas,
1049 2758 1093 2798 id

215 2824 335 2876 quod
382 2827 532 2863 tamen
581 2824 707 2862 tuum
758 2823 825 2862 est
872 2821 1090 2870 officium,

216 2897 318 2926 cum
384 2887 442 2926 sis
503 2885 766 2934 praesidium
828 2884 1094 2932 columenque

216 2958 369 2988 meum
394 2946 483 2988 scd.
511 2948 556 2994 4,
591 2948 637 2994 4,
671 2947 711 2985 2.
745 2947 792 2994 2,
830 2946 904 2994 47,
938 2944 994 2995 4.)
1018 2945 1094 2983 ita-

216 3020 302 3061 que
335 3008 457 3048 cordi
487 3007 564 3047 tibi
595 3017 693 3047 esse
725 3006 908 3055 debeat,
948 3007 996 3045 ut
1023 3003 1092 3044 illa

217 3073 488 3124 deponam.»
557 3069 667 3110 Nihil
718 3071 895 3110 omnino
941 3067 1092 3108 acerbi

216 3134 383 3176 habere
412 3135 609 3173 iocosam
640 3133 753 3171 hanc
775 3130 1093 3183 expostulatio—

217 3207 321 3238 nem
342 3198 463 3236 recte
486 3195 633 3234 docuit
657 3193 888 3233 Obbarius.
934 3194 1094 3241 Quam-

218 3270 353 3310 quam
397 3257 451 3298 de
502 3257 585 3296 hoc
634 3258 677 3295 et
726 3254 941 3295 similibus
984 3253 1091 3293 locis

215 3331 321 3360 vere
354 3320 568 3359 iudicarat
596 3319 683 3356 iam
704 3317 880 3356 Persius
904 3317 918 3354 4
945 3347 951 3363 ,
986 3315 1087 3354 446ε

1166 1138 1251 1176 lum
1281 1137 1526 1187 suspendere
1544 1146 1663 1175 naso.
1687 1157 1732 1163 —
1750 1134 1937 1184 curatus]
1959 1133 2042 1174 Cu-

1163 1200 1370 1240 rationem
1412 1199 1560 1249 capitis
1604 1209 1685 1249 pro
1729 1201 1894 1248 comptu
1936 1197 2043 1237 dixit

1166 1263 1300 1301 etiam
1339 1262 1516 1301 Petron.
1554 1260 1646 1300 407.
1687 1258 1780 1299 Val.
1814 1258 1955 1300 Flacc.
1989 1258 2038 1308 8,

1163 1324 1264 1365 238:
1300 1335 1350 1363 ac
1377 1335 1455 1363 sua
1481 1323 1606 1375 flavis
1632 1323 1806 1362 Reddita
1833 1333 1940 1361 cura
1968 1327 2054 1361 co-'

1162 1387 1263 1434 mis,
1297 1388 1341 1427 et
1361 1385 1442 1425 alia
1459 1384 1661 1437 exempla
1677 1383 1918 1425 attulerunt
1937 1386 2043 1425 Gro-

1163 1450 1319 1490 novius
1350 1449 1476 1489 Obss.
1511 1450 1557 1498 4,
1598 1448 1666 1489 23.
1708 1459 1760 1488 ac
1798 1446 2036 1488 Bentleius.

1163 1512 1310 1552 Lectio
1344 1515 1534 1551 curtatus
1566 1512 1632 1550 est
1671 1510 1850 1550 omnino
1884 1509 1940 1549 ab
1978 1509 2042 1550 in-

1162 1573 1450 1626 terpolatore,
1490 1573 1564 1624 qui
1601 1571 1719 1612 illam
1757 1571 2041 1623 significatio-

1163 1648 1267 1676 nem
1288 1637 1525 1687 ignoraret.
1567 1634 1719 1675 Obstat
1741 1635 1874 1674 etiam
1897 1634 2037 1675 Codd.

1162 1710 1370 1739 meorum
1393 1700 1436 1738 et
1464 1698 1659 1737 Pottierii
1679 1697 1934 1747 auctoritas,
1965 1698 2040 1748 qui

1163 1772 1265 1800 cum
1294 1761 1441 1800 XXIII.
1484 1759 1622 1800 Codd.
1666 1759 1954 1811 inspexisset,
1996 1759 2040 1798 in

1161 1835 1250 1863 uno
1291 1823 1520 1863 dumtaxat
1563 1824 1660 1862 Sec.
1697 1823 1805 1862 XIV.
1843 1822 2042 1873 repperit

1161 1889 1363 1925 curtatus.
1399 1907 1446 1913 —
1480 1884 1694 1934 inaequali
1729 1884 1904 1934 tonsore]
1939 1885 2040 1935 «qui

1161 1949 1344 1998 propter
1358 1948 1624 1998 imperItiam
1643 1945 1932 1997 inaequaliter
1945 1947 2041 1985 ton-

1162 2009 1238 2048 det
1267 2009 1501 2048 dexterum
1534 2010 1577 2048 et
1605 2007 1784 2048 laevum
1805 2008 1958 2059 capitis
1979 2007 2040 2047 la—

1161 2073 1274 2111 tus.»
1326 2072 1389 2110 De
1422 2071 1750 2110 constructione
1780 2074 1953 2109 curatus
1970 2070 2040 2109 in-

1161 2134 1331 2183 aequali
1359 2139 1522 2173 tonsore
1542 2132 1595 2172 cs.
1619 2132 1696 2172 Od.
1724 2132 1767 2181 4,
1793 2132 1839 2181 6,
1872 2133 1932 2181 2.,
1959 2131 2036 2172 ubi
2118 2123 2129 2173 ,‘

1161 2195 1395 2248 explicavi:
1449 2206 1588 2235 «cum
1631 2193 1874 2246 inaequalis
1919 2195 2039 2235 esset

1159 2260 1313 2298 tonsor
1342 2269 1520 2307 meus»,
1555 2259 1598 2297 et
1627 2258 1736 2309 Epp.
1762 2258 1811 2306 4,
1845 2257 1919 2306 49,
1954 2256 2034 2297 43;

1157 2321 1407 2372 Eoelquoque
1436 2324 1558 2371 togae
1587 2320 1750 2358 simulet
1778 2323 1939 2359 teoetore
1959 2319 2038 2360 Ca-

1158 2386 1306 2423 tonem.
1358 2381 1494 2422 Aliter
1523 2381 1680 2422 Iac-obs
1711 2382 1755 2421 in
1783 2381 1913 2421 Anth.
1944 2379 2033 2421 Pal.

1157 2447 1227 2485 III.
1260 2457 1304 2497 p.
1332 2445 1423 2485 424.
1458 2456 1652 2496 eumque
1684 2445 1865 2484 secutus
1900 2444 2036 2484 Hein-

1158 2507 1252 2547 rich
1274 2507 1329 2546 ad
1349 2509 1500 2546 Iuven.
1526 2508 1542 2546 4
1564 2538 1572 2556 ,
1599 2506 1664 2546 43.
1693 2516 1933 2558 personam
1953 2517 2034 2557 pro

1158 2582 1205 2609 re
1228 2570 1408 2621 (lonsore
1436 2580 1517 2621 pro
1538 2570 1741 2618 tonsura,
1774 2572 1935 2608 textore
1953 2579 2035 2620 pro

1158 2632 1342 2682 textura)
1380 2632 1571 2683 positam
1609 2630 1892 2670 arbitrantur.
1944 2629 2032 2670 Cfr.

1158 2696 1308 2734 tamen
1338 2693 1612 2733 Schmidium
1643 2692 1700 2732 ad
1729 2693 1838 2744 Epp.
1873 2693 1923 2741 4,
1956 2692 2030 2742 49,

1158 2757 1223 2796 43.
1264 2755 1479 2795 Videlicet
1508 2756 1611 2795 sunt
1629 2753 1806 2794 ablativi
1827 2753 2031 2804 absoluti,

1156 2820 1205 2857 ut
1233 2818 1275 2857 in
1304 2818 1382 2858 Od.
1409 2818 1452 2865 4,
1487 2818 1532 2865 6,
1565 2818 1604 2857 2.
1636 2816 1808 2868 primus
1837 2815 1946 2855 vidit
1962 2817 2034 2856 Ιο-

1157 2880 1324 2931 sephus
1355 2878 1566 2929 Scaliger3
1600 2878 1671 2918 hic
1701 2888 1881 2918 mecum
1902 2879 2034 2918 sentit

1159 2943 1291 2981 etiam
1343 2941 1739 2981 Rauchensteinius
1787 2950 1930 2980 meus.
1984 2962 2032 2968 —

1158 3004 1352 3052 Occurri]
1386 2998 1648 3060 ἀορίστως,
1684 3001 1890 3052 «quotics
1920 3000 2031 3041 forte

1156 3064 1229 3105 tali
1260 3064 1411 3105 habItu
1441 3063 1642 3115 neglecto
1674 3073 1827 3103 coram
1856 3064 1899 3102 te
1927 3074 2032 3103 ver-

1155 3138 1272 3167 sor.»
1332 3129 1451 3168 Haec
1489 3126 1619 3167 lectio
1658 3126 1860 3166 firmatur
1897 3125 2032 3166 etiam

1156 3201 1180 3229 a
1201 3188 1307 3229 Iulio
1328 3189 1555 3229 Rufiniano
1577 3187 1656 3228 Ed.
1676 3187 1844 3227 Ruhnk.
1870 3197 1913 3238 p.
1932 3186 2028 3229 238.

1154 3253 1217 3292 Ne
1239 3263 1345 3292 vero
1367 3251 1645 3291 offendamus
1666 3250 1708 3289 in
1735 3249 1924 3300 repetita
1944 3247 2032 3299 syl-

1154 3313 1254 3354 laba
1284 3314 1345 3362 ri,
1384 3314 1533 3353 vetant
1573 3310 1737 3352 similes
1775 3310 1885 3350 soni.
1945 3309 2026 3351 Od.

219 3382 346 3422 Omne
381 3382 501 3432 vafer
542 3381 688 3420 citium
730 3378 880 3417 ridenti
922 3378 1094 3416 Flaccus
1155 3376 1200 3425 3,
1224 3375 1273 3426 4,
1298 3376 1372 3415 68:
1407 3376 1534 3415 Omne
1561 3373 1678 3425 nefas
1697 3373 1837 3412 animo
1864 3382 2030 3412 moven—

220 3445 354 3484 amico
369 3444 514 3496 Tanqit
531 3440 953 3483 etadmissuscircum
967 3449 1093 3488 prae-
1155 3443 1225 3478 les.
1277 3439 1363 3478 Sat.
1390 3439 1433 3487 4,
1467 3437 1515 3485 3,
1551 3437 1620 3475 424
1644 3447 1652 3474 :
1685 3445 1767 3474 esse
1790 3443 1920 3484 pares
1944 3443 2025 3474 res,

218 3507 364 3546 cordia
391 3506 516 3556 ludit,
549 3504 731 3546 Callidus
758 3513 929 3544 excusso
953 3512 1090 3551 popu-

1155 3501 1271 3550 Virg.
1296 3501 1403 3539 Aen.
1427 3500 1476 3548 2,
1500 3499 1577 3538 27:
1610 3497 1767 3536 Dorica
1795 3499 1951 3536 castra.
1979 3517 2024 3526 -
