2231 3787
216 300 318 352 306

284 433 398 486 Non
437 433 594 485 etiam
634 431 809 485 sileas,

847 300 1061 341 HORATII
1096 300 1397 343 SATIRARUM

885 433 1065 484 Davus
1105 431 1178 483 sis
1218 430 1456 484 comicus
1495 438 1654 501 atque

286 534 404 587 Stes
442 534 614 604 capite
653 532 889 603 obstipo,
930 533 1152 586 multum
1191 532 1376 586 similis
1413 532 1685 586 metuenti.

287 634 564 705 Obsequio
604 651 851 705 grassare
883 652 892 694 ;
934 651 1117 695 mone,

1160 635 1203 687 si
1243 633 1536 688 increbruit
1572 650 1725 693 aura,

287 736 483 790 Cautus
522 737 594 788 uti
634 735 774 788 velet
813 751 997 788 carum
1035 743 1223 805 caput,
1265 735 1483 789 extrahe
1521 734 1677 788 turba

286 837 561 908 Oppositis
600 836 865 898 humeris3
907 853 1093 889 aurem
1132 835 1437 908 substringe
1476 835 1706 907 loquaci.

324 1010 388 1049 93.
422 1020 613 1049 erassare
642 1009 711 1048 bc.
751 1029 794 1036 —

1961 836 2028 887 95

846 1008 1072 1048 increbruit
1101 1019 1214 1049 corr.
1249 1009 1383 1054 S,LCt
1413 1010 1458 1048 et
1485 1007 1728 1049 Bentleius:
1774 1008 1976 1049 increbuit

270 1082 340 1123 cp,
366 1073 427 1118 M,
462 1072 664 1121 increpuit
692 1071 737 1119 b,
761 1073 852 1111 tres
875 1071 1090 1120 Pottierii,
1125 1072 1168 1110 F.
1205 1093 1249 1099 —-
1275 1071 1340 1110 95.
1366 1072 1530 1121 loquaci
1550 1082 1772 1122 superscr.
1795 1071 1977 1121 loquenti

268 1145 304 1172 c.
343 1157 385 1162 —
420 1134 484 1174 96.
530 1135 614 1174 Hoe
644 1135 684 1173 F.
737 1155 780 1162 —
830 1134 895 1173 97.
928 1145 1054 1184 urge,
1088 1134 1339 1173 Crescentem
1368 1133 1478 1181 bSc,
1520 1145 1677 1174 omnes
1709 1134 1901 1173 Pottlerii
1932 1134 1977 1173 et

213 1303 300 1331 non
340 1294 426 1331 est:
476 1289 627 1341 quidni
665 1289 783 1329 enim
820 1288 919 1329 loco
961 1299 1088 1328 com-

213 1355 335 1394 muni
377 1353 637 1404 interposito
682 1353 852 1392 variare
898 1352 1089 1403 potuerit

215 1416 490 1456 orationem?
526 1439 570 1443 —
603 1415 712 1454 ultro
750 1415 843 1454 Non
874 1414 1001 1453 eliam
1029 1414 1089 1452 si-

212 1479 330 1528 leas]
361 1479 428 1517 Sic
470 1478 620 1527 iunge:
675 1487 845 1527 «neque
889 1486 997 1515 vero
1041 1478 1087 1514 tu

212 1539 294 1579 alio
326 1542 548 1590 tempore,
582 1549 683 1578 cum
715 1537 783 1577 ille
816 1540 965 1577 tecum
997 1537 1088 1576 col—

212 1601 332 1653 loqui
370 1601 507 1650 volet,
555 1602 648 1641 sine
688 1599 773 1640 ulla
815 1611 949 1640 causa
979 1600 1088 1639 taci—

211 1669 367 1705 turnus
412 1665 492 1713 siS,
545 1664 670 1715 quasi
713 1663 859 1703 taedio
904 1663 1087 1703 affectus

212 1731 286 1769 aut
316 1729 378 1768 ira
409 1728 646 1778 percitus.»
706 1727 756 1765 V.
785 1727 895 1765 ultro
930 1737 1088 1777 super-

211 1801 456 1830 vacaneum
486 1790 636 1839 utique
660 1790 779 1828 esset
808 1788 1088 1828 additamen-

211 1857 306 1893 tum
335 1850 538 1891 vocabuli
558 1851 780 1901 garrulas,
816 1861 1008 1901 quocum
1031 1848 1085 1888 ab

213 1914 306 1954 aliis
336 1913 548 1964 iungitur,
592 1922 694 1952 cum
734 1911 933 1962 garrulus
964 1922 1088 1951 sem-

213 1989 293 2030 per
312 1977 422 2016 ultro
443 1976 628 2026 ineptias
650 1975 838 2021 effutiat3
870 1975 986 2013 ultra
1006 1985 1088 2013 au-

214 2043 324 2087 tem,
359 2037 479 2090 quod
500 2039 799 2088 exposuerunt
831 2036 968 2076 «ultra
990 2047 1087 2076 rno-

213 2103 363 2149 dum,»
387 2099 693 2140 consuetudini
715 2101 945 2150 repugnat.
991 2100 1089 2139 lun-

212 2165 408 2217 gendum
445 2164 594 2202 autem
636 2173 734 2202 esse
769 2162 880 2202 ultro
911 2173 1011 2202 cum
1042 2174 1083 2202 v,

211 2228 385 2279 offendet
414 2237 501 2265 non
531 2224 638 2264 mihi
666 2226 886 2276 persuasit
915 2225 1087 2264 Doder-

211 2291 297 2330 lein
327 2289 482 2337 Synon.
516 2288 585 2326 III.
609 2297 651 2337 p.
678 2287 770 2326 406.
807 2309 854 2316 --
885 2287 980 2326 Non
999 2308 1016 2316 -
1035 2288 1089 2326 si-

212 2351 309 2402 leas]
344 2352 403 2391 De
434 2349 564 2397 locis,
598 2348 673 2388 ubi
703 2361 785 2388 non
814 2359 895 2400 pro
926 2361 976 2389 ne
1005 2361 1087 2401 po-

212 2415 346 2454 situm
375 2412 550 2452 videtur
577 2409 709 2461 (velut
728 2412 776 2450 A.
800 2413 845 2451 Ρ.
869 2410 971 2451 46οῑ
1005 2423 1088 2451 non

212 2477 278 2525 sit,
322 2475 391 2524 qui
421 2474 560 2513 tollere
589 2477 716 2511 curel.
777 2473 885 2524 Epp.
918 2474 965 2521 4,
1008 2473 1083 2521 48,

212 2539 287 2578 72:
334 2538 428 2576 ,Non
457 2535 612 2575 ancilla
640 2539 757 2574 tuum
785 2536 900 2574 iecur
918 2535 1084 2575 ulceret.

213 2599 335 2639 Ovid.
359 2600 407 2637 A.
432 2602 480 2637 A.
505 2597 549 2646 3,
586 2596 685 2636 4229:
723 2597 800 2636 Vos
826 2608 987 2647 quoque
1005 2609 1087 2636 non

211 2661 325 2700 caris
367 2671 492 2699 aures
535 2662 704 2699 onerate
755 2659 958 2710 lapillis.),
1006 2659 1083 2698 cfr.

212 2721 340 2763 Hand
370 2723 493 2762 Turs.
517 2721 585 2760 IV.
610 2732 652 2772 p.
672 2719 751 2760 264
772 2731 869 2772 sqq.
893 2722 1088 2771 Wagner

213 2784 270 2824 ad
297 2784 415 2834 Virg.
439 2785 546 2822 Aen.
572 2783 644 2830 11⁵2,
678 2782 743 2822 78.
783 2782 893 2833 (Non
917 2783 1089 2822 Teucros

214 2849 316 2897 agal
350 2846 394 2884 in
429 2843 647 2895 Rutul03.):
696 2845 815 2884 «Non
858 2845 1088 2896 proprium

212 2907 350 2947 habet
376 2905 521 2948 locum
546 2906 587 2944 in
608 2905 927 2956 distinguendis
948 2916 1090 2956 oppo-

215 2969 308 3009 sitis
340 2970 384 3007 et
413 2967 668 3015 contrariis,
702 2968 795 3006 tum
825 2968 870 3006 in
901 2977 1088 3006 enume-

217 3029 371 3070 rando.
395 3052 418 3058 -
438 3051 461 3057 -
481 3027 590 3068 Male
622 3039 704 3067 non
733 3040 814 3079 pro
844 3040 895 3069 ne
924 3029 1090 3080 accipi-

216 3095 286 3132 tur
306 3091 424 3143 apud
447 3092 592 3131 Horat.
617 3092 702 3130 Sat.
728 3091 770 3138 2,
796 3092 842 3137 5,
867 3091 910 3130 94
927 3122 953 3138 .,
986 3101 1088 3130 cum

216 3155 326 3194 haec
357 3153 650 3205 praecedant:
684 3152 905 3202 Difficilem
933 3156 970 3191 el
997 3163 1090 3191 mo-

217 3227 357 3257 rosum
387 3216 559 3265 offendet
587 3215 875 3265 qarrulus.»
934 3215 1088 3264 Neque

217 3280 346 3330 igitur
392 3288 494 3317 cum
543 3275 731 3316 Marcilio
780 3277 1088 3326 interrogative

219 3340 548 3392 accipiendum:
600 3339 712 3377 Ultro
748 3350 830 3378 non
867 3339 996 3377 etiam
1033 3340 1091 3378 si-

222 3403 335 3443 leas?
358 3426 403 3432 —-
426 3400 582 3452 Davus]
607 3401 728 3440 Servi
760 3401 916 3440 comici
937 3401 1088 3450 instar,

221 3469 295 3518 qui
338 3477 564 3508 summum
609 3475 710 3515 erga
755 3464 912 3504 herum
957 3463 1092 3504 obse-

221 3530 371 3579 quium
412 3527 586 3569 simulat
627 3526 866 3578 timideque
905 3537 1007 3566 cum
1039 3537 1091 3565 eo

1150 1287 1356 1340 loquitur.
1412 1287 1474 1329 Cf.
1500 1290 1585 1329 Sat.
1606 1290 1649 1338 4,
1685 1288 1758 1336 40,
1792 1288 1859 1329 40.
1888 1311 1932 1317 —
1956 1289 2030 1328 ob-

1150 1351 1268 1401 stipo]
1312 1351 1499 1401 Obstipus
1539 1353 1607 1392 est
1639 1352 1820 1402 «stipitis
1860 1351 2026 1401 instar,

1152 1414 1243 1453 sive
1274 1414 1411 1464 rigida
1442 1415 1714 1465 immotaque
1746 1415 1915 1454 ratione
1950 1413 2030 1454 ali-

1151 1487 1238 1526 quo
1268 1475 1552 1523 inclinatus3»
1585 1476 1628 1514 h.
1653 1475 1679 1515 l.
1708 1475 1945 1516 «deorsum
1967 1477 2031 1516 in-

1152 1537 1380 1577 clinatus.»
1442 1537 1505 1577 Cf.
1530 1538 1706 1577 Persius
1737 1537 1782 1587 3,
1815 1538 1892 1577 80:
1946 1538 2028 1577 Ob-

1149 1601 1252 1649 stipo
1291 1599 1425 1649 capite
1463 1603 1499 1638 et
1544 1601 1713 1651 figentes
1752 1600 1905 1640 lumine
1943 1604 2030 1640 ter-

1151 1674 1258 1701 ram.
1339 1661 1560 1712 Significat
1606 1658 1662 1701 τὸ
1710 1656 2029 1720 ἀνελεύθερον

1150 1725 1232 1764 καὶ
1261 1722 1604 1780 δουλοπρεπές,
1639 1724 1694 1764 de
1717 1735 1804 1775 quo
1833 1724 1958 1765 Philo
1979 1736 2024 1777 p.

1150 1786 1244 1827 888.
1284 1786 1361 1826 Ed.
1406 1785 1628 1826 Francof.:
1676 1780 1790 1826 ὅθεν
1829 1782 2030 1827 κάκεῖνα

1151 1846 1507 1900 ἐκπεφώνηται,
1561 1840 1628 1888 Οῧ
1673 1861 1789 1888 ποτε
1836 1847 2028 1902 δουλειή

1150 1906 1338 1963 κεφαλὴ
1372 1910 1499 1950 ἰθεῖα
1528 1911 1762 1960 πέφυκεν,
1790 1905 1903 1951 Ἀλλ’
1935 1912 2030 1952 αἰεὶ

1151 1970 1339 2025 σκολιή,
1355 1967 1569 2020 καύχένα
1584 1970 1728 2024 λοξὸν
1744 1967 1859 2022 ῦ«ἔχει.
1877 1973 2031 2026 (Theo-

1151 2036 1244 2086 gnis
1288 2035 1397 2086 535.)
1458 2031 1523 2075 Τὸ
1566 2031 1657 2092 γὰρ
1701 2033 1903 2090 πλάγιον
1946 2037 2029 2077 καὶ

1150 2096 1368 2139 ποικίλον
1397 2092 1646 2150 ἀπατηλὸν
1676 2090 1800 2150 ἦθος
1835 2093 2030 2152 ἀγεννέ-

1150 2172 1348 2209 στατον,
1381 2155 1541 2217 ὥσπερ
1561 2156 1616 2200 τὸ
1641 2155 1756 2202 εὐθὺ
1778 2161 1860 2202 καὶ
1880 2156 2030 2201 ἄπλα-

1150 2236 1265 2263 στον
1294 2223 1374 2262 καὶ
1415 2218 1705 2263 ἆνύπουλον.
1766 2226 2028 2275 Anonymus

1150 2287 1269 2338 apud
1299 2286 1483 2326 Meinek.
1518 2287 1585 2326 Fr.
1611 2287 1735 2326 Com.
1759 2287 1829 2327 IV.
1853 2298 1896 2338 p.
1923 2287 1994 2327 644
2016 2298 2025 2325 z

1151 2346 1216 2389 Τὸ
1246 2347 1284 2388 δ’
1325 2344 1440 2388 ὅλον
1485 2343 1574 2388 οὐκ
1614 2347 1876 2401 ἐπίσταμαι
1908 2344 2027 2403 Ἐγώ

1149 2411 1445 2468 ψιθυρίζειν,
1487 2406 1598 2450 οὐδὲ
1637 2410 2029 2463 κατακεκλασμέ-

1150 2488 1241 2525 νως
1270 2470 1483 2527 Πλάγιον
1515 2469 1724 2526 ποιήσας
1744 2469 1828 2513 τὸν
1848 2470 2029 2531 τράχη-

1149 2536 1234 2576 λον
1279 2539 1566 2592 περιπατεῖν.
1644 2536 1867 2586 (Figuram
1911 2536 2028 2577 servi

1151 2599 1309 2638 comici
1340 2600 1403 2638 sic
1433 2597 1607 2649 obstipo
1639 2599 1782 2649 capite
1813 2598 2027 2639 adstantis

1151 2662 1195 2700 et
1224 2670 1326 2699 cum
1356 2659 1490 2699 milite
1522 2657 1711 2709 glorioso
1738 2658 2028 2710 colloquentis

1152 2721 1330 2761 exhibet
1379 2722 1582 2761 Museum
1631 2720 1929 2761 Borbonicum
1977 2723 2023 2762 T.

1150 2784 1220 2823 IV.
1245 2782 1350 2822 Tab.
1374 2783 1520 2839 XVIII.
1554 2784 1697 2833 Atque
1718 2781 1919 2823 similiter
1935 2782 2029 2835 ple-

1151 2856 1340 2896 rumque
1373 2846 1635 2896 comparent
1664 2846 1779 2885 servi
1809 2846 1852 2885 in
1882 2846 2028 2897 pictu-

1151 2908 1210 2947 ris
1261 2906 1476 2947 Codicum
1525 2907 1716 2947 Terentii
1764 2909 2024 2958 Regiorum,

1155 2971 1378 3020 expressis
1409 2980 1433 3008 a
1470 2969 1641 3008 Picarto
1684 2970 1835 3019 (Amst.
1869 2968 2025 3021 wat),

1151 3033 1193 3071 et
1221 3032 1440 3080 Vaticani,
1474 3041 1585 3082 quas
1614 3031 1808 3071 imitatus
1839 3032 1907 3071 est
1943 3031 2027 3071 Mi-

1151 3094 1357 3134 serottius
1397 3094 1439 3133 in
1470 3093 1548 3133 Ed.
1573 3092 1766 3134 UrbInati
1806 3093 1944 3143 4736.)
1978 3115 2024 3122 -

1153 3155 1349 3206 multwm]
1396 3155 1489 3195 Hoc
1519 3154 1619 3194 adv.
1658 3154 1867 3206 equidem
1896 3154 2027 3206 iungo

1153 3227 1255 3256 cum
1292 3227 1333 3256 v.
1365 3216 1531 3265 similis,
1576 3226 1784 3267 «prorsus
1823 3214 2026 3263 similis;»

1153 3289 1287 3330 quam
1309 3277 1645 3330 explicationem
1663 3275 1926 3316 confirmant
1944 3277 2028 3328 ipsi

1153 3340 1327 3381 numeri
1355 3351 1425 3379 vv.
1447 3340 1625 3379 mullum
1652 3338 1797 3378 similis
1814 3339 2024 3386 metuenti,

1154 3401 1525 3455 praecedentibus
1554 3411 1624 3439 vv.
1651 3401 1771 3440 certe
1793 3400 2024 3452 aptissimi;

1155 3463 1224 3504 alii
1254 3475 1361 3504 vero
1382 3474 1484 3503 cum
1506 3474 1546 3503 v.
1569 3461 1777 3502 metuenti.
1825 3460 1888 3502 Cf.
1913 3461 2022 3513 Epp.

1158 3527 1202 3576 4,
1238 3526 1311 3574 40,
1345 3525 1391 3564 3:
1425 3524 1604 3565 Multum
1632 3523 1858 3563 dissimiles.
