2231 3787
203 213 304 266 918

311 358 366 407 In
407 352 590 407 Satiris
629 359 681 403 et
719 346 965 419 Epistolis
992 347 1072 398 vir
1111 345 1450 399 doctissimus
1489 362 1519 396 a
1547 361 1631 397 me
1664 352 1880 415 rogatus
1907 345 2008 399 Co-

206 451 381 503 dicem
421 444 775 516 antiquiorem
816 442 925 509 (No,
955 440 1089 504 4⁶25.)
1131 455 1251 491 cum
1291 437 1524 491 editione
1551 437 1820 491 Orelliana
1845 437 2011 492 altera

208 541 426 597 eontulit
464 548 623 610 atque
662 536 796 589 hanc
837 533 1077 586 lectionis
1115 531 1424 583 varietatem
1465 529 1588 584 inde
1625 530 1922 601 excerpsit:

319 654 406 691 Sat.
444 651 481 694 1,
516 650 553 691 1,
589 647 651 687 11».
685 646 907 686 Delassare.
937 651 1158 693 superscr.
1193 641 1395 680 delaxare
1419 640 1550 679 -19,
1585 641 1728 680 nolunt
1757 640 2010 692 superscr.i

209 747 250 752 —
285 723 411 762 beatis
439 730 661 773 superscr.
695 729 717 754 ο
752 737 793 742 -
826 714 892 753 22.
924 714 1013 751 lam
1046 733 1088 737 —
1122 710 1187 749 32.
1220 714 1314 749 sunt
1342 721 1455 750 corr.
1479 720 1567 751 sec.
1592 720 1652 749 m.
1679 732 1722 736 -
1756 708 1823 750 39.
1865 710 2013 749 Dimo-

204 797 296 832 πται
337 815 377 820 u
421 793 573 839 hiemps
615 810 652 817 -
698 785 765 826 4⁴.
799 785 1027 822 inmensum
1063 803 1106 809 -
1141 778 1207 820 43.
1242 780 1358 829 Quod
1396 779 1500 818 sicut
1527 779 1693 818 minuas
1725 802 1768 807 —-
1803 779 1870 820 46.
1902 781 2013 819 Num

205 873 318 902 corr.
351 873 440 901 see.
478 871 535 899 m.
575 881 617 886 —-
650 855 714 907 ac]
747 864 873 904 quam
906 874 949 878 —
985 850 1049 891 47.
1082 849 1242 889 venalis
1270 871 1313 876 ——
1347 849 1413 888 51.
1437 849 1487 888 At
1516 859 1740 900 superscr.
1764 853 1838 888 aut
1867 872 1910 878 -
1942 848 2011 901 ew]

202 934 250 971 de
283 955 325 961 -
365 931 431 970 59.
465 928 624 969 tantulo
665 947 706 955 —-
751 924 816 962 60.
852 921 991 972 neque]
1032 931 1104 959 nec
1135 940 1179 947 —
1222 919 1287 957 61.
1320 918 1426 968 falso
1464 928 1686 969 superscr.
1721 919 1832 969 falsa
1863 940 1907 946 -—
1942 918 2008 958 65.

202 1006 485 1050 cmiternpnere
518 1021 555 1025 ——
604 996 670 1035 73.
704 993 798 1044 quo]
839 992 937 1041 quid
971 1013 1010 1019 —-
1047 990 1113 1028 76.
1147 989 1370 1040 [riviqilare
1409 1010 1450 1017 —
1492 988 1559 1028 80.
1592 991 1834 1037 temptatum
1866 1010 1910 1017 —
1943 988 2010 1029 83.

205 1071 347 1110 reddat
376 1069 484 1108 natis
516 1090 556 1097 —
592 1065 658 1106 84.
693 1069 729 1103 te
756 1063 842 1101 vult
870 1059 1240 1100 salvum—omnis
1273 1081 1315 1086 —
1349 1057 1416 1098 88.
1442 1057 1492 1097 Ac
1521 1058 1555 1096 si
1587 1080 1631 1085 »-
1665 1057 1731 1098 91.
1764 1057 1915 1098 avebas
1942 1069 2014 1097 su-

203 1142 310 1189 scipe
339 1140 423 1177 iam.
453 1148 561 1176 nnnc
592 1143 815 1186 superscr.
848 1142 920 1171 nec
958 1130 1093 1180 facias
1122 1129 1231 1179 quod
1262 1151 1306 1156 -
1344 1128 1569 1167 Ummidius
1597 1138 1820 1178 superscr.
1852 1128 2016 1168 ubidius

208 1233 249 1237 -
289 1208 376 1248 101.
402 1207 465 1259 ac]
498 1211 572 1245 aut
597 1227 639 1233 ——
670 1203 758 1243 108.
782 1213 928 1242 nemon
953 1221 996 1227 —
1025 1200 1116 1239 115.
1139 1199 1224 1238 suis
1243 1208 1465 1250 superscr.
1489 1208 1582 1237 suos
1606 1219 1648 1225 —
1674 1197 1767 1236 116.
1790 1202 2010 1247 tempnens.

315 1287 401 1324 Sat.
438 1286 474 1330 1,
510 1285 547 1331 2,
585 1283 618 1320 1.
662 1278 943 1321 Ambubarum
976 1299 1018 1304 —
1053 1275 1092 1316 4.
1133 1280 1230 1316 esset
1267 1299 1310 1304 —
1354 1275 1392 1314 0.
1419 1275 1700 1325 prodepellere
1739 1275 1891 1327 (prima
1923 1275 2015 1326 syl-

204 1355 301 1395 laba
332 1353 506 1406 punctis
537 1350 697 1400 notata)
725 1372 766 1377 —
801 1349 841 1387 7.
871 1351 1114 1397 per-cantero
1142 1357 1262 1385 suam
1289 1356 1367 1385 cur
1395 1355 1617 1397 superser.
1650 1346 1720 1384 avi
1753 1368 1797 1373 —-
1831 1346 1898 1386 42.
1930 1346 2015 1385 Fu-

203 1426 330 1464 sidius
369 1432 592 1475 supet-scr.
634 1419 803 1471 fufidius
843 1440 886 1444 —
932 1416 997 1457 14.
1031 1416 1160 1468 eoeiqit
1199 1426 1422 1464 superscr.
1456 1419 1566 1454 secat.
1599 1437 1642 1442 —-
1683 1415 1751 1455 25.
1783 1415 2017 1455 Malchinus

206 1504 428 1546 superscr.
463 1493 493 1531 ti-
527 1514 569 1519 —
603 1491 670 1529 27.
701 1488 931 1541 yarqonius
960 1496 1181 1538 superser.
1215 1485 1383 1537 primae
1415 1483 1513 1535 Syll.
1546 1497 1569 1524 ο
1602 1507 1645 1512 -
1678 1484 1743 1524 28.
1767 1485 1891 1524 medii
1918 1483 2017 1537 (me-

147 1607 150 1610 ,
208 1565 321 1602 dium
352 1573 464 1603 corr.
499 1571 588 1600 see.
617 1560 693 1608 m.)
731 1581 771 1585 —-
807 1558 950 1597 nolunt
982 1579 1025 1583 —
1060 1555 1126 1594 30.
1160 1559 1312 1595 stantes
1341 1565 1443 1594 cum
1473 1553 1628 1595 lineola
1661 1565 1797 1606 super
1825 1553 1964 1594 littera
1995 1565 2016 1593 e

209 1656 255 1663 —-
289 1633 355 1673 33.
388 1633 548 1683 inflari!
580 1653 622 1657 —
663 1624 729 1669 36.
761 1628 887 1668 cunni
915 1637 1138 1678 superscr.
1172 1638 1218 1665 co
1251 1648 1294 1652 —
1333 1625 1399 1665 39.
1433 1628 1633 1674 corrupta
1662 1634 1885 1676 superser.
1918 1635 2016 1664 me-

208 1703 305 1742 diae
338 1700 534 1751 syllabae
565 1711 586 1739 e
619 1722 662 1726 —
697 1697 762 1738 44..
792 1697 1083 1747 permicerunt
1116 1719 1158 1723 —
1194 1695 1259 1736 45.
1293 1696 1411 1734 testis·
1431 1705 1655 1746 superscr.
1678 1705 1718 1733 es
1751 1716 1795 1722 -·
1827 1694 1895 1733 51.
1916 1694 2016 1734 Mu-

210 1774 378 1823 nificum
408 1780 629 1822 superscr.
653 1780 700 1807 co
735 1791 776 1795 —
811 1769 877 1807 52
911 1753 1090 1815 dampno
1127 1788 1162 1794 —
1203 1765 1268 1805 54.
1302 1764 1352 1815 et]
1383 1766 1457 1804 hoc
1490 1787 1533 1792 —
1567 1766 1633 1804 55.
1658 1764 1837 1815 oriyenis
1869 1786 1912 1792 -
1946 1763 2011 1803 63.

204 1853 396 1893 peccesne
427 1861 470 1868 -
506 1840 571 1880 68.
606 1839 757 1878 videnti
791 1861 834 1865 —
868 1837 933 1876 70.
967 1847 1149 1875 cunnum
1182 1845 1404 1886 superscr.
1437 1845 1484 1873 co
1517 1857 1560 1861 —
1593 1833 1659 1873 81.
1693 1833 1893 1884 Cerintho]
1923 1833 2016 1872 che-

210 1917 317 1951 ruite
350 1935 389 1939 —
426 1911 491 1950 82.
525 1914 581 1949 est
611 1919 700 1948 om.
737 1931 775 1936 -
824 1907 889 1946 83.
923 1907 1016 1945 huic
1046 1915 1269 1956 superser.
1303 1904 1377 1943 hoc
1409 1926 1452 1930 —
1492 1903 1557 1943 90.
1591 1903 1730 1943 linceis
1763 1926 1805 1930 ——
1840 1903 1905 1942 91.
1938 1904 2016 1952 hy-

209 1993 276 2021 sea
312 2003 354 2008 —
389 1981 454 2019 97.
488 1981 583 2019 dnm
623 1988 843 2028 super-scr.
878 1980 964 2014 tum
1004 1999 1046 2002 —
1088 1975 1272 2025 officiunt
1304 1995 1347 2002 —
1389 1973 1454 2013 98.
1482 1973 1663 2024 parasiti
1694 1983 1916 2024 supet-scr.
1951 1976 2018 2012 tae

215 2074 256 2078 —
296 2051 385 2089 105.
418 2053 591 2088 sectetur
620 2057 841 2098 superscr.
876 2049 1055 2084 sectatur
1089 2067 1131 2071 -
1173 2043 1264 2084 424.
1301 2045 1371 2083 dat
1399 2053 1620 2095 superscr.
1655 2044 1718 2082 (let
1750 2066 1794 2070 —
1829 2043 1920 2082 427.
1951 2053 2019 2082 ve-

212 2121 318 2171 reor]
350 2124 483 2159 metuo
518 2141 559 2145 -—
595 2117 686 2156 132.
720 2116 782 2168 ac]
814 2120 865 2155 et.

323 2191 408 2229 Sat.
449 2190 481 2234 1,
515 2189 554 2233 3,
590 2188 652 2226 10.
715 2186 791 2226 Hic
832 2195 989 2224 versus
1027 2183 1201 2223 additus
1241 2185 1307 2223 est
1337 2184 1378 2222 in
1412 2182 1607 2232 margine
1639 2193 1662 2220 a
1693 2192 1828 2222 manu
1858 2192 2017 2221 recen-

213 2263 337 2300 tiore.
367 2282 399 2286 —r
451 2258 508 2296 16.
544 2259 771 2305 contemplo
804 2279 846 2283 —
888 2254 955 2293 24.
988 2254 1149 2293 Meuius
1182 2276 1225 2280 —
1264 2253 1433 2292 novium
1472 2263 1692 2303 superscr.
1725 2253 1894 2303 primae
1925 2250 2017 2302 syl-

213 2329 337 2369 labae
357 2340 378 2367 e
411 2348 452 2355 —
490 2327 539 2365 22
570 2338 626 2365 an.
654 2325 712 2376 m]
733 2329 806 2363 aul
828 2334 1052 2375 superscr.
1075 2324 1137 2362 uti
1157 2327 1194 2362 te
1218 2345 1261 2351 —
1284 2323 1351 2362 23.
1375 2323 1505 2362 meins
1528 2344 1570 2349 —-
1594 2322 1661 2361 27.
1685 2333 1736 2361 ac
1755 2332 1978 2373 supet-scr.
2003 2325 2017 2360 ι

218 2423 260 2428 -
298 2399 361 2438 28.
395 2398 444 2449 et]
477 2402 519 2435 ul
555 2419 596 2424 —
631 2395 697 2435 31.
731 2396 870 2444 lapsus
903 2416 945 2421 --
981 2393 1047 2432 35.
1080 2405 1178 2432 num
1209 2393 1280 2432 libi
1310 2393 1407 2441 quid
1440 2415 1483 2420 —
1518 2391 1583 2431 40.
1618 2402 1754 2442 aynae
1784 2390 1930 2432 -.43.
1962 2391 2018 2430 Ac

214 2478 434 2519 §uperscn
469 2472 481 2505 t
517 2489 557 2494 —-
601 2466 666 2504 53,
701 2465 811 2503 aeris
851 2485 895 2491 —
936 2463 1000 2502 57.
1036 2464 1153 2502 Inter
1188 2474 1256 2501 vv.
1290 2463 1465 2501 multum
1494 2462 1690 2501 demissus
1717 2461 2015 2512 superscripta

214 2541 280 2577 est
309 2537 448 2588 glossa
481 2541 549 2575 est.
588 2558 631 2563 -
665 2534 730 2573 58.
765 2535 896 2573 omnis
928 2555 970 2560 ——
1006 2533 1072 2572 81.
1106 2533 1338 2584 ligurrierit.
1370 2554 1413 2558 —
1448 2531 1512 2571 83.
1546 2532 1620 2571 hoc
1642 2542 1730 2571 om.
1759 2553 1801 2558 —
1834 2531 1901 2571 85.
1923 2529 2016 2581 nisi]

216 2609 256 2645 ni
292 2629 332 2634 »ψ
372 2607 460 2646 128.
494 2617 573 2655 quo
608 2628 651 2633 —
686 2604 777 2643 130.
812 2604 971 2653 alfenus
990 2613 1210 2653 superser.
1237 2602 1413 2653 alfenius
1437 2624 1478 2628 —
1506 2602 1598 2641 133.
1621 2601 1678 2640 sic
1698 2610 1920 2652 superscr.
1943 2604 2038 2640 ests

325 2678 411 2715 Sat.
448 2677 483 2715 1.
518 2674 556 2713 4.
609 2675 743 2713 [nse-r.
778 2674 839 2712 De
875 2673 992 2711 viciis
1018 2676 1255 2721 poetarum.
1294 2694 1336 2700 —
1384 2673 1448 2711 15.
1489 2671 1636 2721 Accipe
1669 2671 1755 2710 iam
1792 2680 2014 2721 superscr.

217 2746 422 2794 accipiam
460 2767 495 2770 »ψ
534 2745 598 2783 25.
631 2753 728 2781 erue
757 2752 979 2793 superscr.
1012 2742 1113 2792 eliae
1137 2764 1177 2770 —
1215 2741 1279 2781 39.
1308 2746 1452 2790 poetas
1476 2763 1518 2767 —
1544 2740 1608 2781 41.
1634 2741 1725 2790 quis
1748 2763 1790 2766 —
1814 2740 1881 2780 52.
1903 2740 2020 2779 Pom-

214 2816 352 2864 pinius
385 2836 427 2842 —
461 2813 527 2853 59.
557 2823 817 2862 praeponens
845 2822 1067 2862 superscr.
1096 2823 1177 2860 pro
1212 2833 1254 2839 —-
1290 2812 1355 2850 60.
1388 2811 1523 2850 solvas
1552 2820 1775 2861 superscr.
1805 2809 1949 2848 volvas
1971 2831 2014 2836 -

218 2886 283 2923 65.
316 2883 483 2933 Ξαὶῃίιις
516 2905 557 2909 --
594 2883 659 2921 66.
692 2882 837 2931 captus
870 2903 912 2908 -
946 2882 1011 2919 70.
1044 2882 1120 2920 sim
1149 2881 1266 2932 Sulgi
1294 2891 1425 2930 neque
1455 2880 1581 2930 Capri
1614 2902 1657 2907 -
1690 2880 1755 2918 71.
1788 2878 1930 2918 habuit
1949 2889 2020 2918 su-

220 2964 385 3005 persor.
420 2953 565 2991 habeat
600 2975 641 2979 —
677 2952 740 2989 76.
775 2951 912 2989 inanis
946 2974 987 2978 —
1022 2951 1088 2988 79.
1122 2951 1262 2998 lnquis
1294 2971 1335 2976 ψ
1369 2950 1434 2988 82.
1460 2950 1602 2997 quovis
1620 2959 1844 3000 superscr.
1869 2948 2016 2988 alio-—

219 3023 283 3061 5⁴7.
318 3027 408 3061 are!
443 3044 487 3050 —
519 3021 584 3060 92.
618 3022 843 3072 gorgonius
879 3043 920 3047 —
957 3021 1047 3059 102.
1080 3024 1124 3059 ul
1153 3030 1375 3070 supcrscr.
1401 3023 1437 3057 el.
1462 3041 1502 3045 <-
1535 3018 1626 3058 109.
1649 3023 1774 3068 utque
1793 3027 2016 3069 superscr.

220 3098 344 3142 aeque
376 3114 418 3119 —
470 3091 560 3130 110.
596 3090 730 3128 Rarus
772 3110 813 3116 —
858 3090 947 3128 112,
983 3090 1123 3128 Serani
1156 3112 1197 3117 -—
1243 3090 1335 3129 423.
1369 3090 1501 3129 electis
1534 3111 1578 3118 -—
1619 3087 1711 3129 440.
1743 3099 1826 3128 non
1852 3087 1915 3127 vis
1943 3098 2021 3127 su·-

223 3171 387 3211 perscr.
421 3161 535 3200 nolis.

331 3231 418 3270 sat.
454 3230 492 3277 1,
524 3231 565 3278 5,
596 3229 635 3268 3.
669 3228 787 3280 lonye
816 3239 1037 3278 superscr.
1071 3228 1242 3288 linqtgze
1275 3251 1316 3256 ν·
1356 3229 1420 3268 11.
1457 3229 1564 3267 Tune
1592 3238 1814 3279 superscr.
1847 3238 1942 3267 cwm
1973 3249 2016 3254 ——

224 3301 288 3339 15.
323 3303 366 3338 ut
395 3309 481 3338 om.
525 3320 567 3325 —
618 3298 682 3337 36.
714 3298 903 3337 vatillum
1036 3298 1102 3337 51.
1136 3297 1275 3337 claudi
1308 3321 1350 3324 —
1390 3299 1456 3338 52.
1490 3297 1631 3337 Cicirri
1664 3320 1700 3324 —
1753 3295 1818 3336 54.
1852 3298 1940 3337 orci
1973 3319 2015 3323 ——

225 3369 289 3407 60.
331 3368 527 3406 minitiris
568 3368 655 3413 ssim
697 3391 739 3395 —
788 3368 853 3406 65.
893 3368 1068 3407 Cicirrus
1100 3390 1141 3394 -ν-
1187 3368 1251 3406 07.
1286 3368 1444 3412 Niehilo
1471 3389 1515 3395 -—
1561 3367 1627 3406 70.
1668 3367 1937 3417 producimus
1971 3388 2015 3393 --

226 3437 291 3476 ⁵⁴7.
325 3438 433 3485 quod
463 3449 540 3475 nrm
571 3441 626 3475 est
657 3438 790 3476 dir-ere
816 3449 936 3476 versu
968 3459 1013 3465 -
1047 3437 1111 3476 93.
1150 3438 1282 3476 Varus
1314 3460 1356 3464 -
1395 3437 1461 3476 97.
1493 3438 1633 3475 mazia
1670 3459 1713 3464 —
1746 3436 1838 3476 103.
1865 3435 2015 3475 Tristis.
