2231 3787
833 288 1044 327 llORATll
1075 288 1371 327 s-x'rfflARUM

266 424 547 474 Peccatum
586 419 775 474 fatcor.
818 435 939 470 cum
979 428 1027 471 tc
1067 418 1144 471 sic
1182 426 1422 487 tempore
1462 416 1613 468 laevo

265 521 667 592 lntei·pcllai·iin;
710 519 806 573 sed
845 519 941 573 (les
979 521 1190 573 veniam
1226 520 1400 572 bonus
1442 536 1553 571 oro.

264 622 420 687 Quod
459 623 501 675 si
543 621 868 675 interciderit
906 621 997 674 tibi
1038 638 1178 674 nunc
1217 619 1443 691 aliquid,
1486 629 1700 691 repetes
1739 637 1882 680 mox,

264 725 386 778 Sive
426 733 506 777 cst
546 733 765 776 naturae
804 722 904 775 hoc.
944 722 1056 774 sive
1096 721 1247 781 artiS‚
1290 721 1455 773 mirus
1495 725 1756 792 utroque}

265 826 402 889 Quin
444 826 494 877 iil
536 833 648 876 crat
685 841 872 883 curae,
915 839 1022 894 quo
1061 830 1217 893 pacto
1257 830 1446 876 cuncta
1484 830 1748 882 tenerem,

260 927 449 997 Utpote
489 943 574 978 res
613 935 800 978 tenues
839 925 980 977 tenui
1023 941 1270 977 sermone
1311 932 1571 994 peractas,

299 1155 336 1193 8.
371 1155 447 1193 eric
476 1155 515 1192 S.

188 1329 376 1390 μακρὸν
391 1329 649 1384 θαλάττης,
665 1324 813 1389 οὗπερ
828 1332 908 1371 καὶ
922 1326 1061 1381 3ἐβαλ-

189 1393 272 1434 λον
310 1391 392 1434 τὸν
410 1391 604 1435 Ἄνυτον
643 1394 691 1433 οἱ
724 1389 1055 1452 Ἡρακλεῶται.

241 1487 332 1528 4-9.
366 1487 495 1539 laevo]
528 1489 785 1539 Oppositum
816 1490 904 1528 Sat.
929 1489 974 1535 2,
1009 1489 1056 1536 4,

187 1551 259 1589 48:
302 1552 449 1590 dextro
484 1555 678 1600 tempore.
716 1573 760 1580 —-
793 1550 936 1601 bonus]
965 1552 1059 1590 Non

187 1615 252 1652 est
284 1623 364 1664 pro
394 1613 618 1660 vocativo,
652 1612 753 1652 sed:
798 1624 903 1665 «pro
926 1613 1059 1652 animi

186 1675 245 1713 tui
276 1673 470 1714 bonitate
501 1675 665 1725 optime
696 1675 801 1714 mihi
833 1678 979 1714 nota.»
1010 1696 1054 1702 —

187 1737 457 1789 interciderit]
502 1737 740 1777 «exciderit
779 1750 801 1777 e
843 1738 1059 1777 memoria

186 1802 367 1851 propter
390 1799 787 1851 interpellationem
808 1811 1056 1840 meam.»—

187 1862 353 1913 repeles]
381 1861 530 1901 «facile
551 1862 782 1902 revocabis
813 1864 854 1901 in
885 1874 1060 1902 memo-

187 1925 341 1963 riam.»
387 1948 430 1953 —
473 1924 591 1975 artis]
625 1926 891 1964 «memoriae
922 1925 1060 1964 artifi-

188 1985 306 2026 cialis
338 1997 362 2025 a
393 1986 614 2026 Simonide
656 1988 912 2035 inventae‚»
955 1999 1060 2039 pro-

187 2052 286 2100 pter
316 2059 451 2098 quam
482 2049 712 2088 scientiam
743 2060 766 2088 a
799 2050 919 2089 Catio
950 2049 1060 2089 affe-

187 2113 348 2150 ctatam
378 2110 593 2151 malitiose
616 2123 718 2150 eum
748 2112 900 2151 irridet
921 2113 1061 2151 Hora-

188 2175 286 2213 tius.
315 2196 359 2201 —
385 2175 493 2223 Quin
520 2175 562 2211 id
588 2173 689 2224 cet.]
723 2174 892 2213 Gaudet
912 2174 1060 2213 Catius

189 2237 420 2275 occasione
471 2237 733 2287 necopinato
783 2235 865 2275 sibi
914 2235 1059 2275 oblata

191 2308 331 2336 novae
381 2299 620 2348 sapientiae
669 2300 907 2349 praecepta
957 2309 1061 2338 cum

188 2360 365 2398 Horatio
380 2360 749 2407 communicandi,
769 2361 943 2411 hocque
964 2361 1060 2411 ipso

190 2421 322 2461 modo
362 2433 411 2461 ea
451 2423 692 2462 memoriae
737 2421 883 2473 affigit.
921 2445 964 2449 —
1002 2426 1062 2461 te-

190 2484 299 2535 nues]
332 2485 375 2523 h.
405 2483 430 2523 l.
456 2482 673 2535 «λεπτάς,
714 2484 897 2525 subtiles
927 2486 1059 2535 atque

189 2546 334 2586 subtili
351 2558 557 2587 sermone
575 2549 779 2587 accurate
795 2548 1059 2598 expositas.»

191 2610 278 2648 Cic.
302 2609 435 2648 Acad.
462 2610 498 2657 Ξ,
526 2609 596 2656 44,
621 2609 691 2649 43:
727 2610 858 2648 tenuis
877 2613 914 2648 el
935 2613 1061 2648 acuta

190 2671 406 2710 distinctio.
468 2674 588 2710 Pers.
612 2673 658 2719 ὅ,
682 2671 754 2711 93;
800 2672 932 2710 stultis
960 2672 1062 2710 dare

188 2734 329 2772 tenuia
365 2745 505 2772 rerum
545 2734 704 2784 Officia.
765 2732 908 2773 Alexis
953 2733 1061 2772 Mei-

192 2796 304 2834 nekii
335 2796 400 2834 Fr.
436 2797 558 2835 Com.
593 2797 631 2835 3.
663 2806 706 2846 p.
740 2795 848 2835 483:
892 2794 1060 2834 Πυθα-

191 2858 413 2912 γορισμοὶ
452 2859 532 2895 καὶ
578 2855 712 2910 λόγοι
749 2857 925 2896 Λεπτοὶ
967 2854 1060 2895 ὄιε-

191 2917 500 2970 σμιλευμείνσι
530 2931 577 2958 τε
607 2917 869 2976 φροντίδες.

250 3012 341 3051 lO-l
358 3013 390 3050 l.
415 3013 499 3050 Ede
518 3013 692 3051 luminis
710 3012 869 3063 nomen]
892 3013 1058 3051 Seneca

192 3074 322 3125 Epist.
350 3073 418 3113 14:
460 3076 562 3122 Ede,
589 3076 741 3124 inquis,
764 3079 988 3114 auctorem.
1010 3095 1053 3102 -

190 3135 300 3186 Ipsa]
336 3136 425 3175 Hac
461 3135 644 3175 lectione
672 3140 894 3186 praecepta
922 3134 1058 3174 multo

192 3197 348 3237 melius
368 3199 530 3237 auctori
551 3200 844 3249 opponuntur,
869 3208 1001 3248 quam
1025 3198 1058 3237 si

191 3258 309 3310 legas
328 3260 424 3309 ipse.
445 3283 487 3288 —
501 3259 664 3310 canam]
690 3261 812 3309 quasi
834 3258 943 3298 alter
964 3260 1060 3299 Em-

191 3323 398 3375 pedocles
414 3323 482 3364 vel
504 3325 634 3364 etiam
656 3325 944 3374 Pythagoras:
968 3325 1061 3362 Ma-

189 3398 275 3436 ⁸qna
294 3408 311 3414 -
325 3409 342 3414 -
359 3388 552 3436 Quaeque
581 3387 651 3425 diu
677 3387 859 3434 latuere,
890 3397 1055 3424 canam.

207 3448 326 3486 Ovid.
347 3449 447 3488 Met.
470 3450 541 3496 «¹5,
568 3448 674 3497 446,
704 3471 745 3475 -
771 3448 931 3496 auctor]
955 3448 1058 3494 Quis

189 3510 338 3557 fuerit,
400 3514 608 3563 exputare
664 3522 750 3551 non
805 3521 1054 3562 possumus.

1121 1330 1325 1371 Wieland
1355 1333 1562 1382 cogitavit
1591 1331 1645 1371 de
1677 1333 1877 1382 Horatio,
1924 1334 1998 1384 qui

1121 1394 1180 1432 ita
1201 1394 1243 1433 in
1264 1396 1409 1433 semet
1428 1394 1574 1444 ipsum
1596 1395 1763 1435 iocatus
1784 1395 1860 1442 sit;
1894 1395 1999 1436 doc-

1122 1456 1232 1495 trina
1293 1457 1441 1495 tamen
1503 1456 1573 1495 hic
1631 1457 1854 1508 proposita
1904 1459 1999 1498 eius

1123 1516 1387 1568 simplicitati
1440 1519 1483 1557 in
1530 1520 1646 1558 victu
1696 1518 1905 1570 cultuque
1949 1512 2000 1560 ‘et

1124 1580 1498 1620 commendationi
1551 1582 1791 1632 sapientiae
1841 1581 1999 1622 Ofella-

1124 1654 1206 1682 nae
1249 1643 1349 1692 (Sat.
1381 1644 1426 1691 2,
1468 1643 1522 1693 ¹2.)
1555 1644 1736 1683 minime
1777 1645 1994 1684 convenit.

1122 1704 1403 1744 Heindorfius
1460 1709 1672 1744 auctorem
1727 1705 1862 1745 habet
1917 1717 1999 1757 pro

1120 1768 1399 1815 Maecenate;
1432 1768 1533 1816 sed,
1568 1768 1727 1817 fateor,
1752 1768 1864 1808 haec
1885 1778 2000 1819 quo-

1122 1841 1207 1881 que
1253 1830 1554 1881 interpretatio
1596 1830 1777 1870 minime
1821 1828 1995 1881 placet;

1121 1904 1405 1944 nequaquam
1443 1894 1561 1933 enim
1600 1893 1765 1933 Horatii
1796 1894 1891 1932 erat
1921 1903 1999 1932 co-

1121 1968 1217 1996 ram
1248 1955 1409 2008 populo
1429 1968 1509 2008 per
1530 1959 1664 1996 totam
1687 1957 1868 1997 satiram
1888 1956 1998 1996 ridi-

1123 2019 1220 2059 culo
1237 2030 1475 2070 aspergere
1493 2019 1711 2059 fautorem
1729 2021 1773 2058 et
1787 2020 1995 2059 amicum.

1122 2084 1261 2122 Immo
1305 2081 1424 2121 haud
1471 2093 1653 2133 prorsus
1702 2081 1996 2133 improbabile

1123 2146 1211 2193 est,
1264 2144 1435 2183 Catium
1484 2145 1629 2195 ipsum
1673 2145 1716 2184 in
1758 2143 1871 2183 libro
1916 2155 1998 2184 suo

1123 2207 1391 2257 significasse
1413 2205 1625 2258 pleraque
1647 2217 1695 2246 se
1713 2206 1880 2247 debere
1903 2207 1996 2246 viro

1123 2269 1250 2310 alicui
1282 2270 1520 2320 conspicuo
1551 2267 1769 2319 simulque
1801 2269 1906 2309 artis
1927 2279 1999 2308 co-

1124 2333 1348 2384 quinariae
1397 2332 1689 2383 peritissimo,
1741 2331 1867 2371 cuius
1916 2341 1997 2370 no—

1124 2408 1228 2437 men
1270 2398 1420 2436 tamen
1464 2394 1698 2435 celandum
1741 2394 1891 2443 fuerit,
1942 2405 1996 2433 ne

1124 2460 1310 2510 dignitas
1342 2459 1436 2498 eius
1457 2468 1635 2509 quoquo
1666 2456 1799 2496 modo
1830 2457 1999 2496 minue-

1122 2524 1257 2562 retur.
1306 2521 1385 2561 Cui
1405 2521 1489 2559 hoc
1509 2531 1533 2559 a
1555 2518 1806 2560 Scholiastis
1826 2521 1996 2559 temere

1124 2583 1364 2624 confictum
1394 2582 1637 2629 videbitur,
1685 2582 1720 2621 is
1760 2581 1877 2620 dicat
1914 2582 1997 2621 he-

1122 2645 1300 2685 luonem
1331 2644 1524 2694 aliquem
1554 2643 1681 2683 nobis
1702 2644 1899 2693 ignotum
1921 2642 1997 2682 de-

1123 2707 1278 2756 scribi,
1310 2705 1379 2746 vel
1411 2705 1542 2745 talem
1573 2707 1803 2745 auctorem
1823 2704 1878 2744 ab
1907 2706 1996 2745 Ho-

1123 2771 1232 2809 ratio
1263 2780 1342 2809 suo
1372 2770 1464 2807 iure
1496 2779 1678 2819 prorsus
1705 2767 1856 2807 fictum
1878 2779 1992 2808 esse.

1124 2829 1342 2881 Quidquid
1364 2830 1520 2869 horum
1544 2832 1631 2878 est,
1666 2829 1907 2870 admodum
1930 2831 1996 2870 se-

1122 2896 1280 2934 stivam
1311 2904 1410 2932 esse
1434 2893 1539 2931 Catii
1571 2893 1849 2932 reticentiam
1879 2893 1996 2943 quis-

1122 2968 1207 3008 que
1254 2954 1377 2995 facile
1421 2956 1563 2994 sentit.
1625 2957 1766 3005 Atque
1810 2966 1994 3006 prorsus

1122 3020 1183 3059 sic
1213 3030 1282 3069 ap.
1316 3019 1555 3057 Lucianuni
1588 3021 1690 3074 περὶ
1714 3017 1993 3074 Παρασίτου

1122 3080 1160 3120 li.
1195 3081 1341 3119 Simon
1373 3081 1592 3131 parasitus
1624 3081 1730 3119 artis
1761 3091 1867 3119 suae
1908 3077 1994 3119 σύ-

1123 3154 1285 3194 στημα
1306 3143 1484 3194 exponit
1513 3140 1675 3193 σοφοῦ
1696 3138 1824 3192 τινὸς
1844 3137 1994 3182 ἀκού-

1123 3218 1226 3246 σας.

1180 3323 1335 3362 42-43.
1386 3321 1554 3374 Longa]
1601 3323 1751 3362 «Bene
1796 3319 1851 3359 ab
1898 3320 1992 3360 ovis

1123 3387 1289 3437 coepit,
1336 3385 1379 3424 id
1410 3387 1496 3433 est,
1543 3384 1598 3423 ab
1638 3384 1756 3423 initio
1797 3393 1989 3432 coenae,

1122 3450 1167 3486 ut
1197 3447 1298 3487 alibi
1332 3448 1430 3497 (Sat.
1453 3448 1498 3495 4,
1531 3447 1576 3495 3,
1610 3447 1680 3496 7.):
1729 3445 1780 3485 ab
1810 3457 1884 3485 ovo
1917 3445 1991 3484 Us-

1122 3521 1197 3560 que
1227 3511 1281 3550 ad
1308 3510 1423 3549 mala
1451 3510 1531 3548 cet.
1575 3510 1674 3548 Aca.
1704 3530 1746 3535 —
1785 3507 1869 3546 suci
1902 3517 1991 3546 me-
