2231 3787
898 311 996 350 mss.
1034 312 1060 349 1.
1123 310 1285 350 EPIST.
1321 312 1368 350 x.
1956 312 2058 362 483

296 444 406 496 Nec
445 458 530 494 me
572 441 804 495 dimittes
844 441 1244 512 incastigatum,
1287 441 1376 494 ubi
1419 440 1572 513 plura

299 545 506 616 Cogere
547 562 711 615 quam
751 545 881 597 satis
921 552 1003 597 est
1042 561 1105 597 ac
1144 561 1251 597 non
1291 561 1511 597 cessare
1550 544 1793 599 videbor.

296 648 530 718 Imperat
568 654 659 699 aut
699 647 863 700 servit
900 645 1126 701 collecta
1164 647 1396 718 pecunia
1436 646 1659 719 cuique,

297 751 513 802 'sortum
551 747 713 820 digna
753 749 908 821 sequi
948 750 1127 821 potius
1167 767 1330 821 quam
1369 749 1572 804 ducere
1612 749 1809 803 funem.

297 853 445 906 Haec
483 850 576 905 tibi
617 851 887 906 dictabam
925 860 1050 923 post
1087 851 1267 905 fanum
1307 859 1463 924 putre
1503 853 1777 915 Vacunae,

339 1027 406 1068 47.
438 1028 643 1078 Imperat,
676 1028 791 1067 haud
824 1026 1056 1068 Waddelio
1088 1029 1270 1067 auctore
1302 1028 1508 1077 Doering.

230 1186 502 1239 πιτίμητον.
541 1208 584 1213 —
628 1185 796 1237 Coqere]
836 1186 880 1225 h.
913 1184 939 1225 l.
976 1196 1117 1225 «con-

230 1259 414 1300 gerere,
463 1258 776 1288 coacervare.»
813 1269 857 1276 —
894 1259 1023 1298 quam
1051 1258 1119 1286 sa-

230 1312 281 1351 tis
309 1311 380 1363 est]
426 1311 553 1352 Locis
584 1310 803 1352 similibus
835 1311 890 1351 ab
923 1310 1116 1351 Obbario

231 1373 289 1414 ad
331 1374 375 1414 h.
416 1372 444 1414 l.
492 1374 715 1424 congestis
760 1373 876 1413 adde
925 1371 1117 1412 Alexidis

229 1448 301 1477 vv.
335 1438 379 1477 in
410 1437 546 1477 Grotii
577 1438 682 1477 Exc.
717 1448 761 1488 p.
787 1437 894 1477 593:
936 1429 1117 1490 ³'Eycoye

230 1497 316 1539 τοῦ
363 1495 421 1538 τὰ
465 1493 614 1539 δέοντ’
656 1493 786 1547 ἔχειν
816 1493 1118 1557 ἀρκούμενος

233 1557 303 1603 Τὰ
334 1558 529 1620 περιττὰ
557 1560 717 1614 μισῶ·
751 1567 855 1613 τοῖς
886 1557 1120 1620 ὑπερβάλ-

232 1623 374 1666 λουσι
404 1621 495 1682 γὰρ
513 1625 694 1682 Τέρψις
722 1624 812 1678 μὲν
834 1620 923 1667 οὐκ
946 1620 1117 1675 ἔνεστι,

235 1686 519 1729 πολυτέλεια
547 1686 612 1728 δέ.

288 1751 355 1792 47.
381 1751 449 1792 48.
488 1753 674 1801 Imperat
695 1756 770 1791 aut
787 1752 928 1804 servit]
963 1753 1123 1792 «Prout

233 1825 472 1866 possessor
504 1817 600 1855 est:
635 1816 671 1855 si
697 1816 897 1867 sapiens,
930 1815 1122 1867 pecunia

233 1879 360 1929 parta
399 1878 585 1917 inservit
626 1878 742 1917 vitae
779 1878 1123 1918 necessitudini-

233 1941 344 1989 bus,
378 1939 560 1980 utilibus
582 1941 793 1992 inceptis,
826 1940 1058 1981 beneficiis
1079 1941 1123 1979 in

236 2002 343 2044 alios
375 2002 689 2052 conferendis3
724 2003 791 2043 sin
824 2001 1006 2051 stultus,
1041 2014 1124 2054 pe-

237 2065 364 2105 cunia
397 2066 437 2104 ei
468 2066 681 2116 imperat,
714 2067 763 2104 ut
794 2065 1003 2105 dominus
1025 2076 1125 2106 ser-

235 2138 316 2176 vo,
349 2128 406 2166 ita
428 2130 496 2175 ut,
527 2128 732 2178 quamvis
754 2139 807 2167 ea
827 2129 890 2167 uti
912 2130 1122 2179 nequeat,

239 2192 389 2229 tamen
426 2190 521 2229 eius
552 2200 734 2241 semper
763 2190 996 2240 augendae
1024 2201 1128 2230 cau-

239 2264 288 2293 sa
319 2251 558 2303 quidlibet,
607 2253 742 2292 etiam
782 2254 1125 2304 perversissima

240 2326 470 2366 quaeque,
504 2316 548 2354 in
569 2326 616 2355 se
641 2316 871 2367 suscipere
895 2315 1125 2367 multoque

241 2388 345 2417 cum
402 2376 555 2416 labore
615 2377 835 2429 perficere
900 2380 1125 2429 cogatur.»

241 2442 468 2490 Frequens
500 2441 741 2480 sententia:
776 2439 956 2480 Publius
989 2442 1127 2491 Syrus

244 2503 350 2542 998:
381 2504 562 2543 Pecunia
593 2507 650 2543 est
671 2504 852 2552 ancilla,
886 2503 921 2542 si
941 2503 1019 2542 scis
1038 2503 1128 2550 uti,·

245 2566 280 2604 si
322 2566 475 2616 nescis,
526 2567 642 2606 hera.
719 2567 887 2605 Seneca
937 2565 992 2605 de
1041 2566 1129 2604 vita

244 2628 376 2668 beata
408 2629 479 2677 ⁶26,
515 2629 530 2668 l
560 2641 567 2666 :
610 2629 795 2668 Divitiae
825 2629 940 2678 apud
968 2628 1132 2678 sapien-

245 2696 325 2732 tem
366 2692 506 2731 virum
548 2692 590 2731 in
631 2692 824 2731 servitu-te
854 2696 970 2741 szmt,
1017 2691 1132 2741 apud

243 2755 412 2794 stultum
440 2756 484 2793 in
513 2755 702 2804 imperto.
756 2753 880 2794 Falsa
910 2751 1130 2794 Waddelii

247 2818 502 2857 coniectura
534 2828 556 2856 a
590 2817 825 2867 Doeringio
857 2816 1043 2869 probata
1077 2828 1130 2856 ex

248 2891 301 2919 eo
333 2881 617 2931 potissimum
649 2882 745 2919 orta
777 2882 865 2928 est,
900 2880 1022 2931 quod
1052 2879 1133 2918 col—

249 2942 395 2980 lectam
446 2943 674 2991 pecuniam
731 2954 819 2982 non
873 2941 1132 2994 simpliciter

251 3005 501 3055 «partam,»
533 3003 615 3043 sed
646 3005 816 3045 «otiose
848 3005 892 3044 in
923 3016 1027 3044 arca
1058 3015 1130 3044 as—

251 3067 507 3105 servatam»
567 3065 844 3117 interpretati
902 3068 1017 3108 sunt.
1082 3089 1128 3094 —

253 3128 422 3167 Tortum
452 3127 554 3178 cet]
601 3129 826 3168 Sententia
855 3141 937 3181 per
966 3141 1014 3170 se
1047 3128 1134 3170 cla-

249 3202 326 3230 ra:
376 3190 598 3230 «Pecunia
641 3189 778 3230 debet
817 3201 917 3231 esse
949 3203 1001 3231 ea
1032 3203 1132 3231 ma-

252 3253 432 3301 chinae,
465 3253 513 3291 ut
542 3252 599 3290 ita
630 3250 799 3300 dicam,
837 3252 980 3292 vitalis
1010 3265 1129 3305 pars,

253 3327 368 3367 quae
399 3316 624 3362 movetur,
663 3324 752 3353 non
783 3325 855 3363 ea,
889 3326 1003 3365 quae
1033 3327 1132 3355 mo-

252 3379 386 3426 vet3»
434 3376 708 3416 «ordinatrix
752 3377 796 3416 et
838 3376 1131 3427 dispensatrix

255 3443 350 3480 esto
397 3451 525 3480 mens
573 3439 783 3490 sapientis
831 3440 1128 3489 possessoris,

254 3503 442 3553 pecunia
471 3502 704 3551 materies,
738 3511 824 3552 qua
854 3511 936 3552 pro
958 3511 1036 3540 sua
1057 3512 1133 3540 vo-

256 3563 421 3604 luntate
465 3567 597 3615 atque
631 3562 909 3611 intelligentia
939 3561 1009 3601 ille
1039 3564 1134 3601 uta-

1180 1186 1295 1223 tur.»
1355 1183 1589 1232 Quomodo
1629 1185 1768 1225 verba
1798 1188 1894 1238 ipsa
1925 1200 2063 1242 expo—

1180 1245 1327 1286 nenda
1373 1247 1479 1295 sint,
1527 1247 1779 1298 ambigitur.
1834 1251 1885 1291 V.
1932 1256 2066 1293 tortus

1182 1309 1411 1360 epitheton
1441 1309 1613 1349 funium
1635 1312 1679 1350 et
1704 1311 1946 1354 rudentum
1965 1327 2068 1367 per-

1182 1373 1368 1423 petuum
1397 1383 1497 1412 esse
1520 1375 1770 1414 monstrant
1789 1376 2064 1428 Interpretes

1184 1445 1237 1473 ex
1266 1434 1384 1485 Virg.
1409 1436 1518 1474 Aen.
1543 1434 1583 1482 4,
1617 1436 1711 1476 575.
1747 1437 1869 1478 Ovid.
1893 1441 1996 1480 Met.
2021 1442 2061 1491 3,

1183 1497 1277 1536 679.
1329 1496 1485 1538 Catull.
1512 1497 1579 1546 64,
1609 1498 1703 1539 235.
1737 1501 1861 1541 Pers.
1894 1503 1935 1552 5,
1970 1502 2063 1544 1¹46.

1183 1561 1277 1600 Iam
1306 1559 1458 1600 malim
1489 1559 1732 1612 intelligere
1764 1562 1819 1602 de
1851 1563 1953 1605 fune
1985 1566 2071 1607 du-

1186 1623 1322 1662 ctario
1367 1622 1437 1663 vel
1494 1624 1538 1664 in
1589 1625 1806 1665 machinis
1849 1628 2068 1670 tractoriis

1188 1687 1369 1737 (VitruV.
1397 1687 1462 1735 40,
1488 1687 1511 1726 3
1534 1689 1578 1727 et
1598 1687 1653 1738 4.)
1685 1687 1756 1728 vel
1786 1690 1829 1728 in
1850 1690 2067 1742 remulco,

1187 1759 1323 1799 quam
1354 1750 1409 1789 de
1441 1749 1566 1797 fune,
1615 1762 1703 1801 quo
1741 1751 1966 1792 ducuntur
1994 1754 2074 1794 bo—

1186 1823 1265 1852 ves
1312 1812 1477 1863 (iuven.
1526 1813 1613 1852 Sat.
1656 1814 1730 1861 4⁵2,
1774 1814 1853 1864 5.)‚
1899 1815 1970 1855 vel
2015 1817 2071 1857 de

1187 1873 1448 1923 saltatione,
1484 1886 1619 1926 quam
1649 1876 1791 1915 restim
1820 1877 1969 1917 ducere
1998 1890 2075 1931 ap-

1187 1936 1414 1989 pellabant
1458 1938 1648 1988 (Terent.
1682 1938 1762 1978 Ad.
1799 1938 1846 1988 4,
1885 1941 1927 1989 7,
1962 1941 2071 1993 34.),

1189 2000 1257 2040 vel
1291 2000 1346 2039 de
1378 1999 1482 2039 ludo
1512 2011 1781 2051 puerorum,
1827 2003 1902 2053 qui
1933 2003 2074 2044 duce-

1189 2063 1298 2102 bant
1340 2064 1566 2114 sparteam
1613 2065 1782 2104 restem
1823 2067 1867 2104 et
1905 2066 2075 2106 tamdiu

1191 2125 1457 2175 trahebant,
1506 2125 1652 2166 donec
1697 2128 1771 2166 aut
1814 2131 2077 2179 rumperent

1191 2190 1267 2228 aut
1297 2187 1512 2228 alteruter
1541 2190 1706 2228 omissa
1742 2190 1856 2230 funis
1885 2192 2080 2242 prehen-

1192 2251 1315 2290 sione
1359 2251 1484 2289 humi
1530 2250 1732 2300 caderet,
1778 2250 1846 2291 vel
1878 2253 2074 2305 denique

1192 2324 1296 2352 cum
1327 2311 1554 2351 Diderotio
1586 2312 1705 2363 apud
1744 2313 1902 2354 Iacobs
1933 2317 2074 2356 Lectt.

1193 2375 1357 2413 Venus.
1384 2385 1427 2425 p.
1459 2374 1575 2422 46¹2„
1611 2376 1685 2425 qui
1708 2380 1865 2415 tortum
1885 2377 2079 2429 explica-

1192 2436 1292 2486 bat,
1329 2436 1463 2476 «dum
1493 2438 1788 2488 torquetur,»
1832 2438 1888 2479 de
1919 2441 2080 2480 restio-

1193 2500 1259 2538 nis
1292 2499 1484 2551 opificio.

1276 2624 1344 2665 49.
1368 2625 1436 2665 50.
1476 2625 1547 2665 tibi
1579 2626 1803 2679 dictabam]
1837 2628 1914 2669 «Ut
1943 2629 1989 2667 tu
2020 2626 2081 2668 le-

1194 2698 1339 2739 geres,
1378 2687 1604 2728 dictabam
1628 2700 1730 2728 meo
1752 2701 1893 2740 puero
1926 2701 1950 2729 a
1980 2701 2080 2730 ma·-

1195 2763 1297 2791 nu.»
1339 2751 1679 2804 Imperfectum,
1727 2754 1776 2792 ut
1805 2753 1848 2792 in
1879 2751 2080 2793 subscri-

1193 2814 1418 2867 ptionibus
1451 2814 1767 2866 epistolarum:
1805 2816 1905 2856 haec
1934 2817 2083 2856 scribe-

1194 2878 1289 2916 bam
1320 2879 1423 2925 cet.,
1470 2879 1674 2928 tempore
1717 2876 1856 2917 relato
1888 2878 1944 2917 ad
1975 2877 2080 2917 illud

1195 2940 1408 2991 temporis
1429 2941 1644 2990 punctum
1665 2971 1672 2988 ,
1707 2951 1819 2990 quo,
1854 2942 1923 2980 cui
1944 2941 2081 2980 missa

1196 3004 1264 3042 est
1304 3000 1511 3053 epistola,
1560 3012 1661 3041 eam
1692 3001 1824 3053 leget.
1861 3026 1906 3031 —
1944 3004 2081 3042 Vacu-

1193 3064 1287 3116 nae]
1331 3065 1582 3113 Vacunam,
1631 3066 1860 3116 antiquam
1891 3064 2080 3104 Sabino-

1194 3138 1295 3167 rum
1317 3127 1470 3175 deam,
1497 3137 1610 3178 quae
1629 3128 1763 3166 etiam
1784 3138 1924 3178 prope
1941 3128 2076 3167 Reate

1195 3200 1381 3229 nemora
1410 3189 1607 3229 habebat
1639 3188 1758 3240 (Plin.
1783 3190 1835 3228 H.
1859 3190 1909 3228 N.
1934 3189 1972 3236 3,
1999 3190 2071 3236 ⁴⁶2,

1197 3254 1303 3303 117.),
1343 3252 1631 3304 respondisse
1663 3253 1965 3292 Romanorum
2000 3251 2077 3288 Vi-

1196 3316 1361 3355 ctoriae
1379 3346 1387 3362 ,
1413 3316 1458 3355 et
1478 3315 1627 3354 nititur
1649 3313 1860 3352 Varronis
1882 3312 2078 3350 testimo-

1195 3379 1266 3418 nio
1297 3377 1416 3428 apud
1444 3379 1667 3416 Acronem
1706 3375 1925 3424 («Vacuna
1957 3374 2076 3424 apud

1195 3439 1381 3479 Sabinos
1410 3438 1651 3490 plurimum
1683 3435 1852 3475 colitur.
1887 3434 2074 3482 Quidam

1193 3501 1444 3550 Bellonam,
1479 3499 1549 3539 alii
1579 3500 1844 3545 Minervam,
1877 3496 1947 3536 alii
1977 3498 2075 3537 Dia-

1194 3573 1297 3602 nam
1327 3563 1615 3613 putaverunt,
1649 3558 1844 3599 nonnulli
1875 3560 1917 3598 et
1941 3560 2074 3599 Cere-
