2231 3787
195 255 295 305 4513

800 250 1017 291 flORATn
1048 248 1412 290 EPISTOLARUM

266 387 372 438 Nec
413 400 657 436 somnum
698 380 868 451 plebis
908 379 1068 433 laudo
1110 389 1256 432 satur
1295 376 1539 433 altilium,
1590 392 1686 427 nec
1940 373 2008 425 35

268 487 389 540 Otia
427 485 623 538 divitiis
662 482 895 536 Arabum
931 481 1204 534 liberrima
1243 487 1403 531 muto.

271 590 445 658 Saepe
487 583 854 639 verecundum
894 581 1146 641 laudasti,
1190 596 1393 650 rexque
1434 587 1693 650 paterque

268 688 472 742 Audisti
515 706 722 741 corani.
767 703 865 739 nec
903 683 1071 737 verbo
1110 681 1324 753 parcius
1363 678 1585 734 absens:

270 791 505 861 Inspice.
549 789 589 841 si
630 805 853 859 possum
895 785 1092 838 donata
1130 799 1396 854 reponere
1435 781 1622 835 laetus.

271 891 423 945 llaud
466 889 600 942 male
642 885 1014 946 TelemachUS,
1057 883 1237 957 proles
1277 883 1524 955 patientis
1562 881 1758 939 Ulixei:

1946 881 2013 932 40

254 1050 318 1090 40.
345 1050 455 1088 Haut
483 1048 586 1087 bSd.
618 1070 658 1074 —
683 1046 881 1096 sapientis
903 1044 1041 1085 Codd.
1063 1042 1181 1094 aliq.,
1215 1044 1263 1082 ut
1291 1040 1468 1082 volebat
1490 1039 1730 1080 Markland.
1757 1062 1800 1067 —-
1830 1038 1963 1079 Ulixei

196 1185 301 1223 tione
332 1182 382 1220 ab
414 1181 589 1219 inimicis
619 1178 962 1229 compellabatur.
1005 1178 1074 1217 Sic

195 1244 523 1294 compellationes
560 1241 750 1281 leniores
788 1241 889 1281 sunt
923 1239 1075 1279 obiur-

197 1309 394 1359 gationes
425 1306 627 1346 Ciceroni
659 1304 714 1343 ad
747 1305 865 1344 Fam.
893 1304 967 1351 42,
998 1303 1072 1351 95,

195 1373 235 1410 ⁹2.
288 1369 378 1409 Noli
424 1371 572 1408 autem
612 1365 796 1406 credere
843 1363 1075 1405 Groebelio

197 1432 379 1483 aliisque
412 1428 754 1481 Interpretibus‚
789 1428 1017 1467 Horatium
1052 1437 1076 1466 a

198 1495 452 1536 Maecenate
484 1490 737 1531 huiusmodi
768 1489 1078 1539 compellatione

197 1559 290 1598 sive
322 1555 626 1605 obiurgatione
657 1563 858 1604 unquam
888 1552 1078 1601 castiga—

200 1624 294 1659 tum
325 1629 446 1665 esse,
481 1617 689 1667 quocirca
711 1616 841 1655 huius
864 1613 1077 1666 epistolae

200 1679 462 1723 scribendae
510 1677 743 1719 consilium
792 1677 975 1728 ceperit.
1030 1698 1073 1702 —

202 1742 376 1795 resiyno]
400 1741 508 1780 Vide
532 1741 609 1780 Od.
636 1740 682 1788 3,
707 1740 781 1788 29,
806 1738 872 1780 54.
899 1738 1076 1778 «Omnia

202 1805 386 1846 reddo.»
438 1805 529 1842 Hoc
560 1804 687 1853 igitur
718 1802 845 1841 dicit:
888 1799 1079 1848 «Quodsi

202 1879 248 1907 re
271 1878 374 1906 vera
401 1866 442 1904 in
464 1876 534 1904 me
558 1876 735 1915 quoque
759 1862 947 1914 quadrat
966 1863 1079 1901 ima-

204 1942 256 1980 go
298 1927 554 1979 volpeculae
597 1926 709 1966 illius
749 1926 904 1965 aridae
946 1927 1079 1974 atque

203 1989 499 2038 inconsultae,
548 2000 692 2039 neque
739 1987 863 2027 aliter
898 1986 1081 2026 liberta-

206 2056 296 2093 tem
326 2062 594 2104 recuperare
626 2061 808 2102 possum
840 2050 923 2089 nisi
944 2049 1083 2088 omni-

204 2117 311 2164 hus,
346 2126 458 2166 quae
482 2114 597 2153 dono
621 2113 796 2164 accepi,
831 2112 1083 2151 renuntian-

206 2180 283 2227 do,
317 2179 400 2217 hoc
432 2176 544 2216 ultro
576 2176 754 2223 faciam3
789 2186 871 2214 nec
903 2175 986 2213 hoc
1016 2173 1082 2212 ni-

208 2243 290 2281 mis
321 2239 494 2280 difficile
528 2239 632 2278 milii
673 2239 775 2284 erit;
823 2248 951 2276 nam»
995 2237 1078 2275 cet.

211 2326 255 2331 —
300 2304 384 2342 Nec
426 2312 613 2341 somnum
658 2300 759 2352 cet.]
808 2301 951 2339 «Nam
995 2309 1082 2337 non

209 2370 301 2405 tum
334 2364 538 2411 demum,
582 2374 682 2402 cum
713 2363 836 2402 satur
866 2372 966 2401 sum
1004 2359 1084 2411 gli-

210 2429 344 2476 rium,
378 2426 603 2478 leporum,
639 2424 897 2472 turdorum,
922 2425 1085 2473 attage-

209 2502 338 2538 num,
392 2490 501 2529 dicis
550 2499 683 2528 causa
731 2487 913 2527 laudare
963 2485 1084 2527 soleo

209 2551 455 2603 simplicem
494 2552 761 2590 rusticorum
802 2551 959 2598 vitam,
1007 2548 1086 2589 sed

211 2614 377 2654 deliciis
399 2613 479 2654 illis
497 2613 692 2664 quotidie
711 2624 864 2652 carere
886 2622 1084 2663 possum,

211 2687 439 2727 nunquam
480 2686 556 2715 eas
594 2674 968 2715 desideraturus.»
1019 2674 1088 2713 Sic

213 2740 331 2779 enim
362 2737 476 2779 malo
508 2736 728 2789 explicare
768 2739 949 2788 propter
983 2747 1088 2776 sen-

214 2803 449 2841 tcntiarum
471 2800 673 2839 ordinem
696 2811 830 2850 quam
852 2810 954 2839 cum
977 2797 1084 2838 aliis:

215 2864 317 2906 «L’bi
359 2863 468 2902 cibis
506 2862 633 2902 lautis
672 2862 869 2912 turgidus
905 2863 1088 2913 propter

215 2925 476 2967 cruditatem
509 2925 701 2963 dormire
741 2935 935 2974 nequeo,
980 2924 1088 2973 vigi-

215 2989 280 3027 liis
312 2989 529 3026 exercitus
562 2985 708 3026 felices
746 2985 955 3037 praedico
993 2984 1088 3036 ple—

217 3051 341 3089 beios
392 3047 622 3097 tranquille
672 3047 987 3087 dormientes.»
1042 3068 1085 3073 —

215 3111 406 3162 altilium]
453 3110 624 3148 «avium
668 3108 825 3148 alendo
870 3109 1090 3159 saginata-

218 3185 359 3214 rum.»
410 3172 565 3212 Athen.
590 3172 638 3218 9,
663 3171 735 3209 32:
770 3168 912 3221 χῆνες
933 3181 1091 3209 σιτευ-

218 3238 305 3275 τοί.
326 3259 367 3263 -
390 3235 485 3274 (Μία
499 3255 515 3262 -
529 3233 775 3272 -liberrima
798 3231 924 3282 muto]
944 3233 1088 3282 Longe

217 3298 423 3339 acerbius
445 3297 577 3336 etiam
593 3297 801 3335 Areostus
822 3293 847 3333 l.
869 3293 894 3332 l.
916 3293 969 3333 de
994 3295 1092 3345 Hip—

218 3360 389 3412 polyto,
424 3360 592 3399 fautore
636 3367 735 3397 suo:
784 3356 850 3394 Or
889 3357 1091 3394 concla-

219 3425 376 3463 dcndo
407 3423 532 3469 dico,
565 3421 649 3460 che
678 3420 759 3459 se'l
788 3430 943 3457 sacro
974 3419 1092 3457 Car-

221 3486 399 3524 dinate
429 3486 689 3533 comprato
721 3481 911 3521 arei-mc·
946 3480 1091 3519 slima

1139 1176 1244 1216 Con
1286 1175 1324 1214 li
1366 1174 1483 1214 suoi
1532 1174 1680 1222 doni,
1731 1183 1834 1211 non
1879 1172 1947 1211 mi
1995 1170 2016 1210 ὀ

1139 1237 1325 1277 acerbo
1355 1238 1410 1276 ed
1440 1246 1564 1274 acro
1593 1235 1854 1283 Renderli,
1887 1245 1908 1273 e
1937 1237 2017 1273 tor

1139 1301 1190 1339 la
1232 1298 1420 1339 liberta
1457 1298 1556 1337 mia
1586 1297 1770 1347 prima.
1831 1296 2016 1336 Omnino

1140 1362 1270 1402 nimiS
1301 1359 1421 1401 obliti
1451 1362 1553 1400 sunt
1590 1360 1855 1410 interpretes
1885 1369 2019 1410 prae—

1139 1427 1208 1465 ter
1236 1423 1487 1464 Iacobsium
1518 1420 1719 1473 plerique
1749 1418 1888 1460 multo
1908 1418 2017 1460 libe-

1139 1488 1304 1526 riorem
1353 1485 1488 1525 fuisse
1538 1483 1656 1535 apud
1704 1482 1816 1522 illius
1864 1483 2019 1522 aetatis

1140 1551 1361 1589 Romanos
1401 1549 1534 1597 atque
1574 1545 1705 1586 Italos
1742 1546 1839 1585 Sec.
1872 1544 2016 1584 le—

1140 1611 1246 1651 XVI.
1279 1609 1491 1660 loquendi
1521 1609 1655 1648 etiam
1685 1618 1789 1648 cum
1827 1607 2021 1659 potenti-

1140 1672 1226 1712 bus
1269 1673 1422 1712 amicis
1468 1670 1840 1711 consuetudinem
1885 1679 2022 1720 quam

1142 1736 1339 1774 nostram
1376 1732 1585 1774 servilem
1624 1743 1677 1772 ac
1716 1730 1885 1772 falsam.
1938 1732 2022 1782 (Sic

1142 1797 1235 1836 fere
1257 1798 1459 1837 senserat
1489 1796 1577 1835 iam
1598 1794 1878 1834 Schirachius
1899 1792 2020 1834 Clav.

1143 1860 1291 1898 Horat.
1314 1870 1356 1910 p.
1377 1858 1490 1908 325.)
1536 1856 1624 1897 Tali
1647 1858 1797 1896 autem
1818 1854 2023 1895 libertate

1147 1922 1203 1971 (in
1246 1932 1332 1972 qua
1369 1919 1568 1972 profecto
1606 1916 1711 1958 nihil
1749 1918 1865 1957 inest
1900 1918 2025 1958 inur-

1144 1982 1249 2022 bani
1280 1984 1354 2022 aut
1382 1982 1512 2021 nimis
1543 1979 1670 2021 calidi
1700 1982 1775 2019 aut
1809 1978 2022 2028 iracundi)

1145 2045 1327 2084 minime
1353 2043 1514 2083 essendi
1544 2053 1679 2095 posse
1701 2044 2022 2091 Maecenatem,

1146 2110 1323 2148 ceteros
1354 2105 1567 2154 lectores,
1601 2105 1676 2156 qui
1707 2100 2026 2161 παραδοξοτέ-

1146 2183 1238 2227 ρως
1269 2170 1402 2209 etiam
1433 2167 1541 2208 tales
1571 2167 1693 2207 locos
1713 2178 1737 2206 a
1758 2168 1912 2208 Stoicis
1935 2169 2025 2207 tra—

1148 2234 1252 2273 ctari
1276 2242 1411 2283 saepe
1434 2230 1603 2281 experti
1625 2232 1772 2279 erant,
1805 2228 1934 2269 valde
1956 2229 2024 2270 his

1148 2293 1419 2335 delectatum
1448 2293 1500 2331 iri
1531 2292 1696 2343 optime
1719 2293 1848 2332 norat
1875 2292 2022 2343 po'eta.

1151 2381 1196 2386 ——
1229 2357 1381 2397 divitiis
1408 2354 1608 2405 Arabum]
1643 2354 1720 2394 Od.
1759 2354 1805 2404 4,
1851 2354 1926 2404 29,
1974 2355 2021 2393 4ῑ

1148 2420 1317 2460 beatis-
1337 2418 1524 2459 Arabum
1559 2416 1694 2468 gazis.
1748 2415 1827 2455 Od.
1858 2415 1904 2465 3,
1944 2414 2021 2464 24,

1151 2484 1165 2521 4
1188 2495 1195 2521 ;
1227 2482 1398 2522 Intactis
1426 2480 1657 2530 opulentior
1680 2478 1895 2519 Thesauris
1911 2477 2026 2518 Ara-

1150 2546 1260 2585 bam.

1205 2607 1351 2647 37-39.
1400 2605 1691 2657 verecundum]
1725 2604 1814 2645 Cic.
1839 2602 2024 2655 Philipp.

1151 2671 1224 2719 42,
1257 2671 1302 2718 ὃ,
1338 2670 1411 2708 44ῑ
1464 2667 1855 2708 Verecundioremne
1882 2676 2028 2706 coram

1146 2735 1344 2781 putamus
1372 2731 1414 2769 in
1437 2729 1689 2779 postulando
1716 2726 1839 2778 fore?
1873 2726 1951 2766 Od.
1975 2727 2024 2776 2,

1153 2794 1226 2842 48,
1263 2794 1330 2832 42:
1372 2804 1445 2832 nec
1467 2795 1676 2841 potentem
1706 2790 1887 2829 amicum
1915 2790 2026 2828 Lar-

1148 2857 1272 2908 yiora
1299 2855 1466 2905 flagito,
1499 2854 1612 2893 Satis
1632 2852 1772 2892 beatus
1798 2852 1932 2892 u'nicis
1951 2852 2029 2892 Sa-

1150 2918 1268 2957 binis.
1295 2938 1341 2944 —
1364 2915 1456 2967 retr]
1488 2917 1628 2966 Reges
1660 2925 1764 2955 suos
1796 2914 2026 2954 nominare

1153 2976 1407 3019 humiliores
1430 2976 1633 3017 solebant
1659 2977 1827 3016 amicos
1856 2973 2028 3017 nobiles

1153 3053 1204 3082 ac
1243 3039 1500 3092 locupletes.
1557 3041 1664 3092 Epp.
1700 3041 1745 3089 4,
1780 3039 1852 3088 47,
1884 3039 1952 3078 20.
1985 3039 2030 3078 et

1153 3104 1228 3145 43:
1276 3104 1430 3143 Coram
1467 3114 1563 3154 rege
1597 3114 1671 3142 suo
1700 3103 1748 3141 de
1779 3103 2030 3152 paupertate

1153 3171 1345 3206 tacentes.
1396 3164 1578 3206 Martial.
1603 3165 1651 3213 2,
1675 3164 1747 3212 48,
1771 3163 1818 3203 8;
1854 3162 1933 3212 Qui
1951 3172 2031 3202 rea:

1153 3234 1237 3278 est,
1289 3240 1453 3280 regem,
1509 3227 1696 3268 Maxime
1738 3236 1821 3265 non
1863 3223 2027 3263 habeat.

1156 3293 1224 3331 Sic
1268 3291 1421 3332 itidem
1461 3290 1516 3330 de
1557 3291 1744 3341 patrono
1784 3282 2030 3347 ζηλοτύὲτῳ

1157 3354 1330 3393 Lucian.
1371 3353 1425 3393 de
1463 3363 1601 3392 merc.
1641 3349 1768 3390 cond.
1806 3347 1878 3387 29:
1932 3345 2032 3387 ώτα

1156 3417 1235 3456 καὶ
1269 3410 1518 3467 ὀφθαλμοὶ
1548 3410 1831 3463 βασιλέως
1863 3407 2031 3450 πολλοὶ

1158 3477 1253 3518 κτλ.
1292 3499 1332 3506 -
1364 3477 1501 3529 pater]
1535 3477 1601 3517 Sic
1624 3476 1716 3517 sine
1740 3471 1910 3514 ridiculi
1930 3483 2030 3525 spe-
